3916 6406
128 470 254 534 849

1629 469 2078 536 SERMONES.

3454 484 3577 547 850

136 605 250 661 bus
276 602 548 662 convenit
564 601 936 677 equipedare
955 603 1232 677 vestigia:
1258 603 1523 676 talesque
1547 610 1799 660 nosmet-
1828 608 1882 673 Α
1911 606 2052 662 tiam
2085 613 2442 682 temperans,
2476 627 2745 669 amarum
2776 615 2980 687 potum
3023 627 3131 673 sua
3161 616 3566 675 incarnatione

133 693 300 766 ipsos
349 711 681 766 praeparare
730 697 976 765 oportet,
1013 698 1078 748 ut
1135 693 1184 748 si
1240 695 1490 749 necdum
1553 694 1805 766 Spiritus

137 785 328 840 sancti
361 783 612 857 gratiam
639 785 938 854 percipere
971 783 1317 854 meruimus,
1350 782 1436 838 vel
1471 788 1803 855 perceptam

139 874 434 947 peccando
486 872 835 944 repulimus,
883 873 954 927 ad
1001 872 1444 944 suspiciendum
1486 873 1670 944 (1528)
1719 872 1806 927 vel

139 963 316 1020 etiam
352 961 756 1035 recipiendum
789 962 1126 1033 pariterque
1161 962 1611 1017 custodiendum
1644 961 1801 1017 inve-

138 1051 378 1108 niamur
406 1051 619 1107 idonei.
657 1053 974 1122 Ipsumque
1002 1049 1354 1106 Salvatcrem
1369 1052 1634 1106 omnium
1658 1069 1806 1123 pura

138 1145 358 1206 mente,
392 1141 596 1194 devoto
643 1155 762 1206 ore,
795 1138 990 1210 dignis
1030 1140 1305 1211 operibus
1351 1140 1601 1211 rogitare
1633 1156 1801 1195 cure-

136 1247 274 1286 mus
301 1230 510 1299 (1529),
543 1233 608 1284 ut
639 1227 949 1284 nobiscum
982 1229 1371 1300 usque(1530)
1405 1229 1463 1282 in
1495 1235 1799 1294 aeternum,

133 1319 243 1376 etsi
279 1335 395 1374 non
420 1317 820 1389 corporaliter,
837 1317 1233 1390 persuﬁ‘ragia
1255 1334 1490 1373 manere
1506 1319 1798 1390 dignetur,

129 1407 259 1481 ipso
291 1410 608 1479 praestante
631 1406 733 1478 qui
762 1422 896 1461 eum
913 1405 1080 1461 Patre
1102 1410 1159 1460 et
1188 1406 1409 1477 Spiritu
1433 1411 1635 1462 sancto
1659 1406 1800 1460 vivit

129 1506 180 1552 et
193 1496 490 1570 gloriatur
507 1503 581 1552 De
591 1514 659 1552 us
674 1513 774 1568 per
787 1496 986 1551 omnia
998 1495 1209 1551 sazcula
1223 1495 1594 1550 szeeulorum.
1613 1501 1797 1550 Amen

127 1586 246 1642 XII.
257 1586 410 1642 Idem
422 1601 604 1641 sermo
621 1586 1068 1652 abbreviatus,ne
1083 1584 1338 1653 vulgares
1349 1585 1794 1654 fastidiarentur.

198 1676 611 1740 Pentecosten,
665 1674 874 1729 fratres
905 1673 1262 1738 cbarissimi,
1319 1674 1476 1728 diem
1527 1679 1795 1729 sanetum

137 1764 606 1835 colimus,quem
640 1779 672 1818 a
707 1762 1010 1818 Dominica
1040 1763 1468 1818 resurrectione
1501 1762 1796 1834 quinqua-

131 1853 428 1927 gesimum
452 1868 858 1908 numeramus.
880 1852 1256 1920 Πεντηκοστήν
1284 1852 1440 1907 enim
1461 1851 1674 1918 Grzsce,
1700 1857 1794 1906 La-

1915 697 2050 754 fecit
2080 715 2208 755 esse
2238 702 2576 772 potabilem.
2600 703 2863 777 Denique
2889 706 2945 759 in
2979 706 3171 761 Veteri
3195 707 3566 763 Testamento

1917 787 2201 860 scriptum
2223 795 2346 844 est:
2381 793 2580 847 Anima
2623 809 2741 863 quae
2767 795 2962 865 fecerit
2992 795 3288 867 quidquam
3336 798 3403 852 de
3432 800 3566 852 abo—

1912 879 2312 933 minationibus
2351 883 2492 948 istis,
2520 883 2721 952 peribit
2749 883 2815 938 de
2840 885 3039 954 populo
3069 901 3188 950 suo,
3221 885 3353 940 dicit
3383 888 3563 940 Domi~

1913 982 2016 1019 nus
2047 966 2188 1036 (Lev.
2223 984 2384 1038 xvm,
2416 970 2527 1041 29).
2564 970 2626 1024 In
2684 988 2829 1026 novo
2888 973 3212 1042 reperimus
3241 990 3252 1028 :
3289 973 3566 1029 Gaudium

1911 1055 2015 1109 erit
2041 1057 2100 1109 in
2129 1056 2268 1111 casto
2291 1073 2456 1128 super
2483 1075 2593 1112 uno
2641 1068 2918 1130 peccatore
2940 1063 3322 1131 pwnitentiam
3353 1068 3565 1134 agente,

1912 1159 2077 1214 quam
2097 1161 2261 1215 super
2289 1148 2597 1215 nonaginta
2627 1151 3020 1219 novemjustis
3050 1166 3159 1205 non
3189 1151 3568 1219 indigentibus

1906 1233 2295 1302 pmnitentiam
2326 1238 2474 1301 (Luc.
2505 1253 2594 1301 xv,
2625 1238 2702 1306 7).
2735 1237 2958 1305 Videte,
2993 1240 3220 1306 fratres,
3253 1257 3324 1294 ne
3356 1241 3562 1310 perda-

1911 1337 2046 1376 mus
2077 1322 2397 1393 poenitendi
2429 1330 2683 1396 tempus,
2709 1327 2862 1396 quod
2894 1331 3057 1382 tanta
3088 1332 3174 1383 est
3197 1327 3566 1399 indulgentia

1910 1425 2276 1466 concessum.
2304 1412 2446 1466 Nam
2474 1413 2828 1484 poenitentiae
2847 1416 3100 1470 fructum
3124 1417 3376 1471 dicimus
3399 1417 3566 1487 quid-

1909 1499 2047 1568 quid
2081 1516 2184 1570 pro
2202 1499 2397 1555 delicti
2423 1502 2819 1558 satisfactione
2837 1504 2974 1558 boni
2997 1505 3187 1575 operis
3210 1506 3282 1560 ad
3305 1506 3561 1560 divinam

1908 1587 2441 1644 reconciliationem
2465 1592 2757 1646 tendendo
2781 1593 3400 1665 peragimus,jejunia,
3425 1594 3564 1666 vigi-

1908 1676 2038 1743 lias,
2072 1678 2486 1746 continentias,
2538 1681 2853 1747 orationes,
2886 1699 3078 1752 _opera
3127 1682 3560 1750 misericordiae,

1906 1781 2011 1819 seu
2045 1771 2286 1820 caeteras
2301 1767 2568 1823 virtutes.
2601 1769 2814 1824 Multas
2846 1771 3062 1841 quippe
3093 1771 3261 1825 nobis
3293 1771 3562 1826 Christus

1908 1852 2151 1908 semitas
2175 1855 2468 1926 proponit,
2502 1872 2606 1926 per
2636 1873 2782 1927 quas
2807 1859 3150 1928 perditionis
3175 1859 3369 1914 foveas
3396 1858 3567 1914 decli-

129 1942 257 1997 tine
289 1941 868 2013 quinquagenarium
900 1940 1328 2012 intelligimus;
1364 1957 1501 1994 nam
1533 1941 1796 2011 quinque
1829 1977 1876 2042 B
1909 1959 2048 1998 nare
2105 1943 2389 1999 valemus.
2449 1945 2558 1998 Sed
2611 1950 2830 2016 quanto
2869 1945 3038 2018 plura
3087 1953 3227 2002 sunt
3283 1947 3559 2002 evadendi

135 2031 387 2087 decedes
405 2030 562 2086 hunc
590 2046 904 2085 numerum
919 2034 1380 2102 consequuntur:
1399 2030 1498 2101 qui
1523 2031 1647 2085 dies
1669 2030 1798 2086 ideo

143 2119 561 2176 celeberrimus
601 2120 754 2174 inter
784 2119 923 2174 anni
957 2119 1130 2175 ferias
1174 2119 1442 2186 habetur,
1478 2120 1616 2191 quia
1641 2120 1700 2174 in
1732 2136 1798 2176 eo

140 2209 396 2281 Spiritus
429 2213 687 2272 sanctus,
714 2208 937 2264 scilicet
966 2208 1298 2264 Paracletus
1323 2225 1354 2264 e
1385 2208 1526 2263 cmlo
1559 2207 1798 2264 veniens

138 2297 437 2370 apostolos
464 2299 610 2354 adeo
641 2297 989 2353 conﬁrmare
1020 2297 1297 2370 dignatus
1327 2307 1434 2364 est,
1471 2302 1535 2353 ut
1561 2313 1796 2354 omnem

137 2393 360 2443 metum
388 2404 505 2460 quo
524 2387 690 2460 prius
713 2386 930 2442 clausis
950 2387 1154 2458 januis
1183 2388 1292 2443 sub
1315 2387 1547 2442 silentio
1581 2387 1798 2442 detine-

136 2475 520 2542 bantur,suis
549 2475 827 2532 cordibus
845 2476 1228 2545 excutientes,
1255 2492 1391 2530 mox
1411 2477 1613 2531 eadem
1647 2475 1799 2530 clau-

133 2571 255 2622 stra
268 2563 821 2637 respuentes,licera
833 2581 970 2620 voce
987 2564 1067 2621 Cb
1077 2565 1287 2620 ristum
1303 2564 1496 2636 palam
1519 2564 1797 2620 omnibus

131 2655 414 2727 gentibus
448 2654 863 2726 praedicarent:
915 2654 1015 2726 qui
1047 2653 1222 2708 etiam
1269 2653 1330 2708 in
1368 2654 1560 2709 Veteri
1590 2654 1794 2709 Testa-

134 2747 332 2799 mento
364 2743 554 2799 festus
591 2743 910 2810 colebatur,
944 2747 1118 2816 atque
1149 2743 1208 2798 in
1249 2759 1315 2798 eo
1349 2743 1605 2815 primum
1640 2743 1794 2814 apud

133 2848 232 2888 eos
246 2849 430 2904 panes
461 2833 533 2888 de
554 2832 717 2888 novis
741 2831 1011 2904 frugibus
1033 2831 1091 2886 in
1123 2832 1342 2904 templo
1377 2831 1792 2887 ministraban-

134 2927 250 2978 tur.
285 2921 526 2994 Mystice
549 2926 744 2976 autem
768 2921 923 2992 apud
945 2938 1050 2976 nos
1073 2922 1199 2992 ipso
1227 2921 1319 2976 die
1342 2937 1520 2992 panes
1544 2921 1614 2975 de
1631 2919 1797 2975 novis

132 3008 426 3082 frugibus,
462 3009 517 3063 id
552 3013 641 3064 est
663 3025 819 3064 novae
843 3008 1088 3064 virtutes
1121 3009 1309 3064 sancti
1341 3009 1596 3080 Spiritus
1620 3025 1722 3080 per
1742 3025 1797 3063 a-

135 3096 396 3170 postolos
427 3097 654 3153 traditae
687 3103 826 3152 sunt
841 3098 1138 3169 gentibus.
1173 3098 1464 3154 Necdeest
1493 3115 1526 3153 a
1548 3098 1793 3168 ratione,

135 3187 291 3259 quod
327 3185 819 3260 quinquagesimo
851 3186 943 3242 die
965 3191 1280 3258 postquam
1310 3187 1596 3242 Dominus
1626 3187 1795 3258 {Egy-

135 3280 302 3347 ptum
333 3276 394 3330 in
419 3275 827 3348 primogenitis
858 3275 1165 3346 percussit,
1199 3276 1445 3347 ejusque
1461 3275 1793 3347 principum

134 3345 486 3436 potestatem
519 3345 831 3432 destruxit,
864 3345 1060 3435 atque
1101 3345 1253 3420 filios
1286 3345 1564 3420 Israelvde
1593 3345 1796 3420 eorum
1828 3345 1871 3412 (ἶ

134 3453 416 3511 servitute
445 3459 504 3509 et
532 3453 712 3508 maris
741 3453 920 3508 Rubri
963 3453 1252 3526 profundo
1289 3453 1577 3519 liberavit,
1611 3453 1799 3524 legem

135 3560 237 3616 per
267 3543 508 3615 Moysen
525 3559 704 3614 quam
724 3541 957 3614 populis
987 3543 1346 3614 praedicaret,
1363 3543 1501 3598 dare
1518 3542 1798 3610 decrevit;

136 3636 192 3688 et
222 3630 722 3704 quinquagesimo
757 3630 851 3686 die
911 3635 1227 3702 postquam
1257 3630 1553 3686 infernum
1584 3629 1646 3686 in
1678 3631 1801 3686 suis

138 3719 424 3793 primitiis
457 3719 770 3793 percussit,
805 3720 1051 3792 eiusque
1089 3720 1424 3792 principum
1455 3723 1802 3792 potestatem

139 3809 450 3877 destruxit,
485 3814 542 3864 et
572 3824 777 3864 omnes
809 3808 910 3880 qui
930 3808 1051 3862 illic
1073 3808 1333 3864 indebite
1363 3809 1800 3876 detinebantur,

140 3899 210 3954 de
241 3897 535 3970 profundo
568 3897 774 3953 mortis
813 3897 1032 3965 eduxit,
1069 3914 1170 3969 per
1200 3897 1482 3968 Spiritum
1531 3903 1803 3952 sanctum

141 3987 424 4060 apostolis
439 3986 690 4057 qualiter
705 3991 1073 4058 agerent,seu
1091 3985 1235 4042 alios
1249 3987 1609 4041 instruerent
1621 3985 1806 4040 decla-

142 4093 268 4133 rare
290 4076 538 4132 curavit.
562 4075 672 4132 Sed
708 4076 904 4131 divina
924 4074 1290 4148 providentia
1313 4074 1557 4130 alteram
1583 4075 1807 4129 Israeli-

139 4166 252 4222 tico
274 4164 495 4238 populo
537 4181 641 4237 per
672 4164 930 4236 Moysen,
964 4165 1208 4220 alteram
1237 4163 1410 4218 nobis
1441 4180 1544 4235 per
1573 4170 1806 4218 sanctos

141 4254 444 4327 apostolos
459 4253 648 4326 legem
667 4253 847 4308 voluit
862 4253 1301 4308 commendare:
1328 4252 1428 4308 illa
1451 4252 1809 4308 minaturin-

137 4344 380 4400 teritum
396 4341 749 4416 haecjugiter
762 4342 1164 4414 paenitentiam
1180 4341 1532 4404 docet.Quod
1551 4340 1810 4395 ostendit

140 4433 372 4506 Moyses
390 4449 525 4488 cum
551 4431 889 4504 postdatam
906 4431 1091 4502 legem
1109 4431 1470 4485 descendens
1501 4430 1572 4484 de
1609 4435 1808 4484 monte

139 4523 359 4578 rediret
389 4522 460 4577 ad
492 4520 799 4593 populum.
835 4523 999 4575 Certe
1021 4536 1154 4574 eum
1186 4518 1505 4574 invenisset
1536 4534 1808 4589 peccasse

141 4609 428 4683 populum
454 4611 514 4664 in
537 4608 702 4664 vituli
734 4607 896 4664 aurei
929 4608 1288 4675 adoratione,
1313 4607 1458 4661 dixit
1482 4623 1493 4660 :
1529 4609 1654 4662 Haec
1671 4606 1807 4661 dicit

1910 2031 2175 2102 consilia,
2209 2036 2371 2087 tanto
2402 2033 2855 2089 miserabiliores
2896 2039 3034 2090 sunt
3065 2035 3165 2107 qui
3196 2036 3560 2092 descendunt

1908 2120 1967 2174 in
2016 2120 2232 2174 lacum.
2268 2120 2427 2174 Licet
2471 2120 2652 2191 igitur
2683 2121 2774 2176 his
2806 2123 3120 2178 transactis
3152 2124 3361 2178 diebus
3391 2123 3561 2194 quasi

1908 2208 2132 2280 nuptiis
2164 2226 2267 2280 pro
2300 2209 2578 2263 continua
2609 2209 2978 2266 solemnitate
3009 2212 3067 2264 in
3097 2211 3321 2267 deliciis
3350 2212 3563 2266 vixeri-

1908 2315 2062 2368 mus,
2097 2302 2440 2368 stantesque
2469 2298 2752 2353 orationis
2784 2304 2916 2354 vota
2946 2300 3192 2355 Domino
3225 2300 3564 2372 persolveri-

1908 2403 2063 2456 mus,
2099 2403 2254 2441 nunc
2286 2391 2482 2442 autem
2517 2386 2729 2442 abhinc
2761 2393 2915 2444 terra
2965 2389 3242 2459 prostrati
3272 2388 3564 2460 lacrymas

1906 2476 2249 2540 fundamus,
2274 2475 2518 2546 jejuniis
2550 2481 2607 2530 et
2627 2475 2841 2548 vigiliis
2862 2493 3096 2548 cperam
3132 2478 3360 2544 demus,
3384 2477 3563 2548 paeni-

1904 2564 2100 2619 tentiae
2150 2565 2441 2619 sarcinam
2493 2563 2793 2636 suscipere
2853 2565 3220 2620 festinemus.
3279 2565 3556 2620 Aitenim

1905 2651 2190 2708 Dominus
2217 2653 2276 2706 in
2306 2651 2650 2724 Evangelio:
2683 2653 2800 2708 Non
2824 2659 3049 2724 possunt
3076 2654 3188 2722 lilii
3207 2655 3390 2725 sponsi
3407 2655 3563 2726 jeju-

1903 2757 2062 2811 nare,
2093 2742 2265 2796 donec
2295 2757 2421 2796 cum
2450 2741 2566 2795 illis
2597 2745 2674 2795 est
2712 2759 2979 2812 sponsus;
3026 2745 3206 2797 veniet
3263 2745 3397 2798 hora
3438 2759 3564 2798 eum

1906 2832 2190 2900 auferetur
2217 2831 2285 2885 ab
2315 2833 2412 2899 eis,
2463 2839 2516 2884 et
2569 2839 2699 2886 tunc
2745 2833 3080 2902 jejunabunt
3111 2832 3170 2886 in
3228 2833 3344 2886 illis
3375 2832 3565 2887 diebus

1907 2918 2130 2990 (Matth.
2158 2937 2238 2986 ιιι,
2263 2920 2371 2990 15).
2398 2920 2718 2975 Transacto
2737 2937 2970 2991 quoque
2996 2926 3257 2992 tempore
3288 2923 3568 2993 quodam-

1906 3009 2079 3062 modo
2137 3007 2445 3063 nobiscum
2501 3026 2603 3078 per
2662 2995 3022 3080 eorpdralem
3067 3010 3351 3064 Dominus
3383 3009 3572 3064 adfuit

1905 3098 2277 3168 praesentiam
2307 3113 2319 3151 :
2355 3097 2455 3152 sed
2490 3113 2645 3150 nunc
2668 3099 2795 3166 jam
2829 3098 3002 3151 cmlos
3026 3097 3304 3166 ascendit,
3337 3098 3408 3152 ad
3434 3099 3569 3153 dex-

1905 3189 2090 3240 teram
2124 3186 2287 3239 sedet
2319 3184 2523 3255 patris.
2559 3183 2722 3239 Unde
2772 3203 2920 3256 pura
2968 3189 3182 3251 mente,
3218 3186 3422 3242 devoto
3449 3203 3568 3251 ore,

1907 3273 2102 3345 dignis
2131 3274 2408 3345 operibus
2437 3289 2572 3328 eum
2626 3274 2880 3345 rogitare
2929 3290 3229 3341 curemus,
3273 3280 3339 3328 ut
3368 3275 3568 3330 nobis-

1911 3379 2045 3418 cum
2092 3378 2277 3433 usque
2320 3361 2378 3416 in
2411 3365 2714 3427 aeternum,
2749 3362 2857 3416 etsi
2889 3378 3004 3416 non
3039 3362 3434 3433 corporaliter,
3468 3379 3572 3434 per

1912 3448 2772 3522 sutfragiamanere,dignetur,
2793 3451 2918 3520 ipso
2953 3455 3282 3521 priestante,
3309 3451 3406 3521 qui
3434 3467 3568 3505 cum

1913 3541 2080 3596 Patre
2118 3544 2175 3594 et
2205 3539 2424 3610 Spiritu
2461 3543 2664 3593 sancto
2694 3538 2834 3593 vivit
2863 3543 2920 3594 et
2949 3538 3232 3610 gloriatur
3261 3539 3436 3608 Deus,
3470 3555 3573 3609 per

1913 3627 2112 3684 omnia
2143 3627 2356 3683 saecula
2387 3626 2736 3682 saeculorum
2769 3631 2975 3682 Amen.

2519 3733 2762 3788 SERMO
2803 3733 2951 3788 XIII.

1914 3840 1975 3876 ΙΝ
2014 3838 2482 3876 ANNUNTIATIONE
2523 3837 2682 3874 ΒΕΑἹΊ
2725 3837 3140 3875 PR/ECURSORIS
3181 3837 3248 3873 ET
3286 3835 3573 3873 MARTYIUS

1999 3909 2205 3947 DOMINI
2249 3909 2452 3946 NOSTRI
2491 3909 2629 3946 JESU
2669 3909 2872 3959 CHISTI,
2912 3909 3151 3946 JOANNIS
3193 3907 3492 3944 BAPTISTE.

1989 3981 2126 4036 Post
2143 3981 2329 4051 (1531)
2353 3979 2747 4050 evangelieam
2769 3979 3102 4042 lectionem,
3128 3979 3337 4032 fratres
3359 3977 3576 4032 charis-

1917 4071 2076 4133 simi,
2111 4068 2440 4124 beatissimi
2467 4068 2715 4122 Joannis
2736 4067 3114 4138 prazcursoris
3136 4065 3367 4120 Domini
3392 4065 3574 4119 nostri

1914 4161 2054 4215 Jesu
2088 4157 2302 4213 Christi
2326 4156 2494 4212 nobis
2517 4160 2605 4211 est
2628 4155 2970 4210 denuntiata
2991 4154 3284 4224 nativitas,
3307 4155 3378 4209 de
3404 4154 3575 4224 cujus

1917 4247 2343 4320 prmpa’ratione
2373 4245 2596 4317 aliquid
2621 4261 2777 4299 nunc
2804 4245 2928 4314 jam
2957 4243 3317 4299 edocendum
3341 4258 3468 4297 esse
3491 4242 3573 4295 νὶ-

1916 4339 2108 4396 detur.
2142 4335 2283 4407 quia
2331 4333 2689 4389 omnimodis
2743 4333 3064 4388 cavendum
3109 4336 3197 4385 est
3247 4347 3318 4384 ne
3363 4329 3573 4400 vulgus

1918 4424 2146 4496 polluat
2183 4423 2537 4494 ignorantia,
2583 4422 2739 4492 quod
2787 4436 3020 4474 summa
3067 4419 3375 4472 observare
3421 4416 3577 4488 cogit

1917 4512 2280 4578 obcdientia;
2315 4510 2360 4564 si
2395 4514 2588 4564 autem
2623 4508 2950 4563 nescientes
2967 4505 3322 4578 deliquerint
3351 4506 3408 4559 in
3443 4505 3572 4560 tali-

1918 4602 2051 4669 bus,
2085 4617 2202 4655 una
2232 4616 2339 4653 nos
2369 4615 2503 4652 cum
2539 4596 2653 4652 illis
2687 4596 2937 4651 involvet
2989 4596 3316 4651 sententia:
3361 4595 3407 4650 si
3440 4611 3575 4649 vero

144 4701 414 4755 Dominus
460 4699 602 4754 Deus
630 4695 846 4754 Israel:
899 4698 1096 4753 Ponite
1136 4699 1514 4768 unusquisque
1559 4695 1809 4766 gladium
1841 4713 1886 4778 Β
1919 4708 2047 4763 qua:
2079 4689 2456 4744 docuerimus
2487 4685 2971 4778 contempserint,
3005 4685 3088 4739 sic
3119 4685 3375 4778 alienum
3406 4683 3577 4778 deﬂe-

141 4805 306 4844 suum
337 4803 505 4859 super
533 4788 718 4856 femur
744 4802 929 4850 suum,
960 4791 1014 4840 et
1043 4785 1251 4840 occidat
1281 4786 1644 4855 ucusquisque
1687 4786 1804 4853 fra-

140 4885 286 4933 trem
315 4893 500 4942 suum,
533 4879 584 4932 et
623 4877 1007 4946 unusquisque
1047 4876 1369 4946 proximum
1398 4890 1560 4928 suum
1602 4874 1804 4940 (Exod.

142 4983 324 5038 χχιιι,
355 4969 472 5030 27).
506 4965 722 5022 Beatus
737 4981 872 5020 vero
891 4967 1099 5020 Petrus
1117 4965 1390 5036 princeps
1406 4961 1808 5034 apostolorum

144 5072 282 5111 eum
315 5053 562 5126 reliquis
609 5057 744 5126 post
801 5054 1118 5109 adventum
1177 5052 1362 5108 sancti
1392 5051 1660 5124 Spiritus,
1691 5049 1810 5104 illis

145 5145 322 5200 etiam
348 5142 452 5215 qui
478 5143 675 5214 ipsum
703 5142 1014 5197 Dominum
1039 5142 1813 5205 cruciﬁxerant,constanter

143 5234 265 5289 ait:
311 5233 711 5288 Paenitentiam
759 5233 924 5302 agite,
976 5239 1029 5285 et
1080 5231 1391 5301 baptizetur
1436 5230 1839 5299 unusquisque.

142 5330 386 5378 vestrum
436 5327 498 5376 in
526 5322 753 5377 nomine
795 5321 926 5375 Jesu
976 5319 1176 5374 Christi
1207 5321 1267 5374 in
1293 5321 1669 5373 remissionem
1695 5332 1815 5388 pec-

141 5417 424 5476 catorum,
454 5413 507 5465 et
561 5410 850 5480 accipietis
879 5408 1102 5464 domum
1134 5408 1382 5477 Spiritus
1401 5409 1580 5462 sancti
1611 5407 1810 5477 (Acan,

141 5501 260 5570 38).
307 5499 672 5571 Redemptor
715 5513 973 5569 namque
1004 5502 1204 5553 noster
1230 5499 1442 5553 veteris
1473 5496 1619 5568 legis
1649 5493 1814 5548 duri-

147 5662 337 5735 (1528)
367 5658 641 5735 Mansius
687 5657 1093 5735 suscipiendam
1133 5660 1336 5713 contra
1367 5655 1583 5712 codicis
1615 5653 1812 5708 ﬁdem.

250 5729 410 5788 1529)
440 5733 520 5788 M.
555 5729 836 5786 mendose
860 5731 1140 5786 instemus.

250 5734 391 5788 1529
440 5734 520 5788 M.
555 5734 836 5786 mendose
860 5734 896 5783 ὑ

222 5734 414 5878 ἒ1530)
442 5803 522 5862 Μ.
551 5802 681 5860 sine
708 5817 896 5872 usque.

1918 4780 2502 4847 bimus,utnostrum
2527 4775 2734 4829 exinde
2759 4791 2871 4830 non
2894 4774 3207 4827 timeamus
3225 4770 3572 4842 periculum.

1918 4870 2242 4940 Cognoscat
2289 4865 2471 4938 igitur
2519 4863 2832 4936 prudentia
2882 4867 3075 4916 vestra
3105 4859 3319 4914 malam
3355 4859 3426 4914 de
3455 4863 3575 4913 tam

1919 4958 2174 5029 gloriosa
2195 4954 2564 5010 solemnitate
2595 4953 2812 5007 crebris
2835 4952 2893 5006 in
2928 4950 3070 5006 locis
3099 4948 3408 5003 inolevisse
3440 4965 3573 5002 con-

1921 5045 2362 5109 suetitudinem,
2396 5048 2460 5097 ut
2487 5042 2756 5113 quaedam
2789 5036 3170 5094 meretricula
3201 5036 3479 5091 ecclesias
3520 5039 3578 5090 et

1923 5135 2120 5190 divina
2151 5133 2343 5189 officia
2375 5131 2805 5200 derelinquant,
2865 5133 2922 5182 et
2979 5127 3202 5198 passim
3261 5126 3444 5197 (1532)
3477 5141 3578 5196 per

1923 5224 2145 5296 plateas
2175 5227 2232 5276 et
2264 5221 2538 5292 compita,
2564 5220 2754 5273 fontes
2779 5217 2954 5272 etiam
2988 5221 3044 5270 et
3074 5233 3211 5270 rura
3238 5219 3578 5286 pernoctan-

1921 5319 2030 5383 tes,
2084 5312 2290 5367 cboros
2332 5312 2613 5377 statuant,
2657 5305 2946 5361 canticula
2985 5306 3170 5375 (1533)
3205 5306 3574 5375 componant,

1923 5408 2110 5458 sortes
2141 5401 2454 5463 deducant,
2489 5403 2548 5451 et
2594 5395 2880 5466 quidquid
2909 5394 3079 5449 alicui
3114 5396 3342 5449 evenire
3372 5393 3582 5449 debeat

1923 5492 1983 5546 in
2016 5490 2232 5546 talibus
2280 5485 2562 5542 simulent
2607 5484 2906 5556 augurari.
2943 5483 3204 5546 Quarum
3237 5480 3577 5553 superstitio

1996 5649 2180 5722 (1531)
2215 5644 2478 5722 Mansius
2507 5660 2624 5714 per.

1997 5718 2181 5793 (1532)
2216 5719 2292 5774 M.
2320 5718 2552 5793 partim.

1997 5725 2159 5793 (1532
2216 5725 2292 5774 M.
2320 5725 2552 5790 partim.

1997 5725 2184 5865 (1533;
2213 5795 2286 5847 M.
2316 5789 2725 5848 cantiunculas.
