3916 6410
339 483 460 546 851'

1360 476 1700 542 ATTONIS
1745 471 2332 541 VERCELLENSIS
2376 476 2733 541 EPISCOPI

3631 473 3754 539 852

345 620 488 678 adeo
517 617 705 692 gignit
733 615 1047 683 insaniam,
1079 618 1144 672 ut
1175 614 1386 670 herbas
1415 613 1503 668 vel
1535 613 1770 668 frondes
1800 612 1990 683 bapti-
2019 613 2068 678 Α
2103 611 2360 666 claustra
2389 613 2792 688 descendendo
2816 627 2830 668 :
2850 609 2949 684 qui
2971 610 3146 667 etiam
3171 610 3314 667 adeo
3335 609 3409 666 ab
3439 626 3504 666 eo
3527 609 3748 682 magni.

341 726 472 766 zare
503 710 880 781 praesumant,
913 709 968 761 et
1001 705 1207 760 exinde
1256 706 1582 773 compatres
1613 701 1699 756 vel
1732 717 1989 756 comma-

341 803 461 855 tres
491 799 746 853 audeant
774 796 1048 857 vocitare,
1095 793 1336 862 suisque
1366 791 1640 845 domibus
1671 805 1992 861 suspensas

342 887 445 942 diu
493 886 552 940 in
581 884 951 956 postmodum
984 882 1153 952 quasi
1200 880 1498 952 religionis
1520 897 1697 935 causa
1718 880 1993 934 studeant

341 989 702 1032 conservare.
735 973 880 1026 Nam
909 971 1116 1025 beatus
1146 970 1402 1024 Joannes
1433 970 1562 1024 ideo
1596 969 1852 1040 Baptista
1880 969 1993 1022 dic-

338 1069 438 1120 tus
468 1066 577 1132 est,
609 1061 744 1132 quia
767 1060 890 1130 ipse
928 1057 1188 1128 primum
1220 1058 1585 1129 baptismum
1628 1056 1993 1112 remissionis

339 1150 680 1208 hominibus
703 1147 1128 1219 praedicaverat,
1153 1152 1209 1201 et
1232 1147 1565 1218 baptizandi
1596 1145 1990 1200 ministerium

339 1241 689 1310 sumpserat.
713 1240 1140 1306 Auctoremque
1159 1235 1423 1290 omnium
1442 1253 1547 1290 suo
1573 1234 1787 1290 meruit
1805 1235 1993 1289 lavare

337 1328 706 1400 baptismate.
759 1324 1180 1381 Caeterarum...
1217 1324 1549 1379 Beatissimi
1575 1340 1808 1394 quoque
1840 1323 1993 1378 Petri

336 1415 621 1489 principis
647 1413 1044 1486 apostolorum
1091 1414 1462 1469 festivitatem
1516 1411 1858 1483 hujusmodi
1900 1429 1991 1466 so-

337 1505 462 1562 lent
490 1503 700 1559 naeniis
730 1501 1199 1558 commaculare:
1246 1519 1495 1574 quarum
1529 1501 1652 1556 alim
1684 1501 1994 1556 maleficio-

340 1610 494 1664 rum,
541 1591 671 1648 alia:
717 1591 907 1663 stupri
939 1607 1136 1660 causa,
1169 1590 1388 1646 talibus
1416 1591 1774 1645 vanitatibus
1805 1591 1994 1644 inser-

338 1681 508 1737 viunt
536 1681 740 1752 (1532).
774 1680 1151 1735 Considerate
1182 1695 1338 1750 ergo,
1387 1679 1595 1733 fratres
1639 1677 1992 1743 charissimi,

342 1774 631 1843 quantum
644 1769 902 1824 dedecus
915 1769 1062 1824 tales
1085 1769 1253 1822 nobis
1269 1767 1997 1837 prioribus,quantumque

340 1859 455 1914 sibi
485 1858 739 1912 inferant
759 1856 1211 1922 detrimentum,
1244 1862 1300 1909 et
1330 1855 1414 1908 sic
1445 1855 1856 1924 unusquisque
1889 1853 1998 1907 sal-

2102 700 2311 754 ﬁcatus
2342 704 2449 768 est,
2484 705 2547 755 ut
2579 701 2764 772 ipsius
2795 700 3130 756 testimonio
3161 699 3465 756 clariﬁcari
3499 704 3556 755 et
3585 699 3752 771 plus-

2101 805 2276 861 quam
2299 790 2639 861 prophetam
2664 789 3396 860 appellari,mereretur.Ad
3417 790 3586 860 cujus
3611 805 3756 860 quo-

2101 895 2213 949 que
2259 879 2723 950 exaggerandam
2756 877 3002 949 gloriam
3035 879 3276 949 insuper
3305 878 3586 948 adjiciens
3617 879 3701 932 ait
3735 894 3748 930 :

2102 968 2140 1021 A
2174 967 2362 1021 diebus
2405 969 2630 1023 Joannis
2659 983 2828 1038 usque
2874 983 3020 1021 nunc
3061 983 3300 1038 regnum
3349 969 3607 1022 caelorum
3637 968 3757 1020 vim

2100 1058 2328 1126 patitur,
2362 1064 2413 1110 et
2463 1057 2692 1110 violenti
2716 1057 2942 1126 rapiunt
2968 1055 3107 1109 illud
3151 1056 3360 1125 (Matth.
3392 1073 3469 1121 x1,
3505 1058 3613 1124 1‘2).
3651 1057 3754 1109 Re-

2100 1161 2271 1212 gnum
2301 1145 2561 1199 uPIOrum
2586 1146 2696 1198 vim
2721 1145 2936 1215 patitur
2963 1151 3012 1198 el
3058 1143 3292 1198 violenti
3321 1146 3543 1214 rapiunt
3586 1144 3747 1205 illud,

2103 1250 2236 1288 cum
2269 1233 2401 1304 quis
2433 1250 2645 1304 pravus
2677 1249 2946 1304 perversa
2986 1233 3157 1303 longo
3189 1236 3518 1303 tempore...
3553 1249 3761 1304 poenas

2104 1339 2251 1393 quas
2277 1321 2680 1376 malevivendo
2696 1321 3036 1392 promeruit,
3060 1321 3514 1376 misericorditer
3542 1321 3760 1386 evadit,

2103 1415 2345 1480 atque...
2399 1410 2720 1465 sublima...
2775 1409 3051 1464 cmlorum
3101 1425 3233 1464 mox
3263 1409 3442 1464 intrat
3500 1415 3761 1465 ovanter.

2104 1500 2256 1554 Bene
2288 1504 2482 1554 autem
2524 1517 2556 1554 τι
2586 1500 2792 1554 diebus
2832 1498 3099 1564 Joannis,
3148 1499 3286 1569 quia
3327 1499 3452 1568 ipse
3498 1498 3759 1569 primum

2105 1587 2464 1658 baptismum
2497 1587 2830 1658 praedicavit
2852 1603 2956 1658 per
2985 1602 3159 1658 quem
3185 1591 3419 1658 peccata
3449 1587 3762 1641 dimittun-

2103 1679 2220 1744 tur,
2254 1681 2310 1729 et
2349 1677 2544 1745 januae
2577 1676 2740 1746 regni
2795 1675 3044 1730 ccelestis
3103 1677 3475 1746 pandantur:
3519 1676 3614 1730 ubi
3649 1692 3761 1730 nos

2107 1765 2238 1834 pius
2288 1764 2570 1819 Dominus
2629 1763 2854 1818 meritis
2907 1769 2964 1818 et
3021 1764 3538 1819 intercessionibus
3569 1763 3763 1834 ipsius

2108 1852 2429 1907 beatissimi
2464 1853 2840 1924 prazcursoris
2867 1858 2922 1906 et
2953 1853 3233 1923 martyris
3256 1853 3348 1907 sui
3381 1852 3637 1923 recipere
3669 1851 3765 1905 di-

339 1951 459 2002 tem
492 1945 676 2016 (1535)
700 1946 942 2000 domum
966 1959 1135 1998 suam
1159 1943 1430 1998 atalibus
1452 1948 1660 2013 purget
1677 1943 1991 1997 erroribus.
2029 1977 2078 2041 B
2108 1946 2346 2013 gnetur;
2382 1942 2554 2011 cujus
2585 1957 2830 2011 regnum
2863 1945 2919 1993 et
2953 1940 3289 2011 imperium.

343 2036 676 2092 Partiamur
705 2051 856 2090 onus
886 2034 1092 2104 (1536),
1151 2032 1478 2103 partiamur
1539 2036 1596 2086 et
1650 2032 1830 2102 (1537)
1864 2049 2003 2102 prae-

345 2123 573 2180 mium:
621 2123 793 2178 debet
842 2120 1001 2176 enim
1055 2120 1465 2190 unusquisque
1515 2123 1776 2174 vestrum
1819 2120 2001 2190 (1538)

345 2211 547 2268 domui
579 2227 698 2266 sum
731 2225 978 2282 praaesse
1008 2207 1341 2279 episcopus,
1395 2206 1533 2278 quia
1564 2207 1873 2278 episcopus
1900 2224 2003 2261 su-

346 2301 747 2374 perinspcctor
767 2299 983 2354 dicitur
1007 2315 1020 2353 :
1049 2299 1120 2352 ab
1143 2312 1496 2367 unoquoque
1527 2297 1682 2351 enim
1717 2303 2002 2367 quantum

356 2388 635 2459 creditur,
665 2391 893 2442 tantum
943 2385 1204 2458 exigetur
1234 2386 1439 2455 (1539).
1470 2384 1672 2440 Videte
1704 2384 1841 2456 quia
1873 2384 2004 2439 nul-

356 2475 452 2532 lus
481 2481 593 2544 est,
631 2475 725 2530 cui
759 2474 981 2546 aliquid
1018 2490 1132 2529 non
1164 2474 1456 2540 credatur,
1491 2479 1550 2528 et
1579 2490 1614 2528 a
1636 2489 1751 2544 quo
1784 2471 2003 2543 aliquid

356 2581 472 2620 non
504 2564 790 2636 exigatur.
825 2564 912 2617 Ad
946 2562 1172 2617 cultum
1206 2577 1342 2633 ergo
1369 2566 1542 2616 tantas
1562 2562 1894 2616 festivitatis
1924 2562 2006 2615 vi-

356 2654 557 2711 cissim
590 2670 698 2710 nos
727 2652 972 2708 invitare
1002 2668 1297 2718 curemus,
1322 2651 1730 2722 abstergamus
1760 2665 2004 2716 errores,

355 2747 595 2799 cunctas
624 2742 870 2797 haereses
901 2739 1287 2812 repellamus;
1314 2740 1579 2810 jejuniis,
1615 2739 1847 2810 vigiliis,
1881 2755 2008 2794 ora-

353 2830 614 2887 tionibus
637 2845 1094 2902 praeurramus,
1112 2834 1176 2883 ut
1196 2830 1397 2883 devote
1419 2834 1536 2883 tam
1557 2827 1814 2899 praeclari
1861 2843 2002 2880 mar-

353 2919 499 2993 tyris
529 2920 746 2975 festum
781 2919 967 2990 (1540)
998 2917 1291 2972 celebrare
1324 2933 1675 2982 mereamur,
1700 2920 2011 2987 praestante

357 3007 603 3064 Domino
634 3011 835 3063 nostro
863 3007 1002 3062 Jesu
1035 3006 1291 3060 Christo.

973 3094 1215 3149 SERMO
1257 3095 1408 3148 XIV.

815 3183 874 3220 IN
913 3182 1245 3221 NATIVITATE
1283 3182 1340 3220 Εὖ
1349 3181 1540 3221 USDEM
1549 3209 1560 3218 .

430 3256 598 3312 Illius
626 3254 800 3311 hodie
830 3253 1126 3321 nativitas,
1152 3254 1358 3308 fratres
1381 3252 1735 3320 charissimi,
1764 3250 2014 3307 celebra-

2740 2046 2974 2101 SERMO
3015 2045 3129 2099 XV.

2183 2137 2242 2174 IN
2283 2133 2637 2173 FESTIViTATE
2677 2134 3020 2172 SANCTORUM
3059 2133 3473 2174 APOSTOLORUM
3515 2133 3686 2173 PETRI

2788 2207 2855 2243 ET
2894 2206 3084 2244 PAULI.

2183 2279 2474 2333 Hodierna
2503 2277 2863 2345 solemnitas,
2897 2278 3107 2332 fratres
3135 2276 3489 2344 charissimi,
3524 2294 3630 2334 nos
3663 2280 3773 2334 ad-

2114 2373 2313 2422 monet
2359 2366 2833 2420 beatissimorum
2881 2366 3278 2436 apostolorum
3329 2366 3482 2420 Petri
3513 2372 3569 2421 et
3600 2365 3771 2422 Pauli

2117 2457 2388 2510 ardenter
2419 2454 2690 2526 amplecti
2725 2455 2988 2526 vestigia,
3039 2456 3138 2525 qui
3169 2459 3356 2510 semet
3385 2456 3767 2527 abnegantes,

2115 2546 2523 2614 mundumque
2540 2560 2752 2598 omnen
2775 2543 3615 2613 contemnentes,judiciariam
3636 2546 3770 2615 ejus

2116 2634 2310 2704 adepti
2334 2637 2472 2687 sunt
2494 2636 2838 2702 potestatem
2863 2633 2991 2703 :qui
3018 2632 3215 2699 etiam,
3235 2633 3373 2703 quia
3394 2634 3616 2688 mundo
3637 2649 3771 2688 suc-

2118 2723 2392 2777 cumbere
2415 2721 2748 2788 noluerunt,
2778 2720 2920 2775 coelo
2944 2721 3164 2792 prazlati
3186 2726 3345 2789 sunt,
3371 2723 3540 2791 cujus
3561 2723 3771 2777 Petrus

2117 2811 2386 2881 claviger,
2424 2809 2635 2864 Paulus
2669 2810 2856 2864 factus
2877 2815 2965 2864 est
2995 2810 3439 2866 introductor.0
3469 2827 3647 2882 quam
3683 2811 3771 2865 di-

2118 2916 2300 2972 gnum
2327 2905 2382 2954 et
2412 2914 2715 2969 magnum,
2750 2903 2814 2952 ut
2845 2898 3048 2952 Petrus
3078 2898 3330 2969 claviger
3359 2898 3436 2953 sit
3464 2898 3769 2966 cmlorum,

2119 2993 2174 3044 et
2202 2989 2428 3043 Lucifer
2447 3003 2737 3042 carcerem
2762 2987 2975 3042 sentiat
2992 2987 3330 3042 inferorum!
3363 2988 3547 3042 Homo
3577 3005 3774 3044 surre-

2119 3079 2203 3133 xit
2223 3079 2294 3133 ad
2327 3081 2598 3132 aeternam
2631 3075 2897 3147 gloriam,
2936 3075 3180 3147 angelus
3209 3076 3416 3131 cecidit
3435 3077 3507 3131 ad
3541 3093 3775 3147 pmnam

2124 3170 2496 3239 perpetuam:
2529 3165 2638 3221 iste
2668 3165 2726 3220 in
2760 3182 2821 3220 se
2853 3164 3104 3219 multum
3139 3163 3414 3236 praelatus
3440 3169 3500 3220 et
3529 3170 3776 3236 erectus,

2123 3253 2410 3311 ommium
2443 3271 2476 3308 a
2505 3254 2621 3308 Deo
2669 3257 2998 3308 creaturam
3043 3255 3232 3308 factus
3260 3257 3350 3308 est
3377 3253 3647 3321 inﬁmus;
3681 3253 3781 3309 ille

362 3351 480 3413 tur,
513 3346 584 3400 de
615 3361 730 3416 quo
762 3343 1045 3398 Dominus
1077 3341 1158 3397 ait
1188 3343 1248 3397 in
1299 3339 1608 3413 Evangelio
1635 3358 1647 3394 :
1682 3343 1830 3397 Inter
1858 3343 2014 3395 natos
2045 3333 2088 3400 C
2125 3342 2370 3398 humilis
2413 3347 2470 3397 et
2497 3342 2782 3412 abjectus,
2833 3342 3008 3396 etiam
3041 3341 3438 3412 apostolorum
3473 3342 3661 3397 factus
3692 3346 3784 3398 est

367 3435 677 3490 mulierum
700 3448 811 3488 non
845 3433 1089 3487 surrexit
1117 3432 1296 3502 major
1323 3430 1548 3486 Joanne
1581 3430 1840 3501 Baptista
1863 3433 2016 3497 (Luc.

366 3541 467 3590 vu,
501 3524 617 3591 28).
648 3523 812 3577 Natos
841 3521 1340 3586 mulierum,natos
1371 3535 1440 3574 ex
1470 3518 1718 3574 mollitia
1738 3519 2016 3589 concupi-

367 3611 600 3668 scentia
622 3607 1118 3681 appellat;mulier
1138 3624 1392 3679 namque
1409 3625 1439 3662 e
1460 3607 1706 3662 mollitia
1725 3607 1877 3662 dicta
1906 3611 2016 3677 est,

365 3715 431 3755 eo
462 3698 618 3769 quod
648 3697 745 3752 hic
781 3713 955 3751 sexus
1006 3695 1173 3750 facile
1205 3694 1485 3750 moliatur
1514 3695 1585 3748 ad
1618 3694 1870 3765 culpam.
1904 3694 2017 3750 No-

363 3787 611 3843 tandum
642 3801 782 3840 sane
831 3783 972 3854 quia
1001 3799 1169 3838 suam
1203 3782 1488 3838 Dominus
1520 3782 1880 3838 nativitatem
1912 3783 2020 3838 hoc

363 3872 701 3930 testimonio
714 3889 829 3927 non
842 3871 1482 3943 comprehendit,cujus
1497 3871 1797 3926 Materetsi
1813 3876 2021 3927 natura

365 3962 522 4017 dicta
553 3958 629 4015 sit
677 3959 908 4026 mulier,
939 3959 1126 4014 virilis
1178 3964 1374 4015 tamen
1407 3959 1517 4014 fuit
1547 3959 1605 4014 in
1638 3960 2016 4026 continentia,

367 4067 496 4124 quae
527 4049 650 4105 sine
685 4048 945 4104 humana
988 4048 1462 4119 concupiscentia
1486 4048 1688 4119 genuit
1717 4047 1939 4118 prolem
1964 4053 2022 4102 et

369 4139 590 4194 mundo
620 4137 804 4192 edidit
833 4137 1209 4192 Salvatorem.
1232 4137 1464 4192 Caeteris
1494 4141 1689 4192 autem
1717 4135 2020 4192 sanctissi-

369 4226 482 4282 mis
511 4230 569 4281 et
598 4225 851 4280 summis
864 4224 1381 4290 hominibus,viri1i
1404 4224 1623 4280 scilicet
1642 4225 1867 4280 semine
1889 4242 2018 4295 pro-

369 4315 600 4382 creatis,
633 4313 834 4369 nullus
866 4315 1104 4369 beatum
1131 4314 1416 4369 Joannem
1450 4331 1551 4384 per
1579 4313 1777 4368 omnia
1798 4313 2024 4368 dubitet

369 4403 791 4475 coaequandum
817 4402 1180 4469 catholicus;
1217 4403 1386 4472 cujus
1418 4401 1690 4456 nativitas
1717 4403 1775 4456 in
1807 4401 2024 4472 templo

368 4493 442 4548 ab
472 4491 679 4564 angelo
711 4491 1000 4559 nuntiata,
1027 4508 1144 4562 qua
1175 4496 1361 4546 mater
1391 4490 1607 4546 sterilis
1638 4495 1695 4546 ct
1717 4491 1841 4562 jam
1876 4508 2025 4545 anus

368 4581 697 4647 fecundata,
727 4580 784 4634 in
818 4597 934 4652 qua
955 4586 1011 4635 et
1032 4585 1198 4634 muta
1224 4579 1405 4650 patris
1429 4580 1628 4650 lingua
1649 4579 1916 4634 absoluta
1937 4585 2027 4634 est

2128 3432 2354 3504 primus
2383 3447 2395 3486 :
2431 3430 2599 3486 illum
2632 3430 2943 3500 prostravit
2968 3431 3262 3502 superbia,
3281 3430 3440 3485 hunc
3469 3430 3779 3486 humilitas

2128 3519 2485 3576 sublimavit.
2510 3520 2696 3582 Quam
2739 3519 2885 3574 bene
2914 3520 3115 3574 Simon
3151 3520 3345 3574 dictus
3375 3524 3484 3589 est,
3520 3520 3658 3590 quia
3688 3520 3779 3576 Si-

2129 3625 2266 3664 mon
2292 3609 2708 3678 interpretatur
2741 3608 3057 3663 obediens!
3090 3609 3278 3678 (quem
3309 3607 3529 3664 sodalis
3559 3607 3779 3663 Paulus

2129 3713 2245 3752 non
2273 3696 2444 3767 longe
2475 3712 2581 3750 suo
2641 3712 2873 3766 quoque
2935 3700 3170 3751 secutus
3204 3701 3292 3751 est
3323 3696 3562 3752 nomine
3593 3714 3606 3752 :
3641 3713 3780 3752 nam

2131 3783 2377 3840 Paulum
2410 3801 2618 3855 parum
2648 3784 2901 3840 dicimus
2927 3801 2939 3838 :
2971 3784 3200 3839 videtur
3231 3785 3387 3840 enim
3419 3785 3616 3840 multa
3645 3785 3780 3840 obe-

2129 3873 2359 3929 dientias
2387 3889 2512 3928 esse
2559 3888 2814 3938 nomem,
2848 3889 2977 3927 cum
3005 3873 3092 3927 vir
3120 3877 3282 3928 tanta
3316 3874 3617 3929 divinitate
3647 3890 3783 3945 per-

2129 3961 3087 4032 lustratus,tantisquecmlestibus
3109 3963 3782 4034 dogmatibusimbutus,

2132 4056 2196 4106 ut
2225 4052 2296 4106 ab
2324 4051 2450 4121 ipso
2482 4050 2726 4105 Domino
2759 4067 2861 4105 vas
2885 4049 3186 4105 electionis
3217 4052 3288 4104 ad
3307 4052 3658 4123 portandum
3681 4067 3783 4106 no-

2132 4156 2265 4194 men
2299 4155 2473 4194 suum
2532 4138 2722 4193 vocari
2782 4143 3109 4195 mereretur
3137 4141 3278 4209 (Act.
3315 4158 3390 4205 1x,
3426 4141 3535 4211 15),
3568 4140 3692 4212 ipse
3723 4155 3786 4195 se

2133 4226 2439 4298 parvulum
2473 4227 2787 4281 aestimaret
2817 4227 3266 4284 nominandum.
3299 4232 3546 4300 Magnus
3589 4229 3788 4298 itaque

2133 4315 2246 4370 dici
2304 4315 2513 4386 potuit,
2549 4331 2722 4386 quem
2771 4315 3056 4370 Dominus
3090 4319 3239 4386 post,
3276 4317 3673 4372 ascensionem
3713 4317 3786 4372 ad

2133 4403 2308 4459 caelos
2332 4420 2434 4474 per
2465 4404 2849 4475 semetipsum
2879 4404 3105 4459 vocavit
3134 4409 3191 4460 et
3219 4405 3436 4473 docuit,
3469 4422 3643 4476 quem
3675 4405 3789 4460 sibi

2135 4492 2465 4564 apostolum
2529 4493 2892 4562 consecravit
2930 4493 3070 4563 (Gal.
3105 4510 3144 4559 1,
3207 4496 3280 4561 1).
3339 4495 3441 4565 qui
3499 4511 3686 4565 usque
3714 4495 3787 4549 ad

2135 4582 2370 4637 tertium
2401 4587 2600 4652 raptus
2623 4586 2711 4637 est
2732 4582 2966 4646 cmlum,
2987 4582 3086 4653 qui
3108 4583 3282 4638 etiam
3298 4583 3561 4638 divinum
3579 4582 3793 4638 meruit

369 4687 404 4725 a
432 4685 548 4742 quo
595 4670 848 4724 necdum
902 4673 1036 4725 nato
1085 4669 1314 4723 Domini
1346 4674 1530 4723 mater
1562 4669 1778 4739 agnita,
1810 4669 2025 4724 Christi
2062 4695 2102 4757 Β
2138 4672 2337 4726 audire
2369 4674 2653 4724 secretum
2684 4672 2754 4739 (Il
2779 4673 2898 4724 Cor.
2933 4687 3031 4739 xu,
3063 4672 3140 4735 3).
3166 4671 3418 4742 Uterque
3447 4671 3628 4742 igitur
3657 4688 3789 4743 pos-

372 4773 606 4830 quoque
635 4762 724 4814 est
753 4757 1064 4829 praesentia
1093 4757 1399 4824 delectata,
1431 4757 1530 4828 qui
1561 4757 1736 4813 etiam
1773 4775 1873 4828 per
1903 4775 2030 4829 pro-

375 4847 610 4920 phetam
643 4847 816 4919 longo
847 4853 982 4902 ante
1022 4852 1282 4918 tempore
1315 4847 1530 4901 meruit
1559 4846 1927 4916 proclamari,
1960 4847 2031 4902 de

377 4953 494 5007 quo
524 4936 744 4990 dictum
777 4941 866 4990 est
891 4953 903 4991 :
937 4939 1078 4990 Ecuc
1107 4938 1262 4990 mitto
1291 4936 1548 5004 angelum
1579 4953 1757 4989 meum
1789 4944 1916 4990 ante
1942 4939 2028 5004 fa-

379 5026 516 5080 ciem
544 5030 720 5095 tuam,
754 5027 852 5095 qui
876 5026 1221 5096 praeparabit
1253 5026 1399 5079 viam
1429 5032 1583 5078 tuam
1613 5029 1740 5078 ante
1785 5033 1834 5078 te
1864 5025 2029 5092 (Mal.

385 5113 561 5184 111,1).
585 5113 958 5169 Considerate
979 5129 1136 5185 ergo,
1160 5113 1547 5181 dilectissimi,
1575 5116 1793 5182 quanto
1817 5113 2035 5168 honore

382 5201 596 5273 dignus
627 5203 724 5271 sit,
749 5204 849 5272 qui
882 5203 1102 5257 missus
1120 5219 1152 5256 a
1177 5202 1292 5256 Deo
1315 5200 1636 5264 Patre,Filii
1665 5202 1876 5256 meruit
1898 5219 2036 5273 pra:-

384 5306 614 5345 currere
635 5292 982 5346 adventum:
1006 5309 1073 5345 ex
1095 5307 1210 5360 quo
1233 5290 1407 5345 etiam
1432 5291 2035 5361 ministerio,praecur-

384 5376 534 5430 soris
564 5377 820 5447 sumpsit
841 5377 1188 5432 vocabulum
1213 5396 1224 5432 :
1248 5380 1520 5448 praevenit
1539 5379 1694 5433 enim
1719 5379 2033 5434 Dominum

384 5465 700 5529 nascendo,
739 5463 1125 5535 pradicando,
1173 5465 1494 5531 moriendo,
1528 5472 1700 5538 atque
1723 5468 1790 5522 ad
1824 5468 2034 5523 inferni

457 5568 642 5640 (153-1)
676 5569 749 5622 Μ.
776 5571 1071 5624 intersunt.

487 5641 641 5710 1:335)
675 5643 745 5693 M.
781 5641 1069 5710 ﬂagitiose
1097 5657 1296 5695 omnes.
1341 5670 1348 5675 -

488 5709 644 5772 1536)
675 5714 743 5762 Μ.
779 5709 905 5765 sine
935 5715 1005 5765 et.

463 5779 644 5852 (1537)
671 5785 745 5836 M.
773 5783 982 5838 statim.

2138 4759 2330 4814 sident
2359 4757 2602 4829 gloriam
2638 4757 2939 4825 claritatis,
2995 4759 3134 4829 quia
3172 4759 3436 4831 utrisque
3465 4760 3655 4814 adfuit
3681 4759 3790 4814 hu-

2143 4847 2359 4902 militas
2417 4847 2742 4901 cbaritatis.
2809 4847 3059 4917 Uterque
3115 4848 3317 4903 vivunt
3359 4864 3492 4904 cum
3538 4848 3786 4915 Christo,

2141 4937 2278 5006 quia
2312 4937 2459 4990 mori
2494 4953 2608 4990 non
2641 4937 2964 4991 timuerunt
2999 4953 3102 5007 pro
3135 4936 3282 5007 ipso.
3317 4937 3521 4992 Petrus
3543 4955 3656 4992 non
3681 4937 3792 4992 du-

2143 5025 2345 5079 bitavit
2375 5040 2606 5078 crucem
2633 5029 2922 5094 gyratam,
2958 5024 3175 5078 Paulus
3201 5042 3441 5080 manum
3476 5043 3588 5080 non
3621 5042 3793 5098 expa-

2143 5114 2224 5166 vit
2274 5117 2582 5166 armatam.
2639 5115 2740 5166 Ille
2799 5118 2974 5183 caput
3005 5113 3319 5169 declinavit
3349 5115 3418 5169 ad
3461 5118 3697 5184 terram,
3732 5119 3797 5168 ut

2143 5202 2213 5256 ad
2248 5200 2456 5254 emtum
2487 5204 2759 5270 erigeret;
2795 5200 2887 5254 hic
2905 5200 3089 5270 capite
3121 5206 3426 5256 truncatus
3453 5206 3565 5270 est,
3600 5206 3664 5256 ut
3694 5218 3796 5273 po-

2144 5291 2260 5344 tius
2289 5288 2736 5344 cresceret.Jure
2755 5293 2916 5343 tanta
2943 5290 3236 5344 consecuti
3261 5294 3402 5345 sunt
3431 5289 3798 5362 praemia,qui

2144 5378 2290 5432 talia
2319 5376 2686 5448 pertulerunt
2711 5381 3249 5432 tormentaJ—iorum
3283 5380 3647 5447 acta,fratres
3664 5379 3798 5435 cha-

2147 5466 2387 5533 rissimi,
2441 5465 2766 5535 saepissime
2814 5469 3258 5536 pertractemus,
3320 5472 3375 5522 et
3420 5468 3479 5523 in
3510 5474 3800 5538 quantum

2218 5573 2400 5641 (1.538)
2432 5572 2506 5625 M.
2530 5576 2798 5628 nostrum.

2219 5645 2400 5714 (1539)
2436 5644 2510 5696 M.
2544 5646 2808 5712 exigitur.

2220 5715 2402 5785 (1540)
2429 5714 2545 5770 Cod
2574 5718 2792 5783 festam,
2824 5717 2889 5770 ut
2921 5729 3034 5768 non
3059 5713 3239 5770 semel
3262 5713 3422 5771 alibi.
