3916 6406
129 490 252 556 833
1632 495 2049 564 SERMONES
2063 543 2076 560 .
2553 491 2556 494 ’
3446 497 3564 572 854

133 643 457 702 possumus
487 627 708 684 imitari
740 643 1038 685 curemus.
1084 629 1457 703 Respuamus
1487 636 1718 688 terrena
1742 636 1800 688 et
1827 633 1884 699 Α
1911 637 2061 689 tum.
2091 637 2166 690 At
2195 639 2394 706 pastor
2424 637 2694 710 egregius
2741 637 2908 712 signo
2959 639 3149 698 crucis
3197 642 3395 699 omnia
3423 661 3560 701 con-

131 719 376 786 caduca,
411 717 850 792 amplectamur
897 717 1159 774 ccelestia
1211 725 1269 776 et
1323 737 1623 790 mansura,
1661 721 1801 793 quia
1908 724 3560 806 fregit,quiadsanctamTrinitatemprzedicandum(1549)

133 807 279 863 nihil
313 809 555 881 prodest
583 808 809 862 homini
844 808 893 863 si
924 813 1113 863 totum
1145 809 1424 881 lucretur,
1448 810 1656 865 animae
1679 827 1796 866 suae
1907 812 2091 868 libera
2111 830 2248 870 voce
2269 815 2428 870 venit
2455 834 2468 883 ;
2507 822 2562 871 et
2583 817 2681 889 qui
2725 817 2933 873 Filium
2958 820 3058 874 Dei
3100 821 3382 894 aequalem
3409 823 3558 878 Patri

133 897 554 953 detrimentum
587 897 850 969 patiatur
889 898 1097 969 (Matth.
1151 915 1264 962 xvr.
1311 901 1422 970 26).
1457 899 1796 955 Humilitate
1906 902 2208 957 testificari
2234 920 2347 958 non
2377 905 2605 972 metuit,
2629 907 2756 976 ejus
2789 906 2994 963 Matris
3017 911 3233 979 januas
3265 928 3392 967 sese
3425 930 3562 984 pan-

131 986 520 1058 gaudeamus,
550 985 890 1058 superbiam
914 986 1236 1059 fugiamus,
1257 988 1395 1060 quia
1417 991 1596 1044 omnis
1617 990 1714 1060 qui
1738 1005 1796 1043 se
1906 990 2110 1046 dentes
2139 994 2323 1064 (1550)
2357 994 2576 1050 intrare
2618 996 2848 1050 meruit.
2896 997 3122 1053 Cedunt
3169 1000 3365 1054 Ariani
3397 1005 3558 1057 tanto

130 1076 348 1130 exultat
397 1075 808 1145 humiliabitur,
858 1083 909 1130 et
956 1078 1052 1148 qui
1095 1092 1151 1132 se
1175 1077 1438 1134 humiliat
1463 1078 1798 1133 exaltabitur
1905 1095 2114 1150 pavore
2138 1081 2410 1152 perculsi,
2437 1088 2610 1155 atque
2643 1085 2713 1138 ad
2742 1085 3219 1142 crudelissimum
3244 1095 3560 1160 preperant

129 1165 284 1235 (Luc.
308 1181 469 1230 xvm,
495 1165 652 1235 14)...
695 1169 804 1235 est,
849 1164 948 1236 qui
981 1169 1205 1220 amat...
1237 1165 1323 1222 cio
1348 1167 1402 1221 in
1427 1166 1605 1222 vitam
1630 1172 1791 1222 aeter-
1905 1167 2315 1240 imperatorem
2331 1172 2581 1227 confusi.
2602 1173 2746 1228 Nam
2766 1173 3315 1232 Constantiusillius
3334 1183 3556 1250 tempo-

129 1270 266 1308 nam
300 1253 540 1326 recipiet
560 1269 711 1309 eam.
746 1253 910 1309 Unde
950 1251 1109 1309 omni
1150 1255 1284 1310 nisu
1310 1257 1657 1328 omnique...
1690 1272 1793 1311 vos
1904 1257 1984 1311 ris
2017 1259 2336 1329 imperator
2367 1261 2750 1332 perniciosius
2779 1269 2904 1318 erat
2933 1264 3228 1320 catholicae
3263 1266 3552 1339 ﬁdeisup-

125 1343 288 1398 viros
305 1349 649 1416 satagamus
669 1359 1014 1416 exposcere;
1042 1349 1106 1399 ut
1128 1346 1281 1415 quod
1301 1351 1506 1401 nostra
1524 1361 1638 1400 non
1658 1362 1790 1417 ευρ·
1903 1345 2218 1415 plantator,
2244 1353 2300 1402 et
2323 1350 2461 1419 quia
2474 1350 2735 1405 sciebant
2753 1351 3110 1419 bereticum,
3135 1353 3314 1410 libere
3327 1372 3557 1412 accusa-

124 1431 272 1504 petit
298 1431 610 1505 fragilitas,
639 1449 838 1487 eorum
863 1449 966 1502 pro
994 1433 1162 1488 nobis
1204 1435 1461 1489 obtineat
1484 1435 1786 1501 sanctitas,
1902 1435 2532 1492 bantcatbolicum.Ad
2548 1441 2836 1511 synodum
2853 1447 3238 1498 moxcunctos
3252 1445 3555 1516 episcopos

125 1521 468 1592 atqueilluo
487 1522 614 1576 suis
632 1522 1406 1590 orationibusintroducant,
1429 1540 1542 1594 quo
1564 1523 1789 1578 meritis
1900 1523 2298 1580 Mediolanum
2359 1533 2640 1582 convocat
2698 1529 3120 1597 fraudulenter,
3184 1536 3248 1586 ut
3285 1539 3552 1590 sanctam

123 1615 574 1681 praecesserunt,
655 1615 970 1681 praestante
1045 1611 1293 1667 Domino
1372 1619 1571 1667 nostro
1645 1612 1785 1668 Jesu
1897 1610 2073 1666 fidem
2107 1613 2189 1668 sic
2221 1615 2554 1686 exstinguat
2587 1615 2835 1672 latenter
2862 1620 3064 1689 (1551).
3098 1621 3183 1674 Ad
3216 1637 3392 1692 quam
3417 1623 3552 1677 bea-

121 1698 376 1755 Christo.
1895 1704 1992 1754 tus
2052 1703 2338 1758 Eusebius
2400 1705 2481 1760 ire
2537 1707 2721 1776 (1552)
2782 1707 3111 1773 distulerat,
3173 1726 3349 1780 quem
3409 1711 3546 1779 quid

743 1788 980 1844 SERMO
1023 1789 1166 1844 XVI.
1895 1791 2188 1860 agendum
2204 1799 2326 1847 erat
2339 1793 2582 1848 minime
2597 1795 2865 1852 latuerat.
2881 1797 3350 1869 Chirographum
3367 1800 3427 1854 in
3442 1817 3550 1855 sua

156 1892 216 1932 IN
257 1892 636 1932 DEPOSITIONE
685 1895 1283 1959 sesrrssrmrgusssn
1331 1895 1746 1935 VERCELLENSIS
1893 1879 2007 1933 ﬁde
2034 1880 2105 1934 ab
2129 1880 2418 1936 haereticis
2447 1883 2665 1937 factum
2714 1884 3030 1956 imperator
3071 1885 3370 1952 laudabat,
3394 1890 3546 1959 quod

704 1966 960 2005 EPISCOPI
993 1952 1198 2022 (1541).
1813 2009 1862 2046 D
1895 1967 2108 2022 Filium
2133 1969 2250 2023 min

1996 1968 2108 2022 fum
2133 1969 2420 2024 minorem
2445 1972 2598 2026 Patri
2622 1952 2930 2044 (1553)'per
2951 1974 3149 2029 omnia
3169 1952 3542 2046 praedicabat.

996 2009 1008 2022 ι
1162 2009 1172 2022 ,
1895 2009 1916 2021 ι
1941 2009 2108 2022 ..ιν-ιη
2133 2009 2420 2024 “unum...”
2445 2009 2466 2025 ι
2491 2009 2804 2044 uv|l\1WsJ/
2829 2009 2920 2044 μοι.
2951 2009 3149 2029 uuuua.
3212 2009 3543 2032 ucunuauah.

186 2061 265 2111 De
297 2055 625 2128 pracipuis.
668 2056 876 2111 fratres
909 2056 1267 2124 charissimi,
1301 2057 1777 2113 solemnitatibus
1811 2009 1862 2075 B
1891 2057 2104 2112 Contra
2163 2060 2317 2130 quod
2375 2060 2646 2115 catholici
2719 2062 2909 2132 prima
2985 2009 3204 2118 fronte?
3230 2066 3544 2121 contende-

115 2160 350 2216 semper
379 2145 551 2200 nobis
583 2144 802 2216 aliquid
835 2145 1151 2201 dicendum
1193 2151 1283 2201 est
1326 2145 1685 2217 vulgaribus,
1713 2153 1780 2203 ut
1889 2150 2026 2199 runt
2056 2148 2261 2217 (1554),
2296 2149 2612 2204 novissime
2640 2155 2836 2204 autem
2883 2151 3175 2222 perterriti
3207 2169 3411 2209 omnes
3442 2156 3543 2225 qui

112 2239 316 2289 nostro
338 2232 564 2289 discere
588 2233 821 2289 valeant
850 2250 1121 2290 sermone
1143 2236 1298 2307 quod
1323 2234 1617 2291 celebrare
1637 2252 1774 2291 con-
1889 2233 2198 2290 adfuerant
2212 2236 2712 2308 subscripserunt.
2734 2239 2894 2304 Quod
2911 2255 3043 2293 cum
3059 2242 3542 2298 audissetbeatus

109 2323 366 2378 tendunt
390 2338 459 2378 ex
485 2339 649 2378 more
682 2341 700 2376 :
723 2324 825 2377 sed
849 2323 909 2377 in
934 2322 1042 2379 hac
1083 2324 1397 2379 festivitate
1434 2323 1515 2379 nil
1539 2324 1622 2380 eis
1645 2341 1775 2396 pro-
1889 2323 2201 2388 Eusebius,
2220 2325 2640 2381 inenarrabiles
2659 2329 2832 2382 corde
2852 2329 3108 2400 profudit
3125 2331 3400 2401 gemitus.
3420 2332 3536 2387 Nec

114 2411 390 2468 nuntiare
421 2427 742 2483 possumus
774 2411 990 2484 aptius,
1027 2429 1201 2482 quam
1249 2413 1296 2467 si
1331 2412 1512 2468 nostri
1547 2413 1775 2485 patroni
1887 2429 1949 2468 se
2002 2414 2128 2483 jam
2189 2415 2378 2485 potuit
2434 2417 2755 2484 continere,
2813 2417 2955 2487 quin
3012 2419 3083 2472 ad
3145 2426 3535 2475 memoratum

114 2507 283 2574 gesta
314 2501 680 2557 disseramus
715 2503 899 2557 artius
948 2503 1132 2573 (1542)
1183 2503 1334 2571 [cod.
1380 2504 1430 2572 1,
1462 2519 1632 2558 manu
1663 2505 1776 2558 fes-
1885 2501 2203 2574 iret(1555)
2246 2503 2558 2558 concilium
2619 2521 2723 2575 pro
2787 2506 2898 2560 ﬁde
2949 2508 3298 2563 contendere
3334 2509 3532 2580 (1556).

114 2592 284 2661 tam].
320 2590 506 2663 Igitur
537 2589 919 2646 beatissimus
950 2591 1256 2658 Eusebius,
1281 2592 1452 2662 cujus
1473 2591 1646 2648 hodie
1670 2592 1777 2647 fes-
1886 2591 2080 2646 Sancti
2115 2592 2397 2664 evangelii
2449 2595 2636 2664 (1557)
2685 2594 2863 2649 chara
2910 2597 3224 2666 deportans
3271 2597 3537 2668 pignora.

112 2684 242 2735 tum
263 2679 832 2747 colimus,Sardinias
852 2681 1149 2752 provincia
1169 2681 1778 2753 ortum(15-13)cogno-
1887 2680 2139 2736 festinus
2170 2682 2238 2736 ad
2271 2683 2488 2737 ﬂumen
2533 2700 2667 2738 mox
2707 2685 2968 2754 pervenit
3005 2686 3290 2740 Siccidam
3315 2688 3537 2756 (1558):

110 2771 349 2826 vimus:
378 2769 573 2824 Romae
605 2774 796 2824 tamen
837 2769 994 2824 unda
1027 2769 1404 2841 baptismatis
1423 2770 1602 2836 ablui,
1627 2776 1682 2825 et
1703 2771 1774 2825 ab
1888 2769 2053 2824 navis
2077 2770 2284 2840 (1559),
2315 2785 2416 2842 per
2451 2787 2628 2842 quam
2651 2772 2890 2826 transiri
2931 2774 3113 2843 (1560)
3137 2780 3537 2843 consueverat,

109 2859 242 2931 ipso
263 2873 500 2914 summo
521 2857 794 2930 pontifice
813 2874 980 2914 sacro
998 2859 1067 2913 de
1086 2859 1244 2914 fonte
1266 2858 1504 2929 suscipi,
1531 2861 1776 2930 ejusque
1887 2859 1958 2913 ad
1983 2858 2170 2929 ripam
2189 2864 2328 2914 tunc
2347 2861 2688 2915 morabatur
2709 2861 2949 2916 alteram
2975 2887 2988 2928 ε
3007 2879 3185 2933 quam
3210 2868 3273 2918 ut
3293 2865 3537 2931 vocavit,

111 2963 331 3004 nomen
365 2947 582 3003 meruit
614 2947 882 3019 adipisci.
928 2948 1088 3011 Quod
1140 2963 1352 3002 nomen
1403 2949 1548 3003 bene
1575 2947 1777 3003 allusit
1887 2947 2010 3002 sola
2042 2948 2112 3002 ad
2142 2964 2277 3002 eum
2306 2954 2562 3016 venerat,
2611 2955 2952 3020 susceptum
3007 2952 3227 3005 undam
3260 2956 3318 3006 et
3345 2957 3539 3008 trans-

111 3035 184 3092 ad
203 3035 469 3121 gratiam
499 3053 514 3102 ;
548 3052 687 3090 nam
721 3036 854 3108 pius
886 3036 996 3090 fuit
1025 3037 1097 3091 ab
1127 3036 1256 3108 ipsa
1283 3036 1566 3092 infantia:
1595 3038 1774 3092 Euse-
1883 3035 2037 3091 vexit
2054 3036 2328 3092 validam.
2349 3038 2484 3091 Inde
2499 3053 2846 3108 progressus
2860 3039 2930 3092 ad
2946 3039 3147 3093 urbem
3165 3040 3537 3111 metropolim

110 3125 246 3181 hius
269 3124 431 3181 enim
457 3125 582 3196 pius
602 3124 1042 3197 interpretatur,
1076 3125 1230 3180 sicut
1268 3142 1300 3180 a
1341 3125 1553 3181 Graecis
1593 3125 1774 3181 inter-
1883 3125 2180 3196 ingentem
2229 3125 2454 3179 luctum
2505 3125 2729 3196 planxit
2777 3141 2913 3180 cum
2968 3125 3289 3183 catholicis.
3339 3129 3536 3185 Exter-

112 3215 380 3288 pretibus
410 3212 766 3269 declaratur.
821 3214 930 3269 Sed
980 3213 1081 3285 qui
1125 3218 1503 3286 regeneratus
1551 3221 1640 3269 est
1673 3230 1776 3286 per
1884 3213 3535 3286 gens(1561)luctum,locutusestprudentiam,fratribus

111 3304 355 3359 beatum
381 3318 594 3375 papam
618 3303 960 3373 Eusebium,
986 3302 1231 3358 antistes
1249 3303 1656 3358 ordinatusest
1672 3320 1774 3374 per
1884 3303 2110 3358 cunctis
2143 3303 2304 3358 dedit
2334 3303 2785 3374 indulgentiam,
2830 3304 2879 3358 si
2929 3305 3058 3374 ejus
3089 3305 3300 3361 deinde
3329 3323 3536 3378 seque-

112 3393 240 3464 ejus
253 3407 668 3448 successorum
687 3390 909 3447 Julium
929 3391 1220 3462 (1544).Eo
1243 3408 1475 3464 quoque
1489 3396 1773 3464 tempore,
1806 3379 1848 3445 C
1888 3397 2093 3447 rentur
2115 3392 2380 3462 vestigia.
2406 3394 2727 3462 Imperator
2750 3408 2885 3447 eum
2907 3393 3236 3465 suscipiens
3259 3411 3535 3467 magnam

112 3480 506 3538 Vercellensis
537 3480 738 3536 civitas
773 3496 990 3552 magna
1035 3480 1218 3535 totius
1268 3480 1445 3536 Italiae
1473 3497 1620 3553 pene
1651 3485 1774 3536 erat
1885 3481 2052 3534 ﬁnxit
2073 3480 2489 3548 humilitatem,
2515 3485 2578 3534 ut
2601 3481 2732 3551 ejus
2751 3481 2821 3536 ad
2842 3481 3213 3553 sacrilegium
3237 3483 3429 3539 taliter
3445 3501 3534 3540 se-

113 3569 510 3626 haeresiarcha
533 3569 738 3640 (1545).
767 3571 850 3623 Ad
891 3569 1041 3624 hanc
1076 3569 1316 3641 quidem
1340 3569 1666 3624 destinatus
1689 3572 1777 3624 est
1886 3569 2502 3624 duceretsanctitatem
2535 3570 3536 3643 (1562),dicens:Subscribe(1563),

112 3659 430 3725 Eusebius,
462 3657 562 3730 qui
595 3657 731 3728 fide,
779 3658 975 3726 verbo,
1009 3663 1066 3713 et
1112 3675 1284 3730 opere
1329 3659 1556 3713 cunctis
1588 3658 1776 3712 fuerat
1887 3659 2084 3724 frater,
2110 3660 2264 3729 quod
2290 3659 2752 3729 subscripsimus
2779 3676 2791 3723 ;
2829 3660 3111 3714 confirma
3132 3664 3218 3727 tu,
3240 3661 3395 3731 quod
3429 3678 3537 3717 nos

113 3747 418 3821 praeditus.
452 3746 619 3802 Hunc
659 3747 935 3802 frendens
985 3747 1176 3802 contio
1209 3748 1391 3818 (1546)
1425 3746 1774 3802 Arianorum
1885 3747 3536 3821 omnesjamdudumtirmavimus.AtprudensPater(1564

117 3839 260 3894 adeo
293 3835 640 3908 spernebat,
674 3851 848 3908 quem
900 3852 1048 3890 verm
1098 3837 1230 3891 ﬁdei
1266 3841 1615 3892 assertorem
1648 3852 1776 3890 esse
1885 3851 1949 3890 se
1978 3835 2087 3890 hoc
2111 3836 2297 3891 facere
2333 3836 2699 3892 detestabat:
2739 3837 2954 3908 quippe
2982 3837 3236 3908 priorem
3261 3839 3538 3896 omnibus

113 3926 412 3982 cernebat.
477 3926 546 3980 Et
601 3924 742 3996 quia
799 3941 915 3980 non
976 3924 1305 3980 timuerunt
1368 3924 1776 3996 blasphemare
1885 3923 2258 3995 chirographi
2292 3924 2675 3995 inscriptione
2708 3941 2770 3980 se
2812 3942 3142 3996 supponere
3171 3928 3533 3998 denegabat:

113 4015 594 4086 Redemptorem,
659 4013 788 4069 ausi
840 4016 982 4068 sunt
1047 4014 1224 4068 etiam
1275 4015 1528 4070 refutare
1578 4018 1775 4085 pasto-
1885 4012 2030 4068 illud
2090 4014 2411 4080 destruere,
2467 4018 2525 4068 et
2575 4013 2734 4068 aliud
2797 4016 2919 4068 ﬁeri
2976 4015 3301 4084 proclamat
3328 4017 3536 4086 (1565),

113 4120 234 4160 rem
266 4102 482 4175 (1547).
505 4100 879 4158 Concludunt
899 4117 962 4158 se
1000 4103 1181 4157 beatae
1220 4102 1317 4158 Dei
1357 4101 1660 4174 genitricis
1683 4118 1775 4156 ec-
1885 4103 1944 4158 in
1979 4117 2094 4173 quo
2127 4118 2188 4157 se
2214 4100 2373 4173 prior
2403 4101 2772 4157 subscribere
2809 4103 2935 4172 jam
2967 4101 3173 4157 valeat.
3211 4103 3308 4158 Sic
3337 4104 3536 4160 divino

113 4192 302 4248 clesia:
343 4190 573 4263 januis,
626 4206 803 4262 quam
852 4191 959 4264 piae
1005 4191 1301 4247 memoriis
1354 4190 1774 4247 Constantinus
1884 4196 2032 4248 nutu
2056 4196 2370 4263 tyrannum
2396 4191 2668 4246 deludere
2688 4191 2897 4263 potuit,
2921 4207 3095 4262 quem
3117 4190 3326 4247 callide
3349 4195 3538 4264 tyran-

112 4284 376 4338 erexerat
399 4295 434 4334 a
453 4279 1168 4336 fundamentiszvectibus
1190 4285 1247 4335 et
1268 4280 1414 4336 seris
1432 4279 1776 4334 munierunt
1885 4297 1999 4335 nus
2027 4279 2295 4351 decipere
2322 4278 2525 4334 voluit.
2558 4279 2672 4334 Nec
2726 4296 2923 4334 mora:
2959 4280 3156 4351 ipsum
3187 4296 3534 4336 concessum

110 4371 367 4440 aditum,
396 4372 462 4423 ut
480 4367 571 4424 vel
595 4368 681 4424 sic
702 4368 954 4438 pastoris
984 4367 1330 4441 repellerent
1348 4368 1531 4440 (1548)
1555 4369 1774 4423 adven-
1883 4374 1972 4424 est
1993 4367 2263 4437 cremari,
2286 4373 2345 4423 et
2382 4367 2541 4423 aliud
2579 4369 2819 4439 jussum
2841 4374 2931 4424 est
2964 4369 3149 4439 (1566)
3171 4367 3364 4423 simile
3387 4387 3535 4440 pra-

2122 4546 2138 4687 ἒ

179 4546 372 4621 (1541)
403 4546 571 4621 Hunc
619 4561 952 4621 sermonem
1001 4544 1206 4621 edidit
1232 4546 1498 4621 Mansius
1547 4562 1616 4600 ex
1641 4545 1769 4602 cod.
1954 4546 2137 4621 (1552)
2166 4549 2240 4621 Μ’.
2271 4547 2482 4621 siepro
2513 4544 2613 4621 ire.

108 4614 400 4700 vatum.
434 4619 594 4700 1761,
612 4619 1014 4700 oeumdemque
1031 4622 1097 4673 ut
1115 4617 1772 4700 adhucnineditum‘pro-
2172 4616 2264 4700 §ic
2295 4614 2445 4700 alibi.
2465 4614 2728 4700 loquitur
2753 4617 2886 4700 Atto
2910 4620 3002 4671 At.
3034 4618 3108 4670 M.
3128 4617 3328 4700 .Patre.

107 4691 247 4747 tulit
269 4690 588 4746 Burontius
609 4690 670 4745 in
690 4706 798 4745 sua
815 4687 1069 4745 editione
1083 4690 1222 4744 anni
1249 4691 1404 4744 1768.
1426 4687 1771 4743 Burontium
1804 4748 1842 4758 ἡ
1955 4687 2139 4758 (1554)
2173 4687 2488 4757 Sequentia
2509 4687 2733 4757 aliquot
2753 4688 2948 4754 verba,
2976 4704 3102 4757 qua:
3126 4687 3183 4740 in
3208 4689 3416 4743 lacuna
3437 4705 3532 4744 co-

109 4779 255 4818 sane
279 4761 588 4834 ignorasse
604 4761 821 4834 (Mansii
846 4777 1019 4834 curas
1041 4762 1111 4834 ad
1134 4763 1428 4834 Attonem,
1457 4765 1685 4834 constat
1707 4777 1774 4815 ex
1802 4748 1849 4813 D
1882 4748 2027 4815 dicis
2045 4748 2179 4814 Vat.
2196 4748 2508 4834 perierant,
2525 4775 2591 4812 ex
2611 4748 3138 4834 Burontiieditione
3150 4775 3341 4834 sumo,
3363 4761 3534 4834 cujus

105 4834 272 4890 illius
299 4829 575 4902 sditione,
600 4832 658 4886 in
684 4849 800 4904 qua
821 4849 889 4887 ex
912 4833 1136 4904 Mansio
1159 4831 1305 4886 nihil
1337 4833 1579 4904 protulit
1605 4848 1615 4886 :
1645 4838 1771 4904 tum
1881 4829 2209 4904 tamengego
2233 4831 2289 4884 in
2331 4829 2439 4904 hoc
2454 4846 2736 4904 sermone
2757 4830 3067 4904 varietates
3105 4829 3362 4901 neglige,
3396 4829 3534 4902 quia

105 4921 245 4961 vero
277 4903 408 4975 ipse
437 4900 750 4959 Butuntius
804 4921 860 4974 p.
913 4920 1044 4968 xxv,
1097 4903 1254 4958 hunc
1305 4900 1374 4975 de
1424 4903 1482 4975 Si.
1526 4903 1772 4975 Eusebio
1881 4900 2312 4975 Vercellensem
2339 4901 2596 4975 codicem
2629 4900 2829 4975 procul
2861 4901 3066 4956 habeo.

2123 5405 2141 5616 ἓ

107 4972 448 5034 sermonem
498 4972 850 5030 nominatim
893 4975 1037 5028 dicit
1085 4976 1215 5046 (etsi
1265 4973 1436 5043 falso)
1462 4973 1770 5029 ineditum.
1954 4976 2139 5043 (1555)
2175 4974 2248 5028 M.
2286 4972 2573 5046 flagitiose
2604 4972 2672 5026 ad
2704 4975 3028 5027 memoriam
3069 4980 3360 5027 revocaret.

183 5048 372 5120 (1542)
405 5047 670 5120 Mansius
708 5046 912 5120 vitiose
942 5044 1165 5102 rectius.
1953 5047 2136 5120 (1556)
2171 5046 2246 5099 Μ.
2279 5044 2646 5120 contenderet.

180 5112 372 5189 (1543)
409 5121 494 5173 Ita
521 5119 652 5189 cod.
688 5123 748 5189 at
775 5118 850 5173 M.
880 5127 1094 5172 natum.
1955 5112 2138 5189 (1557)
2169 5115 2433 5189 Iutellige
2480 5116 2773 5189 famosum
2834 5112 3280 5186 Evangeliorum
3339 5112 3532 5169 adhuc

182 5185 371 5262 (1544)
404 5189 479 5262 Μ.
514 5188 833 5244 infideliter
861 5195 1119 5244 sanctum
1146 5190 1377 5262 Julium.
1496 5259 1505 5262 _
1883 5185 2597 5262 conserv'atum‘Vercellis
2629 5185 2904 5262 codicem.
3005 5185 3017 5262 ς
3073 5259 3080 5262 Α
3113 5231 3124 5240 .

179 5255 371 5332 (1545)
404 5261 482 5316 Μ.
505 5262 711 5318 haeresi
727 5262 897 5328 victa,
928 5267 1131 5316 contra
1151 5260 1368 5317 codicis
1395 5259 1770 5330 scripturam.
1954 5261 2139 5332 (1558)
2172 5260 2246 5316 M.
2281 5259 2538 5332 Sieitlem,
2570 5261 2628 5313 et
2655 5256 2808 5312 male
2837 5262 2971 5313 ante
3003 5255 3391 5329 interpungit.

204 5330 368 5414 e49)
511 5348 819 5414 Pemerﬁm
847 5337 1033 5387 ειειασ.
1955 5330 2140 5414 esse)
2169 5331 2246 5414 μυ
2287 5330 2570 5414 navisque-

207 5402 368 5476 1547)
399 5403 478 5461 M.
511 5402 829 5460 inﬁdeliter
851 5419 1183 5476 praeconem.
1428 5473 1462 5476 __
1955 5402 2141 5476 (1560)
2168 5406 2246 5476 111.
2279 5402 2539 5476 transire.

207 5413 345 5460 1547
399 5413 478 5461 Μ.
512 5413 829 5460 inﬁdeliter
851 5419 1183 5476 praeconem.
1982 5413 2119 5457 1560
2175 5413 2246 5456 Μ.
2279 5413 2539 5456 transire.

205 5413 368 5550 1548)
397 5477 665 5532 Mansius
713 5492 985 5548 perverso
1036 5475 1242 5531 ordine
1290 5473 1621 5546 repellerent
1668 5490 1776 5546 pa-
1955 5413 2242 5550 (1561;911.
2276 5473 2654 5550 exstinguens.

94 5545 286 5606 nam.
346 5545 356 5550 ’
716 5545 732 5548 ’
1352 5545 1361 5546 ί
1672 5545 1679 5546 “
1956 5545 2138 5606 (1562)
2171 5545 2246 5599 M.
2281 5547 2647 5597 securitatem.

206 5620 367 5689 1540)
398 5620 478 5676 M.
507 5617 948 5689 praedicandam.
1187 5688 1192 5689 ί

919 5637 948 5673 ι.
1187 5688 1192 5689 ί
1956 5613 2139 5688 (1563)
2169 5617 2242 5689 Μ.
2273 5613 2465 5670 scribe.

212 5687 368 5761 1550)
398 5687 600 5748 Codex
629 5706 764 5745 cum
798 5690 874 5744 M.
906 5688 1295 5761 pandentibus.
1702 5759 1710 5761 _
1957 5687 2139 5759 (1564)
2171 5687 2246 5761 Μ.
2281 5701 2584 5761 perperam
2615 5687 2812 5761 frater.

212 5695 346 5747 1550
398 5695 600 5748 Codex
629 5706 764 5745 cum
798 5695 874 5744 M.
906 5695 1295 5761 pandentibus.
1957 5695 2139 5759 (1564)
2171 5695 2246 5742 Μ.
2281 5701 2584 5758 perperam
2615 5695 2812 5754 frater.

208 5695 368 5840 15513
397 5764 579 5823 Fcede
610 5761 686 5820 M.
719 5769 777 5817 ut
804 5763 996 5819 sancti
1021 5761 1209 5817 Patris
1237 5761 1317 5816 sic
1347 5761 1664 5831 exstinguat
1695 5759 1776 5814 la-
1957 5762 2141 5840 (1565)
2175 5759 2440 5840 Mansius
2484 5756 2902 5838 prwelamabat.

98 5829 288 5900 teritis.
344 5829 359 5840 ’
1538 5829 1546 5831 ἡ
1959 5833 2142 5903 (1566)
2175 5831 2251 5887 Μ.
2288 5829 2543 5903 pessime
2569 5847 2680 5886 non
2708 5829 2829 5899 ejus
2861 5845 2964 5901 pro
2984 5830 3204 5900 jussum
3231 5832 3329 5880 est.
