3916 6406
346 465 468 531 856

350 599 569 675 parari,
603 598 757 672 quod
781 597 981 656 taliter
1009 598 1401 675 compositum
1431 601 1616 672 (1567)
1644 604 1734 656 est
1764 599 2000 672 penitus
2029 600 2084 665 Α

352 689 854 763 quemadmodum
884 690 1091 747 beatus
1122 690 1440 746 dictaverat
1468 689 1776 745 Eusebius.
1810 689 1874 744 In
1896 688 2006 744 hoc

352 777 627 836 catholici
647 783 1071 835 consenserunt
1094 797 1107 836 :
1138 796 1255 835 uno
1277 795 1481 834 omnes
1504 779 1700 834 animo
1718 782 1850 850 post
1869 795 2005 833 eum

353 866 1017 940 subscripserunt.Hanc
1032 868 1206 923 ﬁdem
1220 868 1623 940 promiserunt
1634 867 2006 935 contendere,

351 956 504 1014 hanc
532 973 637 1028 pro
669 955 801 1028 ipsa
831 955 1037 1012 mortis
1069 956 1287 1028 injuria
1315 956 1561 1028 polliciti
1588 962 1729 1013 sunt
1758 973 1874 1012 non
1905 973 2003 1011 ne-

353 1061 509 1119 gare.
542 1044 761 1101 Videns
791 1044 1109 1117 imperator
1157 1046 1369 1101 horum
1414 1064 1529 1102 non
1563 1063 1735 1118 posse
1766 1045 2006 1101 dissolvi

355 1134 772 1202 constantiam,
797 1151 1032 1191 omnem
1056 1134 1173 1190 fere
1196 1135 1256 1190 in
1280 1135 1513 1191 beatum
1538 1135 1853 1191 Eusebium
1877 1151 2009 1189 con-

350 1222 523 1281 torsit
552 1224 735 1296 (1568)
767 1223 1081 1280 insaniam.
1136 1225 1302 1280 Tunc
1349 1225 1511 1281 vario
1562 1225 1747 1296 (1569)
1780 1224 2008 1279 censuit

354 1328 491 1368 eum
522 1311 704 1385 afﬂigi
752 1312 1012 1385 periculo
1057 1314 1241 1385 (1570)
1290 1313 1535 1384 insuper
1574 1314 1813 1368 tandem
1838 1313 2008 1385 jubet

352 1400 530 1474 longo
550 1401 846 1473 deportari
869 1401 1074 1458 exsilio
1100 1420 1112 1458 :
1142 1418 1404 1458 carceres
1426 1407 1483 1457 et
1514 1403 1827 1474 compedes
1848 1418 2004 1457 acer-

353 1489 460 1546 bas
480 1489 669 1561 (1571)
692 1489 956 1562 pertulit,
980 1491 1133 1547 fame
1170 1496 1229 1547 et
1248 1491 1345 1547 siti
1372 1491 1546 1564 longo
1569 1495 1830 1563 tempore
1850 1490 2008 1546 labo-

354 1578 504 1635 ravit
531 1596 544 1643 ;
578 1578 767 1652 signis
798 1583 857 1635 et
881 1578 1203 1636 virtutibus
1249 1579 1466 1636 ibidem
1520 1579 1846 1636 declaratus
1877 1585 2002 1648 est;

356 1666 636 1741 angelicis
665 1668 1167 1725 consolationibus
1198 1685 1351 1740 saepe
1373 1669 1738 1724 confortatus
1759 1674 1866 1724 est.
1891 1669 2008 1725 Nec

355 1754 416 1810 in
440 1756 621 1811 tantis
639 1756 817 1812 etiam
836 1756 1021 1827 (1572)
1044 1756 1368 1813 contitutus
1389 1756 1685 1828 periculis,
1708 1756 1799 1811 sui
1820 1757 2007 1812 bonus

356 1846 558 1916 pastor
581 1843 892 1900 immemor
912 1844 1100 1900 factus
1121 1850 1213 1900 est
1232 1844 1425 1917 gregis
1448 1864 1463 1914 ς
1484 1861 1620 1900 nam
1642 1844 1851 1901 litteris
1870 1862 2005 1900 eum

356 1932 430 1988 de
455 1930 796 2003 longinquis
829 1932 1099 2004 partibus
1120 1933 1411 1989 instanter
1430 1933 1723 2004 visitabat,
1744 1937 1799 1989 et
1819 1934 1890 1989 de
1910 1951 2006 1990 ca-

354 2019 585 2076 tholica
601 2019 737 2076 ﬁdei
761 2022 1189 2093 perseverantia
1197 2022 1423 2095 jugiter
1437 2022 1869 2078 corroborabat.
1894 2023 2007 2079 Sed

350 2109 604 2181 jamjam
634 2124 784 2180 pene
812 2109 1094 2165 cedebant
1121 2108 1393 2165 catholici
1419 2128 1433 2176 ;
1468 2127 1605 2165 nam
1636 2110 1737 2166 diu
1761 2128 1860 2168 eos
1879 2129 2005 2183 per-

360 2196 760 2270 sequebantur
814 2197 1088 2255 haaretici.
1148 2199 1410 2255 Tandem
1488 2199 1766 2256 misertus
1823 2200 2007 2273 (1573)

362 2286 652 2343 Dominus
676 2293 990 2360 tyrannum
1012 2286 1292 2344 exstinxit
1312 2288 1673 2360 improbum,
1697 2293 1755 2345 et
1769 2290 2006 2345 beatum

360 2374 683 2431 Eusebium
740 2374 933 2431 solum
989 2376 1222 2432 reduxit
1277 2378 1350 2433 ad
1411 2378 1734 2450 proprium.
1795 2378 1857 2435 In
1891 2395 2006 2450 quo

360 2462 448 2519 illi
473 2463 660 2536 (1574)
681 2463 891 2520 itinere
912 2465 1170 2521 Ostendit
1204 2465 1517 2534 visionem,
1559 2467 1715 2523 unde
1753 2468 1846 2523 sui
1878 2484 2004 2524 cor-

357 2552 518 2625 poris
548 2558 925 2626 cognosceret
962 2552 1406 2611 resolutionem.
1454 2557 1517 2611 In
1545 2556 1758 2612 vertice
1787 2556 2005 2612 montis

354 2657 461 2713 per
488 2641 682 2698 visum
725 2656 789 2699 se
818 2646 974 2699 stare
1002 2644 1269 2715 putabat,
1309 2648 1367 2700 et
1394 2643 1571 2699 altius
1602 2646 1675 2700 ad
1707 2646 2003 2716 quoddam

350 2729 638 2803 palatium
667 2730 789 2788 sole
815 2730 1153 2803 prmclarius
1196 2733 1407 2805 pennis
1453 2733 1681 2789 evolare
1709 2734 2000 2790 credebat.

351 2818 642 2876 Intellexit
695 2819 850 2876 illico
907 2836 970 2875 se
1021 2821 1094 2876 de
1147 2822 1452 2892 prasentis
1509 2823 1694 2895 (1575)
1732 2823 1857 2878 vitae
1887 2823 2004 2879 alta

351 2908 795 2965 conversatione
817 2911 890 2965 ad
922 2912 1146 2965 aeternae
1168 2909 1365 2981 glorias
1394 2928 1776 2967 ascensurum
1800 2928 2001 2967 remu-

349 2996 733 3054 nerationem.
751 2999 979 3054 Interea
989 2997 1281 3054 Vercellas
1294 2999 1545 3069 rediens,
1561 3017 1773 3073 magno
1786 3001 2000 3074 gaudio

348 3101 384 3141 a
411 3083 536 3140 suis
564 3088 624 3141 et
655 3101 892 3142 summo
921 3090 1190 3159 receptus
1221 3092 1313 3143 est
1340 3087 1579 3159 honore,
1602 3089 1806 3161 eisque
1822 3091 1998 3145 ﬁdem

349 3172 566 3229 Christi
591 3174 884 3230 constanti
914 3175 1273 3247 praadicabat
1295 3193 1600 3233 sermone:
1636 3195 1698 3235 se
1721 3195 1854 3234 mox
1879 3179 1999 3235 mi-

348 3265 658 3335 graturum
689 3263 762 3318 de
791 3263 1005 3318 saeculo
1034 3265 1351 3333 asserebat,
1397 3265 1528 3322 illos
1561 3266 1745 3323 multa
1773 3272 1903 3340 post
1934 3286 1996 3325 se

264 3346 273 3361 ’
349 3366 632 3422 passuros
655 3355 713 3407 et
730 3351 921 3424 (1576)
938 3352 1287 3425 praedicebat
1314 3370 1327 3409 :
1352 3356 1642 3426 patienter
1661 3361 1857 3412 tamen
1876 3357 1999 3414 haec

348 3437 656 3495 toleranda
670 3441 967 3509 monebat,
996 3458 1236 3513 suaeque
1258 3444 1597 3500 constantiae
1621 3450 1678 3501 et
1703 3447 1997 3518 passionis

345 3526 610 3600 exempla
640 3530 1022 3601 proponebat,
1055 3535 1111 3586 et
1140 3532 1384 3604 insuper
1403 3538 1629 3589 aeternae
1653 3550 1998 3591 remunera-

342 3614 524 3672 tionis
544 3616 759 3688 gaudia
781 3618 1177 3690 promittebat.
1202 3620 1317 3675 Nec
1348 3621 1535 3677 defuit
1555 3623 1763 3677 seditio
1785 3623 1999 3680 Ariana

343 3702 487 3775 quin
506 3708 822 3777 martyrem
849 3706 1224 3778 compelleret
1244 3709 1315 3763 ad
1343 3726 1638 3781 coronam,
1664 3712 1921 3769 fustibus
1942 3718 1999 3770 et

341 3788 557 3864 gladiis
586 3808 765 3863 super
793 3809 928 3848 cum
980 3794 1308 3868 insurgere,
1362 3802 1421 3853 et
1448 3798 1746 3871 lapidibus
1776 3819 1891 3857 non
1923 3803 1994 3858 ti-

342 3883 623 3935 muerunt
659 3880 923 3938 obruere.
980 3884 1197 3940 Ictibus
1252 3884 1488 3943 illorum
1547 3890 1731 3946 fracto
1761 3892 1994 3949 cerebro

342 3968 639 4037 occubuit,
672 3972 731 4025 et
760 3975 1025 4026 sanctam
1057 3976 1171 4029 Deo
1199 3973 1396 4030 taliter
1434 3977 1692 4034 animam
1719 3980 1991 4038 reddidit.

342 4060 407 4112 In
436 4073 506 4112 ea
533 4062 730 4114 autem
762 4076 796 4114 a
824 4059 949 4116 suis
980 4061 1288 4134 discipulis
1315 4063 1564 4121 ecclesia
1593 4070 1681 4123 est
1701 4068 1992 4140 sepultus,

341 4160 522 4216 quam
534 4144 662 4217 ipse
673 4145 812 4202 olim
826 4147 887 4202 in
902 4148 1180 4207 honorem
1195 4154 1468 4225 martyris
1482 4155 1790 4212 Theonesti
1807 4158 1991 4231 (1577)

245 4302 251 4309 ⁸
341 4236 750 4290 construxerat
777 4234 974 4293 divino
1022 4255 1220 4295 amore
1268 4241 1633 4316 compulsus,
1679 4246 1777 4300 ubi
1808 4247 1994 4304 multa

339 4321 624 4379 beneﬁcia
636 4328 1302 4398 praestanturomnibus,
1317 4332 1417 4403 qui
1432 4332 1988 4393 beatumEusebium

338 4409 504 4482 puris
528 4416 771 4467 exorant
790 4414 1085 4485 precibus.
1104 4416 1221 4473 Nos
1245 4435 1479 4491 quoque
1492 4422 1614 4478 suis
1628 4410 1992 4481 orationibus

338 4498 412 4554 ab
435 4501 648 4555 aeterno
664 4499 872 4557 liberet
891 4505 1202 4577 supplicio,
1227 4508 1328 4579 qui
1350 4508 1542 4579 hodie,
1577 4513 1729 4583 quod
1755 4518 1843 4569 est
1865 4514 1986 4570 Kal.

335 4590 513 4659 Aug.,
544 4588 617 4643 de
641 4590 834 4646 carnis
877 4597 1114 4664 ereptus
1144 4600 1234 4650 est
1262 4598 1578 4669 ergastulo.

384 5032 592 5108 .(1567)
623 5038 697 5092 M.
722 5039 1079 5108 compertum.

408 5105 592 5174 (1568)
620 5108 695 5160 M.
726 5105 1013 5164 conuertit.

432 5176 589 5249 1569)
621 5177 699 5249 M.
732 5177 1021 5249 ﬂagitiose
1047 5183 1213 5237 ratio.

432 5246 590 5323 1570)
621 5248 732 5323 _S_ex
759 5246 936 5323 verba
964 5252 1270 5323 sequentia
1299 5254 1500 5310 omisit
1530 5255 1813 5315 Mansius.

432 5316 591 5375 1671)
621 5318 696 5373 M.
729 5322 968 5375 acerbos.

432 5385 592 5445 1572)
623 5387 700 5443 M.
739 5391 948 5445 tamen.

430 5457 589 5525 1573)
623 5458 700 5513 M.
732 5461 1027 5518 miserans.

432 5527 563 5582 1574
618 5529 695 5584 Μ.
729 5530 849 5586 Ille.

432 5529 589 5670 1575)
616 5600 849 5670 Complu

426 5599 1134 5696 1575)‘Com‘plqra.ver‘ba
1177 5611 1500 5696 sequentia,
1547 5618 1788 5696 propter
1819 5615 1978 5670 lacu-

328 5685 465 5724 nam
501 5672 717 5727 codicis
746 5676 902 5740 Vat.,
934 5690 1001 5729 ex
1036 5672 1310 5735 Burontio
1343 5672 1641 5739 accersivi.

427 5742 585 5811 1576)
617 5747 703 5798 Ita
734 5744 862 5798 cod.
898 5744 1026 5800 Vat.

427 5812 589 5881 1577)
615 5814 877 5870 Mansius
913 5815 1026 5871 Thel

399 5744 585 5955 E1578)
614 5886 685 5944 Μ.
715 5884 1026 5943 inﬁdeliter

399 5389 422 5669 ἓ

427 5812 589 5881 1577)
615 5814 877 5870 Mansius
913 5815 1212 5873 Theonesti.

426 5882 585 5957 1578)
614 5886 685 5944 Μ.
715 5884 1051 5960 inﬁdeliter,
1073 5891 1353 5961 precibus.

1375 466 1717 530 ATTONIS
1759 463 2343 529 VERCELLENSIS
2386 466 2742 531 EPISCOPI

3643 462 3765 530 856

2712 599 2957 657 SERMO
2996 598 3168 656 XVII.

2117 706 2170 743 IN
2208 704 2613 746 ASSUMPTIONE
2652 707 2844 746 BEATE
2881 707 2969 746 DE!
3018 704 3336 745 GENITRICIS
3375 703 3604 745 SEMPER
3641 706 3768 745 VIR-

2739 779 2893 818 GINIS
2933 778 3143 817 MARUE.

2184 868 2665 941 Assumptionem
2707 868 2971 941 gloriosae
3014 867 3204 923 Maria:
3255 884 3485 939 semper
3511 867 3770 941 Virginis

2115 956 2288 1013 hodie
2317 958 2703 1027 celebramus,
2736 974 2914 1029 quam
2948 958 3006 1012 in
3038 957 3256 1013 ccelesti
3285 957 3494 1013 throno
3527 957 3770 1014 colloca-

2117 1050 2237 1100 tam
2269 1047 2493 1102 devotis
2526 1047 2825 1102 mentibus
2860 1048 3043 1119 (1578)
3092 1048 3425 1102 adoramus.
3458 1047 3605 1102 Nam
3641 1046 3768 1119 ipso

2116 1134 2272 1190 Deus
2305 1140 2361 1189 et
2391 1135 2701 1202 Dominus,
2724 1136 2898 1206 cujus
2921 1152 3048 1191 eam
3072 1137 3258 1207 (1579)
3297 1135 3645 1191 Genitricem
3675 1153 3771 1191 co-

2115 1221 2295 1279 limus
2319 1224 2400 1279 ait
2421 1224 2480 1279 in
2505 1223 2812 1295 Evangelio
2839 1240 2850 1279 :
2875 1225 2939 1279 Si
2958 1226 3081 1297 quis
3100 1225 3243 1280 mihi
3261 1226 3542 1280 ministrat
3563 1225 3770 1297 (1580),

2114 1328 2202 1367 me
2229 1321 2492 1383 sequatur
2513 1333 2537 1378 ;
2565 1316 2615 1368 et
2638 1313 2738 1368 ubi
2765 1328 2887 1367 sum
2929 1329 3043 1384 ego,
3078 1314 3202 1369 illic
3231 1318 3281 1369 et
3331 1315 3594 1369 minister
3619 1330 3773 1369 meus

2122 1403 2227 1455 erit
2257 1403 2434 1472 (Joan.
2466 1420 2568 1471 χιι,
2626 1404 2740 1470 26).
2805 1401 2921 1457 Prae
2980 1402 3207 1458 cunctis
3237 1403 3394 1457 enim
3427 1403 3775 1460 mortalibus

2127 1494 2332 1545 sancta
2361 1490 2463 1545 Dei
2494 1490 2759 1546 Gcnitrix
2805 1491 3031 1547 Christo
3084 1491 3327 1548 Domino
3378 1492 3770 1560 ministravit;

2115 1594 2291 1649 quem
2323 1580 2466 1634 adeo
2498 1584 2586 1634 est
2615 1584 2836 1647 secuta,
2864 1585 2931 1635 ut
2962 1597 3098 1635 cum
3118 1580 3390 1637 tristante
3414 1581 3772 1651 tristaretur,

2116 1682 2250 1721 cum
2280 1667 2541 1737 patiente
2566 1672 2895 1740 pateretur:
2923 1669 2994 1724 de
3018 1670 3185 1739 cujus
3209 1675 3402 1725 tamen
3426 1669 3701 1743 passione
3720 1671 3773 1726 ei

2115 1754 2458 1825 praedictum
2500 1762 2587 1811 est
2612 1774 2625 1811 :
2659 1758 2724 1811 Et
2752 1764 2905 1811 tuam
2936 1759 3110 1829 ipsius
3139 1760 3388 1814 animum
3411 1760 3777 1831 pertransibit

2113 1844 2340 1914 gladius
2392 1845 2538 1914 (Luc.
2575 1862 2636 1911 ιι,
2668 1845 2780 1915 25).
2804 1845 2950 1901 Vere
2981 1862 3118 1919 ergo
3158 1864 3292 1902 cum
3326 1849 3453 1920 ipso
3484 1853 3685 1904 manet
3716 1849 3777 1903 in

2038 1965 2087 2030 B
2121 1930 2305 2030 cce-lis,
2341 1933 2434 1987 cui
2468 1933 2673 2030 sed-nlo
2707 1934 2942 1989 servivit
2973 1934 3258 2030 in_terris.
3292 1936 3436 1991 Item
3467 1937 3782 2009 discipulis

2126 2021 2252 2077 suis
2282 2021 2409 2093 ipse
2442 2016 2695 2077 alibi'ait
2724 2042 2735 2081 :
2786 2026 2850 2078 In
2879 2024 2977 2079 illo
3025 2023 3114 2079 die
3158 2027 3483 2095 cognoscetis
3515 2028 3648 2096 quia
3679 2042 3780 2095 ego

2117 2125 2241 2163 sum
2272 2112 2331 2164 in
2361 2116 2529 2167 Patre
2551 2128 2691 2177 meo,
2722 2116 2775 2167 et
2796 2128 2886 2168 vos
2917 2114 2979 2168 in
3007 2130 3116 2179 me,
3147 2122 3200 2168 et
3217 2129 3310 2184 ego
3332 2114 3392 2168 in
3410 2114 3559 2169 vobis
3582 2115 3779 2185 (Joan.

2115 2215 2235 2265 xxv,
2264 2200 2379 2267 20).
2434 2201 2611 2255 Item:
2675 2201 2828 2258 Sicut
2887 2217 2989 2274 ego
3045 2208 3097 2257 et
3153 2204 3321 2258 Pater
3377 2219 3551 2258 unum
3580 2220 3785 2259 sumus

2118 2289 2296 2356 (Joan.
2327 2305 2384 2359 x,
2418 2289 2533 2358 30),
2564 2290 2648 2346 sic
2677 2307 2779 2347 vos
2810 2290 2996 2362 (1581)
3045 2295 3103 2346 et
3149 2307 3255 2363 ego
3287 2308 3473 2347 unum
3504 2293 3781 2348 manebi-

2116 2391 2289 2443 mus;
2324 2376 2480 2446 quod
2513 2376 2670 2431 enim
2702 2376 2785 2432 ait
2815 2376 3119 2448 apostolis,
3154 2376 3264 2433 hoc
3288 2378 3665 2433 sentiendum
3688 2383 3784 2435 est

2114 2466 2172 2519 et
2200 2464 2271 2519 de
2302 2464 2526 2520 caeteris
2549 2465 2754 2537 justis.
2790 2464 2937 2531 Quid
2968 2481 3104 2537 ergo
3134 2465 3354 2521 mirum
3381 2465 3481 2537 qui
3505 2466 3694 2537 (1882)
3718 2469 3781 2522 in

2114 2566 2180 2606 eo
2203 2557 2362 2619 sunt,
2396 2552 2448 2608 si
2468 2552 2528 2607 in
2551 2552 2713 2609 caelis
2738 2552 3071 2609 consistunt
3092 2552 3120 2607 ‘?
3142 2555 3257 2608 Aut
3278 2554 3415 2625 quid
3440 2552 3618 2609 etiam
3643 2570 3780 2610 ma-

2112 2656 2320 2712 gnum,
2355 2641 2404 2696 si
2434 2642 2608 2697 beata
2638 2643 2821 2698 Maria
2878 2641 3130 2698 ccelestis
3160 2659 3316 2698 esse
3362 2642 3600 2708 meruit,
3633 2660 3776 2700 cum

2111 2729 2318 2785 beatus
2350 2730 2666 2801 Apostolus
2699 2732 2770 2786 de
2790 2732 3068 2786 omnibus
3086 2731 3271 2802 justis
3293 2731 3505 2787 dixerit
3529 2749 3543 2788 :
3575 2734 3779 2804 Qualis

2109 2816 2349 2874 scelestis
2379 2819 2581 2890 (1583),
2636 2818 2778 2876 tales
2830 2828 2882 2876 et
2934 2821 3225 2876 cwtestes‘?
3274 2821 3321 2892 (ι
3350 2820 3473 2876 Cor.
3523 2838 3618 2889 xv,
3650 2822 3771 2894 48.)

2110 2905 2373 2962 Ccelestis
2405 2907 2562 2962 enim
2598 2906 2866 2964 Christus
2916 2913 3025 2976 est,
3078 2908 3180 2981 qui
3229 2910 3300 2964 de
3342 2908 3486 2965 ccelo
3517 2910 3768 2966 descen-

2110 2995 2215 3063 dit,
2276 3012 2451 3067 quem
2509 2996 2686 3051 etiam
2745 2997 3028 3053 imitando
3092 2998 3276 3069 (1584)
3333 2998 3463 3070 ejus
3520 3000 3770 3071 partici-

2108 3083 2345 3155 patione
2387 3085 2576 3140 cmteri
2610 3101 2842 3157 quoque
2868 3086 3011 3157 justi
3065 3086 3328 3143 cmlestes
3378 3104 3506 3144 esse
3538 3105 3771 3145 meren-

2107 3176 2206 3228 tur
2231 3173 2437 3245 (1585).
2461 3174 2576 3228 Nec
2600 3174 2867 3229 videatur
2904 3175 3264 3231 contrarium
3291 3176 3445 3247 quod
3477 3176 3770 3233 Dominus

2112 3262 2194 3317 ait
2223 3262 2281 3316 in
2312 3262 2658 3335 Evangelia:
2692 3268 2869 3320 Nemo
2900 3264 3145 3319 ascendit
3173 3266 3234 3318 in
3278 3266 3493 3332 ccetum,
3526 3267 3642 3321 nisi
3672 3266 3773 3338 qui

2032 3329 2074 3394 C
2111 3350 2177 3406 de
2206 3352 2337 3406 caelo
2367 3329 2647 3407 descendit
2676 3352 2834 3422 ﬁlius
2863 3354 3102 3409 hominis
3133 3356 3309 3425 (Joan.
3345 3371 3431 3425 In,
3466 3329 3575 3426 13).
3608 3329 3773 3412 Deus

2111 3439 2268 3495 enim
2293 3439 2559 3496 Christus
2581 3444 2671 3497 est
2691 3441 2790 3496 Dei
2816 3440 2998 3497 Filius
3020 3448 3078 3497 et
3098 3442 3379 3513 hominis,
3400 3444 3499 3515 qui
3517 3443 3775 3501 solusde

2110 3528 2253 3584 coelo
2309 3529 2634 3597 descendit,
2694 3530 2812 3586 imo
2870 3532 2971 3607 qui
3030 3537 3087 3587 et
3117 3531 3278 3587 solus
3325 3532 3609 3588 ascendit.
3645 3535 3772 3590 Ca:-

2108 3616 2215 3671 teri
2248 3617 2431 3687 (1586)
2460 3622 2655 3672 autem
2689 3617 2787 3688 qui
2819 3617 2876 3671 in
2909 3617 3038 3689 ipso
3090 3623 3256 3691 sunt,
3303 3635 3483 3673 unum
3519 3624 3686 3690 sunt,
3717 3624 3778 3677 et

2099 3706 2225 3776 jam
2258 3704 2474 3760 diversi
2505 3722 2619 3760 non
2676 3709 2835 3776 sunt,
2894 3707 2995 3761 sed
3027 3706 3156 3777 ejus
3206 3708 3473 3763 membra
3503 3714 3667 3764 sunt.
3706 3714 3778 3764 Et

2104 3790 2234 3846 ideo
2266 3791 2427 3847 solus
2460 3793 2742 3860 ascendit,
2787 3795 2927 3849 dum
2987 3812 3055 3849 ea
3109 3812 3237 3864 quae
3293 3795 3353 3850 in
3387 3812 3448 3852 se
3480 3800 3641 3863 sunt,
3678 3797 3774 3853 vel

2106 3895 2254 3950 quae.
2291 3922 2303 3935 .
2340 3922 2353 3935 .
2386 3880 2653 3937 habitare
2708 3881 2767 3937 in
2829 3882 2991 3939 coelo.
3039 3884 3188 3939 Nam
3239 3889 3514 3957 apostatae
3545 3886 3771 3959 angeli,

2106 3968 2206 4039 qui
2239 3968 2297 4023 in
2323 3968 2462 4025 cmlo
2486 3970 2740 4039 fuerunt,
2779 3972 2881 4042 qui
2921 3989 2954 4026 a
2978 3973 3089 4028 Deo
3112 3973 3658 4030 recesseruntinde.
3700 4018 3715 4031 .
3756 4017 3770 4032 .

2106 4056 2376 4112 homines
2435 4058 2484 4112 si
2542 4059 2727 4130 (1587)
2785 4059 2899 4115 Deo
2959 4059 3313 4116 adhaeserint
3339 4063 3526 4134 (1588)
3556 4062 3616 4118 in
3652 4081 3774 4120 cae-

2104 4144 2229 4200 lum
2253 4146 2457 4218 (1589),
2473 4146 2957 4203 sublimabuntur
2972 4166 2985 4216 ;
3003 4150 3158 4220 quod
3175 4149 3292 4206 imo
3307 4153 3377 4206 de
3389 4150 3561 4207 beata
3575 4151 3775 4210 Maria

2105 4233 2419 4290 dicendum
2450 4240 2561 4302 est,
2603 4237 2761 4307 quod
2794 4254 2911 4309 prae
2960 4239 3188 4294 cunctis
3221 4239 3568 4296 mortalibus
3601 4241 3663 4297 in
3699 4259 3774 4299 ea

2105 4323 2323 4378 mansit
2348 4323 2657 4380 Dominus.
2681 4326 2751 4380 Et
2784 4325 2912 4381 ideo
2936 4326 2996 4381 in
3018 4326 3145 4398 ipso
3181 4344 3310 4384 eam
3334 4345 3571 4385 manere
3594 4330 3771 4388 nullo

2103 4413 2276 4467 modo
2307 4413 2633 4469 difﬁdimus
2662 4432 2675 4483 ;
2740 4416 2811 4471 de
2870 4417 3042 4486 cujus
3094 4417 3269 4472 etiam
3301 4418 3484 4490 (1590)
3517 4434 3768 4491 corpore

2101 4516 2314 4572 corpus
2344 4518 2647 4558 assumere
2676 4504 2955 4577 dignatus
2982 4510 3092 4574 est,
3125 4523 3253 4562 eam
3285 4507 3395 4561 sibi
3423 4508 3769 4565 membrum

2102 4596 2407 4661 coaptasse
2438 4608 2554 4646 non
2585 4591 2831 4647 dubium
2862 4597 2953 4648 est
2976 4597 3078 4661 ;-et
3101 4594 3191 4649 cui
3216 4611 3333 4665 pra:
3356 4594 3634 4652 omnibus
3657 4599 3769 4653 ad-

2019 4699 2066 4763 D
2099 4677 2270 4733 haesit
2288 4678 2349 4732 in
2374 4680 2565 4747 terris,
2589 4679 2780 4751 ipsam
2822 4681 2932 4736 sibi
2955 4697 3072 4752 pra:
3114 4683 3341 4738 cunctis
3362 4684 3683 4756 applicavit
3702 4686 3769 4742 in

2099 4766 2279 4822 cwlis.
2314 4767 2582 4840 Corporis
2611 4784 2744 4824 vero
2774 4770 2903 4839 ejus
2934 4769 3116 4842 (1591)
3151 4772 3279 4843 jam
3327 4773 3540 4828 factam
3568 4791 3772 4831 resur-

2099 4855 2416 4912 rectionem
2447 4858 2743 4913 afﬁrmare
2785 4858 3030 4914 minime
3078 4860 3388 4929 audemus,
3420 4863 3560 4933 quia
3589 4880 3706 4921 nec
3734 4883 3772 4922 a

2097 4942 2315 4998 sanctis
2374 4944 2644 5000 Patribus
2703 4945 2813 5000 hoc
2867 4944 3227 5004 declaratum
3284 4966 3414 5006 esse
3451 4955 3769 5023 cognosci-

2168 5049 2352 5122 (1579)
2384 5054 2456 5105 M.
2489 5064 2672 5122 omnes
2702 5067 2807 5121 pro
2837 5067 2980 5107 eam.

2170 5121 2353 5191 (1580)
2378 5124 2452 5175 M.
2480 5121 2896 5177 ministraverit.

2169 5192 2612 5263 (1581)hL.nos.

2168 5264 2352 5330 (1582)
2384 5264 2459 5317 M.
2495 5264 2657 5335 quod.

2170 5336 2355 5405 (1583)
2389 5335 2466 5389 M.
2501 5335 2665 5390 addit
2693 5343 2789 5389 est.

2165 5406 2350 5479 (1584)
2384 5407 2459 5479 Μ.
2493 5409 2553 5462 in
2582 5406 2763 5462 dando
2801 5405 3109 5479 ﬂagitiose.

2195 5439 2350 5478 ιυυή)
2385 5439 2459 5461 ΠΙ.-
2494 5439 2553 5462 ιη
2582 5439 2762 5462 ιιιιιιαυ
2802 5439 2831 5461 Η

2165 5439 2349 5545 (1585)
2383 5478 2456 5532 M.
2490 5486 2831 5534 meruerunt.

2166 5550 2350 5620 (1580)
2384 5550 2646 5606 Mansius
2679 5550 2949 5605 lacunam
2980 5549 3075 5605 hic
3107 5551 3329 5607 frustra
3361 5552 3516 5608 facit.
3618 5586 3623 5591 -

2166 5622 2351 5693 (1587)
2383 5621 2644 5693 Mansius
2675 5623 2737 5676 in
2767 5639 2868 5693 pro
2898 5622 2966 5676 si.

2192 5692 2348 5749 1588)
2382 5691 2459 5745 Μ.
2493 5691 2861 5749 αιίΙιίεδενῑὶηι.

2188 5762 2346 5819 1589)
2378 5763 2450 5817 M.
2485 5766 2542 5819 in
2566 5766 2720 5818 coelo.

2190 5832 2347 5892 1500)
2380 5833 2456 5890 M.
2490 5839 2727 5892 tantum.

2160 5903 2318 5973 (1591

2324 5693 2348 5978 ἕ

2375 5906 2450 5963 M:
2472 5908 2583 5965 sui.
