3916 6414
152 472 279 536 857
1656 477 1697 540 S

2043 477 2100 541 Β.
3465 483 3589 550 858

153 625 292 664 mus
308 606 514 680 (1592).
534 606 797 681 Denique
817 607 874 664 in
889 608 1038 666 valle
1058 609 1340 683 Josephat
1359 612 1485 682 ejus
1509 611 1821 685 sepultura
1851 613 1906 680 Α
1935 615 2066 668 novi
2092 618 2144 670 te
2161 631 2182 678 ;
2202 623 2256 671 et
2285 624 2578 694 antequam
2607 616 2788 673 exires
2816 615 2882 674 de
2906 623 3110 686 ventre,
3141 617 3486 688 sanctiﬁcavi
3512 624 3585 693 te,

155 702 363 754 manet
386 697 574 765 locus,
610 698 710 752 ubi
744 703 942 754 tamen
972 701 1100 770 ejus
1132 718 1246 756 non
1275 705 1562 773 reperitur
1590 719 1824 775 corpus.
1935 705 1990 758 ei
2008 705 2325 776 prOphetam
2359 708 2415 761 in
2463 707 2716 778 gentibus
2761 707 2887 763 dedi
2941 712 2992 764 te
3049 709 3178 779 (Jer.
3213 726 3254 773 1,
3295 709 3373 780 5).
3399 711 3584 774 Quam

153 788 265 843 Sed
320 786 420 859 qui
483 787 554 842 de
614 803 683 842 ea
732 787 1105 843 ineffabiliter
1159 806 1393 844 carnem
1451 791 1670 856 eduxit,
1702 791 1826 862 ipse
1937 793 2459 850 sanctiﬁcationem
2492 799 2657 851 tanta
2704 796 3064 852 custodierat
3112 796 3483 863 abstinentia,
3523 803 3588 854 ut

159 877 304 948 quid
333 877 518 947 (1593)
551 877 624 931 de
650 878 780 946 ejus
802 877 880 932 sit
901 894 1142 948 corpore
1165 880 1341 933 novit.
1372 881 1592 935 Tamen
1625 880 1746 934 sive
1766 880 1826 935 in

163 983 429 1037 corpore,
455 966 573 1020 sive
595 971 756 1020 extra
780 984 1013 1038 corpus,
1039 985 1214 1038 super
1245 968 1452 1023 choros
1483 968 1825 1040 angelorum

159 1055 222 1110 in
256 1055 422 1110 ccelis
467 1055 780 1110 exaltatam
812 1057 1194 1111 conﬁtemur:
1256 1059 1305 1112 si
1363 1058 1519 1112 enim
1551 1059 1828 1113 veraciter

161 1143 583 1212 omnesjustos
608 1149 1187 1198 resurrecturoscum
1213 1146 1462 1217 propriis
1486 1147 1826 1217 corporibus

162 1232 526 1304 quandoque
554 1232 874 1296 credimus,
925 1250 1141 1304 eosque
1200 1234 1256 1288 in
1315 1252 1447 1289 aera
1479 1253 1828 1291 occursuros

160 1321 302 1386 Deo,
337 1325 394 1374 et
424 1320 510 1374 sic
541 1336 776 1391 semper
808 1323 1182 1391 postmodum
1214 1341 1345 1377 cum
1367 1325 1492 1394 ipso
1518 1342 1827 1380 mansuros

161 1409 809 1476 conﬁdimus,secundu
822 1428 876 1464 m
894 1411 1046 1481 quod
1064 1412 1270 1466 beatus
1284 1413 1498 1467 Paulus
1510 1413 1829 1483 aitaposto-

158 1497 253 1553 lus
283 1500 334 1568 (ι
364 1499 538 1552 Thess.
564 1516 643 1562 ιν,
671 1499 756 1568 16)
788 1517 801 1566 ;
827 1499 967 1569 quid
987 1500 1201 1554 mirum
1227 1501 1275 1555 si
1307 1501 1473 1556 Matri
1499 1519 1600 1572 per
1621 1519 1818 1572 quem-

159 1588 304 1642 dam
321 1587 712 1642 miserationis
725 1588 1284 1644 etl'ectumDominus
1300 1589 1590 1661 anticipan
1601 1591 1674 1645 do
1689 1608 1827 1662 prae-

160 1676 336 1746 stitit,
373 1676 526 1747 quod
558 1676 920 1732 omnibusin
956 1677 1069 1732 ﬁne
1101 1677 1294 1732 saeculi
1320 1678 1540 1733 sanctis
1563 1679 1824 1738 donabit.

165 1782 303 1821 cum
325 1765 598 1821 mortalia
619 1782 862 1837 corpora
880 1764 1320 1822 immortalitate
1343 1767 1638 1822 induerit?
1655 1768 1824 1822 Deni-

163 1872 282 1927 que
301 1855 590 1926 scriptum
613 1860 704 1910 est
727 1872 738 1910 :
775 1854 906 1911 Alia
925 1857 1158 1911 claritas
1178 1858 1333 1926 solis,
1366 1858 1477 1911 alia
1512 1858 1682 1922 lunae,
1711 1859 1828 1912 alia

160 1946 460 2000 stellarum
485 1946 534 2016 (Ι
563 1943 683 1999 Cor.
707 1961 801 2009 xv,
860 1946 988 2016 l11):
1054 1963 1152 2016 per
1213 1945 1536 2000 claritatem
1569 1963 1826 2018 namque

162 2032 309 2089 solis
333 2032 820 2088 resurrectionem
845 2034 1158 2105 Apostolus
1181 2035 1381 2089 docuit
1404 2034 1742 2102 Salvatoris,
1761 2038 1830 2091 de

163 2139 283 2194 quo
306 2122 597 2193 scriptum
621 2126 712 2177 est
737 2139 749 2177 :
769 2123 937 2178 Vobis
959 2125 1055 2193 qui
1078 2125 1282 2178 timetis
1308 2127 1721 2191 Deum,orietur
1741 2125 1831 2179 Sol

151 2213 401 2284 justitiat
423 2211 676 2282 (Malach.
695 2228 766 2276 iv,
790 2213 867 2276 2).
895 2211 1498 2284 Perlunaaintelligere
1512 2231 1830 2285 possumus

161 2299 556 2356 etiamMatris
570 2317 690 2355 suae
711 2317 870 2355 :nam
885 2300 1368 2357 sicutlunaasole
1383 2303 1832 2374 praacipueinter

163 2390 364 2446 sidera
384 2388 776 2456 illuminatur,
802 2389 884 2444 sic
907 2395 964 2446 et
992 2389 1124 2461 ipsa
1144 2408 1177 2444 a
1208 2391 1455 2446 Domino
1479 2392 1630 2447 inter
1659 2397 1830 2447 cete-

165 2496 268 2536 ros
291 2479 492 2550 justos
523 2477 717 2534 divino
749 2479 950 2550 procul
983 2479 1160 2534 dubio
1191 2479 1416 2535 lumine
1473 2482 1667 2552 potius
1695 2481 1830 2537 illu-

165 2573 415 2625 stratur.
449 2567 592 2622 Cum
623 2583 759 2623 vero
791 2567 1090 2624 stellarum
1124 2569 1444 2638 subjunxit,
1489 2575 1830 2626 caeterorum

167 2661 518 2714 sanctorum
533 2656 1015 2712 resurrectionem
1033 2657 1505 2730 innotuit(159!i).
1530 2659 1826 2730 Sequitur:

169 2747 323 2802 Sicut
350 2746 515 2802 stella
543 2762 576 2800 a
605 2747 764 2801 stella
795 2747 990 2817 cli/fert
1038 2750 1100 2802 in
1147 2748 1422 2814 claritate,
1455 2751 1533 2803 sic
1561 2753 1612 2803 et
1642 2765 1830 2804 resur-

161 2838 338 2892 rectio
367 2839 718 2890 mortuorum
747 2835 795 2905 (I
824 2835 943 2890 Cor.
978 2852 1068 2903 xv,
1102 2837 1191 2903 41,
1244 2838 1331 2907 l12)
1359 2853 1370 2892 :
1420 2838 1565 2893 Nam
1609 2838 1830 2894 discre-

161 2926 248 2981 tio
281 2925 408 2979 vitaa
441 2924 779 2980 varietatem
839 2924 1028 2996 gignit
1085 2927 1552 2981 resurrectionis.
1602 2927 1833 2982 Poterat

162 3015 315 3071 forte
347 3013 695 3068 resurrectio
727 3013 827 3068 Dei
859 3013 1168 3069 Genitricis
1229 3016 1550 3085 przecedere
1580 3015 1828 3072 aliorum

161 3103 566 3174 anticipando,
601 3118 750 3173 quos
784 3119 886 3173 per
916 3101 1043 3156 vitae
1077 3103 1353 3158 meritum
1387 3105 1444 3158 in
1477 3105 1652 3159 terris
1686 3123 1828 3175 prae-

165 3196 424 3249 cesserat
454 3191 722 3246 vivendo.
761 3195 838 3246 De
869 3195 1055 3247 morte
1086 3209 1320 3264 quoque
1380 3192 1565 3265 ipsius
1606 3194 1827 3249 nullam

165 3283 464 3354 ﬁngamus
496 3280 879 3346 dubietatem,
915 3297 1091 3352 quam
1124 3286 1180 3336 et
1211 3281 1266 3335 in
1299 3282 1387 3336 sui
1425 3282 1526 3336 lilii
1559 3283 1826 3355 cognovi-

165 3387 301 3426 mus
324 3370 716 3425 humanitate.
737 3370 904 3425 Morti
927 3375 1122 3424 tamen
1149 3373 1530 3425 succumbere
1579 3373 1676 3426 diu
1711 3389 1826 3427 non
1859 3356 1901 3421 (ἶ

164 3459 404 3526 meruit,
430 3475 630 3530 quam,
661 3474 731 3514 ex
753 3475 822 3514 ea
843 3465 1086 3530 sumpta
1116 3476 1248 3514 caro
1272 3461 1455 3530 (1595)
1480 3461 1605 3530 jam
1637 3478 1829 3516 resur-

165 3549 358 3622 gendo
390 3547 640 3604 devicit:
678 3564 889 3619 nempe
933 3549 1103 3619 cujus
1155 3548 1312 3604 illius
1361 3549 1537 3604 caelos
1571 3551 1834 3606 ascendit

161 3655 268 3710 per
299 3638 694 3707 majestatem,
729 3640 976 3691 matrem
1003 3637 1139 3692 illuc
1162 3639 1346 3709 (1596)
1397 3655 1699 3694 assumere
1731 3658 1829 3711 po-

161 3732 314 3782 terat
335 3742 439 3798 per
462 3725 762 3796 pietatem.
797 3725 913 3780 Nec
945 3725 1191 3781 dubium
1224 3733 1314 3782 est
1343 3727 1394 3782 ei
1451 3729 1632 3797 (1597)
1661 3746 1826 3784 suam

161 3815 500 3889 impertisse
512 3814 782 3887 gloriam,
798 3831 1044 3886 eamque
1079 3816 1256 3871 totius
1271 3817 1474 3871 mundi
1491 3818 1829 3874 constituis-

165 3923 227 3962 se
258 3905 584 3960 dominam.
615 3905 762 3959 Nam
795 3904 895 3976 qui
942 3909 1166 3976 patrem
1225 3909 1280 3959 et
1312 3911 1583 3960 matrem.
1622 3948 1634 3961 .
1673 3948 1686 3960 .
1719 3906 1830 3960 im-

166 3995 325 4068 plere
358 4036 372 4050 .
413 4037 426 4050 .
465 4036 478 4049 .
513 3994 950 4065 Scripturarum
984 3993 1265 4064 exemplis
1298 4011 1615 4064 possumus
1647 3996 1830 4067 (1598)

166 4085 492 4158 approbare
527 4127 539 4139 .
578 4124 590 4137 .
629 4125 641 4138 .
677 4082 860 4155 igitur
885 4088 1091 4140 sancta
1131 4082 1306 4154 Virgo
1365 4083 1576 4154 adepta
1623 4089 1713 4140 est
1741 4085 1830 4140 di-

167 4175 474 4246 gnitatem,
511 4173 655 4227 dum
687 4171 788 4226 Dei
820 4172 1034 4227 meruit
1078 4172 1229 4227 efﬁci
1292 4171 1492 4228 Mater.
1527 4171 1701 4244 Virgo
1733 4189 1830 4245 pe-

167 4263 319 4336 perit
347 4278 622 4334 puerum,
647 4260 859 4316 mulier
887 4262 1095 4333 genuit
1128 4263 1331 4328 Deum,
1380 4262 1597 4334 Spiritu
1626 4270 1830 4320 sancto

166 4352 468 4425 gravidata
498 4355 607 4421 est,
651 4355 886 4405 auctore
945 4349 1152 4404 mundi
1210 4350 1459 4405 fecunda
1506 4351 1686 4423 (1599)
1719 4357 1827 4419 est,

166 4458 346 4514 super
364 4441 577 4497 choros
619 4439 958 4509 angelorum
991 4439 1049 4493 in
1083 4438 1416 4495 coelestibus
1465 4439 1648 4512 (1600)
1675 4441 1830 4496 exal-

164 4535 285 4586 tata
309 4534 419 4595 est,
451 4544 569 4600 quo
605 4544 713 4583 nos
736 4528 869 4599 pius
892 4527 1076 4599 (1601)
1103 4528 1674 4598 Dominus,ejusdem
1701 4531 1828 4584 Vir-

165 4620 320 4692 ginis
350 4618 704 4684 interventu,
737 4617 1055 4689 perducere
1086 4616 1377 4687 dignetur,
1414 4619 1580 4688 cujus
1611 4624 1718 4675 etc.

769 4723 1008 4779 SERMO
1039 4723 1232 4778 XVIII.

165 4834 226 4872 ΙΝ
286 4830 706 4871 DECOLLATIONB
764 4829 1089 4868 BEATISSIMI
1143 4827 1556 4869 PRECURSORIS
1607 4830 1830 4870 CHRISTI

871 4901 1132 4940 JOANNIS.

238 4975 623 5049 Magnificum
655 4973 942 5030 Joannem
975 4989 1394 5046 praecursorem
1426 4977 1483 5028 et
1514 4979 1830 5047 martyrem

166 5065 400 5122 Domini
424 5063 612 5120 nostri
641 5066 781 5119 Jesu
803 5062 1045 5128 Christi,
1076 5064 1246 5133 cujus
1270 5061 1524 5118 natalem
1549 5062 1702 5119 diem
1727 5063 1831 5119 ho-

163 5156 257 5211 die
287 5153 543 5210 celebrat
570 5151 752 5217 orbis,
784 5156 1055 5207 sanctum
1088 5151 1294 5208 effudit
1325 5155 1525 5207 uterus
1585 5152 1788 5208 matris
1816 5171 1828 5219 ;

163 5245 319 5301 sicut
339 5242 632 5314 scriptum
661 5245 751 5296 est
775 5258 788 5296 :
813 5241 1154 5312 Priusquam
1185 5243 1234 5295 te
1253 5244 1552 5311 formarem
1571 5241 1630 5294 in
1652 5250 1827 5309 utero,

234 5369 420 5440 (1592)
454 5365 721 5440 Intellige
737 5365 1032 5440 antiquos
1062 5365 1299 5440 Eatres;
1343 5383 1479 5440 nam
1508 5365 1686 5440 paulo
1738 5383 1827 5422 re-

164 5436 474 5503 centiores,
510 5436 690 5493 veluti
726 5436 1044 5509 Gregorius
1075 5437 1459 5509 Turonensis,
1505 5436 1830 5493 ldelfonsus

158 5513 500 5575 Toletanus,
527 5508 1078 5575 Fulbertus,Petrus
1101 5508 1440 5573 Damianus,
1471 5509 1677 5564 Petrus
1702 5510 1829 5564 Ble-

160 5585 378 5652 sensis,
402 5582 670 5637 Andreas
701 5580 1018 5645 Cretensis,
1049 5580 1306 5635 Joannes
1336 5581 1736 5652 Damascenus
1769 5582 1826 5636 id

157 5651 560 5719 aiﬁrmarunt,
591 5652 675 5707 uti
695 5652 963 5708 observat
984 5652 1332 5708 Benedictus
1353 5651 1471 5707 XIV
1493 5652 1552 5707 in
1577 5658 1826 5708 tractatu

155 5730 226 5784 de
259 5730 409 5784 festo
442 5721 884 5795 Assumptionis
919 5725 974 5778 Β.
1010 5724 1088 5780 M.
1120 5724 1211 5791 V.,
1261 5741 1388 5795 cap.
1449 5726 1502 5790 8,
1562 5725 1646 5778 15.
1687 5729 1826 5779 Pcr-

196 5801 239 5855 it
266 5799 490 5855 ibidem
515 5794 871 5852 Benedictus
892 5796 1058 5852 docte
1079 5812 1242 5852 more
1265 5794 1372 5851 suo
1395 5810 1517 5851 rem
1532 5795 1662 5852 aliis
1687 5796 1830 5852 locis

151 5867 351 5929 theolo
399 5869 508 5926 icis
539 5867 911 5924 confirmare.

197 5887 418 6001 t159§l
448 5941 532 6001 Μ.
561 5939 731 6001 quod.

197 5939 418 6019 ,(1593)
448 5941 532 6002 M.
561 5939 731 6014 quod,

1861 4729 1909 4792 D

1938 880 2098 936 nulla
2128 899 2274 952 pene
2321 883 2454 938 vitae
2502 885 2631 954 ejus
2681 885 3002 940 adhaereret
3050 886 3269 957 peccati
3313 887 3582 942 macula:

1937 995 2072 1033 nam
2087 979 2287 1034 vinum
2301 984 2357 1035 et
2371 981 2613 1036 siceram
2639 999 2751 1037 non
2771 983 3188 1049 bibit,etomne
3207 983 3583 1040 immundum

1938 1084 2054 1122 non
2088 1070 2479 1125 manducavit.
2515 1071 2777 1144 Elegerat
2804 1071 3044 1143 insuper
3093 1072 3359 1128 habitare
3389 1075 3584 1129 deser-

1941 1160 2086 1220 tum,
2113 1175 2184 1211 ne
2207 1159 2335 1226 ejus
2364 1160 2541 1214 vitam
2574 1160 2771 1231 populi
2801 1161 3004 1216 saltem
3030 1161 3315 1233 pollueret
3341 1179 3598 1219 conven-

1938 1250 2053 1300 tus.
2081 1247 2334 1302 Verbum
2364 1249 2592 1304 Domini
2615 1250 3064 1305 advenientibus
3094 1251 3370 1307 continue
3396 1253 3597 1324 praedi-

1939 1336 2126 1405 cabat,
2155 1339 2374 1407 quibus
2406 1339 2811 1394 recedentibus
2836 1339 2966 1411 jugi
3012 1341 3261 1396 orationi
3311 1343 3592 1400 vacabat:

1938 1437 2108 1505 cujus
2131 1435 2324 1490 cultus
2347 1435 2741 1504 humillimus,
2761 1438 3009 1493 vestitus
3031 1439 3413 1511 asperrimus,
3429 1440 3596 1496 cibus

1936 1523 2260 1580 vilissimus
2285 1524 2635 1580 declaratur.
2670 1526 2937 1597 Legimus
2970 1527 3126 1582 enim
3171 1527 3231 1582 in
3282 1528 3594 1600 Evangelia

1937 1614 2092 1684 quod
2126 1614 2379 1668 habebat
2405 1615 2822 1669 vestimentum
2855 1616 2925 1670 de
2957 1615 3093 1686 pilis
3123 1615 3504 1685 camelorum,
3538 1622 3594 1672 et

1937 1719 2143 1757 zonam
2176 1701 2479 1774 pelliceam
2513 1703 2666 1758 circa
2697 1703 2932 1760 lumbos
2986 1721 3159 1760 suos:
3214 1721 3346 1760 esca
3395 1710 3591 1762 autem

1937 1792 2066 1861 ejus
2097 1796 2263 1845 erant
2294 1791 2532 1846 locustae
2565 1798 2621 1846 et
2651 1791 2765 1846 mel
2795 1791 3080 1857 silvestre,
3113 1797 3170 1847 et
3219 1797 3344 1849 erat
3399 1793 3457 1848 in
3489 1795 3592 1850 de-

1938 1885 2092 1935 serto
2117 1881 2440 1950 praedicans
2463 1880 2826 1951 baptismum
2855 1880 3206 1952 pcenitentiaa
3229 1883 3414 1952 (Marc.
3445 1883 3591 1952 1,6):

1861 1985 1908 2049 Β
1940 1976 2040 2048 qui
2072 1994 2192 2032 suae
2226 1977 2658 2049 praedicationis
2690 1976 2899 2049 gratia,
2935 1978 3085 2033 mira
3114 1995 3258 2034 usus
3279 1982 3368 2034 est
3398 1979 3592 2034 obser-

1941 2067 2175 2122 vantia:
2210 2072 2274 2120 ut
2305 2067 2457 2137 quod
2485 2067 2840 2137 praedicabat
2860 2066 2985 2137 ipse
3008 2083 3248 2138 prorsus
3292 2071 3505 2139 ageret,
3538 2071 3596 2123 et

1945 2155 2098 2225 quod
2113 2155 2358 2224 jubebat
2376 2153 2662 2226 impleret.
2684 2154 3043 2226 Baptismum
3060 2154 3432 2225 praidicabat,
3448 2159 3504 2210 et
3520 2155 3590 2210 ad

1944 2259 2006 2298 se
2037 2243 2331 2298 venientes
2350 2243 2702 2314 baptizabat.
2723 2242 3126 2298 Pamitentiam
3151 2243 3593 2312 docebat,cujus

1943 2330 2000 2385 in
2035 2347 2097 2386 se
2128 2347 2395 2386 normam
2427 2331 2788 2387 ostendebat.
2825 2331 2867 2386 Ο
2915 2336 3170 2401 quantus
3198 2331 3286 2386 vir
3323 2332 3455 2398 iste,
3490 2331 3591 2403 qui

1943 2419 2148 2492 angelo
2180 2420 2488 2475 nuntiante
2519 2424 2831 2491 conceptus
2863 2424 2971 2488 est,
3005 2423 3062 2475 et
3105 2419 3176 2474 ab
3226 2420 3354 2490 ipso
3386 2420 3594 2474 matris

1941 2515 2110 2564 utero
2142 2509 2544 2564 sanctiﬁcatus
2575 2510 2698 2564 est!
2735 2509 2835 2580 qui
2868 2525 3100 2580 semper
3129 2507 3328 2579 deguit
3374 2507 3432 2562 in
3466 2508 3596 2564 abs-

1941 2599 2208 2666 tinentia,
2241 2603 2299 2653 et
2329 2597 2574 2653 aliorum
2628 2598 2793 2670 quasi
2847 2597 3080 2669 propria
3130 2597 3306 2652 ﬂebat
3335 2596 3589 2663 scelera;

1942 2697 2044 2768 qui
2075 2696 2227 2752 viam
2261 2696 2508 2752 Domino
2538 2696 2906 2768 predicando
2936 2713 3050 2751 non
3083 2700 3407 2752 cessaverat
3448 2711 3590 2766 prm-

1943 2802 2169 2859 parare,
2221 2792 2278 2841 et
2327 2801 2429 2857 pro
2476 2785 2739 2840 veritatis
2789 2785 3076 2856 praeconio
3126 2788 3302 2855 caput
3349 2800 3466 2839 non
3505 2789 3595 2838 est

1943 2880 2251 2932 cunctatus
2270 2876 2537 2930 amittere
2561 2893 2574 2941 ;
2600 2875 2771 2946 cujus
2792 2873 2968 2929 etiam
2989 2874 3046 2928 in
3061 2877 3291 2928 tantum
3311 2872 3592 2928 sanctitas

1942 2965 2140 3031 crevit,
2175 2969 2241 3019 ut
2269 2982 2302 3018 a
2333 2962 2735 3036 compluribus
2762 2961 3030 3017 Christus
3061 2978 3189 3017 esse
3221 2962 3588 3017 crederetur:

1943 3064 2097 3136 quod
2123 3061 2478 3118 humilitatis
2501 3064 2700 3115 custos
2723 3060 2865 3114 adeo
2888 3058 3125 3130 refugit,
3147 3057 3323 3113 veluti
3356 3058 3403 3112 si
3429 3057 3480 3112 ei
3498 3074 3594 3113 ve-

1941 3169 2160 3208 nenum
2185 3149 2594 3223 pr0pinaretur
2615 3147 2837 3204 mortis.
2874 3148 2946 3202 Se
2967 3163 3164 3202 vocem
3179 3146 3484 3202 confessus
3507 3151 3596 3202 est

1941 3240 2251 3296 clamantis
2277 3257 2288 3294 :
2323 3237 2620 3294 Christum
2654 3241 2784 3308 post
2816 3254 2876 3292 se
2901 3240 3213 3292 venturum
3236 3252 3364 3292 esse
3386 3235 3593 3308 praedi-

1942 3330 2112 3394 cavit,
2143 3346 2317 3401 quem
2369 3332 2545 3382 tanta;
2595 3325 2940 3398 praedixerat
2987 3325 3373 3392 auctoritatis,
3425 3325 3596 3396 cujus

1944 3418 2319 3474 calceamenti
2338 3415 2645 3487 corrigiam
2663 3432 2723 3470 se
2746 3415 2818 3470 ad
2838 3413 3182 3470 solvendum
3203 3430 3318 3468 non
3343 3414 3596 3468 astima-

1943 3514 2031 3564 ret
2069 3508 2344 3563 idoneum
2396 3507 2580 3578 (Marc.
2627 3521 2664 3571 ι,
2694 3505 2772 3576 7).
2806 3509 3081 3560 Assertor
3109 3503 3249 3572 veri,
3279 3519 3453 3574 quem
3489 3517 3595 3556 nec

1942 3603 2424 3663 humanaelaudis
2447 3602 2732 3674 jactantia
2760 3599 3124 3674 compulerat
3154 3600 3409 3672 proferre
3431 3615 3594 3654 men-

1943 3695 2198 3760 dacium,
2232 3709 2338 3748 nec
2369 3690 2707 3765 tyrannicus
2731 3707 2907 3762 pavor
2929 3689 3235 3744 averitatis
3260 3691 3486 3760 poterat
3507 3704 3595 3742 re-

1941 3790 2211 3855 torquere
2262 3779 2618 3843 testimonio,
2669 3795 2774 3834 nec
2822 3778 3032 3850 regina
3082 3775 3339 3831 adulatio
3385 3776 3598 3831 fecerat

1943 3881 2180 3954 palpare
2204 3878 2510 3951 flagitium.
2541 3877 2824 3932 Herodem
2841 3873 3158 3930 afraternis
3171 3872 3448 3928 thalamis
3470 3889 3597 3944 pro-

1942 3970 2218 4034 hibendo,
2253 3968 2334 4022 ita
2384 3967 2571 4038 ipsius
2607 4009 2618 4020 .
2657 4008 2668 4019 .
2707 4006 2718 4019 .
2754 3963 2984 4018 adulter
3016 4004 3028 4016 .
3065 4003 3079 4017 .
3117 4004 3130 4018 .
3163 3979 3277 4017 non
3327 3961 3461 4017 licet
3489 3961 3594 4016 tibi

1941 4064 2007 4115 ut
2035 4059 2252 4113 habeas
2276 4071 2515 4110 uxorem
2539 4053 2737 4108 fratris
2791 4052 2876 4106 tui
2920 4050 3247 4106 adulteram
3297 4051 3480 4121 (Marc.
3514 4068 3596 4118 v1,

1943 4149 2052 4220 18).
2077 4147 2220 4202 Hinc
2253 4145 2378 4199 diro
2424 4148 2691 4198 retrusus
2732 4146 2821 4197 est
2867 4156 3094 4195 carcere
3127 4180 3139 4192 .
3174 4181 3188 4195 .
3224 4181 3237 4195 .
3275 4138 3408 4194 talis
3438 4139 3596 4194 fama

1941 4248 2215 4302 cessaret.
2238 4241 2450 4299 Christi
2470 4245 2667 4296 tamen
2687 4239 2965 4295 athletam
2991 4243 3212 4310 quanto
3235 4237 3424 4310 magis
3444 4235 3593 4292 afﬂi-

1941 4335 2158 4407 gebant
2178 4331 2431 4399 vincula,
2465 4334 2625 4384 tanto
2658 4328 2848 4400 magis
2880 4327 3205 4382 detestabat
3228 4325 3454 4381 illicita.
3479 4325 3590 4380 No-

1895 4461 1898 4463 λ
1940 4424 2179 4480 vissime
2196 4421 2432 4477 tandem
2457 4419 2643 4490 capite
2660 4421 2990 4480 truncatus,
3015 4415 3287 4486 migravit
3303 4415 3373 4469 ad
3398 4414 3592 4469 Domi-

1941 4529 2107 4576 num,
2141 4509 2241 4582 qui
2268 4507 2524 4564 veritatis
2555 4523 2669 4560 non
2721 4521 2932 4576 passus
2975 4512 3059 4558 est
3107 4503 3294 4558 celare
3326 4503 3592 4558 testimo-

1941 4602 2130 4657 nium.
2161 4597 2388 4653 Veritas
2419 4596 2576 4650 enim
2612 4599 2760 4649 Deus
2790 4598 2900 4658 est,
2928 4592 3428 4665 quemadmodum
3467 4592 3593 4663 ipse

1942 4699 2021 4754 ait
2043 4699 2100 4753 in
2123 4694 2434 4767 Evangelio
2459 4712 2472 4761 ;
2505 4696 2612 4765 Ego
2641 4709 2764 4747 sum
2788 4693 2898 4757 via,
2932 4692 3130 4746 veritas
3159 4699 3210 4744 et
3240 4692 3355 4744 vita
3399 4689 3590 4760 (Joan.

1942 4806 2059 4854 xxv,
2113 4788 2189 4858 6).
2239 4785 2346 4850 Qui
2396 4783 2552 4839 enim
2602 4781 2908 4838 veritatem
2954 4796 3068 4834 non
3128 4777 3338 4833 metuit
3385 4776 3591 4848 celare,

1942 4879 2126 4934 Deum
2160 4873 2594 4948 quodammodo
2627 4871 2832 4926 nititur
2874 4867 3202 4934 occultare;
3254 4872 3311 4921 et
3359 4866 3458 4938 qui
3489 4883 3592 4937 pro

1941 4970 2071 5039 ejus
2091 4963 2428 5022 testimonio
2451 4961 2546 5017 hic
2569 4959 2870 5033 afﬂigitur,
2903 4959 2974 5013 ab
3006 4957 3134 5029 ipsa
3153 4956 3308 5027 quod
3333 4955 3488 5011 Deus
3505 4959 3596 5011 est

1939 5056 2000 5110 in
2032 5060 2315 5111 aeternum
2348 5050 2742 5107 coronabitur.
2783 5047 3097 5119 Fugiamus
3120 5045 3338 5116 itaque,
3370 5044 3592 5099 charis-

1941 5144 2100 5214 simi,
2124 5141 2520 5208 mendacium,
2546 5140 2793 5210 ejusque
2817 5135 2994 5193 simul
3018 5141 3239 5208 patrem
3269 5133 3590 5190 diabolum.

1940 5244 2257 5300 Veritatem
2290 5240 2609 5303 imitemur,
2643 5252 2820 5308 quam
2849 5253 2882 5290 a
2911 5234 3026 5290 Deo
3051 5233 3406 5306 processisse
3423 5232 3597 5288 centi-

2015 5365 2321 5439 (1591)_S_ic
2356 5380 2412 5439 p._
2444 5362 2529 5428 17,
2564 5377 2617 5414 v.
2653 5359 2757 5414 ult.

2012 5434 2196 5508 (1595)
2230 5434 2491 5508 Mansius
2517 5447 2699 5486 carne.

2013 5505 2196 5584 (1596)
2227 5508 2304 5584 ivi.
2339 5505 2514 5584 illius.

2013 5574 2196 5651 (1597)
2227 5579 2301 5651 Μ.
2337 5576 2462 5631 sine
2494 5574 2563 5628 ei.

2038 5654 2192 5717 1598)
2225 5650 2300 5704 M.
2329 5663 2569 5720 possum.

2038 5655 2192 5717 1598)
2225 5655 2300 5704 M.
2329 5663 2569 5720 possum.

2011 5655 2194 5795 (1599)
2228 5721 2305 5795 Μ.
2333 5718 2644 5795 fecundata.

2011 5789 2194 5867 (1600)
2225 5794 2302 5867 Μ.
2334 5789 2536 5867 emisit
2563 5791 2624 5845 in
2651 5789 2972 5867 etelestibus.

2011 5860 2195 5939 (1601)
2225 5865 2398 5923 Deest
2421 5864 2549 5937 pius
2579 5861 2732 5933 apud
2761 5860 2838 5918 Μ.
