3916 6394
276 430 392 499 863

1291 444 1629 507 ATTONIS
1676 440 2266 508 VERGELLENSIS
2311 439 2668 505 EPISCOPI

3577 437 3702 503 864

275 569 475 626 saevire
505 586 609 644 per
637 589 823 640 arma,
857 575 1123 633 subsidia
1147 578 1441 650 oppressis
1471 578 1925 649 denegent,nam
1956 579 2008 644 Α
2040 579 2106 629 ut
2135 575 2213 630 sit
2242 575 2502 632 incursio
2551 593 2763 648 nequa,
2795 577 3009 632 terreat
3036 589 3164 646 quae
3211 571 3394 646 ipsos,
3428 572 3531 630 sed
3572 589 3701 630 me-

275 659 513 715 saavient
563 661 698 732 ipsi.
733 664 1038 736 Specimen
1090 673 1366 738 praeterea
1412 671 1591 722 restat
1639 665 1779 733 doli,
1816 682 1930 736 quo

273 746 574 804 eliduntur
619 752 788 807 affusi
823 754 880 808 in
930 754 1047 809 imo
1096 756 1314 810 tribuni
1341 757 1404 810 3°.
1441 756 1659 810 Horum
1711 754 1931 809 milites

276 852 451 892 auras
482 855 613 893 cum
648 841 838 912 regias
869 848 1100 914 captant
1135 844 1672 916 blandas,indeque
1702 844 1931 899 onustis

276 926 348 980 ad
385 927 617 998 propria
649 931 893 985 redeunt
922 931 1206 1000 humeris,
1239 935 1600 990 muniatores
1633 932 1833 988 dictati
1862 932 1929 1002 ³⁷,

273 1015 527 1072 arbitros
563 1017 822 1087 ipsorum
851 1021 1141 1092 dominos,
1175 1039 1280 1077 nec
1311 1023 1485 1078 etiam
1519 1025 1578 1078 in
1628 1021 1929 1094 largiendo

268 1103 455 1179 ferent
505 1106 783 1161 beneﬁcia
832 1108 1019 1179 primo
1069 1116 1228 1166 sarta
1276 1112 1414 1176 sint,
1450 1112 1496 1167 si
1541 1129 1601 1168 se
1646 1112 1824 1166 duces
1856 1127 1928 1164 an

264 1174 431 1263 larga
463 1202 821 1265 praeponent.
848 1199 1149 1254 Faanerant
1174 1201 1448 1256 inmunes
1472 1208 1528 1255 et
1559 1219 1592 1256 a
1625 1201 1856 1272 proprio
1887 1202 1929 1235 ³⁸

265 1281 507 1337 alterius
557 1283 785 1355 sibique
835 1287 984 1342 ﬁdos
1033 1289 1389 1344 detrimento
1434 1290 1778 1361 provehunt.
1822 1288 1931 1352 Qui

265 1375 510 1426 sumunt
541 1389 641 1444 per
689 1390 838 1444 quos
870 1377 1208 1445 praeferunt,
1241 1379 1341 1432 sed
1397 1395 1512 1433 non
1549 1396 1581 1432 a
1613 1379 1830 1449 quibus
1861 1380 1924 1432 39.

263 1459 379 1514 Hos
411 1466 645 1532 separat
690 1463 737 1517 si
773 1464 910 1529 fors,
944 1471 1046 1520 aut
1074 1466 1134 1520 in
1167 1484 1353 1540 unum
1387 1467 1497 1538 ipsi
1529 1468 1599 1522 ab
1648 1466 1928 1521 alterutro

264 1549 499 1619 melius,
535 1568 660 1622 qua:
710 1553 894 1608 donec
925 1555 986 1608 in
1017 1554 1366 1611 alterutrum
1414 1556 1635 1626 prolata
1667 1556 1925 1612 silerent.

265 1640 420 1703 Quos
451 1639 750 1710 explorare
782 1644 1021 1713 quidem
1057 1649 1326 1700 statuunt
1368 1650 1424 1700 et
1454 1647 1746 1700 instruere
1778 1663 1924 1701 sese.

263 1723 540 1799 Singulas
565 1745 594 1783 e
618 1730 836 1800 quibus
859 1748 962 1802 per
988 1731 1371 1788 domos’velut
1394 1734 1614 1788 semina
1642 1738 1930 1804 spargunt

265 1831 478 1888 nugas,
511 1818 665 1873 unde
697 1835 849 1889 saepe
881 1825 1131 1887 metunt,
1164 1823 1649 1894 expedientiaque
1689 1823 1928 1894 prmsci-

263 1908 454 1958 scunt.
495 1905 635 1960 Hinc
669 1906 885 1961 milites
919 1908 1170 1979 primam
1200 1910 1436 1964 diluunt
1467 1910 1511 1946 ‘0
1541 1911 1928 1977 dominis,fir-

265 1995 430 2047 mant
459 1993 586 2063 jam
637 2011 867 2050 servare
898 1998 1238 2063 sccundam,
1291 2016 1416 2068 qua:
1468 1999 1649 2054 deerit
1702 2000 1922 2070 princi-

265 2081 438 2151 pibus
469 2081 666 2136 fidem.
719 2083 868 2137 Tum
902 2101 965 2138 se
997 2085 1241 2140 infamia
1283 2091 1506 2153 notant,
1541 2087 1926 2159 supplantant

265 2169 668 2236 dominos,nec
699 2172 959 2240 dejerare
989 2190 1312 2244 supernum
1336 2175 1742 2245 respuunt.Sic
1773 2177 1924 2231 foeda

265 2257 539 2328 cupidine
590 2257 808 2328 inlecti,
841 2259 989 2314 levia
1018 2263 1058 2295 ⁴¹
1093 2266 1365 2332 praestare
1407 2263 1631 2318 maestis
1663 2264 1708 2297 "
1738 2280 1923 2335 quan-

265 2345 458 2416 doque
507 2352 837 2417 sperantur,
872 2348 1112 2419 periculi
1143 2351 1462 2422 quicquam
1493 2353 1612 2406 fors
1667 2356 1731 2407 ut
1759 2368 1921 2406 cum-

265 2449 379 2504 que
409 2434 457 2489 si
491 2435 684 2491 differt
713 2435 988 2508 ingerunt
1017 2454 1085 2493 ex
1114 2441 1369 2510 proprio,
1402 2445 1460 2496 et
1491 2440 1849 2496 cumulando
1880 2441 1925 2475 ‘3

264 2527 664 2594 prosternunt.

336 2612 389 2665 3.
424 2612 711 2668 Scabrosa
739 2631 843 2684 par
869 2630 1107 2671 exesum
1139 2617 1365 2672 addunt
1397 2618 1577 2689 igitur
1606 2618 1920 2690 principes,

261 2700 595 2771 vadosaque
625 2702 854 2757 munire
885 2708 1098 2759 cuncta
1125 2704 1334 2773 (1620),
1358 2710 1422 2761 ut
1451 2711 1626 2777 queat
1654 2708 1922 2778 ignotum

265 2788 401 2858 quis
455 2788 538 2843 nil
574 2790 880 2846 traducere
922 2792 1056 2847 sibi.
1107 2793 1535 2865 Pravalidaque
1584 2796 1676 2850 cui
1729 2795 1920 2851 muni-

266 2877 430 2932 mina
477 2883 694 2946 extant,
726 2880 1032 2936 obsidibus
1063 2887 1166 2937 aut
1212 2888 1505 2954 premunt,
1539 2893 1637 2939 aut
1675 2884 1924 2940 eximere

265 2967 747 3024 nituntur.lnﬁde
766 2968 816 3023 si
835 2969 978 3026 forte
994 2988 1246 3042 quorum
1278 2974 1523 3028 fundum
1545 2975 1748 3029 credas
1771 2991 1925 3028 com-

268 3054 497 3110 mittere
527 3060 718 3126 tuum,
744 3063 808 3111 ut
838 3064 1066 3114 servent
1096 3059 1336 3126 tibi,aut
1357 3061 1666 3116 hominum
1701 3063 1751 3117 si
1785 3063 1923 3116 titu-

267 3141 392 3198 lum
424 3144 686 3215 ipsorum
709 3161 878 3201 cures
898 3147 1196 3219 imponere
1214 3149 1401 3204 ullum
1426 3150 1926 3218 beredibus,hunc

268 3232 522 3304 propriis
553 3232 810 3305 elogium
842 3236 1026 3308 (1621)
1055 3242 1257 3294 tenent
1288 3239 1480 3294 metiri
1503 3241 1630 3310 jam
1664 3240 1798 3294 inde
1820 3241 1923 3294 do-

2041 665 2226 719 ditata
2255 665 2572 737 tranquille
2602 667 2842 722 reddere
2867 663 3105 720 cuilibet
3133 662 3366 719 valeant
3393 662 3704 718 inibi.Au-

2041 753 2221 807 matia
2269 755 2453 824 (1622)
2501 755 2559 808 in
2608 772 2724 826 qua
2771 757 3040 810 statuunt
3085 757 3144 808 et
3191 753 3435 824 tristega
3481 769 3701 824 conpo-

2040 845 2286 896 nunt.At
2319 847 2628 913 postquam
2659 843 2919 898 labentes
2951 840 3289 913 perﬁxerint
3320 841 3506 896 solide
3537 843 3701 911 plan-

2040 935 2150 1000 tas,
2186 931 2386 1003 jurgia
2440 936 2566 986 tum
2626 947 2926 1003 percerum
2981 930 3210 986 animos
3264 929 3418 984 inter
3474 929 3702 1002 digesta

2041 1024 2350 1090 reponunt,
2383 1019 2816 1075 adversantium
2865 1035 3046 1090 seque
3076 1023 3342 1072 utrorum
3382 1018 3703 1073 adfirmant

2040 1125 2166 1162 esse
2216 1108 2424 1164 socios.
2456 1110 2618 1174 Quod
2669 1125 2899 1180 quoque
2938 1124 3204 1179 perverse
3253 1107 3574 1179 fungantur
3606 1107 3701 1160 in—

2040 1197 2187 1251 ﬁdos
2234 1198 2305 1264 ei,
2341 1202 2397 1252 et
2443 1197 2670 1252 aemulis
2723 1197 2987 1266 aemulos,
3019 1200 3298 1252 accusant
3348 1194 3701 1267 plagiatores

2041 1286 2224 1356 (1623)
2277 1291 2532 1342 semotos
2583 1291 2838 1358 arguunt
2898 1285 3143 1340 crimine
3192 1289 3376 1349 tanto,
3429 1284 3704 1354 pharetra

2041 1375 2222 1447 (1624)
2255 1392 2327 1430 ne
2380 1377 2670 1447 pandatur
2699 1375 2922 1446 iniqua,
2957 1374 3220 1429 mordeat
3248 1378 3305 1428 et
3343 1388 3702 1444 quemquam

2041 1463 2162 1518 fore
2191 1464 2589 1520 indifferenter
2619 1464 2917 1537 ingratum
2950 1465 3012 1517 “.
3047 1462 3277 1517 Accitos
3307 1466 3526 1516 canunt
3555 1478 3703 1532 pra-

2040 1552 2665 1624 clues,discidiumque
2697 1554 3018 1624 perdurant
3046 1551 3425 1607 contestando
3449 1549 3704 1619 sacris“,

2040 1660 2112 1697 ne
2143 1641 2320 1697 simul
2375 1643 2444 1696 ad
2480 1641 2792 1712 pristinum
2847 1642 3037 1712 (1625)
3080 1640 3320 1695 redeant
3349 1655 3483 1694 cum
3533 1638 3702 1710 ipsis,

2039 1733 2223 1786 donec
2255 1730 2313 1785 in
2348 1731 2465 1785 imo
2515 1735 2839 1786 versentur.
2871 1730 2995 1784 Non
3029 1733 3475 1800 sequestrantur
3502 1733 3553 1782 et
3589 1726 3705 1798 ipsi

2037 1819 2260 1875 indices
2310 1821 2373 1885 ιθ,
2425 1819 2580 1874 haud
2635 1835 2803 1874 secus
2833 1817 3034 1873 ethos
3085 1815 3371 1872 revolvere
3419 1815 3698 1870 nitentes.

2037 1910 2201 1964 Tunc
2232 1908 2493 1962 crinibus
2523 1908 2566 1940 ‘7
2598 1905 2825 1978 plaudit
2851 1904 3068 1960 Alecto.

2107 1999 2156 2051 4.
2178 1997 2456 2052 Versutas
2488 2001 2548 2052 at
2562 1996 2721 2050 vafer
2743 1994 2850 2049 has
2881 1994 2929 2049 si
2949 1994 3082 2065 quis
3112 1991 3482 2064 praesenserit
3501 2007 3696 2056 curas,

2033 2089 2300 2141 susurret
2343 2086 2573 2140 deserta
2607 2083 2822 2139 fuerint
2851 2083 2972 2138 haec
3023 2082 3070 2138 si
3105 2087 3162 2137 et
3189 2081 3404 2136 infecta
3449 2079 3695 2146 valebit,

2033 2191 2148 2229 non
2198 2173 2461 2228 insontes
2514 2172 2699 2238 luant,
2736 2189 2884 2243 quos
2934 2187 3038 2226 nec
3088 2187 3336 2226 censura
3364 2169 3407 2211 ιδ
3462 2168 3692 2237 fatigat.

2033 2262 2328 2317 Premitur
2356 2268 2480 2316 tum
2513 2261 2755 2317 horrore
2784 2260 3080 2315 bronchus
3111 2261 3175 2327 ‘9,
3207 2266 3265 2313 et
3293 2256 3460 2313 exilis
3491 2257 3563 2310 ad
3596 2272 3698 2309 au-

2033 2369 2127 2408 ras
2161 2350 2546 2406 stridentibus
2590 2349 2782 2404 evadit
2809 2365 2917 2404 vox
2965 2347 3236 2420 postibus
3282 2347 3346 2414 ⁵⁰,
3380 2344 3697 2415 lividisque

2033 2439 2292 2512 pupillis,
2313 2437 2625 2510 praestigiis
2655 2454 2914 2510 urguens
2947 2435 3146 2508 politis
3175 2436 3220 2472 ‘1
3253 2435 3443 2490 edicta
3468 2432 3694 2487 fulcire.

2033 2530 2320 2600 Stigmata
2348 2527 2444 2581 hic
2491 2525 2612 2582 veri
2643 2527 2845 2581 rabido
2877 2530 3114 2581 notatur
3162 2525 3450 2589 adsertor,
3482 2527 3547 2576 ut
3577 2520 3699 2576 dis-

2033 2617 2323 2690 cerpenda
2371 2616 2720 2688 quantocius
2751 2615 2967 2687 praeda.
3011 2613 3357 2684 Mastrugati
3389 2611 3573 2683 (1626)
3607 2610 3700 2664 in-

2031 2711 2262 2763 tentant
2291 2722 2427 2760 cum
2475 2703 2722 2775 scorpiis
2753 2702 3128 2776 tragelaphos
3158 2703 3368 2772 (1627),
3399 2699 3702 2771 quomodo

2033 2795 2252 2864 Parthi,
2286 2793 2534 2867 praevius
2593 2797 2650 2847 et
2675 2791 2951 2864 gradiens
3001 2791 3100 2846 leti
3136 2789 3451 2861 captaverit
3499 2804 3703 2853 auras,

2034 2885 2273 2956 agmina
2304 2899 2365 2938 se
2386 2883 2534 2937 duce
2550 2892 2691 2936 tunc
2713 2880 3006 2951 pecudum
3031 2883 3421 2950 contorquens
3444 2893 3547 2948 per
3566 2892 3706 2931 aera

2033 2975 2222 3044 fugat,
2257 2974 2512 3041 imputat
2541 2970 2890 3034 arcitenens,
2917 2969 3067 3040 quod
3104 2968 3196 3022 cui
3231 2965 3508 3039 prostrati
3541 2966 3707 3037 quis'

2035 3079 2149 3134 que
2180 3061 2432 3115 fuissent
2459 3076 2576 3114 non
2607 3056 3212 3129 omnes,blasphemat
3241 3055 3574 3127 imprecans
3606 3069 3702 3108 so-

2033 3150 2155 3206 lum
2193 3165 2365 3221 quem
2416 3152 2475 3204 et
2504 3163 2850 3220 conpescere
2902 3146 3128 3217 fatigat,
3181 3145 3336 3200 valet
3383 3143 3433 3198 si
3482 3144 3704 3198 ducum

2036 3239 2121 3295 sic
2153 3238 2252 3310 qui
2301 3252 2653 3308 cognoscere
2682 3235 2917 3290 fraudes
2972 3233 3279 3306 protulerit
3306 3233 3366 3287 in
3417 3231 3701 3298 medium,

269 3325 458 3376 tatum
485 3339 498 3388 ;
533 3339 563 3376 e
595 3324 822 3378 cunctis
853 3324 994 3379 utile
1024 3325 1136 3380 sibi
1167 3326 1487 3395 vindicant,
1511 3328 1791 3400 quicquid
1824 3333 1931 3392 est,
1967 3313 2010 3380 C
2047 3326 2397 3382 Abscidibus
2446 3330 2504 3380 et
2534 3324 2790 3380 camuris
2827 3339 3118 3379 consonos
3169 3321 3454 3377 mandant
3501 3318 3706 3391 plastis

272 3425 462 3480 neque
510 3411 842 3483 dispergere
887 3419 1116 3485 ponunt
1144 3420 1369 3487 partem
1420 3417 1478 3471 in
1513 3435 1630 3486 eos,
1668 3418 1767 3489 qui
1818 3417 1934 3472 sal-

270 3497 377 3553 tim
428 3505 776 3570 paraverant
805 3500 969 3557 olim.
1003 3503 1243 3559 Concilii
1293 3506 1436 3575 quin
1470 3524 1632 3563 arces
1675 3511 1932 3573 struunt,

2046 3414 2248 3470 caelare
2293 3415 2572 3485 coruscis,
2607 3412 2888 3469 martisiis
2918 3411 3101 3483 (1628)
3131 3409 3472 3480 intritisque
3518 3407 3706 3479 (1629)

2045 3504 2400 3575 frequenter,
2431 3507 2488 3558 et
2533 3501 2888 3558 hemistibus
2919 3500 3102 3572 (1630)
3145 3499 3448 3565 advocant,
3482 3500 3548 3552 ut
3577 3512 3707 3552 sese

1828 3639 2142 3695 GLOSS/E.

345 3751 389 3783 ³⁸
418 3749 632 3830 Defecti
666 3752 940 3821 majores.
1018 3753 1062 3787 ³⁷
1089 3753 1261 3875 Regis
1311 3755 1628 3810 consiliarii
1678 3757 2014 3826 frequenter
2059 3753 2268 3808 vocati.
2344 3752 2389 3785 ³⁸
2422 3753 2724 3806 Immunes
2755 3766 2789 3804 a
2817 3766 2920 3821 pro
2966 3748 3076 3807 rio.
3107 3747 3161 3802 id
3214 3750 3305 3802 est
3332 3764 3366 3802 a
3403 3763 3531 3815 suo,
3564 3744 3708 3816 quia

345 3819 618 3875 :alterlus
651 3822 1002 3875 detrimento
1055 3841 1154 3875 eos
1209 3831 1468 3875 enerant-
1505 3827 1558 3875 id
1610 3835 1698 3875 est.
1747 3828 2077 3875 munerant.
2157 3826 2202 3859 39
2233 3824 2390 3875 ldest
2419 3840 2454 3875 a
2483 3821 2759 3875 dominis.
2839 3823 2883 3855 ‘0
2913 3766 3214 3875 Bissinant
3262 3817 3348 3873 vel
3395 3822 3703 3873 evacuant.

277 3821 349 3875 de
379 3819 618 3876 alterius
651 3819 1002 3878 detrimento
1055 3841 1154 3878 eos
1174 3819 1469 3893 Tenerant,
1505 3827 1558 3880 id
1610 3835 1698 3882 est
1747 3819 2077 3881 munerant.
2157 3826 2202 3859 39
2233 3824 2390 3878 ldest
2419 3840 2454 3877 a
2483 3821 2759 3876 dominis.
2818 3819 2883 3855 “⁴⁰

349 3896 650 3963 Prospera.
693 3894 736 3927 ⁴²
763 3895 1417 3969 *Τιξὶεΐὶὺιιεᾲόφηιὶηἱεη
1468 3898 1511 3932 ⁴³
1542 3898 1843 3969 Implendo
1894 3896 2117 3969 scilicet
2146 3895 2494 3969 periculum.
2574 3893 2915 3969 “Exosum.
2992 3892 3036 3926 ⁸⁸

2964 3819 3214 3946 issipant
3262 3817 3348 3873 vel
3395 3822 3703 3873 evacuant.

2992 3892 3036 3926 ⁸⁵
3106 3891 3328 3945 urando
3358 3907 3462 3946 per
3508 3905 3702 3943 sacra.

3106 3891 3328 3945 urando
3358 3907 3462 3961 per
3508 3905 3702 3961 sacra.

273 3965 318 3999 ⁸⁵
376 3960 678 4019 Αυοῖοτθε.
739 3967 798 4038 6⁷
848 3967 1210 4038 Serpentinis
1259 3968 1540 4024 crinibus.
1609 3960 1653 4010 ‘5
1701 3971 1830 4025 Lex.
1913 3969 1958 4002 ⁴⁹
2006 3960 2309 4024 Bronchus
2375 3965 2724 4020 eminentior
2770 3980 2906 4035 pars
2957 3962 3234 4035 gutturis.
3309 3960 3375 3996 ‘0’
3398 3960 3702 4016 Dentibus.

275 4039 471 4091 Postes
501 4051 635 4091 vero
665 4037 805 4104 oris,
839 4037 1043 4094 dentes
1074 4044 1232 4094 sunt.
1310 4041 1353 4075 ⁵¹
1385 4040 1698 4096 Aﬂ'ectatis.

1640 4165 1942 4221 SCHOLIA
1980 4164 2070 4220 ET
2109 4163 2336 4218 NOT/E.

307 4348 318 4358 θ
349 4277 533 4359 (1626)
565 4277 1105 4359 statuuntquidem
1133 4284 1329 4359 castra
1357 4280 1416 4334 in
1435 4281 1750 4359 praeruptis
1773 4298 1939 4336 mon-

279 4349 577 4414 tium,sive
611 4349 959 4405 transitibus
981 4351 1293 4406 fluminum
1317 4349 1591 4407 custodes
1610 4349 1785 4408 etiam
1809 4369 1940 4406 con-

279 4419 554 4488 stituunt,
590 4425 656 4475 ut
685 4420 929 4488 nulli,se
959 4422 1276 4495 incognito,
1311 4424 1710 4480 transmeandi
1746 4426 1942 4495 pateat

279 4507 571 4547 accessus.

349 4564 534 4643 (1621)
570 4562 767 4643 Elogia
817 4564 1093 4643 dicuntur
1119 4566 1450 4643 ignominiaa
1481 4566 1620 4643 sive
1650 4572 1797 4622 notae
1828 4565 1938 4643 crni-

281 4634 533 4715 minum.
565 4634 772 4715 elogia
800 4653 933 4715 vero
965 4634 1242 4715 dicuntur
1271 4637 1575 4715 convivia}
1609 4638 1776 4715 bene,
1801 4637 1941 4715 quia

279 4706 506 4786 antiqui
538 4706 780 4786 silentes
811 4712 870 4786 et
897 4707 1074 4778 quieti
1109 4709 1492 4780 prandebant.
1514 4710 1774 4786 Moderni
1805 4706 1939 4764 vino

279 4778 340 4851 in
385 4778 664 4851 conviviis
715 4783 964 4847 utentes,
997 4778 1130 4835 cum
1182 4796 1296 4851 quo
1328 4797 1442 4835 non
1492 4786 1580 4835 est
1611 4782 1699 4836 fas
1743 4787 1940 4836 custo-

280 4848 403 4933 dire
435 4838 1041 4933 silentium,Aqu:er.unt
1069 4838 1220 4933 inter
1254 4852 1460 4933 pocula
1490 4854 1649 4933 quod.
1678 4852 1774 4933 dia
1806 4868 1938 4933 poe-
1969 4838 2016 4902 D

279 4925 440 4975 mata
470 4927 727 4977 narrent.
749 4925 894 4976 Ante
924 4922 1317 4977 inventionem
1351 4922 1566 4977 etenim
1599 4924 1716 4978 vini
1751 4923 1935 4977 nemi-

283 5008 417 5046 nem
443 4991 696 5062 legimus
727 4993 785 5046 in
816 4993 1076 5064 prandiis
1108 4994 1289 5048 fuisse
1321 4993 1606 5048 locutum.

356 5064 539 5134 (1622)
561 5063 835 5119 Aumatia
864 5063 990 5118 loca
1030 5071 1168 5118 sunt
1193 5070 1415 5120 secreta
1447 5066 1502 5118 in
1537 5064 1784 5119 theatro.
1820 5067 1939 5134 (ln-

281 5134 533 5188 ﬁdeliter
562 5135 825 5190 Mansius
855 5137 1126 5191 humatz'a.
1159 5137 1319 5206 MAI.)

356 5207 540 5276 (1623)
571 5207 938 5276 Deceptores.
992 5199 1527 5276 Plagiator'autem
1578 5205 1793 5260 dicitur
1837 5199 1942 5257 ἀπό

281 5279 380 5328 τοῦ
408 5273 664 5350 πλαγίων,
700 5273 755 5332 id
789 5283 877 5350 est
926 5279 997 5332 ab
1029 5273 1287 5350 obliquo,
1321 5279 1473 5349 quod
1512 5294 1626 5332 non
1659 5284 1816 5333 certa
1854 5281 1945 5332 via

282 5348 603 5420 gradiatur,
638 5350 737 5403 sed
771 5349 1093 5418 pellicendo
1124 5348 1294 5404 dolis.

354 5421 540 5491 (1624)
574 5419 911 5474 Pharetram
937 5438 1092 5475 nunc
1115 5421 1256 5475 dicit
1277 5420 1540 5475 dolosam
1567 5423 1824 5475 mentem
1846 5438 1943 5474 va-

283 5491 506 5545 riarum
540 5491 799 5562 bajulam
833 5491 1200 5547 insidiarum.

359 5563 541 5632 (1625)
569 5561 648 5616 Ad
686 5561 938 5631 priorem
969 5564 1288 5618 amicitiam
1324 5568 1706 5618 revertantur.

357 5633 543 5703 (1626)
598 5634 914 5706 Mastrugis
971 5635 1186 5689 vestiti.
1219 5641 1518 5706 Mastruga
1565 5650 1820 5704 namque
1849 5651 1945 5688 ve-

288 5704 397 5758 stis
446 5702 538 5786 est
584 5721 652 5758 ex
692 5702 951 5786 pellibus
1004 5707 1297 5786 feraru_m;
1340 5710 1397 5786 et
1444 5702 1600 5786 dicta
1647 5702 1950 5786 mastruga

291 5777 460 5846 quasi
513 5780 909 5847 monstruosa,
939 5794 1005 5833 eo
1054 5778 1210 5847 quod
1257 5777 1360 5848 qui
1404 5793 1534 5834 eam
1582 5777 1855 5846 induunt,
1887 5777 1947 5830 in

2051 4281 2304 4335 ferarum
2337 4277 2606 4332 habitum
2639 4273 3046 4331 transformari
3075 4273 3406 4329 videantur.
3427 4275 3583 4343 Apta
3611 4289 3708 4328 ve-

2050 4350 2375 4420 natoribus,
2427 4353 2482 4403 et
2530 4347 2782 4420 maxime
2817 4345 3152 4420 sagittariis
3188 4360 3378 4420 :_nam
3428 4344 3560 4398 fere
3607 4343 3713 4399 tali

2051 4422 2242 4494 specie
2273 4417 2558 4494 deceptae,
2580 4418 2750 4494 facile
2780 4419 2859 4494 ab
2884 4417 3031 4488 ipsis
3059 4417 3550 4494 propinq_ua_ntu_r.

2120 4487 2758 4570 (1627).Tragelaphus
2805 4487 2962 4570 idem
3005 4487 3112 4570 est,
3159 4487 3322 4570 quod
3353 4487 3712 4570 etuplatace-

2050 4557 2154 4619 ron
2194 4564 2254 4618 in
2287 4557 2791 4628 'Deuteronomio;
2826 4560 3043 4616 animal
3094 4557 3230 4615 latis
3278 4557 3578 4624 cornibus,
3613 4574 3712 4612 ea-

2050 4637 2183 4690 dem
2232 4651 2392 4706 paane
2441 4633 2632 4704 specie
2682 4638 2749 4706 ut
2792 4632 2965 4706 cervi,
2995 4630 3243 4706 villosos
3274 4632 3484 4706 tamen
3536 4628 3714 4706 habet

2050 4699 2267 4775 armos,
2309 4699 2572 4760 mentum
2607 4704 2920 4776 prolixum,
2947 4699 3196 4776 barbam
3231 4699 3543 4776 hirsutam.
3579 4700 3712 4776 Haec

2051 4771 2263 4835 etenim
2299 4775 2576 4832 animalia
2607 4771 2786 4847 'juxta
2813 4773 3123 4830 Phasidem
3162 4775 3321 4829 sunt.
3356 4771 3559 4828 Latine
3588 4771 3712 4826 hir-

2049 4865 2342 4905 COOBPVUS.

2119 4921 2302 4990 (1628)
2331 4919 2652 4974 Martisium
2704 4921 2792 4973 est
2820 4915 2988 4990 cibus
3035 4916 3095 4970 in
3140 4914 3416 4971 mortario
3466 4915 3709 4979 factum,

2051 4988 2208 5046 unde
2239 4999 2296 5045 et
2326 5007 2538 5046 nomen
2570 4988 2922 5060 adsumpsit.

2123 5065 2310 5134 (1629)
2339 5062 2606 5134 Intritum
2627 5132 2635 5134 _
2659 5057 2950 5131 siquidem
2985 5058 3260 5113 similiter
3280 5057 3476 5134 _cibus_
3499 5060 3610 5134 est,
3644 5072 3717 5134 ex

2053 5127 2202 5206 pane
2234 5127 2356 5206 arte
2387 5127 3117 5206 cocinariap'raaparatum.
3153 5129 3354 5206 Panis
3380 5127 3714 5206 quidemin

2054 5201 2208 5276 aqua
2257 5205 2547 5276 mittitur,
2569 5209 2624 5258 et
2669 5201 2788 5258 illic
2826 5201 3277 5276 aliquantulum
3323 5201 3506 5255 donec
3557 5204 3719 5254 totus

2054 5275 2287 5332 inlusus
2318 5277 2414 5343 sit,
2449 5275 2820 5346 relinquitur.
2855 5275 3072 5346 Postea
3089 5289 3224 5328 vero
3255 5288 3323 5326 ex
3369 5287 3720 5346 aqua_sum-

2055 5354 2216 5421 ptus,
2264 5349 2324 5403 in
2375 5341 2651 5421 mortario
2700 5345 2827 5421 pilo
2867 5344 3177 5401 resolvitur
3203 5361 3222 5421 _:
3256 5347 3314 5421 et
3356 5341 3442 5421 sic
3486 5341 3611 5421 oleo
3662 5347 3722 5421 et

2054 5413 2282 5474 modico
2331 5418 2504 5474 melle
2550 5413 2984 5490 pigm'entisque
3031 5416 3377 5490 permixtus,
3418 5415 3487 5490 in_
3527 5413 3722 5470 lehete

2054 5490 2175 5563 igni
2209 5486 2729 5563 adponitur,donec
2751 5486 3016 5563 debitum
3031 5486 3403 5563 “perducatur
3417 5486 3490 5541 ad
3512 5502 3717 5542 usum.

2055 5559 2502 5617 Eicitur'autem
2535 5562 2804 5617 intritum
2835 5559 3006 5630 quasi
3036 5559 3378 5614 contritum.

2126 5635 2308 5700 (1630)
2339 5633 2630 5689 Hemistes
2659 5648 2801 5690 vasa
2829 5629 2991 5698 sunt,
3022 5647 3148 5700 quae
3179 5647 3296 5686 uno
3327 5632 3563 5685 tantum
3594 5629 3721 5701 spi-

2056 5703 2174 5758 ritu
2205 5705 2509 5761 bibuntur.
