3916 6424
354 413 468 479 871

1381 415 1716 477 ATTONIS
1761 376 2342 476 VERGELLENSIS
2389 415 2742 477 EPISCOPI

3643 414 3750 473 872

353 548 531 622 prisci
557 550 827 606 seductos
854 565 926 605 ne
957 548 1191 621 quando
1223 547 1460 604 redeant
1489 547 1656 602 ducis
1691 545 1845 601 illico
1896 546 1996 600 ﬁr-
2029 548 2085 614 Α
2113 547 2366 615 tant,sed
2391 548 2618 617 potiora
2644 546 2941 618 conpilare
2963 561 3226 617 quaeque,
3244 547 3308 599 ut
3330 543 3753 617 prostibuloque

355 655 515 694 mare
546 640 872 710 deposcunt
903 656 917 693 :
951 637 1260 693 subvenire
1280 637 1582 708 quibus,et
1605 635 1727 707 pari
1757 651 1889 690 mox
1913 652 2002 689 ra-

352 727 512 783 tione
541 728 1163 799 conﬁrmant.Legatos
1185 727 1256 780 ad
1280 741 1528 797 quorum
1554 729 1721 779 caute
1743 723 2004 794 dirigunt

351 821 478 871 tum
500 821 557 871 et
583 816 865 872 citissime
886 814 1355 888 regem,pandere
1374 830 1499 885 qua:
1518 813 1862 878 milites,sed
1888 829 2002 868 non

353 921 480 976 quae
512 906 886 960 ﬁrmaverant
931 903 1062 974 ipsi,
1113 909 1178 957 ut
1224 904 1376 958 dona
1425 907 1656 972 prastet
1684 900 1878 972 lepida
1908 902 2000 969 “5,

343 994 469 1063 jam
502 1009 630 1064 quae
663 998 800 1048 sunt
845 997 901 1047 et
937 993 1168 1046 ﬁrmata
1212 996 1519 1046 cassentur
1551 1007 1564 1045 :
1599 991 1792 1045 szeviat
1823 990 2001 1060 inque

349 1097 622 1148 suos,nec
652 1081 808 1136 enim
842 1079 1131 1135 sustinere
1160 1079 1440 1135 valebunt
1463 1079 1726 1148 requiem
1751 1079 1807 1131 in
1829 1077 1995 1148 ipsis.

347 1170 416 1224 Et
469 1170 517 1225 si
571 1166 872 1224 cumulare
921 1174 1189 1240 procuret
1237 1185 1385 1240 quos
1418 1169 1486 1222 ad
1521 1184 1723 1222 eorum
1757 1167 1995 1220 exitium

343 1257 558 1312 volebit
588 1258 874 1313 concitare
904 1257 1271 1324 hostes,dum
1295 1258 1611 1311 credantur
1641 1255 1837 1322 solari;
1857 1260 1998 1310 tunc

347 1352 578 1402 uectum
612 1347 828 1401 fmdera
858 1345 1081 1418 prolato
1125 1345 1359 1408 talione,
1406 1345 1454 1399 si
1515 1344 1800 1414 expediat.
1851 1344 1998 1397 Sunt

344 1433 615 1490 invadere
644 1435 857 1490 iterum
890 1434 1132 1489 alterius
1165 1434 1264 1505 qui
1307 1435 1448 1488 dum
1502 1433 1866 1504 principatus
1900 1449 1994 1486 ro-

345 1523 823 1595 gantur,rugiunt
856 1523 1232 1594 fremuntque
1261 1527 1319 1576 et
1349 1521 1537 1593 rigida
1557 1522 1805 1591 jactant,
1834 1536 1995 1574 acce-

344 1611 532 1667 lerant
558 1612 877 1666 incinctum
893 1611 1074 1665 armis
1099 1611 1304 1666 ducem
1330 1615 1386 1664 et
1414 1607 1991 1664 incursarelatenter.

344 1701 450 1755 Sed
485 1705 799 1771 postquam
827 1699 979 1754 ultra
1001 1700 1297 1770 margines
1330 1701 1397 1734 “7
1429 1697 1715 1753 subierint
1739 1696 1994 1766 ejus,sti-

344 1793 545 1860 patum
578 1793 817 1843 cernant
849 1804 983 1842 eum
1015 1787 1063 1842 si
1091 1791 1211 1858 jam
1244 1787 1507 1841 radiante
1538 1791 1783 1852 caterva,
1801 1783 1993 1838 subsi-

345 1875 609 1937 stunt,ab
642 1875 854 1930 animis
887 1875 1405 1946 frigescuntque,et
1438 1873 1712 1944 subfugia
1735 1877 1988 1943 captant,

344 1965 480 2018 inde
503 1964 713 2018 referre
727 1963 954 2034 pedem.
970 1968 1041 2017 At
1069 1968 1262 2018 extare
1281 1979 1453 2018 suum
1472 1961 1606 2016 licet
1631 1960 1994 2032 conspiciant

345 2051 936 2123 agmen,tranquillos
971 2052 1087 2106 dux
1118 2051 1233 2106 illis
1259 2051 1491 2106 eminus
1523 2051 1571 2106 si
1594 2049 1830 2121 angelos
1859 2065 1989 2120 gra-

342 2146 506 2196 vatos
537 2141 726 2196 xeniis
757 2139 1013 2195 indicere
1063 2143 1352 2211 procuret,
1399 2140 1704 2210 disputant
1753 2137 1987 2204 inclusi,

346 2245 472 2284 sese
501 2227 923 2300 querelantque
955 2228 1250 2294 seductos,
1285 2232 1341 2282 et
1369 2228 1620 2299 perﬁdos
1662 2227 1993 2282 declamant

345 2315 616 2372 consules
653 2316 764 2370 sibi
796 2316 895 2386 qui
928 2316 1328 2370 conduxerant
1358 2315 1536 2386 ipsos,
1568 2315 1992 2386 innectuntque

347 2404 602 2474 fraudes,
635 2419 780 2474 ques
810 2408 867 2457 et
896 2405 1193 2470 deserunt,
1243 2403 1472 2474 letoque
1521 2403 1854 2475 distingunt
1898 2403 1986 2456 “3.

344 2492 494 2546 Tum
527 2496 584 2546 et
614 2492 886 2546 reducere
915 2507 1184 2562 gressum
1217 2496 1613 2562 pertemptant
1643 2490 1986 2555 incolumes,

343 2585 399 2635 et
429 2579 642 2651 adepta
670 2579 794 2635 solo
826 2581 1077 2652 perferre
1109 2581 1332 2651 privato
1364 2581 1452 2634 ιη.

414 2670 610 2724 11.Est
628 2686 758 2724 raro
781 2669 879 2724 sed
907 2669 1184 2724 inductus
1205 2669 1365 2723 nudo
1385 2673 1474 2724 est
1495 2667 1836 2740 adgreditur
1855 2683 1986 2739 pec-

341 2763 465 2813 tore
487 2758 587 2829 qui
609 2759 818 2812 ducem
842 2774 1172 2829 expugnare
1189 2758 1583 2822 dicatum,nec
1604 2758 1786 2811 donec
1811 2755 1990 2810 desis-

340 2847 410 2900 tit
435 2846 681 2917 adeptus
712 2848 787 2900 sit
817 2862 1086 2900 orcumve
1127 2845 1474 2916 palmamve,
1509 2849 1608 2900 aut
1639 2861 1772 2899 cum
1807 2844 1986 2899 altero

339 2933 474 2989 belli
508 2951 612 3006 per
644 2933 867 2989 cladem
919 2934 1157 2998 dividat,
1192 2934 1574 3005 partibusque
1614 2933 1890 2994 contenti,
1927 2933 1985 2986 in

339 3040 524 3078 unum
555 3027 762 3078 coeant
784 3023 1108 3090 fmdus,sua
1129 3022 1262 3092 quis
1280 3024 1551 3076 edomare
1572 3038 1832 3077 securus.
1853 3022 1982 3075 Pro-

339 3111 536 3166 ticient
553 3111 650 3183 qui
669 3115 1120 3182 provocaverant
1141 3111 1282 3181 quid
1308 3110 1522 3166 milites
1545 3110 1733 3164 hunc?
1751 3111 1806 3164 Si
1823 3109 1877 3163 in
1896 3109 1982 3164 di-

337 3199 613 3256 scrimine
634 3197 734 3254 tali
760 3215 1105 3270 supremum
1127 3199 1301 3263 efﬂet,
1321 3216 1495 3270 paenae
1527 3199 1635 3253 hos
1665 3204 1892 3270 expetet
1914 3199 1985 3233 ¹²⁰

2115 638 2412 690 matronas
2442 637 2655 690 addere
2685 636 2745 690 in
2778 635 2962 690 sacris
2987 633 3192 706 (1555).
3221 632 3752 704 Depopulatamque

2115 727 2179 777 ut
2209 726 2455 794 patriam
2489 724 2905 796 persenserint,
2939 741 3052 779 non
3094 723 3268 778 statio
3293 722 3621 777 traducitur
3664 723 3748 789 “2,

2113 813 2212 866 diu
2246 830 2382 868 nam
2401 814 2458 867 in
2477 814 2730 868 externis
2754 813 3074 867 invalidum
3095 816 3183 867 est
3200 812 3495 867 continere
3517 810 3750 882 phalan-

2111 916 2232 972 ges.
2251 901 2366 956 Nec
2401 906 2558 956 tanto
2583 901 2852 956 convenit
2883 919 2916 956 a
2950 900 3173 972 legione
3197 905 3488 956 remotum
3512 917 3619 955 sua
3635 900 3754 970 qui-

2112 989 2239 1042 dem
2278 991 2486 1061 degere
2517 989 2817 1056 duci,exili
2851 1007 2982 1045 cum
3017 989 3162 1059 ipsis
3181 1005 3431 1059 quorum
3455 989 3662 1060 oppido
3686 990 3752 1044 de

2109 1077 2222 1131 ﬁde
2252 1084 2501 1133 veretur.
2525 1079 2610 1132 Ad
2645 1079 2946 1150 proprium
2979 1078 3148 1140 redit,
3180 1079 3336 1148 quod
3368 1077 3583 1149 gaudet
3611 1077 3749 1131 revi-

2110 1182 2235 1220 sere
2276 1167 2791 1222 solum.l)educere
2840 1168 2907 1203 ¹²³
2958 1171 3287 1238 preponant
3311 1183 3485 1236 quem
3520 1165 3751 1220 induxe-

2110 1260 2262 1324 rant,
2288 1257 2386 1326 qui
2410 1273 2542 1310 eum
2570 1256 2615 1310 si
2644 1257 2790 1310 forte
2814 1253 3138 1325 sollempne
3159 1254 3396 1310 exilium
3426 1253 3642 1326 eligant
3663 1253 3746 1308 lu-

2107 1344 2290 1413 gubre
2321 1344 2453 1416 jugi
2503 1345 2846 1399 confusione
2887 1347 3180 1409 manente,
3206 1343 3386 1397 ruinze
3429 1342 3518 1396 sin
3563 1341 3748 1414 potius

2107 1431 2510 1502 ignominiosae
2547 1432 2873 1503 linqunlur.
2909 1431 3146 1486 Milibus
3168 1432 3406 1486 inferior
3426 1431 3745 1502 praesentis,

2105 1521 2173 1554 ⁷²⁴
2206 1520 2426 1574 interea
2462 1522 2657 1592 patriae
2678 1523 2793 1575 dux
2812 1519 3011 1576 exulat
3028 1519 3113 1575 vel
3146 1521 3433 1591 profunde
3463 1520 3748 1574 moenibus

2105 1609 2414 1663 obstrusus
2451 1609 2760 1678 praevalida
2791 1609 2878 1664 vel
2907 1610 3169 1664 residens
3200 1608 3382 1679 ejulat
3413 1609 3600 1664 urbis.
3638 1609 3746 1663 Sed

2103 1712 2235 1748 cum
2271 1701 2530 1766 optatam
2581 1697 2734 1751 diem
2788 1698 3115 1752 discessum
3167 1697 3392 1752 noverit
3441 1697 3645 1761 hostis,
3690 1696 3748 1751 in

2103 1783 2285 1838 aciem
2343 1784 2637 1839 disclusos
2688 1791 2987 1855 convocat,
3028 1785 3184 1840 clara
3232 1803 3380 1856 quos
3426 1786 3752 1857 signaverat

2101 1872 2266 1927 ﬁdes.
2300 1873 2636 1944 Primipilos
2664 1873 2924 1942 instruit,
2950 1879 3007 1928 et.
3039 1875 3236 1928 debita
3266 1875 3526 1930 conferre
3557 1874 3748 1945 dispo-

2100 1960 2188 2014 nit
2212 1959 2426 2031 cuique
2455 1959 2584 2015 lzeta
2615 1960 2803 2015 ﬁdelis
2833 1965 2891 2015 et
2929 1961 3138 2015 acerba
3185 1959 3460 2015 sinistris.
3513 1961 3750 2015 Summe

2102 2050 2198 2118 qui
2235 2053 2549 2121 tyrannum
2595 2049 2886 2104 accierant
2936 2065 3048 2120 prae
3099 2064 3180 2112 se,
3236 2047 3505 2103 multatio
3538 2049 3651 2116 his,
3695 2054 3752 2103 et

2099 2154 2270 2208 lamna
2300 2138 2550 2192 adicitur
2580 2137 2936 2208 supplicium
2970 2136 3123 2190 inde.
3170 2137 3285 2191 Nec
3324 2134 3517 2191 solum
3548 2153 3754 2192 exesor

2100 2227 2218 2280 dux
2263 2229 2373 2291 est,
2406 2226 2505 2281 sed
2551 2229 2608 2280 et
2658 2225 2895 2295 agmina
2944 2224 3132 2295 ﬁgunt
3181 2226 3334 2294 odia,
3390 2225 3752 2295 pertulerant

2101 2330 2228 2385 quae
2258 2313 2634 2380 contumelia,
2668 2317 2899 2370 tantum
2953 2330 3058 2368 nec
3090 2313 3228 2383 illis,
3265 2314 3365 2368 sed
3399 2316 3457 2368 et
3486 2313 3749 2385 ipsorum

2098 2406 2385 2458 conantur
2431 2403 2646 2473 pariter
2685 2407 2949 2473 egestare
2991 2402 3081 2436 ¹²⁴⁶
3112 2403 3388 2472 minores,
3421 2402 3530 2456 hoc
3559 2407 3749 2458 totum

2097 2491 2388 2562 gradatim
2423 2495 2560 2545 aetas
2590 2491 2771 2545 donec
2801 2489 3152 2545 demoliatur
3180 2490 3239 2543 in
3272 2489 3461 2545 annis.

2173 2581 2256 2635 12.
2293 2581 2359 2634 Et
2389 2584 2658 2651 superest
2701 2579 2807 2634 hos
2849 2581 3026 2634 funus
3079 2578 3127 2634 si
3178 2581 3324 2634 torte
3380 2579 3657 2650 praecidat
3686 2580 3746 2635 in

2097 2669 2245 2734 istis,
2280 2667 2498 2723 labenti
2531 2673 2594 2722 ut
2625 2685 2742 2722 zevo
2775 2667 3002 2722 valeant
3051 2684 3155 2722 nec
3202 2666 3482 2738 gratulari
3528 2668 3746 2724 futuro.

2097 2758 2221 2812 Non
2254 2757 2478 2828 deperit
2510 2761 2864 2827 quapropter
2911 2756 3135 2811 vitium.
3170 2761 3491 2828 Insurgunt
3539 2756 3659 2825 alii,
3692 2762 3748 2812 et

2095 2863 2301 2900 rursus
2334 2850 2603 2900 rotantur
2628 2845 2687 2898 in
2720 2845 3084 2900 hisdem.Sed
3109 2844 3247 2914 quia
3268 2845 3535 2916 sunt,qui
3561 2861 3748 2916 neque

2096 2934 2327 2989 fuerant
2359 2934 2552 2989 cirrati
2578 2935 2766 3003 (1656)
2800 2933 3070 2989 laciniam
3105 2949 3208 2987 nec
3239 2951 3353 3004 prae
3385 2933 3612 3004 fulgore
3660 2933 3746 2988 vel

2095 3023 2321 3078 carbasi
2350 3023 2392 3093 (ιΙ
2406 3023 2532 3091 656)
2567 3027 2835 3094 poterant
2863 3022 3190 3093 pertingere
3219 3021 3456 3092 sophiae;
3486 3022 3534 3075 si
3568 3022 3747 3077 duces

2095 3111 2239 3166 nihil
2273 3117 2362 3166 est
2392 3116 2448 3166 et
2478 3111 2693 3182 quibus
2725 3109 3029 3182 sandapila
3059 3111 3395 3165 deferantur
3411 3110 3481 3164 ad
3513 3127 3746 3179 urnam,

2095 3206 2159 3256 ut
2198 3201 2282 3256 eis
2333 3201 2669 3255 indemnem
2720 3200 2891 3254 liceat
2941 3199 3356 3254 domoitionem
3393 3199 3460 3234 “5
3489 3200 3749 3270 perferre

337 3287 922 3359 superstes.Evaserit
944 3292 1000 3342 et
1020 3303 1117 3342 eos
1140 3286 1188 3342 si
1215 3287 1554 3358 compos,ad
1576 3286 1633 3341 id
1655 3291 1794 3341 tunc
1817 3290 1982 3358 coget
2013 3289 2054 3356 C
2094 3289 2390 3344 manubiis
2421 3289 2667 3344 refertis.
2704 3287 2992 3344 Inluderis
3023 3304 3260 3344 erronee
3292 3306 3325 3344 a
3354 3287 3580 3343 sarculis
3630 3305 3749 3359 prae

337 3381 395 3431 et
426 3376 612 3430 isdem
647 3375 739 3442 ¹²¹,
774 3392 877 3430 nec
909 3375 1184 3430 thronum
1215 3380 1410 3430 extare
1441 3374 1553 3430 sibi
1577 3376 1702 3445 jam
1738 3376 1982 3430 inteme-

336 3463 518 3520 rabile
547 3463 731 3536 ponit,
764 3463 1105 3534 hujusmodi
1154 3481 1283 3535 qua:
1334 3465 1563 3519 fuerant
1611 3463 1890 3527 recolens,
1923 3464 1981 3518 ni

335 3552 678 3610 auctoritate
711 3553 1028 3624 priventur.
1057 3553 1366 3608 Provinciae
1388 3559 1527 3607 sunt
1556 3553 1768 3624 quibus
1792 3552 1983 3624 praesi-

336 3643 434 3697 det
463 3659 617 3697 nnus
649 3642 940 3713 princeps,
959 3647 1392 3696 summotenus
1421 3646 1479 3696 et
1509 3640 1720 3695 laeserit
1740 3642 1788 3695 si
1812 3658 1979 3711 quos,

335 3728 758 3802 hyperiphania
786 3734 1131 3801 turgescunt
1163 3729 1398 3784 rumina
1427 3729 1476 3784 si
1507 3730 1978 3799 quidem,veren-

335 3819 476 3873 dum
499 3823 556 3872 et
573 3818 792 3873 adeunt
811 3819 1079 3889 protinus
1096 3818 1423 3874 diademate
1439 3818 1866 3887 trino,incitant
1886 3836 1982 3873 au-

330 3906 482 3962 ferre
515 3906 726 3977 ,impar
755 3907 971 3978 quibus
1005 3905 1223 3978 potitur
1251 3907 1388 3961 dux.
1421 3905 1722 3977 Explicent
1751 3905 1841 3960 sin
1875 3923 1978 3977 po-

333 3996 530 4065 terint,
563 4011 864 4050 recursum
898 4011 968 4050 ne
1001 3995 1212 4050 habere
1239 3995 1310 4049 ad
1343 3996 1575 4066 propria
1617 4000 1674 4050 et
1713 3996 1981 4066 quamvis

329 4083 696 4156 perfecerint,
729 4084 968 4139 tandem
1033 4085 1401 4156 conpetentia
1462 4084 1662 4138 ferent.
1712 4083 1980 4138 Diversae

333 4173 639 4228 nationum
687 4171 841 4227 acies
889 4172 1001 4227 sibi
1044 4171 1415 4243 praeminens,
1446 4171 1736 4242 verbaque
1769 4172 1982 4228 diffusa

330 4263 614 4318 conducet
644 4261 704 4316 in
736 4260 1219 4332 obsequium,nec
1241 4261 1428 4315 vivere
1451 4276 1622 4331 parce
1646 4277 1771 4331 quae
1796 4262 1982 4317 nosci-

2093 3382 2149 3433 te
2183 3379 2250 3414 ¹²⁶
2289 3377 2586 3450 singillata
2641 3380 2684 3412 ²⁷
2716 3379 3072 3433 confundere
3119 3377 3324 3433 sutelis
3363 3378 3448 3433 ηδ.
3484 3377 3752 3432 Exercita

2095 3467 2310 3522 fuerint
2338 3466 2425 3522 vel
2458 3465 2506 3521 si
2538 3468 2742 3531 eﬂ‘usa,
2775 3483 2901 3538 quae
2934 3466 3153 3538 promis
3197 3466 3357 3521 ﬂocci
3413 3465 3746 3537 pandenda,

2091 3561 2299 3610 natura
2327 3560 2384 3610 et
2413 3554 2629 3610 sterilis
2651 3572 2757 3610 sua
2779 3560 2920 3610 tunc
2942 3571 3186 3610 munera
3211 3553 3747 3625 linquat.Summa-

2090 3643 2133 3697 ti
2163 3645 2232 3677 ¹²⁹
2262 3647 2319 3697 et
2348 3642 2476 3697 lixae
2499 3647 2720 3698 statum
2743 3643 2959 3714 poteris
2982 3643 3029 3697 si
3053 3643 3269 3715 ﬁngere
3292 3643 3542 3698 eundem
3564 3643 3745 3698 aethe-

2092 3732 2192 3798 ris,
2245 3736 2300 3786 et
2349 3731 2523 3786 aridae
2575 3733 2662 3798 ¹³⁰,
2716 3732 3028 3803 Cocytique
3078 3749 3263 3786 unum
3306 3733 3368 3766 ¹³¹
3407 3731 3747 3803 prospicere

2092 3820 2306 3891 quibis.
2341 3818 2560 3874 Officiis
2609 3820 2748 3890 quid
2800 3821 3043 3891 derogas
3075 3820 3430 3891 praesidum?
3460 3819 3634 3875 Vales
3666 3837 3741 3875 an

2091 3910 2377 3964 oﬁuscare
2395 3926 2542 3980 quas
2561 3909 2686 3980 ipse
2708 3907 2925 3979 legerat
2943 3925 3174 3964 summe
3194 3913 3398 3980 potens
3430 3908 3753 3964 habentem

2091 3997 2393 4067 subpetias
2428 3998 2496 4030 ¹³²
2524 4001 2588 4050 ut
2618 3996 2848 4051 fulciret
2879 3997 3119 4051 orbem?
3169 3997 3294 4052 Non
3328 3996 3644 4052 malachim
3681 3998 3755 4036 ³³³

2091 4084 2384 4140 conﬁteris
2418 4085 2526 4138 ‘3‘?
2558 4090 2675 4139 Aut
2703 4084 2944 4140 minime
2978 4085 3234 4157 plaudis,
3287 4086 3380 4140 cui
3430 4091 3757 4141 concentus

2091 4174 2290 4228 decem
2308 4173 2536 4228 milium
2556 4173 2850 4245 virginum
2866 4174 2962 4228 dat
2980 4175 3237 4230 hostium
3256 4175 3380 4246 ipse
3395 4174 3765 4246 tropbasum?

2091 4262 2214 4316 Non
2248 4262 2446 4333 potius
2477 4262 2792 4332 hoe,quam
2826 4263 3074 4318 hecaten
3099 4279 3200 4334 per
3227 4263 3765 4335 phoneuma(1658)

1881 4386 2188 4442 GLOSS/E.

400 4482 469 4515 “5
499 4485 774 4558 Honesta.
797 4553 831 4558 _
853 4485 920 4558 “_7
954 4483 1144 4538 Fines.
1226 4483 1643 4558 “3_l)estinan_t.
1727 4484 1795 4518 “9
1825 4485 2001 4558 Terra
2029 4485 2283 4556 propria.
2364 4486 2432 4520 ¹²⁰
2463 4485 2700 4556 Expetet
2731 4486 2803 4540 ad
2839 4502 3086 4557 poenam.
3168 4486 3232 4520 ¹²¹
3272 4487 3420 4558 Ipse.
3502 4486 3573 4520 ¹²²
3608 4486 3758 4541 Pro-

323 4550 615 4629 longatur.
658 4625 672 4629 _
696 4555 766 4588 ¹²³
797 4553 1089 4629 Deducere
1120 4555 1352 4629 proprie
1383 4561 1472 4609 est
1501 4554 1755 4629 amicum
1787 4550 2100 4629 abeuntem
2131 4550 2422 4628 prosequi.
2503 4550 2569 4590 "7‘
2605 4559 2665 4611 In
2697 4574 2811 4628 qua
2839 4550 2954 4612 ista
2983 4563 3259 4628 aguntur.
3299 4550 3316 4558 ’
3341 4557 3434 4592 ¹²⁴⁴
3461 4558 3556 4629 Ad,
3582 4573 3757 4629 eges-

322 4625 870 4699 tatemuperducere.
951 4627 1018 4699 ‘3‘?
1048 4626 1297 4699 Domum
1331 4626 1433 4680 ire.
1505 4627 1581 4699 _"5
1615 4626 1782 4699 Extra
1814 4633 1889 4682 te.
1925 4628 2048 4683 Non
2082 4625 2298 4699 poteris
2320 4625 2585 4698 namque
2616 4625 2937 4698 adprobare
2971 4625 3096 4699 quae
3132 4629 3297 4683 nisus
3326 4645 3388 4683 es
3419 4625 3745 4684 conﬁrma-

324 4710 405 4768 re.
482 4695 548 4728 ¹²⁷
577 4702 870 4768 Separata.
948 4697 1016 4731 ¹²⁸
1048 4698 1313 4761 Astutiis,
1347 4697 1516 4767 quasi
1550 4698 1869 4753 subtilibus
1901 4699 2051 4753 telis.
2085 4695 2098 4699 ’
2133 4701 2200 4734 ¹²⁹
2223 4695 2577 4754 Summates.
2661 4695 2728 4733 13°
2768 4695 3005 4754 Terraaf
3060 4700 3121 4733 ¹³¹
3175 4701 3438 4755 Eundem
3492 4703 3752 4755 statum.

326 4766 394 4799 ¹³²
424 4769 594 4822 Retro
623 4766 932 4838 subpedias.
1010 4770 1080 4802 ¹³³
1115 4767 1316 4823 Libros
1349 4766 1572 4840 regum.
1655 4770 1727 4804 ¹³⁴
1758 4770 2038 4825 Testaris.

1683 4893 1986 4948 SCHOLIA
2029 4894 2118 4948 ET
2158 4893 2388 4949 ΝΟΤίΕ.

2159 5008 2345 5080 (1657)
2370 5009 2660 5064 Carbasus
2691 5025 2875 5081 genus
2917 5008 3026 5064 veli
3069 5009 3401 5064 tenuissimi
3436 5013 3493 5064 et
3522 5009 3767 5080 perspi-

2090 5082 2182 5134 cui
2211 5097 2278 5134 ex
2310 5081 2451 5153 lino.
2488 5086 2639 5135 Bene
2671 5081 2879 5151 sophia
2907 5081 3148 5136 carbaso
3191 5083 3429 5152 tegitur,
3463 5081 3605 5153 quia
3647 5098 3766 5136 nec

2089 5167 2156 5204 ex
2186 5157 2305 5223 toto
2337 5152 2479 5223 latet
2508 5153 2893 5223 sapientibus,
2928 5170 3030 5207 nec
3079 5154 3317 5207 omnino
3375 5152 3769 5223 nudahcons-

2089 5222 2326 5296 picitur.
2354 5221 2726 5278 stultis—vero
2753 5240 2857 5278 nec
2889 5225 2958 5278 ad
2994 5225 3181 5296 ipsius
3234 5225 3408 5278 etiam
3439 5221 3572 5296 iveli
3624 5241 3768 5296 per-

2089 5295 2507 5349 scrutationem
2541 5299 2697 5365 patet
2726 5293 3032 5366 accessus,
3062 5295 3203 5366 quia
3241 5297 3369 5366 ejus
3419 5293 3763 5366 disciplina

2088 5380 2200 5419 non
2236 5371 2619 5436 susceperunt
2649 5366 3033 5421 intellectum.

2158 5437 2342 5509 (1658)
2375 5437 2626 5509 Hecaton
2661 5455 2764 5508 per
2790 5438 3125 5508 phoneuma
3155 5453 3342 5509 genus
3390 5440 3480 5491 est
3526 5436 3770 5509 sacrifi-

2089 5505 2182 5579 cii.
2218 5508 2275 5579 Si
2310 5505 2440 5579 quis
2474 5505 2705 5563 centum
2758 5505 2957 5564 hostes
3021 5505 3430 5573 inter—fecisset,
3475 5507 3650 5562 Marti
3687 5508 3768 5563 de

2087 5575 2749 5647 homine'sacriﬁcabat;
2802 5585 2858 5634 et
2908 5580 3212 5637 dicebatur
3241 5580 3351 5637 hoc
3382 5579 3763 5637 sacriﬁcium

2086 5664 2189 5720 per
2216 5649 2553 5722 phoneuma
2584 5652 2640 5724 (a
2671 5650 2924 5730 φονενω).

340 5005 582 5081 .-(1655)
614 5005 801 5081 Etiam
844 5007 903 5081 in
954 5007 1196 5081 sacratis
1246 5006 1419 5081 locis,
1459 5007 1568 5081 hoc
1599 5011 1688 5062 est
1716 5007 1774 5062 in
1807 5008 1983 5063 eccle-
2012 5017 2057 5081 D

327 5076 570 5150 siis.Pro
605 5077 785 5150 nimia
815 5079 972 5133 enim
1000 5078 1375 5133 multitudine
1407 5078 1663 5133 hostium
1699 5081 1836 5150 quia
1858 5097 1979 5135 cas-

327 5153 418 5202 tra
447 5148 533 5202 vel
568 5149 741 5203 urbes
772 5167 900 5204 raro
931 5151 1278 5205 defendendi
1313 5151 1636 5204 adsumunt
1679 5148 1978 5218 ﬁduciam,

329 5219 557 5292 nobiles
599 5221 826 5274 feminae
861 5222 1226 5292 contemptis
1275 5221 1550 5276 omnibus
1596 5223 1665 5276 ad
1702 5221 1978 5277 ecclesias

327 5289 986 5364 confugiunt,utsaltim
1021 5289 1363 5364 pudicitiam
1393 5292 1536 5364 inibi
1567 5292 1863 5364 religionis
1879 5310 1976 5348 va-

325 5359 482 5415 leant
504 5359 826 5417 reverentia
849 5359 1278 5418 custodire.Sed
1310 5359 1770 5417 nefandissirrius
1793 5363 1979 5419 hostis

327 5448 442 5486 non
473 5449 572 5487 eas
601 5437 831 5488 tantum
863 5435 1182 5500 extrahere,
1217 5435 1317 5489 sed
1350 5435 1492 5489 inibi
1520 5435 1695 5489 etiam
1729 5451 1980 5489 comma-

326 5503 522 5557 culare
556 5507 875 5574 praesumit.

395 5575 581 5648 (1636)
605 5573 809 5628 Cirrati
835 5579 973 5648 sunt
1003 5575 1339 5648 scholastici
1371 5593 1405 5629 a
1433 5576 1598 5631 cirris
1632 5577 1974 5648 capillorum

325 5643 483 5722 dicti.
537 5644 680 5722 Nam
733 5645 1408 5722 antiquitus_s_cholares
1457 5647 1622 5719 pueri
1673 5643 1860 5722 usque
1904 5650 1976 5705 ad

326 5714 781 5777 adolescentiam
812 5714 929 5773 non
959 5717 1375 5776 tondebantur.
