3916 6390
358 352 478 411 875

1387 336 1725 399 ATTONIS
1766 332 2354 396 VERCELLENSIS
2399 332 2753 395 EPISCOPI

3658 326 3789 389 8'16

360 481 527 554 ipsis.
559 479 707 546 Quid
739 476 904 534 taciti
932 487 1145 546 respuo
1177 471 1677 542 nictent,quorum
1710 470 1766 522 et
1797 466 2000 537 frigul-
2033 469 2085 535 Α
2118 469 2324 537 potens
2354 464 2535 536 igitur
2565 479 2739 537 quem
2774 461 2899 554 suis
2928 460 3053 554 vult
3072 462 3368 517 ostentare
3397 458 3669 533 dignum,
3689 459 3781 516 vel

361 572 473 625 tire
502 573 832 637 contemno,
858 564 1194 638 garrireque
1226 558 1395 615 nauci
1418 557 1721 628 pono.Non
1744 554 2009 610 diobola-

363 658 444 713 ris
477 659 548 712 ad
570 656 789 712 nanias
814 654 1014 726 lingua
1036 657 1124 707 est
1146 649 1288 705 mihi
1311 647 1574 702 deﬂuens
1598 661 1831 716 quaque
1854 644 2008 713 inju-

364 748 511 802 rism
546 745 679 801 stilo
710 749 905 799 vestra
933 758 1085 805 meo,
1118 740 1217 794 sed
1250 738 1299 793 si
1331 734 1688 807 syngraphis
1719 737 2007 797 moveant,

366 836 438 890 ad
470 834 736 889 semnion
770 834 834 867 “5°
857 830 1080 903 pagina
1102 832 1220 883 stat
1242 830 1305 881 ut
1333 829 1542 879 nostra
1566 821 2012 878 ducantur.Mea

367 939 546 994 quam
578 939 681 977 nec
708 919 910 976 obelus
941 916 1216 989 signabit,
1247 913 1565 969 merebitur
1595 912 1849 983 (1665)...
1881 926 2013 965 cera

369 1028 524 1066 unus
553 1026 681 1065 esse
702 1007 906 1064 sedula
926 1005 1112 1061 turrix
1133 1005 1199 1040 ίδί
1228 1001 1492 1075 cuspidis
1513 1017 1586 1056 ne
1605 1000 1886 1056 inhareat
1906 1015 2009 1054 no-

368 1115 545 1155 enum
576 1097 772 1168 sigim.

441 1189 526 1242 14.
564 1185 813 1241 Dedistis
842 1184 1018 1239 etiam
1044 1182 1280 1255 populis
1323 1179 1663 1236 blaterando
1697 1178 1834 1234 licet
1865 1193 2012 1249 quos

367 1292 522 1331 nunc
552 1274 754 1329 sedare
779 1288 1067 1328 rumores.
1096 1270 1384 1326 Futilibus
1415 1268 1465 1324 si
1486 1268 1696 1324 deinde
1722 1265 2016 1339 pullulent

365 1364 467 1418 sed
486 1361 947 1433 harpagantibus
966 1360 1033 1395 ¹⁶²
1053 1358 1211 1426 ullis,
1237 1359 1529 1414 urbanum
1546 1356 1604 1411 in
1619 1356 1765 1428 ipsis
1788 1355 2013 1411 dudum

357 1452 485 1523 jam
517 1450 627 1505 erit
655 1454 797 1505 tunc
819 1448 1111 1521 promissa
1129 1447 1302 1503 tueri.
1335 1451 1489 1501 Num
1509 1445 1898 1501 lusciniorum
1925 1442 2012 1513 ⁸⁵³,

365 1544 423 1595 et
451 1539 604 1595 acies
625 1538 934 1594 ﬂosculum
958 1538 1007 1593 si
1030 1537 1107 1593 sit
1128 1534 1531 1609 perpendiculi
1553 1538 1830 1607 pratores
1851 1538 2014 1606 pote-

367 1632 508 1684 runt
524 1627 854 1700 prospicere
870 1628 1017 1684 sudo
1039 1626 1067 1680 ‘?
1083 1627 1279 1681 Eruca
1298 1628 1567 1697 quarunt
1588 1624 1689 1679 sed
1712 1640 1805 1678 am
1815 1622 2016 1678 rodere

368 1733 549 1782 more,
583 1733 698 1771 non
729 1716 884 1787 quod
914 1717 973 1770 in
1002 1731 1101 1770 ore
1132 1732 1305 1786 sapor
1327 1714 1425 1780 sit,
1457 1714 1557 1767 sed
1591 1717 1656 1767 ut
1687 1709 2016 1766 devorando

370 1821 612 1876 pessum
642 1806 802 1871 dent,
832 1803 1115 1858 horticola
1146 1800 1441 1874 repagulis
1470 1816 1575 1871 ego
1606 1816 1752 1870 quos
1776 1800 2017 1853 obstans

371 1893 677 1948 excludere
706 1908 865 1946 curo.
921 1889 1276 1963 Myropolam
1326 1890 1559 1953 adeant,
1592 1886 1830 1958 collyria
1858 1885 2020 1941 dele-

372 1985 535 2053 gant,
551 1985 608 2035 et
637 1979 958 2036 alucinaria
996 1980 1060 2013 ¹⁶³
1080 1982 1332 2036 comant.
1354 1981 1418 2031 ut
1448 1975 1708 2030 lucidum
1727 1980 1857 2045 post
1886 1991 2019 2045 opa-

372 2084 626 2139 cumque
656 2072 982 2123 secernant.
1006 2066 1129 2121 Non
1154 2081 1258 2136 ego
1283 2064 1569 2135 letargum
1593 2079 1804 2133 passus
1828 2062 2021 2116 officia

374 2157 687 2229 prasidum
720 2154 931 2227 pellere
954 2170 1265 2226 prasumo,
1291 2153 1391 2208 sed
1418 2169 1530 2206 non
1556 2151 1898 2207 temeranda
1919 2167 2022 2204 ca-

373 2244 545 2316 stigo.
578 2244 774 2315 Inepte
803 2243 957 2316 quod
984 2240 1156 2297 retuli
1173 2242 1300 2311 jam
1325 2241 1464 2310 quia
1484 2256 1656 2311 grave
1678 2243 1766 2294 est
1787 2238 2017 2293 comicii

373 2333 649 2388 scandere
679 2348 1003 2399 summum,
1037 2329 1320 2402 captivam
1357 2334 1413 2383 et
1444 2328 1716 2400 subigere
1745 2327 2017 2398 patriam,

377 2421 742 2491 alterumque
773 2419 1011 2475 frustari
1042 2419 1208 2473 solio.
1233 2418 1445 2472 Pornia
1480 2417 1545 2451 ³⁸⁵
1575 2421 1633 2470 et
1662 2416 1857 2488 prada
1887 2414 2020 2485 quis

373 2510 483 2564 hoc
513 2508 621 2564 etsi
654 2509 896 2579 deneget
918 2508 1028 2562 erit
1054 2525 1067 2573 ;
1093 2506 1304 2578 pellere
1326 2506 1644 2577 primatum
1671 2504 1864 2576 potius
1895 2520 2020 2559 am-

374 2596 609 2670 plexum
634 2602 722 2652 est
742 2613 920 2667 quam
944 2594 1448 2666 auferrejugalem
1469 2595 1679 2648 ducere
1726 2593 2020 2663 inelegum

373 2690 461 2741 An
493 2686 673 2741 levius
705 2702 739 2740 a
769 2684 1001 2756 proprio
1035 2701 1149 2738 non
1176 2684 1284 2738 fert
1312 2681 1509 2737 exulat
1540 2682 1639 2752 qui
1672 2680 1874 2735 limine
1902 2688 2018 2735 tra-

354 2759 818 2845 lctus,premitur
838 2772 900 2826 in
921 2772 1141 2843 ipso,ut
1163 2770 1426 2839 laborm“,
1443 2788 1619 2842 quam
1641 2770 1737 2841 qui
1764 2770 2021 2825 rusticus

377 2861 617 2917 alterius
648 2860 792 2915 inibi
824 2860 1181 2914 condensare
1228 2876 1464 2931 promos
1498 2860 1582 2924 “5",
1618 2876 1765 2930 quos
1793 2864 2018 2913 struxe-

377 2954 467 3004 rat
495 2949 605 3004 sibi
642 2964 711 3003 ne
733 2948 997 3003 mordeat
1024 2946 1157 3001 inde
1180 2948 1349 3017 cujus
1381 2948 1602 3018 absque
1624 2948 1760 3017 jure
1781 2963 2019 3018 parum-

376 3037 525 3107 per?
557 3036 883 3091 Vadatusve
924 3034 1263 3090 nummellis
1308 3036 1393 3101 ‘58,
1439 3042 1497 3090 et
1528 3036 1871 3105 abstemius,
1904 3035 2021 3090 sint

376 3126 517 3180 dum
540 3124 735 3179 diruta
755 3129 985 3179 cuncta.
1011 3124 1197 3179 Saviis
1221 3122 1319 3195 qui
1344 3123 1639 3195 propriam
1661 3124 1846 3178 cernit
1868 3122 2019 3178 mul-

2121 570 2424 623 procerum
2461 571 2579 608 una
2607 552 2816 624 quarit
2844 550 3110 607 omnium
3147 564 3489 621 promovere
3518 564 3782 605 conven-

2119 651 2236 707 tus,
2261 645 2429 712 juvat
2461 648 2516 697 et
2545 658 2720 713 quem
2747 640 2974 713 patrius
2996 656 3162 694 amor
3193 639 3265 694 ad
3289 638 3347 693 id
3372 638 3645 703 decorus,
3678 655 3788 694 va-

2119 735 2346 786 cantem
2365 732 2448 786 fas
2471 736 2561 786 est
2581 730 2895 786 ascendere
2916 729 3355 793 thronum,eum
3385 727 3785 783 antestat.Sed

2119 824 2318 889 caveat
2347 821 2501 892 quod
2535 820 2748 892 populo
2795 835 2866 874 ne
2915 817 3143 873 dividia
3193 821 3482 884 crescant,
3513 816 3643 887 ejus
3675 817 3783 871 sed

2120 924 2422 978 ascensus,
2446 907 2751 980 justitium
2786 910 2843 962 et
2865 906 2914 961 si
2936 906 3013 962 sit
3036 910 3333 962 removeat
3354 921 3548 961 omne.
3575 906 3664 960 Ad
3691 921 3783 961 re-

2121 1013 2303 1070 gnum
2334 997 2627 1053 evaserint
2656 995 2758 1067 qui
2806 994 2912 1050 tali
2957 994 3203 1065 satione,
3238 993 3465 1050 felicem
3498 996 3784 1065 poterunt

2126 1086 2353 1141 beando
2384 1086 2538 1141 diem
2572 1085 2814 1141 forsitan
2838 1084 3088 1156 patriam
3110 1082 3371 1139 obtinere
3402 1098 3780 1154 supremum.

2124 1175 2472 1248 Tyrannidis
2497 1174 2653 1230 exuti
2682 1174 2846 1229 luent
2875 1189 3107 1245 panem
3129 1172 3524 1245 cateri,quam
3557 1175 3616 1227 et
3644 1188 3786 1244 pro-

2120 1268 2426 1320 traxerunt
2474 1264 2747 1333 tenendo,
2797 1264 3124 1336 pandecten
3150 1262 3215 1297 ¹⁷⁰
3246 1276 3509 1317 reserare
3537 1261 3782 1332 poterit,

2122 1358 2388 1409 ramenta
2416 1354 2480 1389 ¹⁷¹
2516 1353 2631 1407 hac
2661 1352 2721 1407 in
2742 1353 3052 1424 gymnasia
3073 1350 3239 1407 vobis
3268 1369 3281 1419 ;
3309 1349 3582 1406 millenas
3611 1353 3671 1406 et
3693 1349 3783 1405 fa-

2124 1442 2240 1497 cies
2274 1443 2342 1478 m
2375 1443 2544 1512 cujus
2571 1442 2619 1496 si
2650 1439 2937 1496 revolvere
2969 1440 3175 1512 placet,
3202 1456 3316 1495 non
3339 1438 3564 1495 obicem
3593 1453 3786 1510 oppo-

2125 1534 2223 1586 net
2250 1530 2399 1586 meis
2427 1529 2701 1597 testibus,
2731 1530 2833 1585 sed
2865 1529 3102 1601 scriptis
3134 1528 3261 1601 ipse
3291 1530 3612 1584 succurret.

2196 1620 2281 1673 15.
2318 1623 2393 1673 At
2421 1623 2487 1674 ut
2514 1620 2586 1674 ad
2610 1620 2771 1691 ipsos
2792 1619 3010 1688 redeat,
3035 1635 3183 1691 quos
3206 1623 3527 1691 pranotare
3549 1618 3777 1674 curatis

2125 1706 2185 1761 in
2219 1705 2424 1762 faciem
2457 1708 2525 1742 “3
2557 1706 2931 1774 stilus,Isai,o
2956 1706 3232 1779 pelingna
3255 1708 3323 1742 ¹⁷³
3346 1707 3787 1779 cohors,proles

2128 1812 2198 1850 an
2234 1796 2673 1867 proespiraverat
2703 1812 2891 1867 usque
2912 1795 2972 1850 in
2995 1794 3317 1867 scipionem
3341 1797 3527 1867 (1666)
3550 1800 3785 1850 mutare

2128 1884 2622 1956 pedum,videntis
2643 1884 2785 1939 dum
2816 1884 3078 1939 oratione
3102 1885 3333 1956 mystici
3356 1885 3602 1956 quasita
3623 1883 3784 1939 chri-

2130 1973 2336 2029 smatis
2366 1972 2423 2027 in
2459 1972 2671 2028 vertice
2694 1974 2771 2029 sit
2791 1973 3004 2028 virtute
3033 1972 3273 2044 pralata
3290 1973 3318 2027 ‘I
3337 1973 3784 2042 Ezechiam,Jo-

2130 2062 2399 2132 siamque
2421 2061 2655 2133 genitali
2683 2061 2970 2133 prodiisse
2991 2060 3205 2133 populo
3230 2060 3418 2116 recolo
3443 2061 3669 2116 favente
3693 2078 3785 2118 re-

2130 2167 2269 2223 gum
2301 2169 2335 2205 a
2367 2150 2653 2222 sanguine
2674 2167 2857 2222 reges.
2883 2149 3101 2206 Helena
3132 2167 3245 2205 non
3278 2152 3406 2221 ejus
3429 2149 3686 2221 genitrix
3710 2167 3787 2205 an

2132 2240 2294 2311 regni
2313 2240 2501 2295 fuerat
2517 2240 2744 2312 genitor
2760 2241 2928 2311 cujus
2948 2240 3008 2294 in
3024 2240 3159 2295 sede
3176 2238 3408 2311 sopitus
3420 2237 3447 2291 ?
3464 2238 3789 2293 consedere

2131 2329 2272 2383 dum
2287 2334 2483 2400 ageret
2496 2329 2604 2384 sibi
2621 2328 2804 2384 voluit
2820 2329 2975 2399 quod
2997 2328 3360 2400 providentia
3376 2332 3579 2384 natum
3596 2327 3791 2398 (1667)

2134 2417 2423 2473 militibus
2454 2417 2743 2490 Hispania
2773 2417 2946 2473 claris
2990 2422 3079 2472 est
3108 2421 3166 2471 et
3196 2416 3563 2472 Theodosius
3591 2419 3788 2484 ortus,

2131 2507 2346 2562 auxilio
2370 2510 2564 2561 tutum
2588 2506 2761 2578 primi
2780 2524 2815 2561 a
2836 2505 3102 2561 barbaris
3126 2506 3222 2577 qui
3249 2504 3503 2560 reddidit
3519 2505 3789 2560 numinis

2130 2597 2353 2651 orbem.
2388 2595 2627 2650 Iudiciis
2652 2595 2909 2667 primum
2933 2596 3004 2649 ad
3030 2611 3265 2649 summa
3286 2610 3419 2649 cum
3452 2594 3791 2650 intenderat

2130 2701 2194 2739 se
2225 2700 2458 2755 quoque
2490 2682 2689 2747 levari,
2727 2682 2957 2738 Meletio
2989 2684 3199 2754 (1668),
3243 2682 3508 2755 inquam,
3537 2700 3570 2738 a
3600 2683 3787 2755 probo

2129 2771 2187 2826 in
2218 2775 2477 2826 oramate
2508 2787 2570 2825 se
2598 2787 2843 2826 cernens
2873 2771 3105 2841 imperii
3141 2771 3419 2826 indutum
3450 2770 3781 2841 chlamyde,

2129 2864 2497 2930 stemmaque
2529 2860 2748 2914 ferente
2778 2858 3123 2931 impositum
3148 2876 3162 2927 ;
3187 2859 3442 2915 invisum
3470 2859 3582 2915 sibi
3610 2859 3787 2915 inda-

2130 2948 2264 3020 gine
2293 2948 2481 3019 potuit
2510 2953 2643 3003 ante
2673 2964 2790 3019 qua
2819 2962 3059 3002 noscere
3089 2946 3532 3015 eundem,nullo
3565 2948 3784 3015 indice,

2129 3052 2263 3091 eum
2290 3037 2644 3107 quandoque
2667 3037 2795 3105 ejus
2812 3035 3174 3108 conspiceret
3192 3036 3420 3090 vultum
3447 3036 3653 3108 (1669).
3675 3038 3789 3101 Qui

2130 3141 2265 3179 mox
2296 3130 2598 3196 promotus
2620 3125 2691 3179 ab
2714 3123 3062 3195 imperatore
3085 3123 3361 3179 Gratiano
3387 3141 3628 3179 consors
3658 3125 3790 3180 effi-

375 3230 504 3269 cere
536 3220 887 3278 matronam,
920 3220 977 3267 et
1006 3230 1122 3267 sua
1149 3217 1419 3284 nepotem
1463 3211 1691 3266 familia
1724 3211 1775 3265 vi
1807 3212 2023 3268 sentiat
2054 3198 2098 3266 C
2134 3214 2304 3284 citur,
2329 3212 2473 3268 visio
2500 3213 2653 3284 quod
2674 3213 2803 3284 ipsa
2826 3212 3120 3269 monebat.
3147 3213 3544 3286 Urguentibus
3567 3213 3797 3269 interea

375 3318 748 3373 corrumpere
776 3302 1167 3373 hymenaeum,
1192 3317 1394 3357 earum
1416 3301 1557 3371 quin
1578 3302 1755 3356 etiam
1780 3306 1836 3356 et
1864 3301 2024 3357 delu-

378 3392 513 3445 dere
544 3406 750 3462 procos
781 3407 882 3460 spe
905 3389 1182 3445 clientela
1206 3391 1445 3445 seducta
1465 3395 1687 3463 Arguat
1707 3389 1887 3461 aliqui
1910 3390 2020 3445 dif-

377 3477 549 3544 ﬁcile,
580 3479 628 3533 si
669 3478 791 3533 hrc
839 3485 955 3545 est;
998 3478 1267 3532 invadere
1322 3493 1587 3548 regnum.
1642 3476 1921 3532 Polenum
1956 3479 2022 3512 ¹⁶⁹

378 3568 532 3638 quod
558 3566 694 3621 hinc
716 3571 821 3636 est,
842 3567 931 3621 cui
958 3567 1263 3621 oriendum
1282 3566 1534 3620 delectat
1554 3567 2025 3637 oppetetinterea

378 3656 545 3724 forte,
578 3656 968 3726 barathroque
1000 3656 1256 3710 decedet.
1287 3654 1479 3709 Inhiat
1507 3654 1832 3725 descriptos
1854 3660 2018 3711 cate-

377 3744 460 3800 ris
490 3744 591 3799 sed
622 3743 723 3816 qui
753 3760 957 3814 parare
987 3760 1277 3808 maerores,
1307 3746 1599 3798 Avernum
1630 3748 1732 3797 aut
1770 3742 2019 3816 ignorat,

379 3832 712 3904 impavidus
742 3837 846 3887 aut
875 3836 1160 3903 expectat.
1196 3834 1378 3897 Quem
1408 3833 1534 3904 ipse
1563 3831 1834 3887 omnium
1866 3838 2024 3888 sator

376 3922 565 3977 volvet
592 3921 652 3976 in
676 3921 1123 3990 sententiam,nt
1150 3921 1220 3976 ab
1246 3922 1353 3976 hoc
1376 3921 1639 3977 discedat
1659 3936 1777 3975 avo
1799 3920 2023 3992 ignobi-

375 4010 450 4068 lis
481 4011 805 4082 subeatque
826 4010 1006 4066 futuri
1031 4008 1408 4082 supplicium.
1426 4009 1815 4082 Prognosticis
1838 4010 2023 4066 omni-

2136 3302 2465 3374 bellis,qua
2494 3303 2660 3373 isque
2692 3302 2935 3366 sedavit,
2973 3301 3336 3375 aquivoeum
3362 3307 3420 3357 et
3444 3302 3579 3359 inde
3610 3320 3795 3359 suum

2132 3398 2400 3463 nepotem
2415 3391 2639 3447 meritis
2651 3390 3102 3463 equipedantem
3120 3390 3435 3463 tranquille
3458 3391 3642 3463 patris
3666 3393 3798 3447 avi-

2132 3498 2245 3552 que
2275 3480 2468 3535 decuit
2497 3480 2813 3535 subsedere
2841 3479 3145 3534 thronum.
3166 3480 3435 3535 Provenit
3465 3479 3640 3535 alicui
3675 3481 3792 3538 hac

2131 3570 2179 3624 si
2203 3569 2262 3623 in
2286 3585 2490 3623 norma
2513 3568 2705 3639 regale
2718 3567 3016 3634 solium,et
3036 3568 3086 3622 si
3104 3568 3321 3636 sedeat,
3343 3568 3500 3623 hunc
3508 3569 3636 3640 jam
3666 3587 3790 3625 non

2131 3655 2305 3727 culpa
2334 3656 2574 3722 tenebit,
2590 3656 2662 3710 ad
2689 3655 3013 3725 majestatis
3042 3660 3229 3711 semet
3258 3660 3430 3710 tanta
3461 3663 3700 3713 censeat
3728 3659 3786 3714 si

2131 3746 2399 3799 sufﬁcere
2420 3759 2631 3799 nomen
2657 3760 2671 3810 ;
2696 3743 2939 3799 minime
2962 3760 3065 3815 pro
3089 3760 3204 3814 quo
3228 3744 3329 3799 sed
3347 3744 3563 3815 jubilet
3588 3747 3789 3803 adhuc

2131 3849 2193 3888 se
2226 3848 2460 3888 manere
2498 3846 2793 3887 securum.
2854 3832 3133 3903 Auspicia
3179 3831 3456 3903 supplent
3505 3834 3631 3890 solo
3669 3853 3794 3893 non

2131 3923 2385 3993 prabere
2411 3919 2658 3991 felicem,
2706 3920 2807 3976 sed
2848 3920 3212 3977 incrementa
3265 3927 3559 3995 quarunt,
3609 3926 3800 3998 digna

2131 4010 2267 4067 licet
2292 4010 2567 4067 existant.

1921 4208 2230 4266 GLOSSIE.

369 4362 649 4433 qualitate
682 4363 808 4419 soni
843 4362 1077 4419 dicitur.
1160 4361 1225 4395 ¹⁶⁰
1256 4358 1492 4416 Semnio
1526 4358 1738 4430 Greca,
1772 4360 1974 4419 Latine
2023 4360 2494 4418 conventiculum
2545 4359 2927 4418 honestorum
2961 4362 3193 4419 dicitur.
3274 4365 3341 4400 ¹⁶ί
3375 4363 3691 4419 Herierunt
3720 4365 3788 4422 in

367 4432 578 4488 lacuna
627 4435 855 4506 glossa.
899 4505 902 4506 ν
940 4436 1018 4506 ιδεμ
1042 4433 1475 4506 Excolepsibus.
1556 4434 1621 4465 "’3
1653 4434 1910 4489 Luscinii
1943 4435 2219 4506 dicuntur
2258 4434 2317 4489 in
2351 4435 2444 4490 die
2494 4450 2702 4506 parum
2734 4435 3017 4491 videntes.
3095 4436 3162 4470 ¹⁶⁴
3190 4434 3346 4491 Vasa
3375 4436 3697 4491 somniaria
3726 4444 3791 4493 et

368 4504 942 4578 o‘bs_eura,'conopeis
974 4504 1209 4578 similia.
1234 4505 1519 4578 Dicuntur
1538 4509 1733 4559 autem
1768 4505 2091 4561 alucinaria
2120 4506 2290 4578 quasi
2320 4523 2354 4560 a
2376 4504 2509 4561 luce
2526 4504 2729 4578 al_ia,id
2753 4511 2843 4562 est
2863 4506 2992 4563 luce
3019 4507 3255 4578 privata.
3339 4507 3406 4543 1⁸⁸
3430 4506 3783 4578 Fornicatio.

370 4576 436 4609 ¹⁶⁵
468 4576 1107 4651 li‘ortis_m_ereenarius_.
1182 4577 1247 4651 “f7
1280 4577 1364 4631 Ita
1393 4577 1518 4651 cod.
1549 4580 1622 4651 At
1647 4578 1907 4651 Mansius
1936 4578 2158 4651 primos.
2212 4577 2346 4632 MAI.
2430 4578 2494 4612 1⁸⁸
2525 4576 2773 4651 Vincula
2814 4576 3031 4651 quibus
3061 4578 3498 4651 quadrupedes
3530 4577 3781 4651 alligan-

365 4651 482 4705 tur.
564 4648 630 4681 ¹⁶⁹
661 4648 905 4701 Bellum.
986 4648 1052 4681 ¹ῖ⁰
1075 4648 1378 4715 Pandecte,
1402 4647 1548 4702 liber
1568 4648 1746 4703 Vetus
1775 4654 1833 4703 et
1849 4649 2071 4705 Novum
2088 4649 2535 4704 Testamentum
2558 4647 2884 4704 continens.
2963 4650 3028 4685 ¹⁷¹
3065 4647 3423 4705 Ramentum
3446 4648 3560 4706 dici
3580 4647 3783 4707 volue-

363 4721 498 4771 rant
527 4718 752 4789 antiqui
787 4718 958 4789 quasi
989 4718 1285 4788 quoddam
1317 4718 1687 4790 projeticium
1719 4723 2192 4792 purgamentum.

2275 4721 2343 4756 172
2379 4720 2556 4776 F01ia.
2634 4719 2995 4792 Specialiter.
3075 4722 3141 4755 ‘7‘
3171 4721 3381 4777 Stulta.

1704 4917 2007 4974 SCHOLIA
2043 4918 2135 4974 ET
2176 4915 2414 4971 ΝΟΤιἘ.

648 5063 951 5139 Perierunt
979 5068 1154 5123 verba
1185 5067 1422 5139 aliquot.
1460 5068 1595 5122 MAI.

425 5132 611 5212 (1666)
642 5132 1401 5212 Scipio_virga_regalis'est.
1437 5139 1680 5212 Romani
1709 5140 2000 5211 siquidem

355 5209 676 5285 scipionem
695 5209 978 5262 vocabant
990 5210 1212 5285 virgam
1228 5227 1406 5285 quam
1421 5209 1853 5285 triumphantes
1868 5228 2001 5285 cum

353 5278 672 5394 ggeptroin
697 5294 873 5331 manu
898 5278 1197 5349 gerebant,
1221 5278 1292 5335 ad
1341 5278 1725 5338 imitationem
1750 5282 2001 5338 victoria

429 5359 663 5410 lplonlS.

423 5411 938 5494 (1667)”Constans
997 5422 1152 5474 enim
1208 5421 1524 5494 imperator
1578 5422 1763 5478 ﬁlium
1823 5438 1999 5478 suum

348 5480 801 5620 Eggsgapiinum
833 5490 1023 5544 favore
1067 5492 1266 5563 populi
1294 5480 1476 5547 Etiam
1526 5510 1724 5549 secum
1757 5511 1999 5565 regnare

532 5569 563 5605 u
598 5572 609 5606 ι
646 5595 657 5607 .

420 5595 901 5712 ngiuélll/Ieletius
949 5630 1185 5712 quidem
1229 5634 1543 5712 episcopus
1584 5636 1694 5712 fuit
1724 5635 1996 5712 Sebastes

344 5691 632 5754 Asmenia
662 5697 931 5771 civitatis,
967 5691 1070 5773 qui
1100 5691 1306 5762 meritb
1337 5691 1668 5763 sanctitatis
1699 5706 1994 5764 maximus

2038 5076 2083 5140 D
2119 5069 2191 5124 ab
2204 5069 2481 5123 omnibus
2495 5066 2816 5140 dicebatur.
2836 5070 3046 5123 Postea
3065 5067 3243 5124 etiam
3258 5068 3331 5123 ad
3344 5067 3777 5127 Antiochenam

2116 5140 2439 5195 translatus
2472 5142 2561 5191 est
2591 5137 2919 5192 ecclesiam.

2185 5211 2370 5278 (1669)
2402 5208 2769 5263 Theodosius
2792 5224 2927 5263 cum
2950 5225 2984 5262 a
3003 5207 3277 5262 Gratiano
3300 5208 3651 5279 imperatbre
3673 5212 3773 5267 di-

2113 5288 2305 5336 rectus
2338 5283 2540 5334 contra
2597 5279 2875 5334 barbaros
2931 5278 3377 5349 triumphasset.
3430 5280 3574 5335 vidit
3613 5298 3675 5336 se
3705 5283 3772 5341 in

2110 5350 2391 5425 somnis_a
2410 5349 2635 5405 Meletio
2659 5349 2930 5425 episcopo
2956 5348 3244 5425 imperiali
3268 5367 3427 5425 more
3449 5358 3722 5425 ornatum
3750 5376 3768 5425 ς

2109 5427 2164 5477 et
2197 5439 2309 5477 non
2347 5422 2516 5493 longe
2546 5428 2678 5495 post
2699 5422 2770 5476 ab
2790 5420 2997 5495 eodem
3024 5420 3296 5476 Gratiano
3320 5423 3392 5477 ad
3415 5423 3646 5495 imperii
3670 5420 3774 5481 su;

2109 5499 2346 5574 sceptus
2377 5492 2753 5574 est_culmen.
2780 5494 2891 5549 Sed
2917 5499 3117 5574 postea
3138 5508 3272 5574 cum
3296 5492 3588 5574 synodum
3621 5494 3775 5552 Con-

2112 5564 2552 5638 stantinopolim
2585 5569 2827 5638 (centum
2861 5563 3767 5638 quinquaginta,episcoporum

2106 5633 2460 5707 congregare
2490 5634 2742 5707 fecisset,
2776 5633 2936 5690 nullo
2969 5633 3274 5706 prodente,
3308 5633 3461 5694 inter
3479 5633 3687 5694 omnes
3705 5645 3767 5695 et

2104 5705 2350 5767 sola—sui
2359 5705 2572 5765 somnii
2585 5707 2868 5765 memoria
2883 5705 3132 5766 eundem
3148 5708 3418 5784 cognovit
3435 5706 3759 5779 Meletium.
