3916 6396
361 395 480 455 879

1390 384 1725 445 ATTONIS
1772 378 2355 443 VERCELLENSIS
2403 378 2758 443 EPISCOPI

3664 375 3781 439 880

362 527 612 581 eundem
644 539 760 578 non
790 537 963 593 expes
993 519 1253 592 ﬂagitare
1283 519 1533 581 deserat,
1568 531 1672 570 nec
1702 515 1760 570 in
1783 519 2010 586 egesta-
2040 516 2093 582 Α
2125 513 2342 584 figulus
2373 513 2498 586 ipse
2530 513 2739 585 plastis
2783 512 2986 584 (1683).
3042 508 3380 566 Formulam
3410 513 3467 566 et
3497 509 3549 566 si
3578 510 3778 583 perﬁci

362 618 420 669 te
448 613 829 683 blasphemet,
863 612 1103 683 ignarus
1125 626 1241 680 qua
1283 608 1361 662 sit
1390 605 1677 660 sententia
1709 608 1902 658 tactus
1920 604 2006 661 ²⁰⁰.

361 701 677 773 Inopinatae
730 704 1027 770 nequeunt
1075 713 1214 752 num
1264 695 1572 750 succedere
1626 693 1780 746 vices
1813 692 1839 744 ‘I
1887 693 2008 746 Prae

362 806 423 846 se
456 792 520 824 ²⁰¹
557 790 886 846 cenodoxus
916 787 1100 841 inhiet
1130 787 1364 856 cgratus
1398 783 1487 852 ³0³,
1532 797 1669 836 nam
1702 781 1750 835 si
1781 781 2008 834 auctio-

361 879 491 934 nari
517 879 585 912 ²⁰³
613 877 790 934 crinis
838 877 908 910 ²⁰⁶
936 875 1030 929 hic
1075 874 1257 929 elisus
1313 871 1543 942 poterit,
1598 869 1887 940 ereboque
1917 883 2009 924 re-

359 967 538 1021 trudi.

433 1055 518 1108 18.
577 1052 853 1123 Patagine
909 1051 1094 1121 (1679)
1152 1050 1430 1122 profusus
1482 1049 1613 1104 hem
1667 1047 1872 1118 (1680),
1906 1047 2002 1101 sed

360 1142 498 1214 quid
531 1158 655 1211 ego,
690 1140 969 1211 praeconis
1003 1140 1190 1194 instar
1220 1138 1558 1210 emphatici,
1592 1137 1875 1208 explicare
1907 1152 2009 1190 sae—

359 1229 473 1285 culi
504 1230 732 1284 dianam
761 1229 828 1263 ²⁹⁵
859 1227 1158 1299 liquentis,
1205 1227 1424 1282 diserta
1453 1227 1625 1296 cujus
1656 1241 1760 1280 nec
1813 1223 2009 1295 glossa

357 1319 560 1374 suffert
576 1316 837 1372 conicere
858 1317 1092 1372 morbos
1113 1317 1140 1370 ?
1162 1316 1271 1371 Sed
1295 1314 1525 1386 languit
1545 1313 1803 1368 deterius
1828 1329 2008 1383 quon-

357 1407 492 1460 dam
516 1405 656 1459 dum
683 1404 929 1460 clinicus
945 1419 1218 1475 canoque
1241 1401 2004 1474 depressus,congeminans

354 1493 592 1548 threnos
623 1494 845 1548 defreta
874 1494 940 1527 ²⁰⁶
974 1495 1098 1563 jam
1152 1491 1338 1547 salute
1371 1491 1622 1545 tabebat.
1675 1490 1778 1544 Cui
1829 1506 2004 1560 super

353 1582 588 1636 astabat
636 1582 931 1636 morsibus
984 1582 1159 1635 etiam
1214 1579 1601 1651 protocleptcs
1635 1581 1699 1612 207
1733 1578 1999 1633 demoliri

351 1669 587 1725 virosis.
652 1671 886 1724 Interim
930 1670 1143 1724 adtrito
1193 1668 1508 1740 respiciens
1546 1668 1841 1729 subvenit,
1875 1665 2006 1719 vola

347 1759 932 1830 sedquiconlinierat
966 1758 1186 1828 ipsum,
1220 1757 1476 1811 excussit
1508 1758 1578 1810 ab
1598 1771 1694 1809 ore
1712 1755 2000 1823 ejusdem,

351 1851 410 1901 et
436 1864 570 1902 eum
603 1863 777 1917 quem
821 1847 994 1901 etiam
1024 1846 1318 1901 edcntavit
1358 1845 1424 1878 903
1456 1844 1684 1898 evirans
1725 1844 1810 1908 209,
1841 1841 1999 1896 solu-
2033 1880 2078 1943 B

353 1940 601 2006 tumque
630 1934 953 1989 resolidans
976 1934 1287 2002 mundum,
1319 1938 1445 1988 tum
1479 1938 1535 1987 et
1566 1936 1719 1986 stare
1751 1930 2003 1985 ﬁrmavit

353 2023 668 2078 elumbem.
704 2023 965 2078 Innotuit
996 2023 1233 2076 vitanda
1256 2022 1426 2090 cujus
1449 2021 1666 2091 pariter
1696 2024 1752 2074 et
1787 2020 2004 2074 utenda

353 2110 548 2166 saluti.
573 2109 734 2176 Quod
761 2111 900 2181 quia
920 2115 1346 2180 transgressus,
1372 2108 1560 2164 noxiis
1584 2107 2001 2174 communicat,

351 2198 747 2271 salutariaque
771 2204 1018 2265 recusat,
1045 2198 1180 2253 hinc
1200 2198 1515 2252 recidivare
1538 2197 1751 2251 totiens
1775 2196 2002 2266 conspi-

350 2287 520 2342 citur.
552 2288 724 2342 Ponit
753 2288 852 2342 sed
884 2293 939 2341 et
991 2287 1116 2357 ipse
1168 2285 1454 2340 medelam
1511 2284 1755 2355 ingratis
1811 2284 2001 2355 opifex

349 2375 616 2430 medicus
637 2374 845 2430 salutis
859 2379 914 2430 et
931 2379 1151 2429 auctor.
1169 2374 1459 2428 Antidotis
1477 2373 1761 2445 impensis
1787 2373 2003 2443 pariter

349 2467 406 2518 et
428 2463 754 2535 lixopyritis
780 2464 850 2498 ²¹⁰
873 2462 1053 2517 tensis
1079 2478 1332 2534 persaepe
1350 2463 1498 2532 jam.
1523 2462 1688 2516 Nunc
1717 2462 2002 2516 instanter

349 2567 607 2618 oremus,
639 2567 700 2606 se
727 2567 969 2606 manum
993 2551 1268 2617 retrahat,
1286 2550 1372 2605 vel
1397 2550 1753 2621 cbirurgiam
1773 2553 2000 2621 premat

348 2639 539 2694 adhuc
571 2639 764 2695 furore
786 2643 1000 2705 motus,
1045 2639 1147 2693 sed
1190 2638 1420 2709 delegat
1450 2642 1749 2706 unguenta
1771 2653 1804 2691 a
1834 2653 1998 2691 sum-

349 2727 462 2782 mis
495 2728 847 2798 dynamidiis
880 2728 1062 2798 (1681)
1095 2727 1367 2781 infundat
1397 2731 1454 2781 et
1479 2726 1663 2793 liniat,
1698 2726 1913 2796 quibus
1943 2729 2000 2780 et

348 2815 590 2886 repellat
624 2816 853 2870 tabiﬁca
881 2859 893 2882 ,
928 2815 1236 2886 chirurgiae
1268 2815 1490 2869 venerit
1521 2815 1676 2868 sacio
1709 2816 1775 2848 ²¹¹
1811 2814 1903 2868 his
1936 2818 1999 2868 ut

348 2920 482 2958 cum
538 2905 834 2959 modicum
893 2905 1073 2958 dilata
1126 2919 1363 2958 exurere
1398 2903 1670 2972 inveniat,
1725 2903 1877 2973 quod
1899 2902 1996 2957 vel

348 3009 544 3048 secare
571 2997 910 3064 praesumat.
941 2993 1022 3046 Ne
1053 2992 1265 3047 Christi
1297 2991 1488 3046 dicata
1525 2990 1780 3045 thalamo
1812 2992 1993 3060 (1:382)

347 3082 556 3136 deﬂeat
584 3081 972 3152 praesegmina
992 3081 1086 3145 ‘3”,
1123 3080 1368 3151 mystica
1389 3096 1516 3150 quae
1550 3079 1911 3134 mnasiterna
1927 3080 1995 3112 ²¹³

342 3169 502 3224 lavit.
535 3169 731 3232 Quibit
760 3168 1062 3223 medicina:
1111 3185 1291 3239 capax
1324 3168 1520 3222 nullus
1569 3184 1697 3222 esse
1746 3169 1992 3239 peritus,

2121 618 2221 673 per
2252 603 2571 658 humanam
2593 603 2750 674 quod
2768 602 3037 666 fateatur,
3069 599 3338 654 almusin
3356 616 3424 656 ea
3455 604 3655 656 manet
3677 600 3778 671 qui

2119 692 2361 764 spiritus
2393 693 2448 746 id
2482 697 2677 747 tamen
2712 691 3032 759 ministrat,
3068 705 3211 760 pure
3244 689 3294 743 si
3331 689 3427 743 cui
3459 688 3779 744 famuletur

2117 780 2177 834 in
2211 798 2420 848 aevum,
2453 781 2524 836 ab
2557 779 2657 835 illa
2680 779 2985 835 devenient
3005 793 3318 850 prosperea
3341 794 3586 850 quaeque
3608 777 3774 834 ﬁant.

2117 867 2448 924 Sceleribus
2482 869 2617 924 inde
2657 868 2825 924 citus“
2859 873 2917 923 et
2942 867 3126 938 fugiet
3183 867 3231 922 si
3289 866 3776 939 commulgaverit

2118 958 2191 993 91‘
2222 961 2426 1013 semet.
2461 957 2704 1013 Actibus
2735 958 2965 1012 deserta
2992 959 3133 1011 tunc
3164 954 3296 1010 ilico
3319 972 3453 1010 cum
3485 956 3610 1012 suis
3643 973 3772 1028 quae

2119 1063 2238 1102 una
2267 1047 2499 1118 peribit,
2535 1046 2594 1101 ni
2626 1063 2688 1102 se
2720 1048 2790 1101 ab
2822 1046 2967 1117 ipsis
2998 1045 3284 1113 eruderet,
3313 1050 3371 1101 et
3394 1049 3457 1102 ut
3482 1050 3614 1102 ante
3636 1063 3775 1102 con-

2117 1135 2308 1190 sistat.

2189 1225 2276 1278 19.
2312 1224 2470 1279 Hanc
2502 1225 2656 1279 unde
2685 1224 2954 1296 congruit
2983 1223 3235 1295 Augusti
3287 1227 3487 1278 caveat
3535 1223 3634 1294 qui
3667 1240 3777 1296 po-

2117 1313 2210 1368 tiri
2237 1330 2544 1378 censuram
2580 1318 2640 1368 ut
2671 1314 2908 1368 nomine
2940 1319 3120 1384 parat.
3167 1311 3418 1368 Inlatum
3469 1312 3775 1368 communi

2119 1401 2401 1472 suscipiat
2419 1405 2550 1456 voto
2580 1401 2663 1456 sic
2695 1417 2927 1472 quoque
2949 1402 3100 1455 vivat
3122 1401 3332 1473 adepto
3357 1417 3430 1456 ne
3452 1404 3778 1457 temerave-

2118 1489 2193 1543 rit
2214 1489 2430 1559 ipsum.
2451 1489 2701 1544 Nutibus
2718 1491 2775 1542 in
2793 1507 2908 1560 quo
2927 1505 2989 1544 se
3021 1489 3172 1544 divis
3203 1495 3360 1562 agat,
3386 1506 3680 1561 suumque
3703 1491 3777 1526 ²¹⁸

2118 1577 2656 1646 frustretur[168/i).
2684 1577 2965 1632 Inlustres
2991 1578 3112 1632 sint
3139 1578 3353 1645 adhuc,
3377 1579 3472 1649 qui
3493 1583 3777 1650 superant

2114 1665 2315 1720 arbitri
2351 1666 2421 1700 ²¹⁶
2453 1669 2510 1719 et
2538 1666 2637 1736 qui
2663 1668 2789 1736 jam
2823 1673 3242 1737 praecesserant
3275 1667 3436 1735 hinc,
3458 1671 3516 1722 et
3543 1666 3772 1722 diathe-

2113 1770 2240 1808 cam
2275 1755 2340 1786 2”
2371 1759 2549 1824 ponat
2597 1754 2900 1825 speculum
2952 1757 3107 1825 quod
3140 1755 3388 1811 callidus
3436 1773 3541 1811 nec
3583 1755 3774 1811 reluat

2112 1843 2302 1913 kaupo
2316 1843 2516 1913 (1685).
2540 1843 2811 1913 lmploret
2831 1849 3184 1915 quapropter
3202 1844 3770 1917 Dominumjugiter,

2113 1930 2442 2001 adiciatque
2464 1947 2579 1984 non
2611 1932 3126 2003 comperendinare
3145 1933 3403 1989 devotus.
3437 1938 3557 1989 Hoc
3589 1934 3772 1989 etiam

2113 2019 2384 2090 supplere
2411 2019 2481 2054 ²¹⁸
2513 2036 2584 2074 ne
2615 2020 2932 2076 seducatur
2962 2021 3035 2056 ²¹⁹
3066 2022 3136 2076 ab
3170 2021 3296 2092 ipso
3329 2027 3580 2078 cunctus
3611 2022 3778 2078 debi-

2111 2112 2237 2161 tum
2268 2111 2353 2161 est
2374 2111 2437 2162 ut
2468 2107 2720 2179 populus
2749 2107 2946 2164 instet.
2980 2109 3258 2181 Crtecipui
3279 2109 3560 2181 quoniam
3583 2115 3776 2166 testa-

2112 2196 2291 2249 menti
2324 2195 2442 2250 vim
2474 2195 2704 2251 abolere
2733 2195 2990 2252 luctatur
3009 2214 3112 2268 pro
3141 2213 3248 2269 ope
3272 2196 3371 2270 qui
3400 2198 3492 2253 sui
3516 2197 3776 2255 stolidus

2111 2283 2367 2355 neglegit
2438 2284 2702 2355 ﬂagitare
2759 2287 3010 2356 patroni.
3069 2285 3282 2341 Praesto
3340 2303 3472 2341 sum
3532 2285 3772 2343 indiffe-

2111 2388 2244 2427 rens
2275 2373 2365 2438 ‘m,
2397 2381 2555 2428 orate
2590 2373 2754 2428 vobis
2805 2379 2868 2428 ut
2898 2375 3018 2429 fiat.
3069 2377 3208 2428 Adae
3257 2375 3317 2428 in
3347 2373 3550 2447 lingua
3579 2376 3772 2448 (1686)

2111 2476 2266 2515 nunc
2274 2461 2401 2530 jam
2420 2466 2485 2515 ut
2504 2460 2606 2515 fiat
2629 2459 2794 2515 vobis
2813 2461 3324 2532 respondebo,etsi
3343 2461 3620 2518 mavultis
3634 2480 3773 2519 aus-

2107 2548 2334 2619 spicare
2389 2564 2504 2603 me.
2550 2589 2563 2602 .
2610 2566 2690 2602 .a
2746 2548 3053 2618 majestate
3099 2553 3358 2605 vestrum
3417 2554 3550 2605 ante
3604 2567 3770 2607 sum-

2109 2652 2205 2691 ma
2235 2637 2440 2707 (1687).
2479 2679 2490 2691 .
2531 2679 2541 2690 .
2578 2678 2590 2690 .
2627 2641 2692 2691 ut
2713 2636 2939 2707 placido
2970 2637 3168 2692 deluat
3196 2637 3420 2693 lumine
3449 2654 3662 2694 noxam
3691 2641 3767 2695 de

2108 2742 2221 2792 me,
2254 2726 2437 2797 ﬁngat
2457 2731 2513 2781 et
2544 2743 2718 2797 quem
2751 2726 2853 2780 tibi
2880 2731 3134 2797 gratum,
3169 2743 3486 2800 precesque
3518 2729 3768 2785 funden-

2107 2815 2209 2868 das
2239 2819 2518 2884 acceptet,
2554 2815 2708 2870 inlex
2739 2815 2807 2848 ²²¹
2842 2833 2988 2887 quas
3038 2832 3142 2870 nec
3179 2817 3403 2886 primus
3432 2817 3622 2873 valeat
3648 2819 3763 2874 im-

2107 2902 2265 2973 piare
2297 2902 2604 2973 molestus,
2649 2904 2870 2958 hiantis
2919 2903 3191 2959 mutilare
3239 2904 3524 2977 linguam,
3559 2923 3665 2962 nec
3697 2924 3767 2962 ea

2105 2991 2429 3062 inspirante
2451 2992 2714 3063 politam,
2733 3009 2838 3047 nec
2858 2993 3025 3048 facile
3053 3009 3178 3064 quae
3201 2993 3375 3049 etiam
3408 3011 3606 3050 meum
3623 2995 3766 3050 alibi

2105 3080 2366 3135 subferat
2396 3097 2493 3134 cor
2520 3079 2761 3152 inquam
2784 3080 3102 3151 dilabi,sed
3123 3083 3383 3138 exaudiri
3404 3083 3498 3154 pio
3533 3099 3769 3140 merear

2103 3168 2396 3238 apietatis
2427 3175 2683 3225 auctore.
2737 3169 2961 3226 Auxilio
3012 3187 3128 3242 quo
3186 3172 3391 3242 fretus,
3441 3173 3766 3245 snpplices,

343 3257 646 3329 physicam
681 3258 899 3312 intente
932 3273 1002 3310 ne
1034 3257 1317 3312 rationem
1351 3262 1661 3312 scrutetur.
1702 3256 1988 3328 Intellegit
2021 3244 2062 3310 C
2105 3257 2260 3311 oriar
2285 3261 2412 3311 tum
2465 3258 2790 3328 dependere
2848 3275 3039 3316 voces.
3108 3259 3424 3316 Hebraicus
3454 3244 3770 3318 confirmet

343 3345 608 3418 figmenti
657 3345 864 3416 nequis
914 3349 987 3409 et,
1033 3350 1096 3399 ut
1128 3345 1228 3416 qui
1287 3346 1535 3400 ﬁnxerat
1583 3347 1799 3416 ipsum.
1850 3345 1990 3409 Quis

342 3451 478 3507 ergo
508 3433 720 3506 poterit
740 3434 1028 3488 mundum
1061 3433 1249 3489 salute
1280 3434 1449 3504 tueri,
1474 3434 1631 3489 haud
1654 3433 1842 3489 dicam
1867 3450 1990 3490 mo-

342 3522 644 3580 narchiam
676 3521 763 3578 vel
793 3522 1228 3593 proportionem
1259 3521 1318 3577 in
1350 3523 1477 3594 ipsa
1516 3523 1644 3594 ejus
1675 3523 1901 3595 primae,
1933 3523 1992 3578 ni

2101 3349 2291 3400 vester
2320 3361 2467 3416 quas
2483 3350 2541 3400 et
2573 3363 2691 3401 una
2706 3346 2956 3402 dictione
2977 3351 3312 3415 succentus,
3335 3349 3464 3419 ejus
3489 3353 3547 3404 et
3571 3354 3764 3406 extre-

2103 3434 2218 3490 mis
2245 3435 2478 3490 coronis
2509 3439 2741 3506 aptetur
2769 3437 2828 3492 in
2862 3437 2999 3492 oris.

1887 3701 2193 3757 GLOSSIE.

415 3853 482 3932 20°
510 3851 737 3908 Judicio
769 3837 1055 3932 pulsatus.
1234 3851 1407 3932 Ultra
1424 3853 1690 3932 modum.
1725 3926 1734 3932 _
1770 3852 1971 3932 Ψ-ρυὶ
1993 3857 2190 3932 grates
2213 3869 2328 3932 non
2352 3853 2568 3932 reddit.
2606 3853 2716 3932 _"-°3
2740 3856 3142 3932 Augmentari.
3182 3929 3193 3932 _
3223 3857 3293 3932 9°}
3313 3857 3760 3932 Miseriis,quod

344 3925 522 4004 etiam
553 3923 1340 4004 nomen.furignes§e_dicu.nt.
1375 3923 1972 4004 Dicn.:13rii_1n_72is._MA1._
2003 3923 2451 4004 72°‘_Re_gulam._
2605 3923 2938 4004 Desperata.
2984 3928 3051 3962 ²⁰⁷
3072 3927 3372 4004 Diabolus.
3421 3930 3490 4004 Ψ
3509 3923 3754 4004 Absque

343 3996 621 4070 ded_tibus
674 3995 869 4070 fecit;
904 3996 972 4070 ﬁ”
1020 3994 1392 4070 Exinaniens.
1442 3995 1539 4070 ν²¹⁰
1587 3994 2038 4070 Cataplasmata,
2083 3995 2362 4070 Antidota
2403 3999 2460 4050 ct
2509 3994 2841 4068 lixopyrita,
2894 4014 3070 4070 opera
3119 3999 3535 4057 misericordiae
3565 3994 3757 4061 vocat.

342 4068 424 4143 9“_
443 4068 719 4143 Tempus.
741 4135 758 4143 _
800 4066 871 4143 9f?
906 4065 1678 4143 Praasegminasuntpartes
1710 4065 1967 4143 corporis
1999 4067 2216 4143 recisa.
2297 4068 2369 4143 2ίέ
2401 4065 2771 4143 Aquaeur'na.
2851 4065 3440 4143 “fg—Coinquinaverit.
3519 4075 3590 4109 ²¹⁶
3613 4075 3757 4132 Pro-

337 4138 553 4216 prium.
590 4135 608 4138 ’
632 4135 966 4216 ﬂigiidice‘s
989 4135 1336 4216 qui’vivunt.
1415 4135 1747 4216 21"Librum
1770 4135 2023 4216 duorum
2046 4135 2538 4216 testamentorum
2556 4139 2786 4216 Veteris
2812 4145 2868 4196 et
2886 4140 3050 4196 Novi.
3107 4135 3193 4178 ’²¹⁸
3218 4142 3484 4216 Implere.
3565 4147 3636 4181 ²¹⁹
3657 4152 3756 4204 Se-

336 4212 589 4280 paretur.

675 4208 746 4241 99°
776 4208 1021 4262 Paratus
1053 4224 1185 4262 sum
1221 4208 1291 4262 ad
1325 4209 1816 4277 respondendum,
1852 4208 1937 4263 nil
1967 4224 2226 4264 morans.
2259 4209 2329 4244 9’1
2360 4208 2659 4280 Deceptor.

1683 4384 1985 4442 SCHOLIA
2022 4386 2111 4441 ET
2148 4385 2381 4442 NOV/E.

401 4537 581 4607 (1679)
615 4537 767 4592 Inter
813 4537 1142 4608 pataginem
1174 4541 1231 4594 et
1279 4536 1576 4608 patagium
1605 4537 1713 4592 hoc
1745 4537 1959 4594 differt.
2002 4539 2048 4604 D

328 4609 550 4680 Patago,
568 4614 657 4664 est
688 4608 1035 4663 exulceratio
1065 4609 1203 4671 oris,
1238 4609 1389 4678 quod
1425 4625 1559 4664 cum
1603 4608 1970 4673 intumuerit,

327 4679 486 4750 paene
508 4679 799 4750 elinguem
833 4680 1003 4752 facit.
1025 4680 1326 4750 Patagium
1358 4696 1489 4734 vero
1517 4684 1603 4735 est
1631 4680 1873 4752 pallium
1905 4697 1974 4736 ex

325 4767 466 4805 auro
499 4767 865 4822 perpuraque
890 4751 1196 4804 variatum.

396 4822 576 4890 (1680)
607 4820 750 4876 Hem
775 4820 1015 4891 quando
1038 4838 1168 4875 cum
1191 4820 1545 4890 aspiratione
1568 4821 1862 4887 scribitur,
1886 4821 1971 4876 in-

322 4892 1218 4973 terjectio.estodolen‘tis,.quasi
1259 4891 1526 4973 hcu_me‘.'
1565 4893 1806 4973 Quando
1837 4910 1968 4948 vero

321 4962 446 5018 sine
461 4963 839 5033 inspiratione
853 4962 1186 5018 adverbium
1204 4962 1760 5032 ostendentis.quasi
1775 4980 1963 5018 enme.

391 5036 574 5104 (1681)
607 5035 792 5089 Libris
825 5033 1292 5088 medicinalibus.
1318 5033 1595 5103 Dynamis
1621 5034 1832 5088 dicitur
1863 5052 1963 5104 po-

316 5107 496 5159 testas
518 5110 575 5159 et
597 5104 680 5158 vis
722 5106 1032 5158 herbarum
1061 5122 1073 5167 ;
1113 5106 1264 5158 unde
1295 5105 1468 5158 etiam
1511 5104 1848 5174 dynamidia
1871 5106 1963 5159 di-

315 5179 546 5239 cuntur,
573 5176 669 5228 ubi
693 5193 893 5229 earum
919 5174 1212 5228 medicinae
1237 5175 1318 5227 vel
1341 5175 1671 5229 curationes
1694 5176 1959 5230 scribun-

312 5249 430 5299 tur.
461 5246 664 5318 Merito
715 5263 870 5318 nunc
904 5262 1005 5316 pro
1035 5245 1375 5316 dynamidia
1422 5245 1651 5302 divinas
1682 5246 1957 5318 intelligi-

313 5331 449 5368 mus
485 5315 906 5370 miserationes.

379 5386 865 5457 (1682)_Ecclesia.
902 5387 1064 5441 Fovit
1093 5403 1345 5457 namque
1377 5402 1579 5442 omnes
1604 5387 1750 5442 sacri
1779 5389 1956 5443 fontis

311 5457 469 5509 unda
499 5454 996 5530 ablutosxcorpus
1020 5474 1146 5513 esse
1178 5454 1380 5512 sancta
1412 5459 1639 5530 matris,
1666 5459 1952 5530 Ecclesia,

309 5541 536 5585 sponsae
566 5526 801 5582 Christi.
837 5526 904 5582 Et
933 5528 1060 5583 ideo
1089 5534 1215 5583 orat
1257 5533 1320 5583 ut
1369 5529 1567 5584 nullus
1597 5526 1955 5585 Christianus

308 5596 381 5672 ab
403 5597 531 5672 ejus
552 5596 863 5672 divellatur
891 5615 1150 5670 corpore,
1183 5599 1410 5672 neipsa
1436 5600 1496 5656 in
1520 5600 1714 5672 aliquo
1745 5601 1956 5658 mutila

309 5666 380 5732 ad
411 5666 634 5724 luctum
665 5669 929 5727 videatur
957 5666 1301 5741 promoveri.

2150 4537 2330 4614 (1683)
2392 4537 2538 4614 Dicit
2585 4538 2977 4614 nullumdesse
3033 4544 3354 4614 medicum,
3415 4545 3532 4602 nisi
3564 4547 3747 4606 fuerit

2088 4607 2388 4691 physicus.
2452 4609 2678 4691 Rursus
2729 4611 2960 4691 nullum
2994 4618 3135 4691 Διαηι
3187 4607 3355 4691 plene
3411 4616 3743 4691 intelligere

2085 4678 2390 4761 physicam
2423 4680 2707 4761 rationem
2733 4678 3204 4761 qniuscujusqué
3232 4688 3342 4761 rei,
3393 4705 3571 4760 quam
3601 4678 3740 4761 "qui

2082 4751 2340 4833 eandem.
2357 4754 2707 4833 composuit.
2742 4755 2944 4833 Restat
2971 4751 3372 4833 ergo-nullum
3403 4751 3576 4833 posse
3606 4751 3740 4818 tue-

2081 4822 2449 4945 ritmundum
2480 4823 2688 4896 salute,
2739 4827 2853 4883 nisi
2902 4822 3157 4901 ipsevqui
3213 4847 3348 4896 eum
3403 4822 3743 4904 plasmave-

2081 4909 2124 4945 ιιι
2169 4937 2176 4942 .

2080 4909 2330 5038 fil-1681)
2365 4969 2488 5019 Non
2536 4970 2770 5023 tantum
2820 4985 2947 5038 quae
2995 4969 3079 5024 illi
3111 4971 3304 5028 solum
3347 4974 3498 5028 bona
3528 4974 3736 5032 viden-

2075 5036 2175 5114 tur
2231 5051 2398 5114 agere
2459 5036 3335 5114 praesumat,_s_edAauctoritate
3391 5047 3736 5114 praeceden-

2073 5107 2220 5184 tium
2246 5109 2549 5188 doctorum
2583 5115 2639 5163 et
2668 5109 2910 5165 consilio
2962 5110 3344 5168 honestorum
3391 5107 3589 5183 potius
3623 5121 3734 5175 ad-

2073 5184 2356 5324 Ψΐᾶῗὲἓξ.
2383 5247 2811 5324 Fraudulentus
2869 5251 3237 5308 tabernarius
3280 5270 3529 5324 iaquam
3591 5258 3734 5317 vino

2069 5319 2324 5400 miscens
2349 5320 2852 5403 :nq‘uodfe‘fertur
2903 5324 3079 5403 etiam
3113 5325 3183 5378 ad
3219 5319 3398 5403 falsos
3429 5327 3726 5403 doctores,

2066 5390 2334 5513 quitvera
2373 5390 2537 5446 falsis
2567 5390 2917 5461 inﬁcientes,
2951 5395 3153 5450 noxias
3185 5394 3375 5452 solent
3405 5390 3727 5471 propinare

2110 5475 2172 5514 oc
2205 5478 2382 5516 rinas.
3399 5490 3406 5496 ·

2138 5532 2317 5601 (1687)
2350 5533 2623 5589 Innuitne
2653 5550 2853 5605 preces
2883 5534 3244 5606 psalmorum
3260 5538 3726 5603 Hebraicorum?

2064 5602 2199 5657 MAI.

2131 5672 2316 5748 (1637)
2345 5673 2568 5733 Desunt
2595 5673 2820 5758 aliquot
2848 5677 3150 5739 vocabula.
3183 5680 3320 5743 MAI.
