3916 6418
151 478 266 546 881

1215 482 1750 546 POLYPTICUM.
1784 516 1862 531 —
1893 486 2204 548 TEXTUS
2250 488 2534 550 ALTER.

3473 499 3592 560 882

2738 650 3565 682 αεὶΞῖ

1018 802 1679 899 POLYPTICI
1765 806 2245 905 TEXTUS
2323 814 2734 909 ALTER

555 1007 751 1063 Editus
780 1024 816 1062 a
842 1007 1050 1064 Joanne
1076 1009 1358 1065 Dominico
1389 1009 1600 1080 MANSI,
1634 1013 1694 1068 iu
1723 1011 2090 1070 Misceltaneis
2118 1018 2289 1098 sacris
2321 1019 2564 1087 Balum‘z',
2598 1021 2735 1077 edit.
2769 1023 2922 1092 Luc.,
2950 1040 3008 1094 p.
3040 1024 3167 1084 560.

371 1308 740 1402 INCIPIT
787 1309 1418 1403 POLYPTICUM
1468 1313 1719 1410 QUOD
1768 1315 2428 1412 APPELLATUR
2473 1324 3346 1418 PERPENDICULUM.

705 1676 915 1715 INCIPIT
963 1676 1246 1716 EPISTOLA.

211 1748 550 1806 Reverendo
584 1747 642 1803 in
679 1765 772 1804 me
804 1747 1024 1804 Fulano
1067 1749 1235 1804 valde
1267 1750 1522 1821 praesuli.

213 1837 477 1895 Fulanus
504 1837 754 1910 cupiens
778 1853 869 1893 me
892 1838 976 1893 sic
1000 1837 1236 1893 beatum
1261 1839 1482 1894 exitum
1510 1840 1696 1895 instat
1718 1842 1811 1895 Fe-

144 1924 976 1998 licissimiOpilionisSilvestri
993 1927 1212 1982 summi
1228 1928 1475 1982 mortuis
1490 1928 1807 2002 aliquibus,

149 2018 247 2074 sed
273 2015 421 2072 mihi
444 2031 550 2072 nec
574 2021 883 2072 emortuus
905 2016 1073 2072 vivus
1117 2017 1298 2072 immo
1323 2018 1467 2073 mihi
1491 2017 1716 2073 vividus
1747 2036 1809 2074 es

150 2112 419 2162 mortuus
449 2107 549 2161 sed
573 2105 745 2161 vivus
768 2105 824 2160 in
850 2122 964 2160 me.
1003 2106 1191 2178 Hujus
1211 2106 1526 2162 laberinthi
1547 2108 1656 2162 iter
1675 2125 1806 2164 cur-

149 2199 358 2266 rentes,
389 2199 493 2251 aut
517 2211 636 2266 qua
669 2195 992 2251 insistendo
1026 2196 1206 2251 vitare
1245 2196 1581 2268 voraginem
1608 2197 1803 2267 edoce,

145 2289 243 2340 aut
263 2301 382 2356 quo
409 2281 680 2339 salubres
703 2282 924 2339 sublati
965 2283 1266 2356 adtingere
1288 2287 1518 2357 possint
1543 2286 1803 2342 delicias.

148 2375 277 2440 Qua:
308 2373 503 2428 sentio
535 2372 594 2427 in
630 2372 740 2428 hoc
783 2389 1024 2442 cernes;
1087 2374 1187 2430 sed
1248 2374 1331 2430 sic
1363 2390 1468 2446 ego
1500 2392 1624 2447 qua:
1657 2379 1713 2430 et
1741 2381 1803 2431 tu

145 2466 585 2534 comparantur.
622 2461 946 2517 Contabres
977 2466 1043 2516 ut
1073 2461 1301 2534 pollini.
1340 2463 1419 2518 En
1454 2480 1582 2535 quae
1613 2479 1718 2537 ego
1740 2467 1802 2519 tu

146 2567 269 2623 qua:
302 2549 577 2606 feeliciter
616 2549 814 2606 redde.
847 2553 1052 2606 Amen.

698 2640 950 2711 Explicz't
989 2642 1238 2712 epistola.

639 2745 852 2783 INCIPIT
888 2745 1310 2785 ABGUMENTUM.

210 2817 331 2873 Non
366 2817 550 2873 chaos
582 2817 878 2888 explicant
906 2817 1204 2889 sophistze,
1237 2817 1582 2874 bombinare
1607 2834 1801 2872 rerum

147 2923 393 2979 exequar
425 2905 736 2962 assiduum
769 2906 913 2962 orbi.
948 2907 1073 2962 Non
1108 2907 1232 2962 ocia
1263 2906 1370 2961 hoc
1406 2905 1628 2961 calamo
1663 2924 1798 2962 con-

1835 1668 1891 1732 Α
1922 1670 2422 1737 repraesentaverit
2445 1671 2787 1742 ipocondria
2809 1672 2966 1727 stilo.
2991 1672 3128 1730 Tale
3155 1675 3308 1746 quod
3340 1673 3575 1729 resolvi-

1922 1772 2056 1811 mus
2087 1757 2431 1814 discrimine
2462 1760 2614 1814 trino
2647 1761 2955 1816 scanditur
2985 1762 3307 1833 fastigium,
3334 1763 3574 1834 quidam

1921 1845 2204 1915 adjiciunt
2229 1863 2419 1901 assem
2446 1853 2546 1902 aut
2588 1865 2720 1903 cum
2745 1867 2962 1921 praeses
3005 1851 3352 1906 nominatim
3382 1851 3578 1923 signat

1921 1950 2095 2005 quem
2130 1935 2302 1991 claris
2337 1937 2582 1992 nutibus
2613 1937 2702 1992 vel
2753 1955 2885 1993 cum
2937 1939 3140 1994 eadem
3171 1957 3278 1993 vox
3311 1940 3574 1994 omnium

1921 2023 2091 2078 calat.
2121 2024 2221 2078 Vel
2245 2041 2378 2080 cum
2405 2027 2608 2082 eadem
2638 2044 2840 2094 unum,
2867 2032 2968 2082 aut
3007 2044 3141 2082 cum
3186 2029 3443 2099 parentis
3473 2047 3576 2084 va-

1917 2112 2185 2183 lidojure
2209 2115 2295 2168 fas
2319 2119 2408 2170 est
2435 2115 2654 2186 perfrui
2681 2117 2911 2171 throne.
2958 2117 3269 2187 Improbus
3293 2123 3392 2172 aut
3414 2118 3578 2173 labor

1918 2205 2130 2256 etcum
2155 2217 2371 2257 vesana
2392 2203 2714 2275 triumphis
2740 2203 2937 2274 praelia
2960 2206 3316 2260 conveniunt
3334 2223 3576 2277 propere

1915 2289 2182 2345 trucibus
2198 2290 2362 2345 alteri
2381 2291 2684 2364 insurgere
2703 2294 3014 2364 quemjam
3034 2298 3371 2349 cantaverat
3390 2312 3574 2366 praeco

1915 2379 2236 2450 prophanis
2255 2397 2369 2434 non
2385 2381 2674 2451 conjurati
2695 2381 2971 2438 manibus
2989 2383 3339 2438 execrabiles
3357 2384 3571 2439 favent.

1915 2467 2063 2532 Quid
2091 2468 2118 2522 ?
2140 2468 2488 2524 Exinanitur
2509 2469 2759 2525 temulus
2782 2471 3040 2542 penitus,
3084 2473 3254 2542 cujus
3294 2473 3572 2528 beneﬁcio

1916 2556 2180 2612 ditantur
2207 2557 2378 2629 primi
2400 2558 2603 2614 velites
2627 2576 2730 2614 nec
2759 2564 3011 2631 poscunt
3047 2560 3448 2617 intemerabile
3470 2563 3568 2617 fm-

1915 2645 2026 2700 dus
2057 2645 2116 2700 in
2149 2663 2264 2718 quo
2296 2646 2500 2702 herilis
2535 2664 2780 2703 somnus
2812 2648 3002 2720 capiat
3031 2649 3422 2706 dulcedinem.

1987 2735 2097 2789 Sed
2127 2735 2296 2806 juvat
2318 2735 2550 2790 interim
2576 2737 2899 2807 jocundius
2924 2737 3224 2793 traducere
3251 2738 3566 2794 remissum

1913 2828 2148 2895 tempus
2175 2829 2232 2879 et
2273 2824 2486 2895 placito
2534 2826 2706 2897 potiri
2734 2826 2963 2896 adeptis
2988 2832 3052 2880 ut
3083 2827 3254 2882 ambo
3280 2827 3574 2898 principes

1913 2915 2243 2967 terreantur
2265 2928 2368 2984 per
2390 2913 2663 2968 adversas
2705 2913 2836 2968 lites
2879 2931 2982 2969 nec
3027 2915 3280 2969 audeant
3311 2920 3574 2986 potentes

147 3013 312 3052 cussa
340 2995 580 3068 pistico,
605 3012 709 3052 nec
733 2995 903 3052 osilla
924 2996 1262 3068 pinsabunt.
1290 2996 1643 3066 Fessusjam
1662 2996 1799 3052 hinc
1833 3033 1881 3097 B
1912 3000 2250 3071 exippitarc.
2278 3003 2489 3055 Contra
2517 3001 2734 3058 milites
2776 3001 2861 3056 vel
2887 3018 3099 3073 negare
3141 3003 3463 3074 quidquam
3486 3023 3574 3059 re-

149 3083 626 3158 perpendiculum
663 3100 896 3156 ponam.
952 3084 1133 3156 Cujus
1186 3102 1385 3140 vocem
1447 3102 1560 3140 non
1591 3085 1804 3156 poterit

148 3191 511 3248 compescere
546 3173 757 3242 aciare,
808 3190 912 3230 nec
960 3174 1152 3230 Attica
1203 3174 1383 3230 Rcma
1415 3175 1710 3230 inrumine
1742 3175 1802 3229 lc.

148 3266 205 3319 A.
235 3264 287 3319 J.
322 3263 383 3318 P.

626 3353 872 3424 Explicet
900 3353 1323 3421 Argumentum.

150 3459 343 3498 INCIPIT
358 3458 728 3499 POLYPTICUM
745 3458 895 3504 QUOD
908 3459 1276 3498 APPBLLATUR
1293 3456 1803 3498 PERPENDICULUM.

212 3532 461 3605 Fragilis
480 3548 700 3604 pompa
721 3530 898 3600 hujus
923 3531 1025 3584 εενὶ
1048 3529 1300 3603 languor
1320 3535 1410 3585 est
1431 3535 1488 3588 et
1505 3530 1802 3601 quaeritur,

148 3620 337 3691 pestis,
371 3625 465 3678 est
500 3623 557 3675 et
588 3619 946 3675 omnimodis
980 3619 1260 3675 ambitur.
1315 3622 1448 3685 Quae
1499 3617 1716 3673 arridet
1744 3619 1803 3672 in

149 3725 396 3780 accessu,
423 3725 567 3764 cum
601 3709 786 3779 serpit
822 3707 1086 3777 delectat,
1122 3709 1180 3762 in
1209 3708 1382 3778 cujus
1413 3707 1808 3763 adolescentia

150 3803 231 3852 est
251 3797 458 3871 ingens
480 3797 672 3863 labor,
696 3812 830 3852 cum
855 3797 1195 3854 intumescit
1218 3797 1558 3869 prosternit,
1585 3801 1640 3852 et
1670 3813 1803 3851 cum

152 3888 446 3943 recesserit
478 3885 955 3958 blasphematur,
1015 3885 1155 3957 quia
1215 3886 1364 3962 solet
1393 3885 1633 3942 clientes
1666 3901 1804 3940 suos

152 3975 376 4031 reddere
407 3973 729 4048 ignobiles,
756 3979 1096 4045 spernentes
1120 3979 1314 4030 autem
1341 3992 1402 4030 se
1424 3973 1665 4028 reddere
1687 3973 1804 4045 glo-

153 4062 342 4122 riosos.

215 4151 331 4208 Non
355 4153 479 4208 haec
504 4150 726 4207 mirum
747 4151 885 4224 quia
903 4168 1038 4208 cum
1059 4152 1346 4208 hactenus
1365 4151 1806 4208 extiteritruina

154 4254 284 4309 pene
305 4242 588 4298 omnibus
609 4255 738 4296 sese
762 4241 1196 4312 appetentibus,
1223 4256 1329 4296 nec
1347 4245 1689 4312 arrogantes
1707 4241 1804 4296 de-

151 4328 338 4385 ﬁciunt
359 4330 580 4398 adhuc,
610 4345 715 4384 nec
737 4329 1026 4385 acerbitas
1058 4347 1119 4385 se
1149 4329 1410 4384 elevandi
1442 4331 1799 4385 moderatur.

1917 3093 2036 3143 stat
2070 3092 2131 3142 ut
2154 3088 2383 3159 vigeant
2408 3088 2700 3160 principes
2724 3094 2954 3144 tantum
2993 3090 3314 3146 miserabili
3339 3092 3574 3148 nomine

1919 3181 1982 3230 ut
2007 3176 2199 3247 potius
2225 3193 2327 3231 nec
2347 3181 2648 3248 compotes
2673 3177 2791 3232 sint
2823 3177 3008 3232 immo
3035 3178 3267 3249 privatae
3304 3180 3383 3234 rei
3409 3197 3567 3235 com-

1917 3271 2104 3337 potes.
2127 3266 2276 3320 Tum
2301 3265 2505 3320 sedule
2531 3265 2830 3321 ruminant
2853 3272 2910 3321 et
2951 3273 3175 3323 secreta
3198 3285 3341 3323 cura
3363 3286 3570 3340 repen-

1916 3355 2050 3409 dere
2103 3353 2278 3409 sociis
2327 3355 2434 3409 has
2485 3354 2781 3426 strophas.
2835 3357 3204 3428 Quapropter
3252 3375 3354 3412 nec
3405 3359 3577 3413 taedet

1915 3442 2183 3497 clanculo
2209 3443 2578 3514 frequentare
2601 3459 2727 3499 sese
2750 3444 2899 3501 divis
2924 3445 3106 3500 ramis
3130 3463 3232 3516 per
3253 3451 3457 3501 cautos
3484 3463 3574 3502 re-

1913 3530 2245 3585 veredarios
2277 3530 2375 3600 qui
2415 3547 2519 3585 nec
2570 3531 2886 3588 nunciasse
2937 3532 3137 3588 frivole
3186 3533 3298 3604 piis
3329 3533 3574 3588 solertes

1915 3636 2018 3691 per
2048 3620 2202 3690 quod
2239 3619 2455 3676 milites
2489 3620 2677 3690 prima
2730 3621 3084 3691 instigentur
3113 3621 3389 3692 indagine
3419 3619 3572 3676 fulti.

1915 3709 2196 3764 Externos
2221 3708 2394 3763 etiam
2419 3709 2600 3764 duces
2620 3713 2676 3764 et
2697 3710 3070 3764 conniventia
3090 3713 3298 3780 rogant
3315 3709 3576 3764 etxeniis

1915 3797 2220 3852 cumulant
2241 3802 2296 3851 et
2322 3813 2567 3868 propere
2585 3801 2776 3852 macta
2797 3798 3117 3868 deponunt.
3141 3798 3254 3853 Cur
3270 3797 3578 3869 pollicetur

1915 3886 2148 3940 extimis
2175 3887 2410 3941 fortuna
2438 3891 2744 3957 potentum
2791 3887 3038 3941 necdum
3084 3891 3308 3942 extorta
3332 3903 3508 3956 quam
3537 3886 3578 3940 ii

1915 3979 2251 4046 sequestres
2274 3975 2536 4045 gestiunt
2556 3973 2860 4043 prcelibaro
2880 3974 2962 4028 vel
2984 3974 3256 4040 strictim,
3281 3973 3580 4028 utauxilia

1914 4079 2117 4119 eorum
2136 4063 2392 4118 ferveant
2412 4063 2685 4117 edomare
2704 4062 2990 4132 superbos
3013 4077 3236 4131 secum,
3256 4061 3345 4115 vel
3363 4061 3411 4116 si
3431 4063 3580 4118 desi-

1914 4153 2017 4208 des
2041 4155 2310 4224 torpeant
2337 4155 2474 4206 tunc
2501 4151 2700 4205 saevire
2720 4168 2822 4221 per
2840 4168 2945 4206 sua
2963 4167 3120 4205 arma
3137 4151 3426 4222 denegent
3444 4151 3577 4205 sub-

1915 4241 2067 4296 sulia
2091 4241 2387 4312 oppressis
2413 4257 2545 4294 nam
2568 4239 2680 4312 ipsi
2707 4241 2964 4294 saevient.
2988 4240 3294 4312 Specimen
3319 4243 3576 4310 propter-

1915 4349 1983 4387 ea
2007 4335 2185 4386 restat
2208 4330 2325 4385 doli
2367 4347 2483 4401 quo
2535 4329 2722 4385 affecti
2762 4329 2985 4384 tribuni
3027 4328 3404 4384 elidunturin
3432 4328 3572 4396 imo,

216 4416 498 4475 Fallentes
521 4433 587 4473 se
609 4416 846 4488 quidem
872 4417 1306 4490 praestantiores
1320 4417 1636 4488 veteribus,
1653 4433 1801 4488 quos
1833 4398 1876 4463 (ἶ
1914 4435 2049 4475 cum
2077 4421 2286 4475 horum
2312 4398 2527 4473 milites
2551 4422 2788 4490 captant
2809 4416 3054 4472 blandas
3080 4416 3268 4488 regias
3289 4432 3462 4471 auras
3484 4433 3498 4483 ;
3519 4420 3578 4471 et

148 4507 374 4574 provida
395 4523 655 4563 censura
676 4512 914 4563 accusat
934 4507 1254 4579 segniores.
1282 4507 1500 4562 Horum
1525 4507 1703 4578 igitur
1725 4508 1802 4560 fa-

95 4584 114 4598 ’
151 4607 265 4650 sces
285 4594 334 4650 si
356 4595 655 4652 enucleati
680 4596 972 4668 gradatim
1000 4595 1327 4663 initientur,
1352 4594 1807 4668 dignumjudico

151 4685 553 4750 praenotandos
569 4701 722 4756 quos
743 4685 1004 4757 rigentes
1020 4689 1174 4740 serto
1192 4684 1468 4740 exhibent
1482 4685 1804 4739 remiditos.

151 4767 289 4826 Num
319 4773 594 4830 Chronici
656 4773 934 4829 fraudant
991 4773 1100 4829 hoc
1155 4773 1254 4845 qui
1289 4773 1608 4845 praesertim
1644 4789 1805 4827 sum-

151 4874 298 4916 mum
331 4878 436 4932 vae,
472 4866 533 4918 et
565 4862 832 4934 ipsorum
865 4878 1036 4918 omne
1067 4866 1422 4933 concrepant
1451 4861 1559 4916 ohe
1582 4863 1609 4915 ἱ)
1640 4861 1804 4916 IIaud

150 4954 520 5021 perstrepunt
545 4965 761 5022 agmen
775 4950 1107 5020 eorum,qui
1130 4950 1448 5023 gradiendo
1467 4949 1804 5022 perplexum

150 5034 337 5093 collem
361 5039 460 5094 ind
473 5042 730 5093 uxerunt
752 5044 1069 5110 sequentes
1087 5044 1348 5109 perrecta
1362 5037 1591 5092 rubrica
1606 5054 1808 5108 quam-

148 5123 225 5179 vis
251 5126 500 5200 pingant
532 5127 1002 5183 inextricabilem
1052 5133 1360 5193 tesseram,
1394 5127 1490 5198 qui
1524 5127 1804 5181 durantes

149 5229 240 5268 nec
261 5216 613 5289 superstites
640 5215 856 5287 vixere,
881 5234 985 5272 nec
1019 5215 1668 5287 misellijocundantur.
1693 5217 1801 5270 Sed

153 5317 247 5358 nec
268 5310 512 5362 autumo
536 5304 838 5362 sincerum
862 5322 1017 5361 nunc
1041 5307 1310 5378 privatim
1337 5305 1613 5361 adnotare
1627 5305 1804 5360 facies

148 5396 454 5466 gestorum,
486 5410 597 5450 nec
622 5410 722 5450 eos
748 5395 1025 5465 quoniam
1060 5394 1269 5469 pupilli
1311 5401 1508 5449 musta
1529 5399 1696 5448 aetate
1727 5394 1804 5447 vi-

150 5479 276 5537 dent
300 5501 459 5540 nunc
484 5483 670 5540 etiam
695 5483 818 5538 hzec
841 5483 998 5540 clara
1027 5490 1084 5540 et
1123 5485 1444 5540 hauserant
1469 5484 1802 5554 frequenter

149 5570 371 5629 recitata
393 5591 428 5629 a
451 5572 588 5629 suis
614 5572 904 5644 patribus,
930 5579 986 5629 et
1008 5574 1371 5647 restringunt
1393 5572 1802 5628 certiusincul-

1912 4509 2113 4563 dictati
2139 4508 2499 4562 muniatores
2527 4509 2774 4562 redeunt
2803 4505 2938 4560 inde
2962 4505 3030 4560 ad
3075 4504 3313 4576 propria
3338 4505 3568 4559 onustis

1917 4596 2182 4653 humeris
2211 4613 2313 4650 nec
2337 4597 2522 4650 ferent
2543 4595 2721 4648 duces
2745 4593 3016 4648 dominos
3056 4593 3319 4665 ipsorum
3352 4593 3575 4664 primos

1917 4687 2168 4743 arbitros
2192 4685 2364 4739 etiam
2391 4683 2449 4738 in
2473 4683 2772 4754 largiendo
2797 4682 3077 4738 beneﬁcia
3095 4698 3220 4737 sese
3240 4685 3577 4752 praeponent

1917 4774 1966 4831 si
2000 4774 2119 4830 sint
2148 4779 2310 4829 arcta
2341 4790 2412 4828 an
2455 4771 2639 4844 larga.

1990 4865 2056 4917 Et
2090 4864 2377 4917 fcenerant
2411 4862 2705 4915 immunes
2749 4877 2781 4915 a
2821 4859 3074 4932 proprio,
3126 4862 3182 4912 et
3211 4857 3432 4912 vehunt
3463 4857 3573 4912 sibi

1917 4953 2064 5007 ﬁdos
2097 4951 2465 5006 detrimendo
2493 4949 2758 5005 alterius.
2805 4948 2910 5012 Qui
2946 4948 3261 5018 praeferunt
3292 4963 3396 5017 per
3427 4963 3574 5018 quos

1916 5047 2180 5108 sumunt,
2207 5042 2305 5095 sed
2338 5057 2451 5094 non
2481 5039 2775 5109 aquibus.
2819 5039 2872 5090 Si
2922 5038 3038 5091 fors
3079 5038 3278 5106 sparat
3305 5034 3434 5102 hos,
3461 5035 3573 5106 ipsi

1916 5130 2530 5185 ministrahuntdouec
2550 5127 2776 5181 discant
2791 5127 2861 5180 ab
2882 5129 3162 5179 alterutro
3177 5122 3470 5195 perlatain
3487 5121 3573 5178 al-

1915 5224 2366 5290 terutrum,qum
2385 5217 2594 5272 melius
2609 5215 3028 5278 silerent.0uos
3046 5218 3316 5269 statuunt
3331 5212 3569 5284 quidem

1913 5307 2236 5379 explorare,
2263 5314 2317 5362 et
2338 5307 2627 5361 instruere
2654 5321 2713 5359 se
2743 5321 2822 5358 se.
2853 5305 2891 5358 E
2922 5297 3140 5374 quibus
3163 5307 3450 5374 spargunt
3471 5318 3574 5373 per

1913 5397 2180 5470 singulas
2209 5398 2414 5451 domos
2437 5395 2592 5448 velut
2610 5410 2728 5448 seru
2743 5393 2856 5462 ina,
2879 5392 3033 5447 unde
3051 5409 3205 5462 saepe
3224 5395 3454 5445 metunt
3472 5408 3575 5445 nu-

1913 5502 2038 5557 gas,
2065 5491 2294 5556 etsaepe
2331 5482 2679 5556 prmciscunt
2720 5481 3104 5553 expedientia.
3159 5480 3304 5535 Hinc
3355 5479 3571 5534 milites

1915 5573 2147 5628 diluunt
2172 5574 2419 5644 primam
2448 5571 2620 5625 ﬁdem
2655 5570 2931 5638 dominis,
2971 5571 3208 5624 ﬁrmant
3233 5583 3462 5624 scrvare
3486 5584 3572 5622 se-

149 5664 279 5716 cata.
302 5663 622 5734 Nuncjam
649 5661 707 5715 in
731 5669 1006 5734 promptu
1025 5670 1369 5719 estcensere
1388 5665 1651 5716 membra
1666 5678 1804 5732 prac-
1833 5665 1878 5728 D
1911 5663 2163 5717 cundam
2191 5661 2577 5733 principibus,
2597 5661 2861 5730 quzcjam
2882 5659 3084 5715 deerit.
3105 5659 3266 5712 'l‘une
3285 5661 3490 5711 notant
3507 5671 3568 5710 se

147 5744 324 5808 libatas
357 5750 646 5828 nequitiae
688 5752 1014 5810 secundum
1060 5755 1216 5826 quod
1262 5769 1402 5808 cura
1431 5750 1803 5822 perlambens

1914 5751 2176 5822 infamia,
2203 5751 2587 5823 supplantant
2610 5749 2901 5820 dominos,
2937 5767 3040 5805 nec
3071 5749 3357 5819 respuunt
3389 5745 3560 5799 dene-
