3916 6472
315 586 433 651 883

1336 581 1674 645 ATTONIS
1719 580 2308 679 VERGELLENSIS
2351 579 2708 644 EPISCOPI

3614 574 3740 641 884

316 735 457 793 gare
478 734 847 791 supremum.
882 718 973 774 Sic
1003 716 1183 774 illecti
1214 717 1366 772 foeda
1388 715 1683 788 cupidine,
1708 716 1966 787 quando-
1994 716 2047 783 Α
2079 714 2303 781 derent,
2328 718 2386 769 et
2405 716 2729 786 exposcunt
2769 711 3012 768 attribui
3054 709 3167 768 sibi
3203 709 3338 767 fidis
3377 724 3507 783 quea
3529 727 3739 784 posse-

320 824 434 881 que
466 812 710 880 sperant
737 808 963 863 maestis
1010 810 1286 879 praestare
1335 804 1482 860 levia
1532 805 1579 861 si
1630 805 1749 860 fors
1779 804 1973 860 differt

320 895 637 968 quicquam
666 895 912 969 periculi
940 900 1264 966 utcumque
1292 893 1506 965 ingerit
1553 910 1622 949 ex
1651 892 1885 966 proprio
1917 896 1973 948 et

322 985 759 1040 communando
789 988 1186 1056 prosternunt.

396 1073 580 1145 Igitur
594 1073 893 1149 Principes
911 1072 1134 1149 addunt
1151 1071 1382 1126 munire
1399 1070 1675 1126 scabrosa
1690 1074 1747 1125 et
1764 1074 1976 1125 cuncta

326 1143 539 1217 radosa
567 1177 670 1233 per
689 1143 921 1216 exesum
946 1144 1013 1215 ut
1046 1159 1127 1216 nil
1169 1162 1345 1232 queat
1383 1158 1516 1229 quis
1539 1159 1842 1213 traducere
1864 1156 1975 1213 sibi

326 1250 616 1323 ignotum.
641 1250 709 1304 Et
730 1250 824 1304 cui
842 1252 1041 1305 extant
1056 1247 1367 1321 praevalida
1383 1246 1714 1302 munimina
1732 1252 1835 1302 aut
1852 1263 1976 1318 pre-

330 1342 503 1395 munt
529 1338 858 1407 obsidibus,
891 1342 993 1393 aut
1024 1337 1297 1393 nituntur
1324 1336 1597 1393 eximere.
1632 1336 1694 1391 In
1726 1352 1975 1407 quorum

330 1427 465 1497 ﬁde,
492 1426 542 1483 si
566 1427 713 1482 foris
733 1427 961 1494 credas,
1002 1425 1369 1483 committere
1406 1429 1576 1480 tuum
1608 1425 1880 1492 fundum,
1914 1429 1980 1480 ut

325 1517 551 1574 fervent
570 1516 700 1583 tibi,
742 1520 844 1571 aut
882 1516 933 1571 si
974 1532 1142 1571 cures
1187 1515 1489 1586 imponere
1519 1513 1707 1570 ullum
1738 1513 1978 1569 titulum

328 1609 458 1663 tum
489 1604 681 1662 metiri
733 1604 984 1677 propriis
1032 1603 1362 1660 haeredibus
1402 1603 1659 1675 elogium
1692 1602 1980 1675 quidquid

330 1693 477 1752 utile
493 1697 583 1750 est
599 1693 827 1749 cunctis
846 1693 957 1749 sibi
977 1693 1294 1761 vindicant,
1319 1709 1507 1765 neque
1520 1697 1747 1765 ponunt
1762 1693 1984 1763 disper-

331 1799 467 1856 gere
509 1782 716 1839 saltem
759 1786 983 1854 partem
1029 1782 1088 1837 in
1138 1782 1253 1847 his,
1288 1799 1412 1853 quae
1444 1781 1582 1837 olim
1615 1786 1978 1852 paraverant.

335 1872 477 1936 Quis
500 1874 738 1926 struunt
760 1887 923 1927 arces
962 1870 1217 1938 concilii,
1255 1876 1319 1924 ut
1349 1887 1422 1925 ne
1452 1886 1569 1940 qua
1598 1869 1858 1924 incursio
1885 1870 1981 1935 sit,

341 1976 470 2032 quas
492 1963 709 2015 terreat
731 1958 916 2030 ipsos,
942 1959 1037 2014 sed
1062 1958 1398 2030 tranquille,
1421 1957 1655 2012 valeant
1688 1957 1831 2012 mihi
1854 1958 1984 2013 red-

2085 803 2220 859 dere
2245 802 2513 868 rebelles,
2555 807 2619 857 ut
2656 806 2933 857 maneant
2970 801 3136 857 dotes
3173 799 3558 872 proditionis;
3602 816 3739 873 spe-

2081 895 2244 946 ctant
2265 890 2535 947 revellere
2559 907 2687 962 quae
2708 894 2852 945 tunc
2873 890 3107 959 cedunt,
3133 892 3190 944 et
3210 889 3404 961 prisca
3425 889 3565 945 dum
3592 890 3739 946 sub-

2082 980 2265 1052 pedize
2288 979 2507 1035 fuerint
2527 981 2751 1035 abrasas
2772 978 3048 1034 dimersis
3079 977 3362 1050 procintis
3383 982 3441 1033 et
3460 978 3741 1035 dimersis

2084 1069 2157 1125 iis
2188 1069 2287 1140 qui
2320 1069 2518 1141 vigent
2546 1068 2820 1136 solertia;
2854 1073 2981 1123 tum
3011 1072 3069 1124 et
3098 1068 3157 1122 hi
3188 1067 3363 1122 luunt
3385 1067 3743 1123 detrimenta

2084 1162 2141 1213 et
2170 1158 2326 1213 tristi
2354 1174 2631 1213 successu
2658 1157 2993 1213 efficiuntur
3040 1161 3299 1213 extorres
3348 1173 3383 1211 a
3410 1156 3742 1212 commodis

2086 1263 2192 1302 nec
2221 1250 2492 1319 vegetant
2519 1247 2591 1302 ab
2624 1246 2764 1302 ullo.
2800 1247 3072 1302 Vicissim
3106 1245 3367 1317 ejulant;
3402 1262 3507 1301 nec
3556 1246 3747 1301 deerit

2084 1335 2293 1391 titulus
2326 1335 2620 1403 facinoris,
2655 1352 2771 1407 quo
2802 1335 3117 1408 instigatur
3147 1351 3451 1400 mrumma,
3484 1339 3550 1390 ut
3571 1338 3745 1390 caete-

2086 1424 2168 1480 ris
2200 1442 2326 1496 quse
2358 1424 2492 1491 heu,
2527 1424 2672 1496 proh
2703 1423 2869 1481 dolor
2902 1425 2914 1479 ι
2973 1441 3211 1496 rapaces
3262 1425 3576 1480 ambrones
3608 1439 3746 1495 pro-

2089 1514 2454 1585 palaverunt.

2161 1603 2323 1658 Tunc
2345 1603 2520 1657 etiam
2546 1619 2656 1658 nex
2693 1606 2871 1672 atque
2909 1603 3084 1658 ruina
3105 1607 3442 1658 caeterorum
3466 1600 3751 1670 obiicitur

2090 1691 2207 1757 his,
2231 1695 2287 1746 et
2309 1692 2487 1747 duces
2511 1690 2607 1762 qui
2634 1692 2896 1747 iecerunt
2938 1693 3088 1747 fmda
3111 1709 3213 1763 per
3233 1708 3439 1747 omnes
3461 1693 3751 1745 accusant

2092 1779 2200 1834 hos
2222 1779 2479 1835 fomenta
2500 1780 2810 1835 scelerum.
2845 1781 3031 1835 Pudet
3070 1798 3151 1851 se,
3197 1797 3301 1836 nec
3323 1783 3610 1835 conantur
3630 1783 3751 1834 tra-

2094 1868 2303 1925 ductos
2334 1868 2614 1939 redigere.
2648 1869 2758 1923 Sed
2805 1868 2927 1923 haec
2971 1873 3203 1925 tantum
3256 1873 3320 1924 ut
3351 1869 3583 1942 possint
3612 1867 3753 1938 inji-

2096 1973 2225 2012 cere
2248 1955 2403 2023 odia,
2438 1958 2593 2011 fama
2623 1957 2849 2012 diducit
2894 1958 3213 2028 quamdam
3257 1958 3526 2013 acerbam
3562 1972 3752 2023 avem,

342 2049 479 2104 dere
498 2046 778 2103 meditata
799 2045 1058 2103 cuilibet.
1084 2046 1148 2101 In
1189 2063 1304 2117 qua
1345 2049 1615 2101 statuunt
1638 2046 1902 2102 humatia
1930 2051 1987 2102 et
2015 2080 2064 2145 B
2098 2061 2224 2115 quae
2248 2046 2387 2100 dum
2425 2044 2631 2116 pipliat
2650 2045 3258 2127 glicescentetgenitali
3292 2045 3483 2101 calore
3504 2049 3563 2101 et
3582 2044 3755 2099 blan-

340 2140 702 2208 componunl
722 2135 982 2207 tristega.
1005 2136 1078 2189 At
1100 2138 1411 2207 postquam
1434 2133 1617 2191 solide
1638 2135 1990 2207 prmﬁxerint
2015 2132 2063 2145 ⁴“’
2100 2133 2259 2189 ditur
2278 2134 2525 2190 remissa
2554 2133 2665 2191 alis
2687 2134 2958 2190 subvenit
2995 2135 3124 2205 conj
3135 2151 3209 2189 ux
3247 2133 3492 2205 imparis
3520 2132 3757 2206 generis

338 2224 604 2281 labentes
634 2223 887 2296 plantas,
922 2227 1049 2278 tum
1074 2222 1364 2294 diponunt
1384 2223 1610 2294 digesta
1629 2224 1821 2295 jurgia
1841 2224 1993 2280 inter

339 2312 567 2370 animos
597 2328 925 2385 procerum,
959 2316 1017 2366 et
1044 2310 1343 2366 afﬁrmant
1371 2327 1433 2366 se
1462 2327 1591 2367 esse
1624 2311 1811 2367 socios
1833 2316 1993 2368 utro-

339 2416 471 2456 rum
493 2399 951 2469 adversantium,
984 2402 1042 2454 et
1070 2397 1421 2470 plagiatores
1452 2404 1733 2455 accusant
1761 2400 1991 2456 aemulis

339 2487 582 2544 amulos
604 2488 838 2556 infidos,
863 2487 1017 2558 quod
1043 2488 1381 2559 fungantur,
1407 2487 1457 2543 ei
1482 2504 1716 2559 quoque
1738 2484 1992 2560 perversi

340 2580 408 2632 ut
426 2575 564 2632 illis.
588 2576 854 2631 Semotos
878 2581 1310 2647 arguunttanto
1329 2576 1593 2647 crimine,
1614 2594 1686 2632 ne
1702 2578 1993 2650 pandetur

340 2664 548 2736 iniqua
576 2663 871 2735 pharetra,
902 2668 958 2719 et
990 2681 1060 2719 ne
1091 2664 1358 2720 mordeat
1386 2681 1746 2737 quemquam
1769 2666 1994 2721 indiffe-

341 2757 536 2809 renter
582 2752 702 2808 fore
749 2753 1069 2825 ingratum.
1120 2752 1349 2807 Accitos
1398 2760 1621 2809 canunt
1650 2753 1915 2826 perclues
1938 2759 1995 2810 et

345 2842 670 2913 perdurant
698 2841 1035 2909 dissidium,
1068 2842 1451 2897 contestando
1493 2842 1678 2898 sacris
1710 2859 1782 2899 ne
1813 2843 1992 2899 simul

346 2929 587 2985 redeant
607 2946 742 2985 cum
772 2928 918 2999 ipsis
939 2929 1011 2983 ad
1036 2928 1375 3000 pristinum,
1398 2931 1584 2986 donec
1604 2935 1909 2987 versentur
1931 2932 1990 2987 in

343 3018 464 3074 imo
485 3020 545 3074 et
563 3017 676 3089 ipsi
698 3015 921 3073 indices
943 3033 1059 3073 non
1084 3022 1532 3088 sequestrantur
1572 3019 1989 3076 nitentes.......

346 3105 455 3162 has
475 3109 741 3161 versutas
764 3121 936 3161 curas
957 3110 1014 3160 et
1053 3110 1358 3174 susurret;
1399 3106 1615 3161 valebit
1654 3106 1702 3162 si
1727 3108 1847 3163 haec
1870 3110 1992 3165 fue-

342 3193 463 3249 rint
482 3194 713 3249 deserta
734 3192 971 3250 infecta.
1014 3193 1141 3248 Non
1181 3192 1378 3248 lavant
1404 3193 1686 3261 insontes,
1712 3213 1860 3268 quos
1887 3213 1992 3253 nec

342 3298 594 3339 censura
616 3281 839 3353 fatigat.
864 3283 1015 3337 Tum
1040 3281 1344 3338 Bronchus
1368 3283 1656 3355 premitur
1681 3285 1919 3341 horrore
1937 3291 1993 3341 et

337 3388 449 3427 vox
489 3386 707 3443 urgens
756 3368 962 3425 fulcire
1009 3369 1200 3425 edicta
1249 3370 1446 3442 politis
1495 3372 1806 3445 prastigiis
1835 3373 1991 3429 exilii

2101 2240 2218 2277 non
2251 2227 2491 2278 natura).
2527 2223 2649 2286 Quo
2681 2227 2950 2293 patrante
2989 2222 3108 2278 ales
3153 2221 3526 2295 praesenserit
3557 2238 3620 2276 se
3650 2222 3757 2276 fm-

2100 2314 2221 2365 tam
2276 2310 2630 2382 insequitur,
2664 2310 2927 2383 gaudens
2958 2310 3273 2366 dissolvere
3295 2311 3494 2365 dotata
3531 2308 3759 2365 viscera

2103 2399 2328 2469 sponsi.
2362 2398 2454 2454 Sic
2484 2400 2663 2454 duces
2695 2404 3037 2454 crassantur
3066 2398 3126 2453 in
3157 2398 3402 2463 exuviis,
3436 2397 3670 2453 inhiant
3694 2401 3762 2451 ut

2102 2492 2350 2558 surgant
2370 2487 2429 2541 in
2454 2486 2824 2553 alterutrum,
2843 2503 2915 2543 ne
2936 2504 3086 2542 vana
3102 2487 3285 2542 libido
3310 2485 3667 2557 impediatur
3684 2486 3759 2541 ad

2103 2592 2275 2631 omne
2307 2576 2534 2631 facinus
2559 2577 2712 2647 quod
2760 2576 2997 2648 appetit.
3022 2576 3173 2632 Dum
3193 2573 3465 2646 impacati
3485 2575 3760 2630 custodes

2101 2664 2347 2720 trahunt
2375 2664 2604 2720 diversa
2641 2665 2799 2720 exosi
2851 2664 3002 2721 inter
3055 2681 3138 2735 se,
3190 2681 3297 2720 nec
3341 2663 3463 2718 bini
3498 2662 3763 2719 sentiunt

2103 2769 2312 2818 unum,
2338 2769 2444 2808 nec
2466 2752 2685 2825 singuli
2708 2757 2957 2825 possunt
2978 2753 3251 2809 resistere
3279 2752 3529 2807 vittatim
3555 2768 3756 2824 proce-

2102 2843 2252 2896 dunt
2282 2857 2635 2912 quocunque
2661 2846 2894 2896 tantum
2934 2846 3024 2897 est
3071 2844 3375 2914 expectare
3424 2857 3555 2912 quae
3583 2840 3758 2897 actiat

2105 2947 2272 2985 urna.

2173 3018 2358 3073 Pudet
2379 3035 2738 3089 quemquam
2761 3019 2991 3075 vibrare
3014 3019 3212 3091 ipsum
3235 3018 3511 3092 spiritum
3537 3033 3640 3091 per
3661 3035 3757 3074 su-

2101 3122 2271 3179 peras
2300 3123 2497 3176 auras,
2529 3123 2773 3178 quaeque
2823 3112 3063 3163 manent
3102 3107 3333 3179 ingrata
3376 3107 3586 3179 cuique
3615 3106 3756 3161 dum

2101 3200 2335 3252 tenetur
2361 3196 2679 3251 auferenda
2701 3194 2923 3251 felicior
2946 3197 3075 3267 jam
3099 3196 3384 3268 proditus,
3411 3195 3511 3268 qui
3536 3196 3757 3251 immu-

2102 3285 2194 3340 nis
2222 3289 2505 3340 extasset.
2538 3284 2686 3339 Hinc
2731 3283 2827 3340 alii
2873 3283 3072 3340 exules
3115 3285 3430 3358 repudiant
3456 3285 3625 3340 basia
3653 3299 3759 3338 nec

2099 3378 2376 3429 verentur
2404 3373 2673 3429 frustrari
2706 3377 2895 3429 natos.
2946 3374 3013 3428 Et
3061 3372 3161 3429 alii
3208 3373 3448 3445 quidem
3480 3371 3761 3445 perstrin-

340 3459 535 3516 evadit
553 3459 625 3515 ad
638 3458 804 3515 aulas
826 3458 1213 3515 stridentibus
1227 3460 1494 3531 postibus
1511 3465 1566 3516 et
1585 3444 1783 3517 lividis
1800 3463 1991 3534 pupil-
2024 3444 2067 3510 (ἶ
2106 3465 2254 3535 gunt
2274 3460 2466 3517 lurida
2485 3461 2712 3517 viscera
2732 3461 3131 3533 paschemate.
3157 3444 3385 3517 Etisunt
3399 3462 3620 3517 inertes
3638 3477 3765 3532 spe-

339 3549 436 3605 lis.
469 3546 573 3604 Hic
604 3550 862 3603 assertor
889 3546 1010 3602 veri
1062 3551 1302 3603 notatur
1354 3548 1556 3604 rabido
1604 3550 1899 3622 stigmate,
1933 3555 2000 3606 ut

342 3639 540 3711 praeda
562 3637 915 3710 quantocius
937 3637 1341 3708 discerpenda.
1374 3639 1674 3704 Quomodo
1704 3656 1838 3695 cum
1873 3657 1999 3695 ma-

345 3726 598 3799 strugati
628 3725 826 3782 Pharti
878 3725 1177 3782 intentant
1224 3726 1619 3798 Tragelaphos
1660 3728 1914 3801 Scorpus
1945 3735 2003 3784 et

348 3814 599 3889 praevius
622 3815 898 3886 gradiens
916 3815 1418 3885 captaveritauras
1436 3815 1598 3883 lethi,
1620 3820 1746 3871 tum
1772 3834 1834 3872 se
1855 3818 2003 3874 duce

351 3906 755 3973 contorquens
787 3890 1026 3975 agmina
1064 3903 1355 3974 pecudum
1384 3904 1549 3976 fugat
1570 3920 1674 3976 per
1721 3922 1875 3973 aera,
1907 3907 2002 3962 cui

350 3990 869 4063 imputatquisque
882 3990 1393 4064 arcitenens,quod
1408 4010 1522 4048 non
1540 3994 2004 4051 fuissentomnes

349 4078 627 4153 prostrati
656 4097 669 4147 ;
706 4096 882 4152 quem
913 4080 1089 4136 etiam
1122 4080 1313 4137 solum
1365 4082 1697 4154 imprecans
1727 4083 2004 4156 blasphe-

347 4173 491 4235 mat,
519 4174 577 4224 et
599 4167 806 4240 fatigat
826 4184 1212 4239 compescere.
1241 4169 1335 4225 Sic
1358 4171 1457 4242 qui
1479 4170 1632 4226 valet
1655 4188 2005 4245 cognoscere

350 4255 587 4312 fraudes
609 4255 829 4311 ducum
852 4256 902 4312 si
922 4257 1227 4327 protulerit
1245 4259 1301 4312 in
1326 4259 1607 4314 medium.
1629 4262 1701 4314 At
1717 4277 2006 4317 consonos

350 4344 594 4400 mandat
623 4343 826 4400 caelare
847 4345 1108 4401 coruscis
1143 4345 1351 4418 plastis
1373 4350 1431 4403 et
1471 4349 1806 4420 frequenter
1825 4351 1997 4406 advo-

348 4437 483 4489 cant
502 4432 786 4489 martisus
809 4437 867 4488 et
888 4434 948 4488 in
969 4434 1156 4490 tristis
1176 4440 1232 4489 et
1271 4435 1598 4504 emistibus,
1623 4443 1688 4492 ut
1709 4438 2001 4494 resolvant

351 4537 480 4577 sese
503 4521 735 4576 condito
761 4521 902 4577 dum
940 4527 1080 4578 sunt
1102 4524 1321 4595 quibus
1362 4531 1417 4579 et
1441 4524 1757 4581 horridulis
1782 4527 2002 4583 oﬂ‘alim

351 4610 597 4682 insuper
626 4610 866 4666 student
893 4611 1219 4668 discludere
1267 4616 1338 4668 de
1379 4630 1603 4669 cruore.
1640 4657 1651 4668 .
1690 4657 1700 4669 .
1740 4658 1752 4669 .
1789 4658 1801 4671 .
1840 4658 1852 4670 .
1890 4658 1901 4671 .
1941 4659 1952 4672 .
1992 4658 2004 4671 .

352 4702 457 4753 aut
473 4714 601 4769 quae
624 4697 966 4771 relinquunt
987 4717 1135 4772 quos
1159 4703 1544 4772 pessundant.
1564 4703 1898 4760 Ministrant
1916 4704 2009 4760 his

2108 3555 2336 3607 ctantes
2368 3551 2589 3607 nodum
2632 3550 2953 3623 pyramidis
2984 3554 3044 3606 et
3072 3550 3305 3623 speleon
3338 3549 3538 3624 yconis
3566 3549 3658 3606 vel
3678 3548 3761 3605 la-

2108 3658 2291 3695 cuna.
2327 3641 2396 3695 Et
2427 3644 2655 3695 restant
2685 3640 2903 3712 quibus
2935 3639 3240 3695 fraudatur
3267 3642 3541 3711 aspectus
3571 3642 3766 3711 tyran-

2112 3729 2203 3784 nis
2242 3728 2330 3784 vel
2388 3745 2536 3800 quos
2587 3729 2892 3798 praecisum
2945 3745 3156 3784 nomen
3208 3727 3488 3800 parentis,
3533 3726 3769 3782 videtur

2111 3833 2341 3873 servare
2372 3816 2663 3888 impubes.

2184 3904 2329 3959 Aliis
2352 3905 2635 3960 adimitur
2652 3922 2786 3977 pars
2806 3923 2935 3977 quae
2954 3905 3256 3977 experiens
3277 3905 3495 3977 bajulat
3511 3910 3769 3978 quatuor

2113 4009 2325 4049 sensus
2355 3998 2411 4048 et
2441 3994 2670 4050 revulsa
2710 3996 3027 4067 compescit
3055 3994 3262 4051 alium.

2184 4082 2298 4137 Nec
2330 4082 2413 4138 sic
2443 4083 2579 4138 odia
2610 4089 2889 4155 premunt
2936 4083 3147 4155 sopita,
3200 4084 3301 4140 sed
3330 4089 3770 4155 persequuntur

2114 4170 2401 4241 quidquid
2436 4176 2620 4227 restat
2645 4173 2715 4226 de
2760 4172 3047 4244 germine,
3075 4173 3175 4228 sed
3205 4172 3521 4227 furibunda
3554 4173 3767 4244 cupido

2115 4258 2256 4312 dum
2273 4258 2788 4326 fruitur-sontibus,
2806 4275 2877 4315 ne
2892 4276 3018 4332 quze
3043 4261 3221 4315 donat
3242 4259 3651 4331 excipiendum
3668 4276 3770 4315 ne-

2120 4347 2205 4402 fas
2224 4348 2456 4403 effraana
2480 4348 2641 4402 saevit
2662 4348 2720 4403 in
2746 4350 3064 4420 abruptum
3104 4365 3210 4421 per
3250 4349 3409 4421 ipsos
3432 4348 3666 4421 probos.
3702 4349 3772 4404 Et

2120 4441 2433 4508 postquam
2466 4436 2727 4509 insignes
2758 4438 2938 4492 diruti
2960 4438 3306 4509 compendio
3340 4438 3587 4492 traenant
3610 4435 3774 4493 hiare

2117 4542 2319 4580 eorum
2343 4525 2633 4581 derisores
2657 4525 3259 4598 implicanturtaediis.
3276 4524 3771 4597 thuiquondam

2120 4614 2535 4669 abdicaverunt
2557 4616 2715 4686 ipsos
2738 4615 2903 4671 irrita
2925 4615 3039 4673 fide
3058 4621 3181 4671 tum
3206 4619 3480 4686 quaerunt
3496 4614 3773 4670 seductas

2121 4704 2351 4757 dextras
2374 4704 2500 4774 jam
2532 4703 2712 4759 nullis
2745 4703 2975 4776 praediis
3014 4703 3105 4760 vel
3155 4703 3534 4759 facultatibus
3564 4702 3770 4758 dotau-

352 4792 691 4859 provectum
715 4789 920 4844 donec.
945 4789 1057 4845 Sed
1100 4790 1171 4846 de
1212 4791 1462 4847 aliorum
1495 4793 1750 4863 jactura.
1775 4795 1856 4849 Ex
1878 4794 2006 4866 qui-
2039 4809 2087 4874 Ι)
2120 4791 2245 4857 das,
2264 4807 2409 4861 quas
2452 4792 2730 4861 jucundae
2780 4791 2945 4863 prius
2995 4792 3429 4847 committerent
3476 4790 3771 4862 praedictis

352 4875 465 4931 bus
486 4879 628 4931 sunt
646 4876 823 4932 etiam
846 4878 1108 4948 quidam,
1135 4879 1235 4950 qui
1255 4880 1395 4934 dum
1414 4880 1695 4935 aamulant
1715 4882 2008 4937 fortunam

352 4963 601 5020 aliorum
627 4964 739 5020 sibi
766 4965 1065 5037 indeptam
1093 4967 1342 5040 fatigant
1366 4984 1465 5024 eos
1497 4986 1728 5025 cessare
1750 4969 1842 5026 his
1865 4988 2006 5042 prrs-

350 5050 543 5124 stigiis
574 5053 1115 5111 ostendantinlices
1136 5054 1352 5122 luctus,
1384 5062 1443 5111 et
1472 5057 1822 5127 depromunt
1854 5060 2009 5129 quod

350 5140 672 5212 Principes,
699 5142 796 5212 qui
822 5148 1104 5198 auxerant
1125 5145 1284 5213 ipsos
1307 5144 2008 5202 ﬁxissentilliszerumnas

353 5245 502 5300 quos
524 5234 582 5284 et
604 5230 860 5300 produnt
882 5231 1127 5303 dignum
1152 5234 1445 5297 exludere,
1474 5238 1528 5288 et
1554 5236 1857 5306 repulsant
1878 5236 2008 5292 vin-

353 5316 549 5372 dicare
572 5317 715 5384 hiec,
741 5322 796 5373 et
819 5317 1122 5375 dissorunt
1150 5320 1432 5376 validum.
1460 5322 1546 5376 Illi
1573 5322 1713 5376 dum
1740 5324 2010 5378 nituntur

354 5404 463 5459 hoc
496 5412 830 5477 perpetrare
861 5407 1176 5478 exquirunt
1208 5410 1414 5465 modos
1448 5410 1663 5481 potius,
1698 5416 1761 5465 ut
1783 5412 2007 5466 dictant

353 5491 501 5547 tales
526 5494 862 5565 amphifari,
888 5496 987 5566 qui
1021 5497 1070 5552 si
1103 5503 1404 5568 aspectent
1425 5500 1550 5568 jam
1585 5504 1819 5553 nactum
1851 5502 2005 5556 unde

352 5580 573 5636 valeant
607 5581 816 5635 elidere
838 5583 1184 5648 duces,tunc
1201 5587 1618 5657 quaeruntinde
1633 5593 1999 5657 proventum.

350 5668 454 5723 Sin
488 5672 718 5738 ponunt
748 5684 876 5723 sese
908 5675 1109 5727 cautos
1141 5674 1356 5744 quibus
1390 5680 1448 5729 et
1485 5680 1782 5746 exponunt
1812 5676 2002 5731 socios

352 5761 412 5811 et
441 5756 742 5810 resolvunt
774 5756 1094 5812 machinas.
1126 5762 1189 5815 Et
1213 5763 1419 5816 docent
1460 5763 1715 5833 primum
1742 5781 1802 5818 se
1835 5781 2000 5819 voca-

353 5848 447 5900 tos
469 5842 529 5896 in
552 5840 645 5897 his
670 5841 741 5896 ab
783 5842 915 5899 aliis
957 5851 1013 5900 et
1052 5863 1185 5905 mox
1224 5850 1531 5922 rel'ugiisse
1571 5851 1643 5906 ad
1665 5866 1764 5906 eos
1790 5856 1851 5907 ut
1874 5869 2001 5923 pro-

2120 4878 2372 4933 dominis
2403 4879 2451 4934 si
2497 4884 2832 4935 servassent
2881 4878 3070 4951 prima
3117 4880 3354 4936 fmdera.
3410 4882 3481 4934 Et
3528 4881 3578 4934 si
3609 4880 3772 4952 origo

2119 4966 2429 5038 protulerit
2457 4967 2565 5023 hos
2593 4985 2845 5041 eugenes
2880 4968 3080 5023 niortii
3111 4969 3373 5025 continui
3405 4974 3649 5040 pareant
3670 4987 3771 5025 ne-

2120 5055 2338 5126 quilla).
2373 5057 2509 5112 Post
2539 5062 2754 5128 cogunt
2786 5075 2847 5113 se
2875 5057 2959 5113 ire
2991 5058 3307 5130 naufragos
3337 5057 3487 5112 abiis
3522 5057 3775 5129 pedibus

2119 5149 2175 5200 et
2205 5154 2525 5200 caueantur
2554 5146 2838 5215 dediticii,
2874 5150 2935 5200 ut
2965 5146 3048 5201 vel
3084 5146 3251 5201 inviti
3282 5145 3597 5218 suppleant
3618 5148 3775 5217 quod

2119 5235 2558 5306 spoponderant
2589 5235 2850 5289 fmnerati
2885 5236 3194 5289 munerati.
3249 5233 3463 5288 Arbitri
3496 5234 3596 5303 qui
3631 5236 3775 5291 deli-

2121 5322 2380 5392 gantur?
2411 5340 2557 5394 quos
2591 5340 2693 5378 nec
2719 5324 2892 5394 juvat
2932 5324 3141 5377 referre
3172 5326 3452 5393 spectata,
3486 5324 3782 5393 necjuvat

2117 5416 2380 5482 spectare
2411 5412 2631 5467 inserta
2670 5412 2915 5467 vetustis
2967 5410 3165 5467 tomis.
3220 5410 3517 5464 Intentant
3545 5410 3779 5469 haariles

2116 5504 2297 5555 nutus
2329 5500 2601 5556 inductos
2626 5506 2682 5555 et
2705 5500 2789 5555 sic
2812 5498 3319 5568 concinnantjura
3342 5497 3560 5554 infecta
3584 5503 3778 5557 numi-

2115 5595 2321 5655 smate,
2357 5594 2424 5644 ut
2456 5594 2741 5661 exequata
2769 5588 2904 5643 lanx
2927 5587 3173 5657 justitiac
3209 5586 3506 5642 neminem
3530 5590 3779 5646 trutinet

2115 5677 2314 5731 facete.
2347 5677 2459 5732 Nec
2494 5678 2772 5733 omnibus
2801 5676 3097 5731 indicetur
3151 5675 3419 5749 diligant,
3473 5676 3772 5735 indemnis

2110 5764 2257 5820 exiet
2288 5764 2433 5836 ipse,
2467 5770 2524 5820 et
2573 5767 2843 5836 quamvis
2874 5771 3114 5821 excuset
3144 5782 3319 5837 quem
3354 5765 3655 5837 exodiunt,
3688 5758 3772 5824 vel

2102 5858 2402 5909 tenentem
2435 5854 2735 5909 fortunam
2787 5855 3135 5912 succumbet
3184 5858 3285 5913 aut
3332 5854 3554 5913 fractus
3586 5856 3642 5912 vi
3674 5842 3774 5915 aut
