3916 6428
191 522 311 587 883

1259 526 1794 591 POLYPTICUM.
1827 561 1904 573 —
1933 527 2248 592 TEXTUS
2295 530 2576 591 ALTER.

3504 529 3621 591 886

194 657 444 713 abactus
475 654 732 712 insidiis.
758 655 872 713 Nec
904 672 1150 713 censura
1172 659 1394 716 durans
1426 661 1484 715 in
1515 660 1670 716 idem
1705 679 1857 734 saepe
1885 664 1941 731 Α
1972 681 2146 719 suum
2179 663 2368 734 silere,
2403 664 2490 719 vel
2531 661 2776 720 moleste
2806 663 3107 719 obducunt
3152 661 3269 718 luci
3299 667 3356 718 et
3403 667 3622 736 cogunt

195 746 518 818 respondet
565 763 686 800 una
732 746 1046 814 sententia,
1099 765 1222 816 quae
1274 765 1430 804 nunc
1470 751 1680 823 arguit,
1729 768 1862 806 mox

195 837 412 891 iterum
445 835 615 890 inﬂat
645 833 944 906 laudibus,
978 841 1035 891 et
1066 853 1272 892 rursus
1303 838 1625 910 proclamat
1655 841 1858 896 eadem

196 924 508 997 prophana
537 924 780 996 insuper
812 928 867 979 et
899 925 1207 1005 deteriora.

266 1016 372 1068 Ast
402 1012 672 1068 conditor
691 1014 886 1068 arduae
918 1014 1070 1069 arcis
1093 1015 1232 1086 quin
1267 1016 1566 1072 laureatus
1598 1018 1742 1073 solio
1767 1019 1862 1073 ni-

193 1119 305 1156 xus
337 1101 603 1157 elevatur
654 1102 874 1174 opimo,
910 1109 968 1158 et
1017 1104 1253 1160 fmtatur
1281 1105 1516 1161 eludere
1560 1108 1857 1163 residuam

192 1191 499 1247 cohortem
525 1191 775 1246 rudibus
790 1191 1448 1263 syllogismis,iubilatsi
1477 1213 1624 1267 quos
1645 1197 1859 1252 eximet

196 1298 439 1336 summa
470 1281 598 1336 dies
629 1281 768 1334 dum
803 1281 982 1336 intret
1013 1283 1358 1339 caducarius
1390 1290 1446 1339 et
1475 1286 1689 1351 viduis,
1730 1304 1856 1357 quae

194 1373 541 1442 superstant
570 1371 641 1424 ab
677 1368 842 1440 ipsis,
875 1387 989 1425 non
1017 1371 1193 1426 datur
1223 1373 1378 1444 optio
1407 1374 1562 1428 sisic
1585 1380 1860 1430 maneant

195 1464 300 1514 aut
317 1459 542 1530 quibus
565 1464 968 1530 praeparentse
989 1459 1200 1516 bivitas
1218 1461 1275 1515 ni
1291 1462 1583 1517 redimant
1605 1481 1855 1534 quorum

194 1549 402 1620 inepta
443 1548 738 1604 connubia
766 1553 867 1602 aut
914 1554 1250 1604 mercantur
1281 1551 1353 1604 ab
1402 1551 1712 1606 immeritis
1758 1558 1857 1607 aut

194 1637 440 1708 erigunt
489 1642 724 1708 egentes
777 1636 1019 1694 clientes
1073 1639 1248 1710 regis,
1280 1641 1381 1710 qui
1431 1657 1534 1695 nec
1585 1642 1858 1696 dubitant

194 1726 490 1782 ot‘fuscare
513 1726 814 1798 privignos
835 1744 940 1782 nec
970 1727 1276 1784 excludere
1309 1730 1583 1802 prodigas
1615 1735 1855 1786 matres.

269 1819 340 1869 Et
360 1817 478 1870 dux
501 1815 798 1870 interdum
821 1821 1017 1871 sumet
1037 1817 1349 1888 insignitas
1376 1819 1581 1890 iiguris
1613 1819 1671 1873 in
1695 1820 1858 1891 Lyto-

195 1909 449 1960 stratam
473 1903 671 1960 aulam
693 1905 969 1976 turpibus
999 1905 1226 1962 usibus.
1253 1907 1468 1962 Deinde
1491 1908 1644 1979 cogit
1666 1908 1857 1979 priva-

193 1995 307 2049 tim
340 1994 550 2066 degere
594 1998 831 2049 caeteros
881 1996 1196 2066 productos
1228 1997 1536 2068 indigenas
1585 2003 1640 2052 et
1661 1998 1858 2068 jaceat

193 2100 414 2156 egenos
436 2084 692 2139 advenas
721 2083 919 2139 electis
950 2084 1236 2140 aurilibus
1261 2086 1402 2157 quia
1431 2086 1701 2157 dapsyles
1725 2103 1854 2158 spe-

194 2178 289 2228 rat
321 2189 420 2228 eos
449 2172 585 2227 sibi.
621 2173 686 2227 Et
721 2172 770 2227 si
802 2173 891 2227 vel
925 2173 1080 2229 cives
1112 2178 1343 2229 tantum
1397 2176 1612 2229 buceos
1646 2192 1848 2246 seque-

193 2267 428 2317 straate
447 2279 618 2318 sacra
649 2278 988 2317 mammona
1014 2280 1027 2329 ;
1062 2267 1126 2318 ut
1161 2263 1355 2334 potius
1378 2263 1672 2319 celebrent
1694 2265 1858 2320 obse-

193 2351 359 2423 quia,
394 2355 452 2406 et
480 2350 928 2422 pareantjussis
960 2366 1062 2423 per
1091 2368 1284 2407 omne.
1307 2353 1663 2423 Necjactent
1698 2353 1854 2409 :haec

194 2438 500 2512 magnalia
522 2439 860 2494 fudit'nobis
882 2439 1137 2511 genuina
1160 2441 1601 2512 prosapia.Quia
1623 2442 1855 2497 attoniti

192 2528 493 2601 plaudunt
523 2529 622 2584 sed
655 2528 845 2600 ignari
876 2528 1014 2600 quid
1049 2529 1246 2585 rutilet
1275 2547 1376 2601 per
1431 2531 1714 2598 trabeam,
1750 2548 1855 2588 nec

191 2618 402 2674 docuit
431 2623 720 2688 praetexta.
757 2618 968 2674 Obsius
999 2618 1147 2673 fallit
1177 2619 1284 2674 hos
1313 2623 1370 2674 et
1397 2619 1638 2675 licorem
1680 2637 1854 2691 quem

192 2723 411 2762 cauma
440 2706 662 2778 expulit
691 2711 880 2777 antro,
897 2707 1089 2762 solent
1112 2708 1380 2778 praeferre
1409 2707 1855 2778 lapillisindicis

193 2801 248 2851 et
278 2795 537 2852 caucasi.
577 2797 643 2850 Et
674 2796 817 2850 dum
861 2795 1076 2851 tollunt
1104 2795 1391 2852 ciliartica
1439 2797 1717 2868 insignia,
1751 2815 1855 2852 nec

192 2889 454 2940 noscunt
485 2885 742 2940 secunde
786 2889 1074 2956 coaptare.
1109 2885 1374 2956 Cumque
1406 2885 1570 2957 plebs
1603 2886 1857 2941 consulit

193 2975 304 3029 hos
327 2974 663 3029 frendentes
680 2978 957 3044 premunt
974 2975 1182 3030 rudere
1205 2975 1539 3030 barbaricas
1563 2975 1852 3045 sequelas.

195 3063 531 3117 Fastidiunt
551 3063 693 3134 quid
720 3062 961 3117 reboent
982 3062 1231 3134 leges,et
1252 3063 1460 3136 frigore
1492 3065 1580 3118 sui
1604 3065 1855 3118 barritus

197 3152 582 3224 perterritant
598 3151 890 3206 subditos.
911 3152 979 3206 Et
1001 3153 1255 3222 primum
1271 3154 1529 3224 gaudent
1554 3155 1856 3209 traducere

197 3259 478 3314 pompam
512 3240 734 3313 ignotis
767 3241 1160 3307 successibus,
1195 3247 1259 3295 ut
1289 3259 1423 3296 vero
1455 3242 1734 3313 coeperint
1763 3243 1856 3296 in-

195 3332 424 3403 spicere
451 3347 645 3385 mores
673 3331 916 3385 fortanze
941 3329 1076 3385 licet
1101 3330 1237 3386 foris
1261 3331 1645 3402 perendinent
1664 3349 1854 3398 curas,

1977 753 2236 824 experire
2284 754 2556 809 acerbum
2589 754 2716 819 iter,
2755 758 2812 808 et
2859 753 3109 808 lustrare
3156 752 3350 824 ignota
3385 752 3616 808 saecula.

1972 843 2118 898 Hine
2139 843 2388 898 efﬂuunt
2421 844 2636 898 animis
2668 844 2807 897 dum
2841 847 3138 913 compotes
3170 841 3461 897 caducarii
3486 858 3622 896 eve-

1972 933 2142 988 niunt
2173 932 2447 1004 prostrati
2500 933 2670 1004 regis.
2706 932 2868 986 Unde
2912 946 3062 1002 saepe
3094 931 3291 984 colunt
3334 929 3619 984 caltudias

1970 1023 2328 1079 ostendendo
2361 1022 2630 1092 superba,
2655 1026 2711 1076 et
2744 1021 3077 1075 conducunt
3106 1036 3167 1074 se
3199 1018 3404 1089 alogiis
3436 1018 3620 1073 libare

1970 1112 2198 1167 nibaria
2228 1105 2498 1166 earczesia
2529 1113 2586 1165 et
2613 1111 2881 1164 tribuunt
2931 1109 3128 1164 calbas
3161 1109 3230 1163 ad
3284 1107 3529 1162 invicem
3564 1110 3620 1161 et

1970 1201 2224 1255 reddunt
2256 1199 2446 1254 sabzea
2478 1197 2806 1252 semicintia
2836 1202 3075 1268 gravata
3122 1196 3384 1251 coruscis
3416 1194 3616 1250 bullis.

1970 1289 2194 1343 Rursus
2227 1288 2589 1356 ingeminant
2620 1304 2680 1341 se
2712 1287 2925 1341 vincire
2965 1285 3190 1342 novella
3221 1285 3332 1339 fide
3364 1283 3619 1339 alternas

1968 1377 2205 1432 sibimet
2228 1380 2429 1430 mutuo
2453 1376 2628 1429 dante
2653 1374 2924 1446 prosapia
2948 1375 3259 1445 nymphas,
3289 1371 3619 1426 etvicissim

1968 1467 2265 1536 excipiunt
2295 1463 2406 1518 sibi
2438 1464 2685 1534 pignora
2719 1462 3028 1517 delubro...
3063 1462 3347 1516 servanda
3381 1461 3618 1516 cliente-

1967 1554 2044 1621 la,
2077 1559 2134 1609 et
2164 1553 2251 1608 vel
2282 1551 2384 1608 tali
2416 1553 2693 1607 atrabone
2721 1550 3039 1622 persistant
3067 1553 3387 1620 compacta.
3413 1549 3616 1604 Czeteri

1959 1645 2215 1714 jurando
2250 1659 2350 1714 per
2373 1642 2689 1697 Dominum
2719 1639 3127 1711 spirituum,et
3158 1655 3260 1710 per
3286 1655 3465 1692 urnas
3489 1639 3618 1707 ejus

1969 1733 2394 1786 fidissimorum
2426 1730 2665 1786 testium
2697 1729 2911 1784 celatas
2945 1728 3000 1782 in
3031 1727 3208 1798 polito
3240 1726 3413 1798 opho.
3434 1725 3620 1796 Igitur

1968 1820 2344 1891 distinguunt
2371 1819 2525 1873 inter
2545 1835 2606 1873 se
2639 1821 2871 1889 gentem
2891 1820 2946 1870 et
2977 1815 3249 1886 patriam,
3273 1819 3330 1869 et
3352 1818 3620 1869 evertunt

1969 1911 2193 1980 inopes,
2228 1913 2283 1963 et
2317 1908 2464 1962 haud
2500 1907 2705 1961 odiunt
2734 1903 3026 1959 temerarii
3058 1902 3331 1974 quaelibet
3359 1918 3545 1957 saera.

2042 1999 2218 2053 Fama
2250 2001 2338 2052 est
2368 2013 2501 2051 cum
2556 1993 2839 2064 Autolops
2870 1991 3108 2064 coeperit
3133 1991 3347 2046 elidere
3389 2005 3618 2045 comam

1966 2087 2235 2142 bericinaa
2286 2084 2548 2157 implicat
2597 2100 2659 2138 se
2709 2082 2858 2145 neci,
2892 2086 2948 2135 et
2980 2081 3217 2135 tandem
3274 2083 3331 2132 et
3378 2078 3617 2132 tandem

1966 2177 2208 2249 prodere
2240 2191 2300 2230 se
2350 2173 2584 2246 propria
2632 2188 2786 2226 voce.
2821 2171 2914 2224 Sic
2946 2169 3134 2223 evenit
3171 2168 3283 2222 illis
3335 2166 3431 2238 qui
3467 2183 3618 2237 prae-

1966 2266 2208 2322 sumunt
2238 2262 2450 2318 violare
2499 2277 2685 2317 sacra.
2719 2261 2947 2314 Interea
2995 2274 3099 2312 nec
3132 2261 3321 2312 cessat
3365 2255 3615 2327 punitio,

1967 2354 2235 2426 quamvis
2267 2353 2580 2408 credantur
2609 2349 2936 2413 obliterata,
2957 2363 3082 2418 quze
3115 2346 3338 2400 dudum
3363 2343 3618 2398 tulerant

1967 2444 2229 2509 moleste,
2247 2441 2332 2496 vel
2357 2441 2405 2496 si
2432 2457 2546 2501 non
2572 2438 2787 2494 fuerint
2811 2437 3122 2507 impetrata
3143 2451 3270 2505 quae
3291 2435 3613 2504 jusserant,

1966 2532 2376 2604 opportunitas
2430 2529 2686 2583 vindicat
2717 2527 2773 2581 in
2820 2525 2985 2596 ipsis.
3041 2526 3286 2596 Insuper
3313 2519 3621 2592 tripliciter

1966 2622 2192 2676 addunt
2237 2619 2512 2691 perlicere
2542 2633 2722 2671 noxos
2767 2633 2869 2686 pro
2902 2614 3117 2685 quibus
3157 2611 3296 2666 olim
3331 2611 3618 2664 tinxerant

1968 2708 2249 2780 repellere
2278 2707 2492 2762 lucem.
2515 2706 2738 2769 Quibus
2765 2703 2956 2774 prada
2985 2706 3074 2756 est
3103 2699 3384 2771 supellex,
3411 2699 3481 2752 de
3503 2713 3620 2767 qua

1969 2815 2173 2853 rursus
2197 2797 2519 2868 proclamat
2538 2795 2783 2863 curiam,
2815 2808 2946 2846 cum
2975 2806 3143 2844 nemo
3176 2789 3254 2843 sit
3283 2788 3381 2857 qui
3408 2786 3620 2840 mutiat

1967 2889 2037 2942 de
2083 2886 2265 2942 curia.
2300 2886 2418 2957 Ops
2464 2884 2794 2939 considerat
2836 2880 3006 2951 longe
3056 2894 3160 2932 nec
3204 2875 3512 2948 prephetat
3559 2875 3617 2928 in

1967 2977 2058 3030 his
2095 2979 2314 3047 partem
2336 2990 2536 3028 secum
2556 2988 2703 3043 quos
2723 2969 2943 3040 stipant
2963 2965 3286 3021 Neotheriei
3315 2965 3615 3023 buteoncs.

1967 3081 2216 3135 quorum
2243 3063 2555 3134 plaudente
2577 3055 3231 3124 caterva,mucissonem
3257 3052 3462 3106 audies
3484 3051 3621 3105 velit

1968 3153 2015 3208 si
2048 3153 2285 3223 opipare
2317 3167 2450 3205 cum
2503 3148 2647 3219 ipsis
2678 3145 2938 3200 obsoleta
2969 3142 3207 3197 veritate
3257 3140 3527 3209 proferre.
3572 3139 3616 3193 Ο

1967 3248 2229 3312 tempora
2261 3257 2387 3310 qua:
2421 3237 2648 3292 nullum
2673 3235 2956 3289 celebrem
2986 3229 3325 3303 protrahitis
3358 3230 3424 3283 ad
3454 3229 3618 3297 judi-

1967 3348 2092 3386 cem
2117 3336 2173 3384 et
2204 3329 2481 3383 insistant
2508 3323 2734 3380 rustici.
2773 3321 2979 3377 Recolo
3013 3320 3329 3383 Busticeta,
3365 3318 3464 3371 sed
3500 3333 3614 3370 non

195 3421 297 3476 sed
326 3419 547 3475 vulnus
577 3419 929 3490 inspiciatur
976 3420 1084 3474 sub
1117 3424 1366 3490 pectore.
1399 3421 1490 3475 Sic
1539 3426 1852 3492 postquam
1886 3405 1928 3470 C
1969 3435 2254 3493 propense
2287 3416 2579 3477 consules,
2613 3411 2816 3484 quales
2849 3411 2993 3465 istos
3016 3408 3112 3479 qui
3139 3408 3222 3461 sic
3251 3406 3619 3478 prospiciunt

195 3527 258 3566 se
291 3509 506 3564 dedere
557 3507 736 3579 quieti
771 3506 906 3563 altis
938 3507 1224 3564 fulcribus
1253 3516 1392 3564 tunc
1422 3515 1479 3564 et
1524 3509 1856 3580 suscipiunt

193 3597 576 3670 stepbadium
599 3596 711 3651 sub
735 3596 830 3651 dio
861 3601 918 3651 et
949 3597 1662 3670 frequentantclypsidras
1687 3598 1854 3653 lucu-

195 3688 299 3743 bre
330 3693 389 3742 et
418 3686 469 3741 si
501 3685 710 3740 fallant
734 3685 1159 3740 metiri.Animi
1191 3687 1436 3742 ﬂuctant
1465 3687 1558 3742 his
1585 3690 1727 3742 dum
1761 3688 1856 3742 in-

195 3779 378 3831 suetae
411 3774 723 3839 rimantur,
757 3773 1017 3828 furtuitae
1061 3791 1216 3829 nunc
1247 3791 1405 3846 opes,
1442 3792 1598 3830 nunc
1647 3781 1704 3830 et
1736 3778 1854 3829 rui-

196 3882 334 3920 nam
367 3868 654 3935 expavent
692 3863 870 3934 degra
901 3863 1214 3934 Principis,
1245 3869 1310 3918 ut
1359 3865 1608 3919 docuere
1635 3880 1854 3936 praece-

196 3955 403 4009 dentes
433 3953 576 4007 dum
624 3952 925 4006 crederent
955 3951 1357 4023 tranquillam.
1393 3953 1554 4016 Quod
1606 3971 1710 4008 nec
1742 3954 1855 4006 du-

197 4047 338 4096 cunt
366 4040 678 4107 veniabile,
713 4056 818 4094 nec
850 4039 1009 4095 ullus
1039 4041 1250 4094 modus
1294 4045 1532 4096 excusat
1562 4042 1857 4112 praeterire

199 4132 339 4186 dum
359 4147 611 4203 quaeque
637 4130 890 4184 servitus
908 4130 1198 4185 excutitur
1214 4131 1284 4184 ab
1303 4129 1448 4201 ipsis
1478 4135 1540 4185 ut
1561 4131 1632 4184 ab
1653 4131 1858 4184 imme-

199 4220 328 4274 ritis
358 4218 601 4284 villicis,
631 4222 688 4274 et
741 4219 1035 4274 neminem
1083 4224 1324 4274 excusat
1353 4219 1488 4274 inde
1537 4220 1856 4274 auctoritas

197 4308 354 4364 sedis
402 4325 510 4363 suo
562 4313 855 4380 respectu,
889 4323 994 4364 nec
1043 4309 1188 4364 doxa
1228 4308 1391 4380 fugat
1439 4307 1853 4363 contumeliam

195 4414 345 4469 quos
373 4396 631 4468 dignitas
662 4401 721 4453 et
751 4397 994 4469 eulogia:
1027 4396 1352 4468 priscorum
1371 4397 1581 4452 caelatae
1599 4396 1854 4452 catbalo-

195 4485 284 4558 gis
313 4487 638 4542 retardant.
673 4486 734 4540 Si
767 4487 928 4558 origo
968 4487 1129 4541 dedit
1158 4503 1380 4542 naevum
1433 4492 1640 4558 parant
1670 4487 1854 4541 obdu-

196 4592 325 4631 cere
357 4580 416 4630 et
443 4575 698 4631 emicare
731 4573 924 4630 solum
975 4576 1045 4630 de
1075 4581 1349 4646 suscepta
1398 4576 1704 4647 dignitate.
1739 4575 1855 4629 Hoc

195 4663 507 4720 stimulant
537 4679 688 4719 sese.
724 4663 836 4718 Sed
869 4664 1010 4718 dum
1042 4662 1401 4719 conscientia
1428 4669 1596 4718 vexat
1627 4664 1855 4718 animos

1965 3513 2176 3564 cuncta
2199 3507 2411 3560 librare
2434 3502 2706 3558 secundis
2730 3499 3071 3563 rebus,dum
3086 3495 3437 3567 pertrahunt
3459 3510 3616 3564 sym-

1967 3597 2204 3669 phosias
2223 3595 2449 3649 musica
2469 3609 2568 3664 per
2600 3591 2804 3644 urbem
2825 3586 3078 3641 modulis
3103 3584 3321 3650 inﬂata,
3342 3586 3398 3635 et
3418 3598 3616 3652 reper-

1967 3703 2162 3750 cussa,
2194 3690 2251 3740 et
2282 3682 2514 3755 pulsata
2543 3677 2840 3751 proruptis
2862 3675 3094 3738 tidibus,
3116 3672 3249 3725 inde
3280 3669 3618 3741 sudpeditat

1965 3791 2179 3831 canora
2223 3789 2351 3828 vox.
2387 3769 2557 3825 Istria
2608 3769 2708 3822 dat
2754 3766 2942 3819 saltus
2973 3762 3262 3834 pincernae
3312 3758 3620 3829 invigilant

1966 3863 2247 3936 perpetim
2282 3858 2457 3914 simul
2491 3855 2848 3911 confundere
2897 3854 3170 3906 defaecata
3198 3849 3334 3902 vina
3365 3850 3614 3909 nectare,

1965 3961 2022 4008 et
2053 3952 2390 4006 ministrant
2420 3946 2662 4010 caeliam,
2690 3948 2747 3998 et
2776 3938 3024 3997 siceram
3057 3944 3124 3992 ut
3157 3939 3358 4007 fugent
3388 3951 3615 4006 parcos,

1966 4047 2023 4097 et
2053 4039 2343 4095 resolvant
2385 4033 2706 4090 temulenta
2753 4045 3032 4100 corpora;
3083 4027 3193 4080 heu
3241 4022 3614 4094 prodentium

1967 4131 2104 4186 hinc
2139 4129 2322 4183 nefas.
2357 4123 2464 4188 Qui
2516 4122 2889 4193 perstrepunt
2938 4130 3172 4185 quoquo
3225 4110 3472 4183 petulcis
3515 4126 3616 4164 ca-

1967 4219 2219 4286 chinnis,
2245 4221 2301 4271 et
2332 4219 2535 4268 mutuo
2562 4210 2850 4280 instigant
2881 4222 3007 4259 sese
3038 4201 3347 4271 iaculando
3367 4199 3616 4254 lascivas

1968 4307 2231 4364 fabellas.
2266 4305 2428 4359 Tunc
2458 4300 2744 4355 illecebrae
2788 4296 3111 4365 suggerunt
3142 4294 3344 4360 stupra
3373 4291 3431 4341 et
3459 4287 3614 4342 ince-

1966 4403 2090 4462 sta;
2125 4401 2181 4450 et
2211 4393 2358 4449 servi
2412 4385 2818 4460 morigerando
2867 4379 3122 4436 dominis
3170 4379 3513 4447 pernoctant
3555 4375 3613 4428 in

1966 4487 2058 4541 his
2089 4486 2548 4552 circumquaque
2577 4474 2948 4530 bacchantes.

2037 4574 2145 4628 Sed
2173 4589 2278 4626 nec
2302 4551 2576 4641 poterunt
2602 4565 2701 4618 diu
2718 4560 2935 4634 perfrui
2959 4558 3052 4611 his
3075 4557 3200 4610 sine
3221 4553 3342 4607 zelo
3366 4551 3616 4621 alicujus

1966 4679 2100 4718 cum
2124 4662 2244 4715 sint
2265 4675 2433 4730 pares
2455 4655 2680 4711 caeteris
2701 4649 3160 4718 ordine,ettanta
3177 4641 3459 4713 dignitate
3479 4656 3618 4730 pra:-

195 4753 506 4825 degeneris
537 4752 882 4823 propaginis
913 4768 1062 4822 quos
1114 4751 1331 4806 arctius
1365 4751 1627 4823 implicat
1671 4756 1856 4806 terror
1886 4767 1932 4831 D
1965 4751 2250 4824 polleant;
2271 4745 2590 4801 namlabor
2615 4739 3006 4801 concordiam,
3027 4731 3338 4831 dissidium
3360 4727 3616 4827 insolen-

193 4841 500 4896 revolvunt
532 4857 841 4913 procacem
865 4842 1193 4912 dominum,
1219 4846 1275 4896 et
1295 4845 1612 4896 retractant
1635 4843 1848 4912 praede-

192 4945 462 4984 cessores
491 4934 548 4983 et
596 4928 872 4984 consules
923 4933 979 4983 et
1027 4928 1408 5001 speculantur
1455 4946 1698 5000 pervasa
1729 4945 1855 5001 quae

193 5019 635 5089 subegeruntet
664 5022 938 5072 metuunt
968 5017 1121 5073 exire
1139 5019 1294 5072 unde
1325 5025 1652 5088 poscuntse
1684 5018 1853 5072 soda-

191 5105 345 5163 les...
382 5106 601 5162 minaci
634 5106 954 5178 periicitur.
984 5111 1129 5161 Dum
1153 5107 1281 5177 jam
1313 5107 1542 5161 diutina
1573 5106 1858 5161 securitas

192 5197 431 5251 incaute
472 5199 807 5268 praeparant
835 5195 1091 5266 lapsum,
1126 5200 1192 5250 ut
1239 5195 1410 5266 fingit
1440 5194 1735 5250 didascala
1766 5211 1856 5249 se-

191 5287 324 5341 ries.
359 5285 477 5340 Nec
507 5283 885 5340 exclucidant
929 5290 1235 5356 compacta
1266 5284 1405 5339 dum
1440 5285 1511 5338 ad
1544 5300 1728 5338 unum
1762 5300 1856 5337 co-

190 5380 333 5447 gant
363 5375 426 5429 in
474 5374 738 5447 glomere
785 5375 1060 5430 inductos
1109 5373 1346 5441 milites,
1383 5380 1446 5428 ut
1496 5373 1576 5428 sit
1624 5389 1694 5428 ne
1726 5371 1859 5444 quis

190 5468 416 5537 quaerat
447 5463 738 5518 obsistere
769 5479 842 5519 ne
872 5462 1084 5518 exulet.

259 5554 412 5608 Tum
447 5569 568 5608 una
600 5551 745 5606 facie
794 5555 1188 5623 prorumpunt
1235 5551 1506 5606 incusare
1535 5552 1734 5606 decem
1768 5550 1859 5604 cui

190 5642 590 5714 indulgent,et
609 5645 836 5696 castam
871 5642 1044 5695 ﬁdem
1071 5645 1306 5696 servant
1334 5641 1380 5694 si
1414 5640 1549 5694 licet
1571 5641 1856 5694 recedere.

193 5738 378 5800 Quem
410 5731 572 5788 enim
611 5731 662 5786 si
692 5730 841 5786 forte
872 5734 1128 5802 opponat
1149 5728 1487 5801 lentiginem
1515 5729 1746 5800 populo,
1773 5728 1857 5784 vel

191 5822 243 5880 si
274 5823 710 5881 immurmuret
737 5818 1053 5878 vincilibus
1101 5817 1452 5892 compellent
1482 5834 1860 5890 compensare

1963 4816 2106 4895 tiam
2140 4842 2388 4910 parat,et
2419 4836 2673 4888 minores
2708 4828 2979 4885 semotim
3013 4816 3538 4910 accelerantunire
3555 4831 3617 4870 se

1969 4905 2276 5001 pariterinj
2289 4925 2413 4980 uria
2428 4925 2716 4993 majorum
2729 4925 2806 4984 ,et
2819 4918 3138 4972 causantur
3150 4908 3343 4964 deberi
3361 4907 3472 4961 sibi
3485 4905 3614 4976 plu-

1968 4997 2188 5088 ra,qua3
2212 5015 2462 5071 retinent
2485 5018 2540 5066 et
2561 5009 2854 5078 castigant
2875 4998 3310 5088 exequenda.Hi
3335 4997 3616 5088 superant

1967 5086 2386 5178 agminibus,et
2401 5102 2579 5156 fervet
2597 5099 2781 5152 virtus
2800 5100 2918 5149 toto
2939 5092 3160 5146 robore.
3175 5087 3291 5142 [llis
3316 5086 3467 5155 viget
3492 5099 3615 5178 ma.-

1969 5171 2154 5250 turior
2176 5209 2405 5260 sensus,
2431 5195 2487 5244 et
2508 5186 2795 5244 excellunt
2815 5183 3024 5253 opibus
3042 5179 3420 5234 etiirmantur
3440 5171 3620 5228 subli-

1970 5285 2172 5338 mitate
2198 5281 2502 5336 moenium.
2527 5277 2636 5330 Sed
2670 5281 2865 5329 tamen
2888 5269 3261 5325 considerant
3291 5263 3617 5319 invalidum

1968 5389 2096 5428 esse
2115 5373 2453 5441 extinguere
2486 5364 2639 5436 quod
2661 5360 2868 5417 ebullit
2900 5359 2957 5412 ni
2992 5359 3255 5411 statuant
3286 5352 3618 5422 Principem

1970 5463 2080 5517 sub
2106 5477 2241 5531 quo,
2279 5463 2374 5513 sed
2411 5457 2687 5508 recusant
2717 5467 2779 5506 se
2811 5453 3086 5502 statuere.
3120 5443 3382 5498 Tandem
3416 5441 3621 5495 ineunt

1969 5528 2278 5605 consilium
2313 5558 2631 5614 proponere
2651 5539 2761 5594 sibi
2795 5537 3213 5604 stolidum,per
3242 5546 3415 5600 quem
3448 5528 3618 5598 perli—

1971 5639 2126 5691 ciant
2161 5652 2287 5706 qua:
2320 5637 2457 5687 sunt
2506 5628 2834 5693 commoda,
2869 5624 2969 5694 qui
3003 5639 3106 5676 nec
3139 5621 3455 5690 praesumat
3485 5615 3616 5669 illos

1972 5704 2288 5799 quicquam
2308 5717 2699 5791 inquirercvcl
2724 5725 3193 5781 recusare,quem
3212 5707 3388 5762 etiam
3402 5704 3617 5773 cogunt

1971 5795 2093 5874 haec
2119 5795 2340 5873 textare
2372 5827 2471 5882 per
2499 5807 2698 5865 divina
2728 5821 2895 5862 sacra
2923 5802 3241 5858 incassum.
3267 5795 3435 5861 Nam,
3458 5804 3616 5845 cum-
