3916 6480
269 579 386 644 887

1294 579 1634 643 ATTONIS
1678 577 2270 642 VERGELLENSIS
2313 579 2670 642 EPISCOPI

3583 575 3708 638 888

270 731 385 787 que
433 713 607 771 fuerit
649 712 951 784 Praalatus,
985 713 1035 771 si
1085 714 1265 772 hebes
1315 713 1637 785 perstiterit
1684 713 1916 769 nullum
1947 713 2002 779 Α
2033 711 2081 766 si
2106 713 2233 783 jam
2283 713 2549 770 radiante
2607 718 2840 768 caterva
2891 710 3228 769 subsistunt
3274 714 3332 766 et
3379 709 3706 782 frigescunt

269 802 496 860 luctum
529 803 744 860 deluet.
777 805 926 868 Quin
974 804 1150 860 etiam
1190 805 1438 874 juvenes
1488 807 1754 875 potenter
1797 803 1920 873 jam

272 891 551 962 adjicient
581 893 861 965 derogare
893 893 1126 963 priscis.
1147 893 1262 948 Nec
1293 891 1587 963 excipiunt
1618 893 1923 948 dominum

269 979 384 1036 nisi
401 984 742 1051 segregetur
761 982 832 1036 ab
857 979 993 1034 illis.
1013 979 1120 1042 Qui
1142 979 1378 1034 facundi
1398 983 1600 1036 contra
1623 980 1925 1035 minantur

267 1067 515 1123 rudibus
546 1067 786 1140 inﬁgere
819 1067 1109 1123 deteriora
1137 1072 1194 1122 et
1231 1072 1496 1124 exercent
1525 1069 1832 1123 dominum
1866 1072 1924 1122 et

268 1155 649 1228 requiruntur
696 1154 1008 1227 promissa,
1043 1160 1108 1211 ut
1155 1164 1402 1228 surgant
1433 1157 1492 1212 in
1539 1158 1832 1227 adversos,
1865 1161 1923 1212 et

267 1243 495 1300 docent.
517 1243 665 1308 Quid
695 1244 905 1300 faciet?
931 1246 1142 1317 poterit
1172 1262 1242 1301 ne
1271 1251 1552 1318 utrasque
1594 1247 1778 1302 vitare
1809 1246 1924 1300 rui-

267 1333 406 1389 nas?
438 1334 538 1389 sed
570 1349 674 1388 nec
705 1333 940 1406 ingenia
965 1335 1366 1406 suffragantur
1386 1340 1602 1407 inepto.
1637 1335 1839 1391 Restat
1858 1340 1922 1390 ut

268 1421 507 1494 effugiat
553 1437 770 1488 osores,
805 1427 861 1477 et
905 1428 1070 1479 vacet
1097 1423 1380 1495 privatus.
1427 1425 1486 1479 Si
1516 1441 1649 1480 vero
1695 1424 1920 1495 primus

267 1509 657 1582 propalaverit
698 1527 760 1566 se
800 1511 1080 1582 ignavum
1115 1517 1236 1568 arte
1267 1513 1328 1568 in
1383 1529 1498 1585 quo
1547 1519 1604 1568 et
1655 1514 1920 1585 protinus

265 1598 490 1655 eluceat
505 1600 818 1672 prudentia
845 1601 1070 1655 favente
1092 1601 1418 1657 diademate
1443 1620 1455 1657 :
1481 1607 1605 1656 tum
1629 1603 1920 1674 perterriti

263 1687 528 1743 clanculo
559 1693 878 1760 procurant
909 1689 1101 1762 sopire
1131 1691 1285 1746 odia.
1311 1693 1382 1746 Et
1412 1708 1618 1747 rursus
1649 1695 1920 1748 mussant

266 1778 545 1833 reducere
575 1777 634 1833 in
667 1795 876 1849 unum,
912 1783 979 1834 ut
1021 1779 1233 1836 iterum
1268 1786 1488 1852 queant
1517 1786 1770 1836 retexere
1800 1781 1917 1835 hae-

268 1865 434 1921 rilem
476 1871 698 1939 pestem
747 1868 996 1938 hujusce
1046 1873 1238 1939 pacto,
1271 1885 1396 1939 quae
1423 1886 1528 1924 nec
1578 1869 1786 1940 poterit
1817 1870 1916 1923 de-

265 1952 531 2009 litescere
561 1954 694 2009 duci
725 1955 844 2023 iam
876 1955 1032 2010 clara
1061 1956 1152 2011 sui
1175 1957 1521 2028 cognitione.
1544 1959 1698 2022 Quas
1729 1973 1916 2028 nugas

267 2047 437 2142 parat
464 2042 700 2142 abolere
728 2060 846 2099 una
875 2060 1007 2142 cum
1058 2045 1407 2116 nugacibus,
1443 2062 1618 2116 quem
1649 2045 1825 2100 etiam
1857 2051 1914 2101 et
1945 2076 1994 2142 Β

266 2130 381 2202 ipsi
412 2131 689 2186 adversus
723 2147 785 2186 se
814 2131 1077 2203 gestiunt
1101 2133 1406 2189 excludere
1436 2134 1509 2189 ab
1541 2139 1708 2189 aucto
1745 2133 1910 2190 solio.

265 2221 420 2286 Quos
451 2219 710 2292 primum
753 2219 1084 2291 impediunt
1133 2222 1540 2292 precedentia,
1574 2240 1700 2294 qua:
1733 2223 1910 2278 infor-

261 2312 429 2365 mant
459 2308 778 2363 ducem.At
807 2307 854 2363 si
889 2309 1246 2364 arbitrentur
1262 2310 1383 2365 haec
1413 2312 1684 2378 verenda,
1708 2316 1765 2366 et
1785 2313 1913 2382 opi-

264 2401 479 2453 nentur
507 2397 814 2453 dumtaxat
835 2402 1022 2453 semet
1052 2399 1300 2454 deﬁcere
1329 2400 1387 2453 in
1419 2399 1586 2471 ipsis,
1610 2405 1752 2455 tunc
1774 2417 1915 2471 quo-

263 2501 378 2558 que
407 2485 640 2541 eminus
669 2485 933 2558 dirigunt
962 2502 1134 2558 gazas
1184 2487 1510 2543 conducere
1541 2489 1653 2544 sibi
1684 2489 1910 2544 heroes.

262 2574 409 2630 Hinc
440 2578 646 2629 tenent
681 2575 950 2646 augenda
978 2575 1205 2642 solatia,
1239 2576 1382 2647 quin
1415 2577 1592 2631 etiam
1623 2583 1678 2632 et
1709 2582 1916 2649 parant

264 2661 401 2718 inde
431 2679 768 2734 promovere
799 2663 1081 2718 extimum
1135 2669 1307 2736 atque
1338 2666 1646 2721 robustum
1681 2667 1912 2734 ducem,

265 2755 322 2806 et
351 2751 700 2807 submittere
731 2751 903 2809 colla.
945 2753 1097 2808 Tum
1131 2753 1370 2825 quidem
1407 2795 1419 2807 .
1455 2797 1467 2807 .
1505 2796 1517 2808 .
1551 2754 1832 2827 suffragia
1860 2761 1917 2810 et

268 2839 524 2913 primum
554 2856 658 2912 per
677 2839 923 2896 vicarius
945 2841 1125 2896 sinon
1153 2842 1328 2897 fuerit
1357 2843 1446 2898 fas
1466 2843 1755 2899 celebrare
1778 2860 1916 2899 con-

267 2931 494 2984 ventus.
519 2928 742 2992 Quibus
760 2928 809 2983 si
839 2928 962 2983 haec
993 2930 1216 3001 digesta
1233 2930 1531 3002 paulisper
1547 2933 1577 2986 d
1590 2931 1913 2999 ill’erantur,

268 3017 541 3072 deﬁcient
583 3015 942 3088 imperfecta.
992 3023 1079 3072 An
1132 3017 1366 3073 interim
1411 3020 1664 3075 cessabit
1717 3022 1917 3076 saevire

268 3121 592 3160 concussus
619 3105 779 3159 furor
806 3106 1112 3176 praesentis
1144 3106 1434 3176 Praesidis,
1459 3112 1515 3162 et
1544 3109 1796 3179 torpebit
1826 3111 1920 3165 de-

266 3208 506 3265 pascere
537 3192 773 3248 fontes?
801 3193 953 3248 Num
986 3193 1231 3266 insuper
1260 3196 1490 3252 exinius
1522 3203 1655 3268 aget
1697 3199 1917 3254 hostire

267 3282 648 3354 perpetitores
698 3282 1014 3338 subversis.
1049 3283 1118 3336 Et
1150 3283 1198 3338 si
1251 3290 1456 3354 parent
1485 3287 1796 3342 subvenire
1827 3289 1918 3343 his

269 3387 418 3443 quos
449 3386 599 3441 saepe
641 3369 954 3425 salutando
987 3370 1127 3426 olim
1160 3374 1463 3428 tentabant
1504 3377 1823 3446 producere
1856 3381 1919 3430 ut

2034 802 2269 872 animis,
2303 807 2358 858 et
2403 803 2658 874 sulfugia
2703 805 2942 874 captant
2977 819 2990 855 :
3025 801 3238 856 referre
3285 800 3422 855 inde
3465 801 3702 872 pedem.

2032 895 2107 946 At
2134 891 2269 946 licet
2319 891 2684 964 conspiciant
2733 907 2908 946 suum
2961 906 3171 962 agmen
3221 893 3436 945 extare.
3471 889 3531 944 Si
3581 889 3702 944 dux

2032 979 2265 1035 eminus
2314 984 2582 1052 procuret
2615 979 2868 1034 indicere
2897 978 3015 1033 illis
3063 977 3417 1048 tranquillos
3457 977 3700 1049 angelos

2032 1074 2299 1140 gravatos
2329 1069 2514 1124 xeniis
2544 1067 3109 1139 inclusi,disputant,
3143 1071 3200 1123 et
3231 1066 3614 1138 querelantur
3636 1083 3700 1121 se

2032 1157 2389 1224 seductos,et
2419 1157 2752 1213 declamant
2781 1155 3054 1211 consules
3085 1155 3186 1226 qui
3218 1155 3379 1227 ipsos
3409 1155 3700 1211 conduxe-

2031 1250 2162 1301 rant
2193 1245 2305 1301 sibi
2336 1247 2674 1318 perﬁdos,et
2705 1246 3015 1301 innectunt
3046 1245 3303 1312 fraudes,
3326 1261 3475 1316 quos
3508 1249 3565 1299 et
3592 1245 3694 1298 de-

2031 1339 2235 1390 serunt
2282 1340 2338 1390 et
2385 1335 2761 1407 distinguunt
2811 1333 3005 1401 lsetho,
3051 1337 3107 1388 et
3159 1337 3299 1387 tunc
3356 1337 3702 1403 pertentant

2028 1421 2354 1479 incolumes
2387 1425 2663 1480 reducere
2690 1427 3047 1496 gressum,et
3079 1423 3331 1494 perferre
3354 1407 3563 1494 adepta
3585 1421 3702 1494 pri-

2027 1516 2158 1568 vato
2191 1512 2336 1568 solo.

2102 1601 2251 1656 Raro
2281 1605 2391 1666 est,
2426 1603 2527 1657 sed
2561 1606 2650 1657 est
2680 1601 2781 1673 qui
2825 1601 3104 1656 inductus
3138 1598 3476 1673 aggrepitur
3507 1614 3692 1669 expu-

2027 1705 2207 1760 gnare
2257 1690 2516 1744 dicatum
2559 1691 2767 1745 ducem
2801 1691 2958 1744 nudo
2992 1693 3240 1760 pectore,
3277 1704 3380 1742 nec
3436 1686 3695 1756 desistit,

2027 1777 2212 1832 donec
2244 1778 2495 1848 adeptus
2543 1778 2620 1833 sit
2651 1795 2852 1832 orcum
2883 1777 2970 1832 vel
3005 1777 3260 1848 palmam
3309 1780 3410 1831 aut
3440 1791 3542 1846 per
3572 1773 3695 1829 cla-

2026 1865 2159 1921 dem
2192 1865 2326 1920 belli
2377 1866 2597 1921 dividat
2627 1884 2761 1922 cum
2793 1866 2973 1921 altero
3026 1871 3083 1921 et
3114 1865 3369 1921 contenti
3420 1863 3694 1935 partibus

2025 1959 2231 2009 coeant
2263 1954 2320 2008 in
2351 1972 2536 2009 unum
2585 1955 2776 2010 foedus
2809 1971 3048 2010 securus
3081 1953 3215 2025 quis
3247 1955 3523 2008 edomare
3556 1969 3690 2007 sua.

2025 2043 2170 2106 Quid
2204 2043 2563 2114 proﬁcicient
2591 2043 2939 2115 milites,qui
2972 2043 3128 2097 hunc
3152 2039 3691 2113 provocaverant?si

2023 2133 2082 2186 in
2101 2132 2199 2188 tali
2216 2132 2556 2188 discrimine
2569 2133 2725 2187 efﬂet
2739 2147 3080 2204 supremum
3103 2135 3404 2202 superstes
3425 2132 3696 2198 expectet

2022 2221 2131 2276 hos
2181 2239 2382 2292 poenae,
2416 2226 2472 2276 et
2521 2221 2570 2276 si
2621 2238 2860 2293 compos
2899 2219 3170 2287 evaserit,
3217 2223 3344 2273 tum
3392 2222 3446 2272 et
3496 2218 3695 2271 isdem

2023 2309 2334 2380 compellat
2367 2311 2438 2364 ad
2470 2310 2528 2364 id
2553 2327 2657 2365 nec
2677 2309 2981 2381 ponitjam
3005 2313 3199 2364 extare
3232 2306 3345 2363 sibi
3378 2307 3698 2360 intemera-

2024 2397 2137 2452 bile
2186 2398 2467 2453 thronum
2500 2398 2842 2469 hujusmodi
2875 2415 3002 2469 quae
3049 2398 3281 2451 inerant
3310 2393 3594 2460 recolens,
3631 2392 3696 2448 ni

2024 2487 2368 2542 auctoritate
2423 2487 2740 2558 priventur.
2778 2487 2928 2542 Sunt
2959 2486 3175 2557 quibus
3220 2483 3492 2555 praesidet
3522 2483 3695 2538 Prin-

2024 2592 2160 2647 ceps
2192 2576 2369 2630 unius
2401 2576 2710 2632 Provincim
2741 2591 2889 2646 quos
2919 2575 3026 2630 etsi
3061 2589 3294 2629 summo
3327 2576 3502 2627 tenus
3532 2571 3697 2627 laese-

2024 2667 2100 2720 rit
2129 2669 2474 2737 turgescunt
2507 2664 2800 2736 siquidem
2835 2663 3071 2719 rumina
3099 2660 3444 2734 yperifania,
3471 2665 3526 2714 et
3558 2677 3693 2731 pro-

2024 2755 2185 2810 tinus
2217 2755 2437 2810 adeunt
2466 2754 2786 2808 verendum
2821 2752 2974 2807 trino
3006 2751 3334 2806 diademate
3359 2753 3417 2805 et
3446 2749 3699 2805 incitant

2026 2845 2252 2900 auferre
2307 2844 2524 2913 quibus
2555 2843 2780 2915 potitur
2833 2843 3026 2912 impar
3056 2842 3194 2895 dux.
3229 2840 3330 2895 Sin
3379 2839 3694 2910 explicent,

2025 2932 2282 3003 poterint
2304 2948 2375 2987 ne
2399 2932 2610 2986 habere
2633 2948 2934 2986 recursum
2960 2931 3030 2985 ad
3059 2929 3402 3001 propriai’et
3423 2928 3697 2998 quamvis

2026 3015 2588 3092 perfecerint,ferent
2618 3021 2854 3075 tandem
2885 3019 3300 3089 competentia.
3337 3018 3698 3072 Praeminens

2027 3110 2314 3164 conducet
2365 3109 2475 3163 sibi
2507 3109 2563 3162 in
2598 3108 2949 3179 obsequium
3001 3108 3259 3162 diversas
3302 3106 3456 3162 acies
3507 3105 3697 3162 natio-

2028 3216 2170 3255 num
2203 3204 2259 3253 et
2307 3197 2520 3252 dil‘l’usa
2549 3199 2724 3253 verba
2774 3215 2900 3268 quae
2948 3197 3214 3252 nesciant
3261 3195 3452 3250 vivere
3503 3211 3698 3266 parce,

2028 3289 2128 3343 scd
2162 3287 2478 3358 compilare
2509 3304 2751 3358 qumque
2806 3286 3050 3358 potiora,
3085 3291 3141 3340 et
3173 3285 3230 3340 in
3264 3284 3450 3340 sacris
3483 3285 3702 3339 addere

2030 3381 2333 3432 matronas
2369 3381 2434 3430 ut
2463 3376 2883 3448 postribulo.Et
2913 3380 2978 3430 ut
3008 3374 3404 3446 persenserint
3432 3374 3696 3444 depopu-

268 3441 527 3530 primum
577 3459 928 3530 persenserit
977 3459 1086 3514 hoc
1119 3460 1370 3532 sybilum
1421 3441 1672 3519 labentis
1726 3466 1913 3533 famae,
1947 3441 1988 3507 (ἶ
2027 3465 2207 3521 latam
2224 3441 2602 3522 Patriamnon
2636 3441 3695 3534 traduciturstatim,quiainvalidum

272 3547 455 3602 immo
482 3546 780 3602 declinant
825 3553 883 3602 et
915 3549 1150 3603 ulcrunt
1179 3551 1250 3604 ad
1274 3568 1445 3607 aures
1476 3552 1720 3624 vigentis
1752 3555 1918 3609 ducis

269 3636 426 3708 quod
458 3635 570 3707 ipsi
602 3639 668 3690 ut
686 3635 870 3707 pestis
902 3637 1079 3693 nimis
1105 3638 1276 3694 fuerit
1297 3641 1586 3712 exquisita
1606 3643 1675 3698 ad
1696 3643 1856 3715 ipsos
1887 3661 1921 3698 a

267 3724 523 3797 propriis
573 3724 882 3791 militibus,
937 3742 1188 3797 quorum
1243 3728 1457 3784 animis
1488 3730 1686 3786 nullus
1733 3732 1923 3802 potuit

272 3813 626 3885 persuadere
653 3818 710 3868 et
731 3813 1016 3870 oberit—ate
1048 3815 1318 3871 inﬁciunt
1338 3817 1540 3873 relicta
1571 3836 1696 3890 quae
1730 3824 1922 3876 metus

271 3900 554 3967 deluerat,
585 3904 642 3956 et
677 3900 895 3957 talibus
945 3902 1240 3973 ﬁgmentis
1271 3911 1607 3977 exspectant
1641 3909 1860 3964 foenore
1890 3927 1923 3964 a

269 3988 450 4045 latere
481 3989 608 4059 ejus
641 3989 911 4061 quamvis
953 3992 1117 4047 infidi
1168 4010 1474 4065 proceres;
1508 3996 1730 4051 dudum
1782 4015 1921 4068 prae-

270 4077 542 4133 miserint
570 4077 664 4134 his
694 4080 1104 4151 prarogativas
1143 4099 1271 4153 quae
1305 4088 1445 4139 sunt
1476 4086 1716 4141 mercati
1747 4088 1924 4159 dege-

272 4166 531 4221 nerando
563 4166 781 4238 quibus
813 4169 914 4223 sed
949 4185 1050 4240 pro
1094 4169 1287 4226 viduis
1317 4172 1434 4227 dux
1465 4190 1650 4244 pauca
1682 4176 1926 4248 porrigit

269 4257 328 4310 et
357 4254 660 4310 modestus
700 4256 913 4327 arguit,
947 4258 994 4312 si
1035 4257 1156 4313 haac
1205 4261 1498 4316 maturius
1529 4265 1926 4334 penderentur

273 4342 444 4398 nobis
471 4359 606 4399 vera
636 4349 832 4415 aperte
857 4345 1000 4400 dum
1031 4363 1180 4402 caeca
1217 4347 1464 4404 latenter
1486 4351 1739 4420 juvaret.
1773 4352 1924 4416 Quo-

269 4449 402 4488 rum
436 4436 492 4487 et
530 4432 818 4490 invalidos
847 4435 1147 4508 despectat
1189 4443 1352 4492 artus
1383 4441 1673 4512 cordaque
1722 4443 1926 4498 rabida

271 4521 620 4576 subsannat.
654 4522 886 4578 Externi
918 4531 1058 4580 sunt
1092 4527 1269 4582 etiam
1303 4527 1622 4600 Principes,
1657 4531 1758 4603 qui
1789 4550 1922 4588 cum

271 4609 578 4666 hauserint
600 4610 857 4667 lamenta
874 4612 1118 4670 alterius
1149 4616 1404 4672 militum
1435 4618 1924 4689 perlatoresillico

273 4697 602 4768 deposcunt
636 4701 911 4757 seductos
957 4703 1192 4759 ﬁrmare
1242 4708 1551 4776 nequando
1584 4710 1824 4765 redeant
1855 4713 1921 4765 ad

2030 3560 2119 3610 est
2149 3555 2250 3609 diu
2305 3555 2604 3609 continere
2636 3553 2952 3624 phalanges
2986 3552 3044 3606 in
3095 3550 3369 3619 externis,
3404 3566 3508 3606 nec
3560 3567 3702 3604 ροη-

2028 3645 2187 3699 venit
2215 3648 2376 3698 tanto
2405 3644 2540 3698 duci
2575 3647 2922 3721 remotuma
2944 3659 3054 3696 sua
3081 3640 3307 3712 legione
3339 3639 3548 3710 degere
3575 3639 3705 3709 qui-

2031 3733 2162 3788 dem
2192 3749 2325 3787 cum
2358 3732 2502 3803 ipsis
2524 3732 2594 3786 de
2626 3748 2875 3803 quorum
2900 3730 3035 3785 exili
3066 3730 3177 3784 fide
3209 3727 3421 3800 oppido
3441 3732 3702 3783 veretur.

2033 3821 2206 3876 Redit
2253 3821 2323 3874 ad
2366 3819 2667 3892 proprium
2717 3820 2912 3875 solum
2958 3820 3114 3890 quod
3165 3819 3380 3888 gaudet
3427 3816 3707 3872 revisere.

2033 3911 2215 3975 Quem
2237 3909 2286 3963 si
2317 3909 2462 3964 forte
2486 3913 2816 3980 proponant
2840 3909 3126 3963 deducere
3157 3906 3256 3978 qui
3278 3922 3412 3961 eum
3437 3904 3706 3960 solemne

2033 3998 2631 4070 induxerant,eligant
2661 3996 2908 4068 lugubre
2930 3995 3168 4052 exilium
3193 3995 3324 4068 jugi
3351 3993 3708 4049 confusione

2034 4091 2309 4142 manente
2340 4086 2522 4141 ruinae
2542 4087 2631 4142 sin
2665 4087 2862 4159 potius
2894 4083 3297 4158 ignominiosae
3322 4082 3702 4154 linquuntur.

2034 4180 2260 4232 Interea
2290 4176 2409 4231 dux
2461 4176 2768 4246 praesentis
2811 4175 3014 4230 Patriae
3047 4172 3287 4228 inferior
3339 4171 3582 4227 milibus
3613 4170 3710 4226 vel

2034 4264 2231 4320 exulat
2284 4265 2593 4336 profunde,
2624 4263 2714 4319 vel
2764 4263 3028 4318 residens
3076 4263 3356 4317 obtrusus
3406 4259 3708 4314 mcenibus

2035 4353 2343 4426 praevalide
2377 4352 2539 4407 urbis
2568 4351 2768 4423 ejulat.
2799 4352 2912 4406 Sed
2942 4368 3076 4406 eum
3113 4349 3337 4405 noverit
3369 4349 3710 4403 discessum

2036 4441 2221 4498 hostis
2250 4446 2512 4512 Optatam
2536 4441 2689 4498 diem
2722 4445 2999 4496 convocat
3023 4439 3314 4495 disclusos
3338 4454 3486 4510 quos
3507 4437 3716 4508 signa-

2036 4536 2196 4586 verat
2225 4531 2382 4587 clara
2413 4531 2557 4586 ﬁdes
2591 4531 2646 4586 in
2681 4530 2885 4586 aciem.
2910 4530 2978 4584 Et
3006 4528 3247 4584 instruit
3276 4524 3630 4597 primipilos,
3651 4531 3718 4581 et

2035 4619 2295 4690 disponit
2343 4621 2604 4675 conferre
2637 4620 2849 4690 cuique
2880 4617 3077 4673 debita
3107 4617 3240 4671 fidis
3291 4615 3442 4681 laeta,
3474 4620 3532 4669 et
3563 4613 3713 4669 sini-

2037 4708 2175 4762 stris
2198 4708 2675 4763 acerba.Summe
2699 4707 2790 4762 his
2813 4706 2914 4777 qui
2939 4705 3232 4760 accierant
3263 4708 3580 4776 tyrannum
3606 4719 3719 4774 per

272 4786 524 4857 gratiam
550 4787 725 4858 prisci
748 4790 915 4845 ducis
938 4794 1154 4862 quibus
1175 4798 1378 4849 etmox
1402 4797 1526 4866 pari
1551 4799 1773 4854 ratione
1796 4816 1928 4855 con-
1961 4811 2006 4874 D
2040 4812 2101 4850 se
2134 4796 2427 4851 addicitur
2457 4793 2758 4853 muletatio
2790 4800 2846 4850 et
2868 4811 3039 4866 poena
3070 4798 3125 4847 et
3155 4793 3290 4848 inde
3321 4790 3713 4864 supplicium.

272 4875 513 4932 ﬁrmant
543 4877 960 4935 subvenire.Ad
986 4898 1235 4951 quorum
1268 4883 1481 4955 Regem
1513 4890 1652 4941 tunc
1683 4893 1852 4943 caute
1877 4894 1932 4944 et

272 4962 560 5018 citissime
591 4964 856 5036 dirigunt
885 4965 1107 5038 legatos
1125 4969 1380 5039 pandere
1411 4988 1537 5042 quae
1562 4973 1934 5030 ﬁrmaverant

272 5049 511 5118 milites,
543 5053 645 5108 sed
702 5071 818 5110 non
849 5071 976 5126 quae
1005 5055 1118 5128 ipsi
1166 5061 1230 5111 ut
1258 5063 1493 5129 praestet
1524 5059 1714 5131 lepida
1758 5063 1930 5132 dona,

270 5143 332 5195 et
363 5145 672 5198 cassentur
693 5145 959 5215 quaejam
989 5151 1127 5202 sunt
1150 5147 1461 5218 ﬁrmata,et
1479 5149 1678 5205 saeviat
1693 5151 1750 5205 in
1771 5169 1931 5221 suos,

273 5228 416 5300 quia
448 5246 552 5285 nec
583 5231 862 5288 valebunt
890 5236 1183 5290 sustinere
1213 5235 1471 5307 requiem
1507 5237 1564 5292 in
1598 5239 1932 5310 ipsis.Quos

273 5317 380 5371 etsi
416 5328 684 5388 procuret
717 5322 1038 5390 cumulare,
1073 5323 1290 5378 valebit
1320 5326 1613 5381 concitare
1643 5326 1839 5383 hostes
1860 5329 1930 5382 ad

273 5403 518 5460 exitium
549 5409 924 5477 eorum,dum
957 5412 1274 5466 credantur
1295 5411 1667 5469 solari.Tunc
1696 5421 1938 5471 nectunt

273 5491 493 5548 fcedera
541 5495 763 5566 prolato
813 5497 1028 5554 talione
1059 5499 1107 5554 si
1157 5501 1447 5572 expediat.
1501 5502 1651 5557 Sunt
1697 5503 1932 5572 iterum,

277 5580 379 5650 qui
411 5588 693 5651 rogantur
724 5585 995 5641 invadere
1026 5586 1266 5642 alterius
1297 5588 1664 5660 Principatus
1696 5592 1936 5663 rugiunt

273 5671 333 5721 et
362 5668 639 5733 fremunt,
676 5678 732 5725 et
773 5675 1004 5743 jactant
1033 5675 1306 5744 rigida,et
1337 5676 1584 5732 latenter
1613 5680 1937 5734 accelerant

274 5754 576 5812 incursare
626 5761 806 5815 armis
854 5763 1143 5816 incintum
1192 5765 1421 5819 ducem.
1457 5767 1565 5820 Sed
1625 5773 1933 5839 postquam

274 5843 564 5899 subierint
583 5846 736 5914 ultra
749 5850 878 5918 ejus
896 5848 1187 5920 margines
1214 5852 1494 5922 stipatum
1514 5863 1756 5911 cernant
1777 5874 1935 5921 cum,

2042 4886 2156 4940 Nec
2188 4885 2376 4940 solum
2413 4887 2530 4940 dux
2573 4891 2663 4940 est
2691 4884 3025 4952 exosor,sed
3058 4887 3116 4938 et
3147 4880 3384 4954 agmina
3413 4896 3542 4951 quas
3573 4897 3716 4950 per-

2040 4973 2300 5029 tulerant
2321 4973 2708 5030 contumelias
2730 4974 2984 5043 inﬁgunt
3008 4971 3141 5027 odia
3165 4989 3177 5038 ;
3206 4987 3311 5024 nec
3343 4971 3714 5036 tantum,sed

2042 5068 2099 5117 et
2122 5062 2338 5134 pariter
2359 5066 2645 5117 conantur
2665 5067 2924 5133 egestare
2950 5060 3206 5114 minores
3229 5059 3718 5130 ipsorum,donec

2044 5157 2181 5206 aetas
2212 5151 2500 5224 gradatim
2537 5151 2887 5206 demoliatur
2918 5149 3026 5204 hoc
3055 5152 3243 5203 totum
3274 5147 3332 5201 in
3366 5146 3540 5202 annis
3571 5150 3631 5201 et
3663 5148 3720 5202 si

2044 5239 2188 5293 forte
2215 5242 2392 5294 funus
2417 5240 2687 5310 praecidat
2711 5239 2819 5294 hos
2851 5239 2908 5292 in
2934 5236 3063 5292 istis
3097 5239 3456 5307 superest,ut
3482 5249 3589 5288 nec
3616 5252 3723 5290 va-

2042 5327 2200 5382 leant
2231 5327 2512 5398 gratulari
2555 5327 2774 5382 labenti
2807 5344 2921 5382 (evo
2956 5341 3060 5380 nec
3094 5325 3308 5379 futuro.
3343 5326 3725 5394 Quapropter

2045 5433 2159 5471 non
2195 5416 2418 5487 deperit
2446 5416 2675 5470 vitium.
2925 5463 2929 5468 .

2199 5505 2402 5552 Rursus
2431 5505 2711 5567 insurgent
2732 5503 2818 5552 alii
2849 5505 2904 5551 et
2931 5505 3179 5551 rotantur
3212 5499 3426 5549 iisdem.

2117 5590 2226 5644 Sed
2261 5592 2400 5661 quia
2425 5598 2562 5647 sunt
2581 5591 2681 5664 qui
2705 5607 2892 5662 neque
2913 5590 3144 5644 fuerant
3167 5588 3386 5660 Cyrrati
3414 5603 3519 5642 nec
3545 5592 3725 5658 pote-

2046 5683 2176 5733 rant
2208 5683 2537 5752 pertingere
2581 5680 2668 5736 vel
2703 5679 2979 5734 laciniam
3031 5678 3259 5733 carbasi
3318 5694 3432 5747 prae
3481 5675 3726 5747 fulgore

2047 5767 2262 5839 sophia).
2294 5774 2349 5824 ct
2372 5771 2587 5840 quibus
2623 5768 2765 5822 nihil
2792 5765 2950 5820 estsi
2976 5766 3129 5820 (luus
3152 5767 3494 5820 deferantur
3516 5766 3586 5818 ad
3619 5783 3723 5820 ur-

2048 5872 2182 5912 nam
2216 5857 2614 5929 sandapila,ut
2641 5856 2812 5911 liceat
2841 5854 2925 5909 eis
2958 5856 3210 5926 perferre
3233 5855 3570 5910 indemnem
3612 5855 3725 5913 do-
