3916 6410
190 451 308 518 889

1254 452 1790 522 POLYPTICUM.
1820 482 1902 499 —
1927 453 2243 517 TEXTUS
2290 453 2575 518 ALTER.

3506 453 3633 520 890

192 585 573 642 moictionem
621 583 853 643 refertis
877 585 1181 642 manubiis
1212 586 1254 641 ii
1284 586 1600 642 stimulant
1642 589 1858 643 memet
1885 587 1942 653 Α
1970 587 2193 642 duntur
2221 586 2523 644 deleneﬁci
2543 587 2773 643 videtur
2791 583 3067 660 pleumon
3089 587 3232 644 dum
3256 586 3492 660 angitur
3510 591 3635 644 tuc-

191 676 274 733 sic
304 675 593 732 lacessere
625 691 880 730 erronem
911 675 1196 731 induleris
1219 677 1385 732 Prete
1415 676 1463 731 si
1497 675 1700 730 tuleris
1731 693 1862 731 con-

194 765 439 821 fundere
489 763 752 838 sigillata
779 764 887 820 has
933 764 1116 820 seculi
1147 765 1196 820 si
1235 765 1451 821 fuerint
1497 765 1745 821 exercita
1773 765 1862 820 vel

194 855 378 911 effusa
408 871 537 926 quae.
587 853 812 925 promis
852 853 1331 925 ﬂoccipendenda
1376 858 1517 908 tunc
1565 859 1622 908 et
1653 858 1863 908 natura

193 943 406 1000 sterilis
418 943 653 1014 linquat
665 959 775 998 sua
798 960 1046 998 munera
1057 943 1103 997 si
1129 945 1346 1014 poteris
1360 944 1577 1015 ﬁngere
1590 962 1656 998 eu
1669 944 1860 998 mdem

195 1037 414 1088 statum
463 1032 746 1088 summati
781 1035 837 1087 et
865 1031 1018 1100 lixa,
1052 1032 1269 1102 quibus
1314 1031 1645 1104 prospicere
1677 1048 1860 1086 unum

193 1121 423 1178 heteris
453 1125 511 1176 et
543 1120 720 1176 aride
752 1125 810 1176 et
838 1121 1031 1192 Cocyti
1053 1120 1194 1192 quid
1220 1122 1464 1192 derogas
1489 1121 1698 1176 ofﬁciis
1722 1121 1865 1175 Prae-

190 1210 494 1266 sidumPan
509 1208 666 1265 vales
681 1210 986 1265 obfuscare
1000 1211 1479 1282 suppetias,quas
1493 1212 1618 1282 ipse
1632 1226 1862 1264 summe

188 1303 396 1371 potens
420 1298 641 1371 legerat
670 1303 736 1354 ut
765 1297 992 1354 falciret
1019 1299 1318 1354 labantem
1351 1300 1707 1354 orbem.Non
1731 1316 1863 1354 con'

189 1387 372 1444 ﬁteris
398 1387 714 1443 Malachim
742 1391 844 1442 aut
873 1387 1118 1443 minime
1152 1387 1382 1459 plaudis
1414 1388 1505 1442 cui
1539 1392 1859 1442 concentus

186 1477 486 1549 virginum
519 1478 616 1532 dat
647 1477 1008 1548 tr0phezeum
1037 1478 1237 1532 decem
1272 1477 1523 1532 millium
1555 1477 1814 1532 hostium
1836 1477 1863 1530 ‘?

184 1584 305 1623 non
362 1567 558 1638 potius
609 1567 868 1622 assumis
918 1566 1024 1621 hoc
1071 1583 1247 1638 quam
1300 1567 1563 1621 haecaton
1611 1567 1860 1637 propho-

184 1671 406 1711 neuma
427 1654 644 1710 occulis
668 1654 951 1727 gradibus
973 1671 1347 1710 revocaveras
1370 1672 1608 1710 cursum
1642 1671 1748 1709 nec
1771 1671 1860 1709 re-

188 1745 304 1800 fers
329 1760 656 1816 procanum
689 1744 892 1815 templi
924 1744 1230 1799 cohelectae
1258 1745 1357 1816 qui
1390 1749 1446 1800 et
1467 1743 1707 1799 detersit
1732 1744 1863 1798 abo-

189 1833 519 1888 minanda?
539 1837 597 1888 et
627 1837 693 1887 ut
721 1850 878 1888 nunc
910 1834 1160 1888 subeant
1193 1851 1404 1888 novum
1438 1837 1860 1889 testamentum

1969 676 2110 731 cetis
2139 693 2254 731 non
2286 677 2460 731 durat
2489 677 2813 749 exprimere
2843 677 3035 734 solum
3068 677 3634 750 panegyrica.Elluo-

1970 783 2074 822 nes
2103 765 2257 821 sicut
2304 765 2459 822 clave
2487 767 2813 838 suspendat
2841 783 2940 822 vos
2989 768 3062 822 ab
3093 785 3210 822 uno
3250 767 3464 834 edulio,
3499 784 3632 823 mox

1969 855 2304 911 cantilando
2354 856 2571 910 curatis
2605 856 2805 928 procul
2835 856 3109 912 insectari
3152 855 3239 911 vel
3273 855 3627 912 lentaculum

1972 949 2026 999 et
2058 944 2311 1000 exterius
2342 944 2526 1000 libare
2556 949 2878 1000 tementum
2904 950 2962 1000 et
2987 945 3124 1000 inde
3145 946 3404 1017 gyrando
3428 963 3633 1018 parare

1971 1032 2280 1102 ferculum,
2330 1033 2416 1088 vel
2468 1034 2516 1088 si
2563 1034 2672 1089 hoc
2719 1035 2951 1089 deﬁciat
3014 1033 3246 1089 obolam
3292 1034 3534 1090 insanea
3582 1035 3634 1090 si

1972 1123 2166 1194 praeda
2195 1123 2273 1178 sit
2322 1128 2546 1178 remota
2575 1125 2821 1179 abcessu
2867 1123 2953 1178 vel
2989 1123 3039 1178 si
3072 1124 3331 1194 privetur
3373 1124 3632 1179 auctori-

1972 1212 2239 1267 tate.Non
2271 1212 2536 1267 differtur
2566 1212 2808 1284 crapula
2839 1216 3179 1282 utcumque,
3204 1213 3346 1267 dum
3378 1229 3630 1284 praegra-

1968 1301 2140 1355 vidus
2172 1301 2538 1372 aqualiculus
2569 1301 2810 1372 repellat
2838 1301 3111 1356 acerbum
3144 1301 3385 1357 fascem.

2043 1390 2396 1444 Fraternitas
2428 1407 2554 1460 quae
2581 1390 2640 1444 in
2685 1390 2848 1444 vobis
2881 1390 3094 1444 fatetur
3123 1407 3156 1444 a
3183 1390 3347 1445 vobis
3377 1390 3502 1446 sola
3532 1408 3631 1446 ar-

1969 1479 2116 1536 valis
2142 1484 2230 1534 cst
2259 1479 2616 1550 quibusjam
2641 1483 2821 1534 staret
2844 1479 3135 1534 sarchiam
3158 1483 3221 1534 ut
3245 1496 3317 1534 ne
3338 1480 3630 1547 ferendis;

1971 1569 2071 1623 sed
2103 1568 2361 1638 vergitur
2405 1569 2560 1639 quod
2593 1573 2825 1638 pectore
2853 1567 3069 1622 vulnus
3121 1584 3478 1623 consumens
3508 1567 3631 1623 haec

1971 1658 2029 1712 in
2051 1657 2208 1711 tenui
2233 1656 2459 1727 liquore
2480 1673 2622 1723 ;non
2637 1657 2852 1711 desinit
2873 1656 2973 1710 hin
2995 1657 3195 1712 fcetare
3213 1662 3408 1712 atrum
3428 1657 3629 1712 bilem.

1971 1751 2015 1801 Ο
2045 1745 2208 1817 prius
2255 1751 2525 1816 caperent
2556 1763 2656 1800 vos
2687 1751 2917 1800 tantum
2967 1747 3404 1817 subgrundaria
3453 1762 3631 1817 quam

1973 1853 2128 1890 nunc
2161 1835 2464 1907 polynctos
2497 1835 2878 1906 sarcophaga.
2914 1836 2981 1889 Et
3011 1836 3056 1889 si
3089 1836 3307 1905 Pegaso
3339 1838 3501 1905 optat
3529 1851 3632 1889 vos

191 1921 252 1976 in
284 1921 489 1976 ordine
521 1921 751 1977 Helenae
772 1921 959 1976 ﬁlium
993 1926 1298 1977 strenuum
1333 1923 1648 1994 strophicis
1679 1923 1861 1978 armis
1895 1961 1942 2026 Β
1974 1924 2233 1997 protrahi
2255 1925 2311 1978 in
2335 1924 2464 1979 istis
2485 1942 2670 1995 usque
2688 1925 2758 1978 ad
2779 1923 3107 1979 silicernias
3126 1941 3240 1978 non
3267 1928 3490 1995 spectat
3506 1927 3632 1978 tum

195 2011 295 2082 qui
323 2027 629 2066 removens
657 2011 1030 2082 pancratiarii
1063 2011 1425 2067 Christicolis
1453 2012 1704 2066 ﬁrmavit
1727 2014 1866 2082 jura

193 2099 447 2156 ofﬁcii.0
478 2100 606 2156 Dux
631 2100 919 2156 Theodosi
941 2118 1194 2172 magnus
1216 2102 1395 2156 tantis
1418 2101 1736 2173 triumphis
1762 2119 1866 2157 nec

194 2189 431 2244 duceris
461 2205 560 2244 ore
609 2189 790 2260 hujus
819 2195 881 2244 tu
914 2191 1013 2261 qui
1047 2207 1328 2261 respuens
1377 2191 1628 2246 hzereses
1660 2191 1864 2246 fudisti

195 2279 452 2334 barbara
499 2278 617 2334 tela
646 2283 705 2334 et
751 2279 1059 2336 destruens
1112 2280 1307 2352 phana
1360 2280 1638 2336 sancxisti
1687 2281 1866 2336 deleri

189 2368 400 2424 titulos
431 2384 501 2424 ne
533 2372 783 2424 restaret
811 2369 1020 2424 saltem
1052 2370 1397 2441 hypogwum
1427 2370 1486 2426 in
1517 2387 1632 2440 quo
1664 2370 1868 2426 lateret

195 2457 497 2528 quoddam
515 2457 817 2512 residuum
838 2473 908 2512 ex
923 2474 1089 2513 sacro
1101 2458 1523 2525 Daemonis,sed
1541 2463 1752 2514 cuncta
1764 2459 1868 2514 mi-

197 2547 440 2602 litarent
471 2563 588 2601 uno
620 2546 866 2602 auctori.
901 2547 944 2602 Ο
974 2547 1208 2602 inducle
1242 2565 1312 2602 ne
1341 2551 1578 2618 reputas
1613 2549 1864 2618 mquivo-

200 2649 339 2688 cum
374 2640 645 2706 nepotem
694 2635 874 2705 hujus
905 2639 1100 2691 extare
1129 2635 1465 2703 sublimem,
1502 2637 1602 2708 qui
1645 2641 1866 2709 tempe-

197 2740 344 2778 rans
394 2740 614 2795 prunas
661 2742 871 2796 pruna,
904 2729 1080 2796 atque
1127 2725 1341 2780 iterum
1389 2726 1630 2796 pruinas
1681 2744 1869 2797 pruna

201 2814 469 2868 domavit
513 2813 818 2870 libidinem
867 2823 920 2870 et
968 2815 1223 2871 furorem
1288 2816 1562 2886 dogmate
1612 2820 1668 2871 et
1715 2817 1870 2871 ﬁdus

201 2902 500 2969 charitati,
539 2921 643 2959 nec
685 2905 956 2960 extiterat
1008 2905 1205 2976 segnis
1237 2909 1339 2959 aut
1362 2906 1577 2960 cadens
1618 2906 1868 2961 tristitiae

200 2998 258 3048 et
283 2993 600 3048 subindius
622 2993 1438 3065 triumphaveratsupplicans
1456 3000 1668 3050 aeterno
1692 3013 1868 3066 quam

205 3082 408 3138 armis.

276 3171 427 3236 Quid
461 3172 694 3245 proﬁcit
725 3171 953 3243 plebeia
1005 3188 1218 3226 manus
1242 3172 1268 3225 ?
1300 3189 1403 3227 nec
1435 3173 1562 3244 ipsa
1591 3174 1875 3230 subsistet

201 3261 443 3334 singula
474 3261 760 3317 exhausta
787 3260 1217 3330 ducibus,quod
1251 3261 1442 3332 prima
1463 3261 1660 3317 secula
1677 3263 1874 3333 signat

204 3331 485 3406 notamus
533 3349 701 3406 facile
732 3354 790 3405 et
813 3354 904 3404 est
953 3349 1090 3405 hinc
1133 3331 1423 3421 apponere
1472 3367 1646 3406 curae.
1682 3331 1870 3407 Validi
1904 3331 1947 3398 (ἶ

204 3441 392 3496 armis
421 3439 669 3495 artubus
717 3445 1090 3495 excreverant
1130 3440 1336 3511 primis
1385 3439 1712 3496 seminibus
1741 3442 1875 3496 Ades

201 3534 260 3586 et
292 3530 567 3585 foecunda
597 3528 791 3601 proles
823 3528 1048 3600 paravit
1088 3529 1318 3600 opimas
1349 3530 1574 3595 turbas,
1609 3547 1876 3585 crescens

202 3619 428 3675 crebris
482 3618 857 3674 successibus
886 3623 945 3673 et
975 3635 1105 3673 raro
1138 3635 1338 3674 exexu.
1375 3619 1483 3674 Sed
1537 3619 1754 3674 Praeses
1787 3619 1874 3674 in-

204 3713 472 3765 structus
505 3707 692 3764 defuit
724 3707 957 3764 erudire
989 3709 1165 3763 rudes
1197 3707 1486 3776 cohortes,
1519 3709 1675 3763 unde
1705 3707 1879 3763 evita-

205 3802 340 3854 rent
371 3797 694 3853 discrimen
724 3796 1010 3852 undantis
1031 3795 1428 3867 limphanpse
1450 3797 1878 3852 Abrahamicus

206 3886 469 3960 populus
500 3887 666 3958 plebs
698 3885 793 3941 Dei
827 3892 914 3941 est
961 3889 1168 3942 auctus
1199 3885 1518 3956 triumphis
1551 3886 1692 3940 dum
1735 3904 1878 3956 sup-

209 3978 340 4051 plex
373 3977 576 4048 deguit
606 3975 1155 4047 substitiosis,quod
1186 3975 1326 4045 quia
1355 3975 1719 4030 exorbitatus
1749 3992 1881 4030 con-

208 4067 474 4139 tempsit,
525 4063 723 4122 exulat
770 4063 973 4136 procul
1020 4082 1054 4120 a
1095 4063 1298 4118 limine
1348 4067 1404 4118 et
1451 4068 1607 4118 extat
1655 4064 1879 4120 inutilis

206 4156 390 4228 strips
418 4155 564 4226 (sic).

279 4246 464 4316 Cujus
495 4259 600 4300 nec
648 4243 759 4299 hoc
789 4242 981 4298 solum
1029 4245 1133 4308 est,
1181 4243 1283 4298 sed
1322 4241 1533 4313 cnique
1579 4243 1880 4314 terrigenm

208 4338 414 4390 restat.
449 4334 519 4389 Et
547 4333 701 4404 quod
738 4336 1018 4388 notantur
1067 4335 1296 4387 tantum
1330 4331 1599 4387 homines
1631 4347 1882 4402 quorum

209 4427 474 4480 mentem
525 4423 680 4493 quod
736 4421 1097 4493 praecipuum
1147 4424 1236 4475 est
1275 4421 1530 4476 fatemur
1571 4435 1701 4475 esse
1749 4436 1882 4475 cum

207 4517 326 4569 Deo
351 4511 380 4566 ?
412 4512 565 4567 Sunt
609 4511 786 4566 etiam
817 4510 1042 4582 exiguas
1069 4508 1337 4564 volucres
1370 4514 1426 4564 et
1473 4508 1726 4580 providae
1757 4525 1884 4580 quae

205 4604 412 4675 vigent
440 4599 682 4656 solertia
711 4602 770 4654 et
799 4599 1017 4670 quibus
1050 4599 1276 4654 ceditur
1310 4599 1458 4654 ferre
1489 4615 1744 4669 perenne
1774 4615 1884 4652 cm-

1976 2014 2251 2084 capulum
2275 2015 2373 2068 sed
2400 2015 2668 2084 jucunda
2690 2029 3008 2083 ora.neque
3029 2011 3358 2068 sublustrat
3387 2011 3635 2080 vispillo-

1976 2121 2099 2170 nes,
2134 2119 2272 2158 nam
2306 2103 2439 2158 licet
2483 2102 2740 2157 validum
2774 2107 2928 2158 esset
2957 2101 3118 2157 vobis
3152 2102 3386 2157 inﬁcere
3426 2101 3634 2157 faciem

1977 2193 2102 2248 coeli
2136 2192 2470 2248 manalibus
2520 2209 2634 2246 non
2667 2196 2758 2246 est
2786 2192 3022 2246 inﬁcere
3069 2208 3308 2247 sensum
3339 2190 3444 2245 viri
3477 2191 3633 2261 quod

1977 2283 2330 2338 bacchantes
2360 2280 2627 2337 tristibus
2659 2281 2902 2336 rictibus
2933 2279 3240 2336 minamini
3280 2295 3512 2336 cassare
3539 2295 3635 2335 ve-

1977 2389 2107 2427 rum
2129 2373 2410 2427 ducentes
2441 2370 2652 2426 aemula
2669 2387 2771 2425 ora
2787 2370 2858 2424 ad
2878 2370 3107 2440 Valgias
3125 2374 3182 2424 et
3199 2369 3270 2424 ad
3293 2369 3478 2424 levem
3496 2369 3638 2424 bau-

1976 2462 2179 2516 batum
2202 2460 2307 2515 ?ut
2335 2461 2616 2515 cacabant
2643 2459 2890 2514 humida
2917 2458 3304 2514 aritina.Cum
3334 2457 3642 2512 hauserint

1978 2551 2176 2622 ignem
2209 2549 2290 2604 sic
2324 2550 2553 2605 stitiant
2572 2548 2916 2603 temulentia
2937 2548 2995 2602 in
3016 2548 3160 2619 ipsis
3179 2546 3636 2617 stultis.Respuo

1979 2640 2132 2710 quod
2158 2639 2381 2694 nictent
2409 2639 2570 2693 taciti
2596 2655 2846 2708 quorum
2865 2642 2922 2693 et
2943 2637 3232 2707 frigultire
3252 2640 3560 2692 contemno
3583 2639 3640 2690 et

1979 2728 2199 2800 garrire
2226 2726 2398 2782 nauci
2431 2744 2600 2798 pono.
2635 2727 2760 2780 Non
2793 2731 2881 2780 est
2911 2726 3056 2780 mihi
3087 2724 3406 2780 diobolaris
3435 2724 3639 2796 lingua

1980 2817 2244 2872 deﬂuens
2277 2832 2511 2886 quaque
2533 2817 2603 2870 ad
2639 2815 2984 2882 naenias,sed
3021 2814 3068 2868 si
3093 2817 3283 2868 vestra
3304 2811 3640 2884 syngrapha

1981 2911 2253 2962 moveant
2285 2905 2559 2975 injuriam
2593 2921 2722 2960 meo
2753 2905 2902 2976 stylo
2933 2907 3050 2958 stat
3086 2907 3151 2958 ut
3181 2907 3390 2959 nostra:
3421 2901 3642 2973 paginae

1982 2997 2275 3052 ducantur
2304 2995 2375 3049 ad
2411 2995 2682 3049 sennion.

2054 3085 2182 3139 Mea
2211 3100 2390 3154 quam
2422 3100 2527 3138 nec
2560 3082 2765 3138 ohelus
2816 3082 3078 3152 signabit
3110 3079 3542 3136 merebitur.....
3576 3096 3646 3134 ne

1984 3173 2268 3228 inhaereat
2319 3187 2574 3226 nocuum
2607 3170 2804 3241 sigim.
2839 3169 3000 3226 Licet
3047 3186 3204 3225 nunc
3237 3168 3409 3224 etiam
3443 3169 3648 3223 sedare

1986 3278 2252 3318 rumores
2273 3278 2418 3332 quos
2435 3260 2773 3315 blaterando
2793 3259 3037 3315 dedistis
3052 3257 3282 3330 populis
3295 3273 3357 3314 se
3375 3257 3424 3312 si
3438 3257 3648 3312 deinde

1987 3350 2258 3424 pululent
2273 3347 2735 3421 arphagantibus
2754 3347 2888 3402 ullis
2912 3347 3178 3403 futilibus
3199 3351 3338 3402 tunc
3356 3346 3650 3402 urbanum

1986 3441 2096 3498 erit
2123 3439 2273 3496 tueri
2322 3438 2381 3492 in
2431 3437 2576 3508 ipsis
2619 3436 2955 3505 jamdulum
3006 3435 3316 3508 promissa.
3370 3435 3650 3490 Praetores

1986 3545 2142 3584 nunc
2174 3528 2328 3583 acies
2351 3526 2715 3582 luscinorum
2750 3530 3023 3597 poterunt
3045 3525 3371 3596 perspicere
3391 3523 3538 3578 sudo
3560 3521 3650 3576 ul-

1987 3618 2108 3673 lum
2127 3616 2434 3672 ﬂosculum
2455 3615 2852 3687 perpendiculi
2876 3615 2984 3669 etsi
3010 3613 3130 3669 sit?
3153 3613 3262 3668 Sed
3283 3627 3466 3667 erucas
3491 3627 3652 3666 more

1988 3711 2259 3779 quaerunt
2287 3705 2656 3760 ammordere
2688 3722 2801 3759 non
2836 3703 2990 3774 quod
3023 3703 3101 3758 sit
3130 3718 3303 3772 sapor
3332 3700 3389 3754 in
3422 3699 3650 3768 ore,sed

1989 3803 2054 3852 ut
2085 3795 2449 3867 pessundent
2476 3794 2806 3849 devorando
2832 3810 2980 3864 quos
3011 3809 3117 3864 ego
3139 3787 3426 3846 horticola
3450 3792 3652 3844 ostans

1990 3884 2285 3956 repagulis
2298 3900 2437 3938 curo
2451 3879 3365 3950 excludere.Adeantmiropolam
3379 3877 3655 3948 delegant

1991 3973 2214 4032 colliria
2235 3977 2291 4028 et
2311 3977 2543 4026 comant
2565 3970 3000 4038 allucinaria,ut
3024 3973 3152 4040 post
3173 3971 3478 4024 secernant
3502 3965 3652 4020 luci-

1991 4065 2133 4119 dum
2159 4067 2217 4116 et
2239 4060 2643 4132 opacum.Non
2666 4075 2770 4132 ego
2793 4075 3005 4129 passus
3026 4058 3336 4128 loetargum
3357 4069 3650 4126 praesumo

1992 4151 2205 4224 pellere
2219 4150 2410 4206 ofﬁcia
2427 4148 2742 4220 prmsidum
2758 4169 2776 4214 ;
2794 4147 2896 4202 sed
2913 4147 3134 4218 castigo
3155 4163 3267 4202 non
3289 4143 3650 4200 temeranda.

1993 4241 2139 4308 Quia
2159 4240 2312 4312 quod
2338 4240 2460 4308 jam
2487 4236 2661 4292 retuli
2683 4253 2856 4309 grave
2869 4241 2960 4292 est
2980 4235 3172 4307 inepte
3190 4234 3469 4290 scandere
3489 4248 3652 4287 sum-

1995 4347 2158 4388 mum
2173 4328 2477 4395 conniti,et
2491 4326 2760 4398 subigere
2774 4325 3061 4397 captivam
3077 4323 3324 4396 patriam
3339 4326 3396 4376 et
3415 4321 3652 4376 frustari

1994 4419 2242 4475 alterum
2275 4416 2678 4472 solio.Pormia
2707 4419 2762 4469 et
2793 4415 2986 4485 praeda
3015 4414 3127 4468 erit
3155 4412 3283 4481 hoc,
3304 4415 3361 4467 et
3391 4410 3441 4466 si
3475 4410 3654 4464 dene-

1995 4511 2092 4579 get
2121 4505 2275 4578 quis,
2301 4503 2494 4576 potius
2523 4508 2613 4557 cst
2641 4503 2853 4557 ducere
2883 4500 3097 4572 pellere
3126 4500 3445 4571 primatum
3475 4514 3654 4569 quam

1997 4597 2244 4653 auferre.
2274 4600 2360 4648 An
2393 4592 2580 4646 levius
2612 4607 2645 4645 a
2675 4590 2910 4662 proprio
2937 4607 3052 4646 non
3087 4590 3196 4645 fert
3225 4586 3421 4644 exulat
3453 4585 3551 4657 qui
3583 4585 3653 4639 li-

207 4692 462 4749 libatum
490 4706 595 4762 per
622 4705 820 4757 auras,
859 4705 984 4759 quae
1013 4687 1215 4744 colunt
1245 4687 1585 4743 Stratilaten
1619 4687 1678 4742 in
1710 4703 1795 4753 se,
1827 4691 1886 4742 et
1919 4703 1965 4767 Ι)
1999 4686 2154 4742 mine
2177 4688 2395 4739 tractus
2416 4680 2702 4753 premitur
2733 4680 2792 4734 in
2821 4679 2948 4751 ipso
2981 4683 3043 4734 ut
3066 4679 3203 4733 baro
3226 4693 3404 4748 quam
3434 4675 3532 4746 qui
3557 4691 3654 4767 ru:

205 4782 470 4840 reddunt
518 4779 716 4834 debita
770 4776 1072 4833 Stralitati.
1125 4778 1308 4842 Quem
1359 4781 1416 4832 et
1465 4780 1669 4832 ceterae
1721 4793 1888 4832 mon-

209 4875 410 4928 strant
460 4869 747 4940 sospitem
795 4867 843 4922 si
895 4867 1016 4922 sint
1065 4866 1305 4922 alacres.
1340 4867 1448 4920 Pro
1499 4867 1669 4936 cujus
1715 4866 1891 4921 etiam

208 4962 420 5016 funere
477 4958 529 5014 si
561 4958 660 5025 sit,
711 4971 920 5012 rursus
973 4955 1268 5028 squalent.
1306 4955 1416 5010 Sed
1467 4954 1515 5009 si
1567 4954 1830 5010 discedat
1860 4973 1893 5010 a

207 5047 470 5122 propriis
495 5050 722 5103 cunctas
761 5045 1043 5116 linquunt
1075 5043 1257 5100 serias
1307 5060 1442 5099 cum
1475 5060 1590 5114 quo
1623 5047 1891 5098 externas

207 5139 364 5212 piget
398 5154 502 5193 eas
532 5152 640 5191 nec
671 5135 970 5208 inquirere
1001 5135 1190 5190 sedes.
1219 5133 1440 5204 Nempe
1471 5131 1738 5204 p0pellus
1761 5149 1892 5203 pro-

204 5229 329 5284 ﬁcit
351 5227 465 5284 sub
487 5223 698 5281 sedulo
720 5229 777 5281 et
794 5228 932 5280 Cato
953 5224 1102 5280 duce
1124 5225 1252 5279 sine
1273 5239 1390 5294 quo
1415 5222 1705 5277 instructa
1733 5221 1892 5293 regio

207 5316 568 5374 exinanitur.

271 5407 488 5464 Desine
519 5418 682 5461 nunc
729 5405 950 5474 coeptos
999 5405 1055 5458 et
1106 5406 1270 5459 utere
1318 5401 1538 5458 nostris
1592 5400 1887 5456 sensibus.

195 5497 374 5554 Juvat
427 5497 653 5552 memet
701 5508 864 5548 nunc
895 5492 1058 5548 fabre
1107 5491 1424 5564 suggillare
1454 5508 1556 5547 eos
1605 5494 1891 5561 pequatos

197 5589 344 5659 (δὺς).
377 5587 424 5642 Ο
458 5600 614 5656 quos
644 5587 740 5638 sat
771 5585 863 5637 est
913 5581 1240 5638 distrahere
1269 5581 1448 5637 eﬂ'usa
1503 5579 1714 5635 vestris
1745 5577 1892 5633 emi-

204 5678 418 5734 cadiis.
471 5670 814 5740 Quorsum!
849 5675 914 5725 ut
944 5670 1186 5741 possitis
1229 5671 1349 5727 fore
1396 5670 1483 5725 vel
1517 5667 1890 5740 symbolones

203 5764 661 5840 magnatumJn
693 5775 952 5832 quorum
979 5759 1541 5818 talione.Dumtaxat
1570 5774 1738 5830 nugas
1759 5757 1905 5818 red-.a

2001 4775 2184 4833 sticus
2233 4770 2472 4828 alterius
2504 4768 2649 4824 inibi
2699 4769 3057 4824 condensare
3096 4767 3318 4838 primos
3365 4781 3512 4836 quos
3543 4762 3656 4818 sibi

2004 4867 2294 4920 struxerat
2323 4860 2545 4929 absque
2575 4858 2745 4928 cujus
2786 4859 2920 4927 jure
2950 4873 3021 4911 ne
3054 4871 3260 4927 parum
3292 4851 3662 4924 permordeat

2001 4952 2138 5015 inde
2171 4951 2256 5006 vel
2289 4949 2390 5021 qui
2418 4948 2671 5002 vadutus
2703 4946 2980 5002 numellis
3001 4951 3055 5001 et
3077 4943 3358 5000 absteniis
3379 4943 3521 4997 dum
3543 4940 3662 4995 sint

2003 5045 2216 5096 cuncta
2265 5038 2460 5092 diruta
2485 5035 2670 5091 cernit
2699 5035 2952 5089 mulcere
3001 5033 3297 5106 propriam
3330 5036 3660 5086 matronam

2003 5129 2264 5198 saviis,et
2293 5127 2506 5183 sentiat
2536 5127 2804 5195 nepotem
2837 5123 2886 5177 vi
2913 5137 3285 5194 corrumpere
3305 5121 3661 5176 himenaeum

2003 5237 2121 5277 suae
2153 5216 2408 5285 familiae,
2442 5214 2586 5285 quin
2615 5212 2788 5267 etiam
2823 5217 2879 5267 et
2908 5211 3180 5268 deludere
3229 5227 3432 5284 proces
3461 5222 3664 5264 earum

2001 5309 2246 5365 seducta
2276 5321 2378 5377 spe
2408 5300 2708 5358 clientelae.

2073 5394 2319 5452 Difﬁcile
2348 5397 2437 5448 est
2453 5390 2622 5446 alicui
2652 5389 2926 5444 invadere
2957 5406 3204 5462 regnum
3239 5388 3289 5444 si
3312 5388 3434 5443 haec
3456 5387 3669 5457 arguat

2003 5501 2180 5557 quem
2212 5482 2461 5538 delectat
2513 5477 2797 5549 pilemum
2833 5478 2973 5548 quid
3009 5478 3143 5532 hinc
3193 5482 3284 5533 est
3315 5473 3670 5531 oriendum?

1997 5579 2146 5634 forte
2195 5572 2417 5626 interea
2447 5569 2679 5638 oppetet
2727 5571 2785 5621 et
2816 5566 3055 5622 decedet
3086 5567 3361 5622 barathro
3388 5583 3401 5631 ;
3426 5563 3525 5618 sed
3568 5577 3648 5631 qu

2000 5663 2189 5718 inhiat
2216 5659 2539 5730 descriptos
2560 5671 2839 5711 mmrores
2861 5673 3068 5727 parare
3085 5656 3306 5712 caeteris
3325 5657 3428 5709 aut
3443 5651 3670 5721 ignorat

2001 5767 2301 5819 avernum,
2337 5752 2440 5806 aut
2468 5745 2802 5818 impavidus
2831 5750 3115 5818 eXpectat.
3141 5746 3322 5810 Quem
3356 5741 3482 5810 ipse
3511 5738 3671 5791 sator
