3916 6458
233 568 344 632 891

1257 575 1592 638 ATTONIS
1637 571 2220 637 VERCELLENSIS
2265 574 2627 638 EPISGOPI

3534 567 3649 634 892

236 704 501 760 omnium
533 704 720 762 volvet
749 707 808 762 in
840 709 1211 780 sententiam,
1232 713 1295 763 ut
1324 709 1594 777 ignobilis
1628 708 1888 763 discedat
1916 709 1970 774 Α
2001 707 2131 763 culo
2162 709 2388 780 imperii
2414 710 2523 765 sub
2553 724 2668 780 quo
2692 711 2748 763 et
2773 705 3087 762 con'cinant
3107 721 3169 762 se
3198 704 3442 777 impune
3463 704 3654 762 silere.

236 795 308 848 ab
339 794 449 850 hoc
466 811 584 849 aevo
616 801 673 850 et
690 799 897 852 subeat
923 798 1278 870 supplicium
1312 798 1701 869 futuri.lgitur
1719 813 1894 868 quem

236 882 621 952 Omnipotens
650 884 775 938 vult
793 891 1084 940 ostentare
1102 889 1344 957 dignum
1366 887 1490 941 suis
1509 885 1895 957 prognosticis

234 971 320 1025 vel
356 988 530 1041 quem
556 989 672 1027 una
704 975 910 1044 quaerit
935 991 1270 1045 promovere
1296 975 1605 1030 conventui
1629 975 1892 1028 omnium

237 1065 628 1132 procerum,et
658 1078 829 1132 quem
849 1064 1112 1132 juvat,ad
1137 1065 1193 1117 id
1217 1065 1460 1118 decorus
1484 1063 1706 1134 patrius
1734 1079 1898 1117 amor

238 1149 326 1203 fas
356 1155 446 1204 est
476 1152 788 1205 ascendere
818 1157 1118 1206 vacantem
1153 1153 1451 1207 thronum.
1484 1155 1591 1208 Sed
1625 1171 1759 1207 cum
1795 1169 1896 1206 an-

235 1241 431 1303 testat,
457 1240 558 1293 sed
590 1244 788 1294 caveat
818 1241 971 1310 quod
1007 1244 1218 1312 populo
1254 1260 1323 1296 ne
1352 1243 1578 1296 dividiae
1612 1245 1894 1310 crescant,

240 1328 340 1380 sed
364 1328 490 1397 ejus
511 1343 792 1383 ascensus
819 1336 1110 1384 removeat
1133 1332 1623 1401 omnejustitium
1647 1332 1769 1384 etsi
1800 1331 1897 1383 sit-

239 1416 345 1478 Qui
401 1416 500 1470 tali
559 1419 857 1473 sanctione
905 1419 1192 1473 evaserint
1232 1423 1301 1474 ad
1355 1437 1601 1490 regnum
1654 1420 1898 1473 forsitan

238 1505 463 1558 beando
478 1506 726 1575 patriam
743 1508 1285 1577 poteruntobtinerc
1309 1509 1530 1563 felicem
1556 1525 1898 1579 supremum

239 1592 609 1656 diem,czeteri
642 1596 796 1649 exuti
830 1594 1064 1650 luerunt
1093 1613 1322 1668 poenam
1355 1598 1897 1669 tyrannidis,quam

236 1687 292 1736 et
323 1683 571 1737 tenendo
603 1689 1014 1754 protraxerunt
1044 1692 1310 1740 ramenta
1342 1687 1663 1740 Pandecten
1691 1685 1899 1756 poterit

242 1787 532 1825 reservare
582 1772 744 1827 vobis
780 1773 900 1827 hazc
929 1773 989 1827 in
1029 1776 1374 1846 gymnasio;
1411 1777 1582 1843 cujus
1632 1774 1899 1827 millenas

235 1858 414 1914 facies
453 1865 510 1914 et
558 1860 605 1914 si
640 1861 826 1930 placet
874 1863 1158 1917 resolvere
1207 1880 1324 1917 non
1371 1868 1625 1934 opponet
1673 1861 1894 1915 obicem

239 1949 386 2003 meis
408 1948 664 2019 scriptis,
681 1950 780 2003 sed
807 1949 933 2020 ipse
956 1957 1256 2005 succurret
1279 1951 1526 2005 testibus
1550 1956 1607 2004 at
1629 1954 1692 2004 ut
1713 1949 1899 2020 stylus

2005 797 2166 861 Quod
2189 798 2450 854 illuserat
2472 798 2741 854 sedulum
2760 800 3091 868 Augustum
3115 799 3252 851 utet
3270 797 3395 866 ipse
3426 795 3658 850 fulciret

2007 904 2179 958 quem
2205 888 2381 943 etiam
2405 887 2688 958 applicuit
2717 887 2775 941 in
2799 887 2999 942 sodem
3027 885 3185 940 haud
3210 885 3659 957 deﬂansjugare

2007 993 2174 1030 suam
2217 993 2555 1047 germanam
2604 1017 2616 1029 .
2662 1019 2674 1030 .
2721 1019 2732 1030 .
2779 1016 2791 1028 .
2838 1017 2851 1029 .
2897 1015 2908 1026 .
2957 1015 2969 1027 .
3015 1016 3027 1028 .
3071 974 3388 1029 obauxerat
3427 990 3489 1028 se
3520 977 3658 1029 tunc

2007 1065 2294 1136 tantisper
2341 1066 2470 1119 rudi
2502 1069 2637 1136 toga
2667 1064 2899 1135 spirans
2930 1062 3268 1118 orthodoxis
3317 1064 3575 1118 secunda
3605 1066 3661 1118 et

2009 1170 2185 1208 ruens
2217 1153 2735 1208 demolatria.Tum
2770 1156 3010 1207 auxerat
3034 1150 3345 1222 Delphicos
3367 1155 3422 1205 et
3451 1151 3662 1222 pressit

2009 1242 2378 1311 tegularia,et
2410 1258 2653 1312 prorsus
2685 1241 2994 1311 abjurabat
3025 1243 3417 1311 acceptatores
3441 1240 3664 1294 metha-

2012 1331 2151 1384 nicas
2184 1331 2409 1394 artis,et
2437 1331 2865 1384 instauraverat
2897 1328 3246 1393 asseclas,et
3275 1327 3661 1400 spiculatores

2012 1438 2156 1492 quos
2183 1420 2358 1491 prisci
2385 1427 2652 1474 arcentes
2677 1417 3132 1473 adlexerantsibi
3159 1423 3224 1472 ut
3250 1418 3666 1472 attaminarent

2010 1509 2229 1564 cimilia
2259 1525 2393 1564 cum
2426 1509 2570 1580 ipsis
2604 1509 2851 1563 idoneis.
2885 1511 3050 1562 Anna
3081 1524 3195 1562 non
3218 1510 3341 1578 jam
3388 1506 3664 1562 caluisset

2010 1599 2298 1653 inchoata.
2336 1599 2442 1652 Sed
2499 1599 2668 1668 cujus
2701 1596 3008 1668 praesentia
3038 1601 3103 1650 ut
3152 1597 3338 1651 fuerat
3369 1599 3667 1651 auctorata

2012 1705 2112 1758 per
2141 1687 2378 1741 climata
2408 1686 2684 1756 desipuit,
2719 1686 2862 1756 quin
2895 1685 3175 1756 appendit
3206 1691 3347 1740 tunc
3399 1699 3666 1739 recusare

2010 1776 2162 1831 alme
2193 1775 2455 1846 mulgata
2473 1791 2660 1845 nuper
2681 1774 2938 1829 cruentis
2967 1774 3430 1829 antitethisJam
3464 1774 3511 1828 si
3535 1773 3669 1844 quis

2010 1864 2602 1919 conﬁtereturJesum
2636 1864 2893 1935 primum
2917 1863 3250 1918 destinabat
3270 1880 3402 1918 eum
3428 1861 3668 1917 sectori-

2011 1954 2142 2019 bus,
2177 1958 2231 2007 et
2263 1953 2399 2006 inde
2430 1953 2698 2024 lanystis.

239 2037 439 2092 redeat
454 2037 702 2108 adipsos
721 2054 868 2108 quos
892 2038 1161 2109 opeligna
1178 2039 1385 2094 cohors
1405 2039 1654 2093 curastis
1676 2054 1899 2109 praeno-
1931 2076 1978 2140 Β
2081 2043 2150 2096 Et
2183 2059 2317 2096 mox
2360 2042 2594 2095 donavit
2625 2057 2829 2096 omnes
2879 2042 3088 2096 bacare
3122 2040 3355 2095 Bromio
3386 2045 3441 2095 et
3491 2038 3674 2095 simul

237 2129 362 2179 tare
392 2125 450 2179 in
476 2126 678 2180 faciem
703 2130 835 2182 ante
858 2127 1049 2197 proles
1071 2128 1201 2183 Ysai
1227 2128 1649 2199 perspiraverat
1672 2132 1896 2181 mutare

239 2215 451 2284 pedum
482 2213 542 2268 in
575 2215 1049 2287 scipione,usque
1080 2218 1222 2270 dum
1255 2217 1503 2288 quaesita
1534 2216 1792 2270 oratione
1822 2215 1900 2269 vi-

241 2303 434 2358 dentis
457 2305 535 2358 sit
556 2303 780 2375 prolata
800 2305 1012 2360 virtute
1027 2305 1251 2378 mystici
1267 2307 1570 2377 crysmatis
1585 2306 1640 2359 in
1656 2304 1899 2359 vertice?

241 2391 449 2447 Recolo
483 2392 789 2448 Exechiam
821 2399 878 2448 et
904 2394 1126 2449 Josiam
1151 2411 1184 2449 a
1209 2395 1447 2466 genitali
1481 2394 1767 2464 sanguine
1797 2393 1901 2446 Re-

238 2497 379 2552 gum
411 2481 699 2552 prodiisse
731 2485 914 2554 Reges
948 2484 1174 2538 favente
1205 2483 1531 2554 populo.An
1566 2483 1901 2560 nonfuerat

238 2570 367 2638 ejus
390 2569 617 2641 genitor
636 2571 861 2642 sopitus
881 2571 939 2626 in
965 2573 1101 2627 sedc
1129 2573 1490 2643 regni,cujus
1512 2572 1776 2642 genetrix
1801 2572 1902 2625 He-

240 2657 372 2713 lena
392 2659 419 2712 ‘2
441 2659 540 2730 qui
573 2660 712 2714 dum
745 2666 939 2732 ageret
970 2661 1331 2732 providentia
1351 2660 1537 2716 voluit
1559 2661 1669 2716 sibi
1699 2677 1900 2715 conse-

239 2748 375 2801 dere
404 2749 705 2802 natum.Et
726 2749 1094 2805 Theodosius
1118 2755 1281 2804 ortus
1306 2755 1395 2804 est
1418 2749 1591 2804 claris
1614 2749 1903 2803 militibus

239 2835 787 2906 Hispanias.Auxilio
820 2837 992 2909 primi
1027 2855 1059 2891 a
1090 2838 1356 2892 barbaris
1388 2839 1487 2910 qui
1522 2837 1776 2892 reddidit
1803 2841 1901 2891 tu-

241 2930 368 2979 tum
393 2925 594 2980 orbem
621 2927 819 2994 ;cujus
841 2943 1074 2997 quoque
1097 2927 1330 2982 indiciis
1357 2927 1614 2998 primum
1639 2927 1902 2981 intende-

242 3017 332 3067 rat
362 3029 423 3068 se
455 3012 635 3068 lavari
667 3015 738 3068 ad
771 3016 1561 3085 summa.lnquam.Cernens
1590 3031 1652 3070 se
1683 3015 1740 3068 in
1775 3031 1902 3070 oro-

245 3105 400 3156 mata
430 3102 701 3156 indutum
735 3102 998 3174 clamyde
1019 3103 1337 3175 imperii,et
1367 3105 1644 3158 ferentem
1677 3108 1925 3174 stegma_

245 3189 613 3261 impositum.
648 3193 772 3255 Qua
818 3191 1096 3263 indagine
1127 3193 1316 3262 potuit
1363 3208 1598 3247 noscere
1631 3193 1904 3247 eumdem

247 3283 379 3334 ante
410 3279 666 3335 invisum
697 3279 807 3334 sibi
832 3279 994 3335 nullo
1027 3281 1217 3336 indice
1238 3298 1373 3336 cum
1405 3283 1756 3353 quandoque
1777 3299 1908 3336 con-

245 3367 498 3438 spiceret
525 3369 653 3437 ejus
685 3368 933 3423 vultum.
967 3370 1073 3434 Qui
1107 3387 1241 3424 mox
1280 3375 1580 3441 promotus
1612 3373 1683 3425 ab
1719 3371 1904 3441 Impe-

2012 2129 2771 2201 Chinthio,etcomplicibus
2792 2147 2993 2184 eorum
3021 2130 3167 2183 cubo
3189 2129 3676 2184 tenus.Przeterea

2009 2225 2265 2275 erexerat
2287 2224 2426 2274 tunc
2451 2219 2809 2289 romphaeam
2833 2222 3034 2273 contra
3052 2218 3372 2288 Principem
3388 2217 3671 2271 Constan-

2009 2309 2219 2374 tinum,
2255 2325 2288 2362 a
2317 2325 2432 2380 quo
2481 2313 2570 2362 est
2614 2306 2929 2378 stipulatus
2977 2307 3034 2360 in
3082 2322 3281 2377 regno,
3313 2311 3371 2360 et
3417 2305 3673 2360 adtinxit

2011 2397 2186 2451 etiam
2240 2395 2602 2466 conglorium
2657 2395 2784 2464 ejus
2824 2393 3209 2465 cognationis.
3242 2393 3349 2447 Sed
3401 2392 3556 2448 illico
3607 2397 3673 2447 ut

2012 2485 2133 2539 haec
2163 2488 2303 2538 sunt
2325 2483 2375 2538 ei
2407 2484 2677 2538 traducta
2716 2483 3018 2553 refragans
3063 2483 3190 2552 ipsa
3225 2480 3440 2536 exemit
3471 2497 3606 2536 eum
3639 2498 3673 2536 a

2012 2573 2254 2628 numine
2269 2572 2409 2643 quin
2433 2576 2490 2626 et
2505 2570 2951 2640 ﬂrmavittersaj
2963 2570 3278 2640 ura.Digna
3291 2569 3526 2639 quidem
3546 2585 3674 2639 spe-

2011 2663 2120 2718 ties
2151 2662 2244 2715 vix
2275 2659 2546 2732 pullulat,
2581 2659 2668 2714 vel
2702 2659 3012 2728 nequando
3043 2657 3487 2728 genere.Neque
3519 2661 3674 2712 extat

2012 2750 2188 2806 etiam
2220 2751 2293 2805 ab
2325 2747 2667 2820 expectabili
2698 2748 3102 2802 indifferenter
3131 2746 3394 2818 provenit
3437 2747 3507 2800 ad
3541 2761 3673 2816 per-

2014 2840 2231 2894 fectum
2262 2837 2438 2901 venit,
2472 2837 2572 2892 sed
2605 2835 2855 2891 subinde
2885 2835 3090 2890 deﬂuit
3119 2851 3373 2904 nequam
3409 2851 3440 2888 a
3472 2834 3671 2905 praeci-

2013 2946 2128 3000 puo
2159 2943 2386 2996 genere.
2409 2928 2478 2981 Et
2509 2926 2644 2980 inde
2674 2930 2762 2980 est
2791 2925 3011 2980 crimen
3047 2939 3214 2979 ruere
3245 2925 3315 2979 ad
3349 2927 3577 2994 sceptra
3609 2927 3676 2978 ut

2014 3021 2221 3073 tonant
2251 3020 2587 3088 przetaxata.

2084 3107 2194 3161 Sed
2227 3120 2331 3159 nec
2366 3105 2489 3159 sola
2537 3121 2704 3175 aequa
2735 3104 2946 3157 dicatio
2999 3102 3260 3174 perficiet
3312 3117 3674 3172 quemquam

2018 3194 2387 3266 magnum,ni
2413 3193 2693 3248 honestus
2719 3192 3041 3264 praetendat
3071 3206 3303 3262 quoque
3325 3190 3673 3262 dignitatem

2015 3284 2262 3338 imbutis
2297 3282 2559 3337 moribus
2593 3282 2784 3353 quoad
2815 3280 3002 3335 valeat
3023 3279 3408 3334 conscendere
3433 3279 3490 3333 in
3510 3283 3675 3333 aeter-

2018 3390 2160 3428 num
2196 3388 2463 3443 regnum.
2502 3372 2569 3426 Et
2594 3371 2680 3424 hae
2711 3369 3000 3424 ﬁlacteriae
3034 3369 3321 3423 debentur
3349 3385 3554 3422 omnes
3589 3383 3677 3422 re-

245 3461 436 3511 ratore
467 3456 742 3512 Gratiano
763 3457 1012 3512 efficitur
1037 3459 1457 3530 consors,quod
1483 3460 1758 3515 manebat
1779 3459 1909 3531 ipsa
1939 3441 1982 3509 Ο
2020 3461 2219 3517 dimiis
2265 3441 2503 3515 Christi.
2535 3459 2756 3530 Cuique
2805 3473 3034 3513 servare
3082 3458 3413 3512 modestum
3453 3456 3583 3510 vitae
3616 3455 3679 3510 in

245 3544 392 3600 visio
446 3546 793 3616 urgentibus
825 3547 1014 3616 bellis,
1047 3564 1174 3618 quae
1224 3549 1275 3602 is
1307 3550 1529 3603 sedavit
1568 3549 1806 3604 interea.
1842 3549 1910 3603 Et

247 3635 384 3689 inde
415 3635 611 3690 decuit
642 3652 814 3691 suum
846 3637 1206 3708 mquivocum
1240 3643 1510 3709 nepotem
1541 3638 1911 3708 mquipedan-

248 3726 365 3779 tem
399 3724 624 3778 meritis
653 3725 969 3796 tranquille
998 3727 1314 3781 subsedere
1337 3726 1614 3781 thronum
1649 3727 1832 3797 patris
1855 3730 1913 3780 et

250 3813 423 3866 avi.Si
457 3813 516 3866 in
549 3813 657 3867 hac
687 3830 894 3868 norma
923 3814 1096 3869 alicui
1129 3814 1320 3887 regale
1351 3814 1563 3869 solium
1595 3815 1751 3869 hunc
1783 3817 1910 3886 jam

250 3917 366 3954 non
398 3900 618 3955 tenebit
641 3903 812 3971 culpa
834 3907 890 3956 et
911 3902 958 3955 si
982 3903 1179 3957 sedent
1215 3903 1263 3958 si
1291 3909 1526 3958 censeat
1547 3909 1730 3958 semet
1753 3905 1913 3958 suffi-

252 4005 380 4044 cere
401 3989 474 4043 ad
499 4005 710 4044 nomen
738 3995 910 4044 tantae
935 3992 1258 4061 majestatis
1280 4009 1382 4063 pro
1405 4009 1517 4063 quo
1542 3993 1642 4047 sed
1672 3991 1914 4047 minime

245 4078 462 4147 jubilet
483 4077 674 4132 adhuc
705 4094 768 4132 se
789 4095 1024 4134 manere
1046 4082 1479 4137 securum.Solo
1501 4081 1912 4152 auspicialicet

253 4166 506 4221 existant
525 4167 925 4237 digna,tamen
948 4186 1060 4223 non
1083 4171 1360 4241 supplent
1385 4172 1637 4242 praebere
1660 4169 1906 4234 felicem,

255 4255 357 4309 sed
391 4262 733 4326 quaeruntur
782 4257 1164 4313 incrementa.
1201 4259 1366 4314 Unde
1395 4259 1536 4314 libet
1582 4259 1727 4314 mihi
1758 4276 1914 4314 nunc

254 4358 468 4414 ponere
499 4348 667 4414 pasta
697 4345 972 4416 dogmata
1002 4343 1149 4419 λογω
1181 4352 1398 4399 ΚυνΝου
1427 4346 1564 4403 Saul
1585 4348 1807 4402 levatus
1828 4351 1917 4402 est

257 4433 328 4486 de
359 4449 536 4503 parva
565 4434 806 4489 traduce
829 4439 891 4489 ut
912 4441 1175 4490 tueretur
1195 4435 1388 4491 Israel.
1413 4437 1557 4491 Hinc
1580 4436 1915 4491 Palaestinos

257 4521 442 4575 trudit
461 4522 519 4576 in
540 4522 828 4593 principio
846 4523 934 4577 sui
951 4525 1111 4595 regni
1129 4529 1185 4579 et
1205 4529 1451 4596 casperat
1463 4542 1566 4596 per
1576 4542 1783 4596 gyrum
1799 4524 1917 4579 exi-

258 4610 464 4664 nanire
487 4616 722 4666 caeteras
734 4611 1059 4682 perduelles
1072 4613 1334 4668 nationes
1349 4613 1574 4669 levibus
1587 4613 1914 4685 triumphis.

261 4701 442 4764 Quem
467 4704 532 4754 ut
553 4699 932 4773 Pleonexagia
961 4703 1146 4772 coegit
1167 4702 1394 4757 inhiare
1414 4703 1605 4757 vetitis
1637 4720 1770 4758 mox
1789 4705 1918 4772 ejus

2019 3551 2251 3623 propria
2287 3565 2584 3604 mensura.
2618 3546 2858 3602 Ambire
2891 3551 3053 3602 extra
3082 3551 3262 3617 ponat
3293 3545 3600 3612 accidiam,
3621 3549 3683 3599 et

2020 3640 2095 3695 sit
2117 3641 2406 3711 abrogans
2445 3653 2632 3708 neque
2668 3637 2744 3691 sit
2764 3651 3044 3708 congerro
3079 3635 3170 3689 cui
3195 3640 3286 3690 sat
3314 3635 3433 3689 sint
3459 3634 3680 3688 beneﬂ-

2020 3729 2262 3799 cia,qum
2287 3729 2450 3798 juste
2482 3726 2776 3796 liquerant
2805 3724 2856 3780 ei
2889 3723 3259 3795 antigenae,et
3288 3739 3416 3794 qua
3448 3722 3681 3793 impen-

2021 3817 2108 3872 dit
2137 3815 2336 3871 berilis
2368 3813 2708 3880 liberalitas,
2743 3817 2982 3883 cogente
3013 3811 3238 3866 illibato
3280 3809 3590 3880 famulatu,
3624 3813 3683 3864 et

2021 3923 2150 3977 quae
2182 3904 2377 3958 fundit
2397 3907 2597 3957 exacta
2618 3901 2920 3956 rusticatio
2951 3901 3022 3955 de
3045 3900 3518 3971 propriojure,et
3548 3915 3680 3969 qua

2023 3995 2130 4049 rite
2163 3992 2452 4064 depromit
2482 3992 2746 4060 injuncta
2775 4006 2891 4044 ars.

2096 4088 2161 4137 Et
2183 4083 2230 4136 si
2251 4085 2393 4137 forte
2415 4082 2666 4147 majores
2681 4078 2883 4134 sedule
2903 4077 3176 4149 delegant
3191 4074 3686 4146 ofﬁcia,suppleat

2024 4189 2139 4227 non
2171 4171 2472 4242 gestiendo
2506 4169 2600 4223 hic
2633 4183 2929 4239 pompam,
2959 4168 3058 4222 sed
3092 4182 3427 4237 perennem.
3461 4165 3598 4227 Quae
3630 4163 3683 4218 si
3787 4207 3790 4214 .

2025 4261 2276 4316 referant
2306 4259 2797 4323 emolumentum,
2829 4255 3110 4326 rependat
3148 4254 3363 4325 pariter
3393 4252 3600 4307 laudes
3627 4255 3688 4306 et

2025 4344 2907 4418 obsequiaazternothuamvis
2922 4342 3177 4413 patiatur
3205 4341 3532 4411 deliquium
3566 4355 3686 4395 non

2025 4453 2230 4509 expers
2256 4437 2485 4491 deserat
2509 4434 2772 4504 ﬂagitare
2794 4433 3069 4487 eumdem
3092 4447 3198 4486 nec
3225 4429 3600 4502 blasphemat
3623 4429 3687 4483 in

2027 4530 2284 4599 egestate
2310 4525 2552 4595 ignarus
2583 4540 2699 4594 qua
2728 4522 3020 4577 sententia
3049 4519 3128 4576 sit
3157 4523 3370 4575 tactus.
3394 4518 3547 4574 Num
3580 4533 3687 4573 ne-

2027 4619 2250 4686 queunt
2273 4613 2583 4669 succedere
2618 4611 2931 4682 inepinatze
2978 4609 3128 4665 vices
3154 4610 3180 4663 '?
3211 4609 3358 4663 Nam
3388 4607 3437 4663 si
3487 4611 3690 4661 Caeno-

2031 4705 2214 4758 doxus
2245 4702 2430 4756 inhiet
2458 4717 2488 4755 e
2519 4705 2724 4772 gratus
2756 4697 3077 4754 auctionari
3108 4714 3222 4769 prae
3253 4713 3314 4752 se
3347 4695 3560 4768 poterit
3588 4693 3690 4748 hic

261 4792 474 4843 teretes
525 4788 718 4843 lacerti
750 4791 1033 4856 torpendo
1084 4795 1385 4845 cesserant
1414 4807 1448 4845 a
1492 4808 1708 4863 pugna.
1740 4792 1920 4862 Cujus
1950 4810 1998 4874 Ι)
2030 4791 2212 4847 elisus
2241 4790 2504 4854 erinis,et
2535 4789 2755 4844 retrudi
2785 4787 3221 4842 crebo.En!Sed
3255 4785 3396 4857 quid
3428 4801 3534 4856 ego
3556 4800 3694 4855 pro-

259 4877 431 4932 etiom
461 4878 918 4933 terribolamens
941 4897 1050 4934 non
1078 4897 1440 4950 praesumens
1455 4885 1717 4951 spectare
1735 4880 1918 4935 aciem

260 4967 447 5021 hostis
479 4969 712 5038 proprio
742 4967 856 5022 telo
889 4968 1132 5039 impegit
1166 4973 1350 5023 semet
1378 4970 1437 5022 in
1467 4973 1665 5023 etneas
1696 4986 1917 5040 pcenas.

259 5055 329 5108 Et
357 5055 653 5110 Eudoxius
707 5055 976 5127 princeps
1007 5056 1222 5110 tulerat
1267 5072 1463 5127 regem
1497 5057 1804 5111 Manassen
1831 5057 1921 5111 ide

261 5144 514 5199 redivivo
541 5144 1190 5216 sanguine;postquam
1222 5146 1379 5199 enim
1413 5149 1559 5199 Deus
1587 5145 1919 5215 quindecim

262 5249 446 5286 annos
469 5233 767 5288 Ezechiam
795 5236 955 5288 auxit
979 5236 1047 5288 ad
1071 5235 1248 5288 vitam
1277 5239 1476 5304 postea
1499 5233 1607 5287 iste
1640 5238 1812 5288 natus
1834 5239 1922 5288 est

261 5323 581 5376 Manasses.
613 5323 713 5376 Cui
745 5324 1064 5377 succedens
1095 5323 1153 5376 in
1184 5323 1394 5376 throno
1426 5322 1657 5376 censuit
1687 5322 1920 5376 interim

261 5411 517 5482 extingui
539 5427 665 5480 quae
687 5410 912 5480 genitor
935 5411 1178 5482 ﬂagrare
1201 5418 1256 5465 et
1279 5427 1404 5481 quas
1426 5411 1553 5480 ipse
1576 5411 1768 5480 prodit
1788 5411 1924 5465 sub-

262 5497 504 5553 cisivais
518 5497 1921 5568 sancivitsupplicandaimpugnansTheusebiam

262 5592 317 5641 et
350 5587 636 5641 reducens
669 5585 830 5656 orgia
858 5588 1144 5642 Immonis
1175 5592 1232 5641 et
1263 5586 1479 5656 phana.

335 5675 592 5729 Licinius
645 5674 858 5743 quippe
891 5675 1069 5729 donec
1115 5675 1303 5730 tendit
1335 5673 1548 5746 collega
1583 5677 1639 5732 in
1695 5678 1926 5749 agmine

267 5764 518 5817 militum
571 5760 789 5815 scilalis
831 5767 1093 5834 adusque
1141 5763 1394 5819 obtinuit
1443 5765 1656 5821 illicere
1702 5773 1926 5822 mentes

265 5866 469 5907 eorum
499 5855 565 5905 ut
597 5856 871 5919 urgerent
900 5869 1033 5908 cum
1066 5851 1363 5909 favoribus
1387 5851 1579 5923 inepte
1611 5855 1784 5925 potiri
1815 5855 1929 5911 cal-

2031 4883 2198 4935 fusus
2231 4878 2714 4951 patagine,instar
2730 4876 3044 4947 emphatici
3069 4875 3352 4947 praeconis
3382 4875 3574 4929 enitor
3595 4890 3694 4928 ex-

2030 4970 2244 5042 plicare
2276 4968 2562 5039 digestam
2578 4965 2895 5038 linquentis
2911 4964 3302 5035 saeculi,cujus
3324 4963 3562 5018 morbos
3579 4978 3694 5018 nec

2030 5055 2249 5110 diserta
2264 5054 2458 5126 glossa
2476 5053 2681 5108 suffert
2693 5053 2979 5122 conjicere
2999 5053 3026 5106 ?
3047 5051 3152 5106 Sed
3175 5050 3430 5106 deterius
3456 5051 3697 5121 languit

2031 5145 2328 5216 quondam
2353 5144 2494 5198 dum
2511 5142 2854 5207 Clinicus,et
2875 5142 3188 5212 depressus
3206 5155 3371 5195 caeno
3398 5139 3699 5211 congemi-

2032 5252 2180 5289 nans
2210 5239 2405 5288 trenos
2436 5232 2675 5287 tabebat
2711 5233 2838 5302 jam
2871 5231 3091 5286 defreta
3119 5228 3309 5285 salute
3335 5246 3349 5296 ;
3384 5228 3477 5283 cui
3507 5229 3696 5284 etiam

2031 5322 2411 5394 protoclectes
2425 5321 2836 5392 superastabat
2852 5319 3120 5375 demoliri
3133 5319 3343 5374 virosis
3364 5317 3695 5374 morsibus.

2033 5412 2143 5466 Sed
2178 5410 2496 5482 respiciens
2542 5409 2779 5464 interim
2812 5408 2912 5479 qui
2943 5406 3287 5464 conlinierat
3329 5407 3527 5479 ipsum
3556 5405 3703 5462 vola

2033 5500 2304 5555 subvenit
2332 5499 2567 5569 adtrito,
2599 5503 2657 5553 et
2707 5497 2964 5554 excussit
2993 5513 3128 5552 eum
3159 5497 3231 5552 ab
3263 5512 3360 5551 ore
3395 5495 3700 5566 ejusdem.

2035 5605 2208 5661 quem
2256 5588 2481 5643 evitans
2512 5589 2686 5642 etiam
2721 5586 3018 5642 adentavit
3044 5611 3058 5654 ;
3089 5591 3146 5641 et
3194 5584 3516 5641 resolidans
3547 5589 3704 5639 tunc

2035 5677 2380 5745 solutum,et
2411 5675 2703 5730 elumbem
2726 5675 3016 5728 mundum
3048 5674 3302 5729 firmavit
3322 5673 3703 5745 stare.Cujus

2037 5765 2208 5820 saluti
2243 5764 2459 5835 pariter
2486 5764 2744 5819 innotuit
2767 5763 3005 5818 vitanda
3033 5768 3091 5819 et
3119 5763 3528 5828 utenda.Quod
3561 5764 3708 5834 quia

2036 5859 2442 5925 transgressus
2470 5851 2868 5910 communicat
2887 5852 3100 5921 noxiis,
3122 5855 3179 5910 et
3207 5855 3441 5911 recusat
3468 5851 3708 5911 saluta-
