3916 6442
189 457 308 520 897

1597 457 2230 524 TESTAMEMTUM.

3503 467 3624 530 898

191 607 329 647 cum
363 590 477 648 hac
507 593 707 647 tamen
733 588 1088 658 conditione,
1115 594 1179 645 ut
1207 590 1333 662 ipse
1361 592 1543 648 abbas
1573 609 1707 648 cum
1734 610 1858 648 mo-
1887 594 1942 660 Α
1973 595 2268 650 minorum
2327 611 2527 668 regum
2569 601 2626 652 et
2672 598 2893 653 domini
2944 615 3104 671 papa
3163 601 3623 672 interponentes,

192 681 402 737 nachis
433 680 582 747 suis,
615 680 757 735 dum
791 679 1118 736 cardinales
1162 684 1221 735 at
1269 682 1578 736 decumani
1631 683 1852 753 praefati

195 774 371 827 erunt
402 770 462 826 in
491 769 741 826 ecclesia
771 771 958 824 sancti
982 770 1299 836 Ambrosii,
1325 771 1539 825 vadant
1567 788 1697 826 cum
1731 771 1858 826 lita-

197 859 310 916 niis
343 859 469 916 suis
497 861 568 915 ad
602 858 913 915 ecclesiam
941 865 1159 914 sancta
1190 860 1380 914 Maria
1413 861 1649 931 Majoris
1681 861 1854 916 sitam

194 949 353 1005 intra
383 949 676 1004 civitatem
703 947 1037 1016 Mediolani,
1064 947 1164 1003 ubi
1188 948 1402 1003 dicitur
1425 949 1584 1004 intus
1604 949 1855 1020 vineam,

197 1043 252 1094 et
279 1039 360 1093 ibi
384 1055 554 1094 sacra
576 1038 797 1092 faciant
819 1054 920 1108 pro
954 1036 1154 1092 anima
1182 1054 1332 1104 mea,
1358 1043 1416 1093 et
1448 1039 1611 1093 bona
1637 1056 1856 1093 memo-

198 1128 293 1182 ria
315 1129 546 1183 domna
569 1127 764 1182 Maria
790 1126 1017 1193 matris,
1036 1143 1102 1181 ac
1125 1127 1351 1182 domna
1376 1127 1593 1182 Imilda
1617 1129 1857 1195 sororis,

197 1233 464 1273 mearum
496 1217 575 1271 ibi
627 1216 1007 1271 humatarum
1041 1231 1055 1270 :
1091 1215 1277 1271 altera
1308 1217 1401 1271 die
1450 1217 1606 1272 idem
1638 1219 1864 1272 faciant

198 1324 300 1380 pro
330 1305 646 1362 animabus
691 1306 857 1361 bona
899 1305 1194 1361 memoria
1246 1306 1560 1361 comitissa
1612 1306 1859 1362 Felinda

197 1396 334 1452 avia
369 1413 536 1463 mea,
558 1401 615 1450 et
654 1393 913 1450 ﬁliarum
949 1395 1110 1465 ejus;
1143 1399 1198 1450 et
1228 1395 1322 1449 dic
1353 1397 1522 1451 tertio
1571 1396 1746 1451 etiam
1779 1397 1862 1452 ita

196 1486 298 1541 ﬁat
330 1502 436 1557 pro
466 1484 779 1540 animabus
810 1484 1145 1539 Rodelinda
1179 1484 1428 1555 proavia
1461 1502 1622 1552 mea,
1646 1490 1703 1541 et
1732 1502 1858 1541 om-

197 1575 370 1630 nium
388 1575 791 1629 defunctorum
821 1589 1085 1628 meorum
1113 1590 1124 1628 :
1148 1574 1300 1642 quod
1325 1574 1373 1628 si
1400 1591 1512 1628 non
1536 1575 1858 1638 ﬁet,omnia

199 1664 477 1734 pradicta
502 1663 584 1717 eis
614 1662 800 1733 legata
828 1661 948 1716 sint
976 1662 1202 1716 domna
1228 1663 1513 1717 Bertradre
1544 1664 1855 1717 abbatissa

197 1752 336 1806 dicti
372 1751 709 1807 monasterii
735 1756 948 1806 sancta
973 1751 1166 1805 Maria
1199 1752 1455 1821 Majoris.
1488 1754 1628 1806 Item
1663 1752 1854 1820 judico

198 1846 254 1896 ct
283 1841 411 1912 lego
442 1840 611 1894 dicta
636 1839 954 1894 venerabili
983 1840 1210 1893 domna
1234 1841 1540 1895 abbatissa
1565 1841 1853 1896 Bertrada

203 1931 430 1985 fratrua
456 1946 596 1984 mea
619 1945 752 1984 cum
771 1929 898 1999 ejus
923 1928 1276 1984 monialibus
1294 1934 1349 1983 et
1373 1930 1725 1985 monasterio
1749 1948 1854 1986 suo
1887 1965 1932 2028 Β

200 2036 408 2074 mansa
437 2018 702 2091 quinque
732 2023 899 2073 terra
935 2018 1090 2088 juris
1123 2019 1255 2083 mei,
1283 2019 1381 2087 qui
1413 2037 1594 2090 supra
1623 2021 1856 2076 Attonis

196 2108 474 2180 episcopi,
497 2108 558 2162 in
591 2112 755 2163 curte
783 2107 1037 2173 Cerdati,
1060 2124 1193 2162 cum
1227 2107 1510 2174 adiﬁciis,
1545 2109 1747 2170 servis,
1772 2109 1855 2164 al-

198 2197 307 2253 diis
329 2203 389 2253 et
406 2213 612 2254 eorum
636 2196 877 2252 familiis
900 2196 1212 2268 utriusque
1233 2213 1407 2252 sexus
1429 2198 1854 2269 spectantibus,

197 2287 252 2342 in
283 2287 604 2360 integrum,
630 2290 696 2340 ut
725 2285 1094 2342 commodius
1127 2285 1356 2357 possint
1388 2288 1499 2342 Deo
1535 2287 1770 2354 servire,
1801 2291 1857 2342 et

195 2375 378 2432 semel
407 2376 468 2431 in
499 2391 703 2432 mense
732 2375 1112 2431 recordentur
1141 2392 1306 2431 orare
1337 2379 1402 2430 ut
1433 2375 1629 2431 anima
1665 2393 1793 2432 mea
1824 2393 1858 2431 a

195 2464 448 2537 peccatis
478 2463 762 2520 solvatur.

263 2554 332 2608 Et
361 2553 486 2609 hac
515 2552 718 2609 omnia
736 2568 842 2624 ego
869 2552 968 2624 qui
999 2569 1178 2624 supra
1207 2556 1344 2607 Atto
1370 2553 1679 2625 episcopus
1695 2555 1854 2624 judi-

197 2659 259 2699 co
281 2647 337 2698 et
355 2642 504 2698 facio
527 2658 662 2697 cum
685 2641 1038 2708 conditione,
1057 2642 1213 2712 quod
1247 2643 1503 2712 praedicti
1527 2659 1730 2698 omnes
1754 2653 1853 2715 qui

197 2750 372 2804 supra
402 2730 758 2800 cardinales,
782 2731 1115 2798 decumani,
1141 2731 1344 2798 abbas,
1367 2732 1658 2799 monachi,
1683 2734 1855 2788 abba-

197 2822 361 2889 tissa,
393 2827 452 2877 et
486 2819 794 2888 moniales,
828 2837 893 2875 ac
938 2837 1142 2876 eorum
1187 2837 1576 2885 successores,
1601 2821 1688 2876 vel
1721 2839 1851 2876 suc-

197 2910 460 2977 cetrices,
514 2909 747 2964 unitum
797 2908 883 2964 vel
938 2909 1279 2980 separatim,
1312 2910 1370 2962 in
1416 2915 1602 2964 totum
1655 2911 1741 2964 vel
1793 2911 1850 2965 in

197 3005 443 3072 partem,
467 2999 652 3054 dictas
674 2997 877 3062 valles,
895 3002 1113 3064 curtes,
1133 2997 1374 3063 casales,
1401 3003 1606 3068 terras,
1631 3015 1849 3066 servos,

197 3088 472 3159 famulos,
490 3087 678 3143 aldios
703 3087 1012 3159 utriusque
1035 3104 1229 3153 sexus,
1252 3103 1367 3141 non
1392 3088 1622 3158 possint
1643 3089 1850 3158 quovis

198 3179 364 3235 modo
397 3177 659 3234 alienare
689 3181 792 3231 aut
822 3176 1105 3243 invasere,
1126 3175 1265 3247 quia
1287 3192 1416 3231 mea
1447 3178 1617 3231 ﬁrma
1646 3177 1848 3232 volun-

195 3274 280 3323 tas
301 3273 412 3336 est,
440 3267 600 3338 quod
629 3265 829 3321 omnia
853 3265 1128 3338 praedicta
1159 3265 1456 3336 perpetuis
1487 3267 1850 3337 temporibus

1970 684 2088 738 hac
2146 686 2346 740 omnia
2401 686 2915 742 convalidaverunt
2946 692 3004 742 et
3033 690 3380 746 conﬁrmare
3437 693 3624 748 facere

1969 775 2384 843 promiserunt.
2411 774 2512 830 His
2545 777 2811 847 peractis,
2845 777 2998 832 idem
3029 778 3305 834 dominus
3337 785 3470 836 Atto
3502 783 3621 852 epi-

1971 878 2182 933 scopus
2226 879 2343 917 una
2389 880 2523 918 cum
2558 865 2799 936 Hugone
2839 867 3175 922 marchione
3223 873 3281 922 et
3332 870 3623 925 Brucardo

1969 951 2181 1004 comite
2211 953 2507 1006 advocatis
2540 953 2663 1008 suis
2695 954 2879 1009 dixit:
2911 955 3039 1009 Hac
3070 962 3159 1010 est
3188 974 3317 1011 mea
3346 957 3494 1014 libra
3527 977 3624 1014 vo-

1969 1038 2166 1093 luntas
2196 1046 2253 1094 et
2285 1040 2556 1095 ultimum
2593 1060 2789 1097 meum
2823 1044 3179 1112 judicatum.
3212 1047 3303 1099 Sic
3336 1063 3428 1101 me
3474 1053 3624 1102 Deus

1972 1129 2226 1197 adjuvet,
2258 1146 2452 1184 amen.
2488 1135 2695 1185 Actum
2729 1132 2787 1186 in
2828 1132 3071 1187 basilica
3115 1135 3301 1188 sancti
3332 1137 3626 1191 Ambrosii

1972 1217 2264 1288 pontificis
2296 1223 2352 1273 et
2397 1219 2767 1290 confessoris,
2802 1221 2900 1275 ubi
2932 1221 3059 1291 ejus
3091 1227 3360 1278 sanctum
3394 1226 3625 1296 requie-

1972 1306 2084 1359 scit
2113 1322 2346 1377 corpus.

2045 1399 2071 1458 λγ
2111 1394 2225 1466 Ego
2260 1396 2543 1467 Rogerius
2593 1397 2837 1452 humilis
2866 1398 3176 1471 episcOpus
3224 1400 3451 1472 legatus
3484 1404 3625 1459 mis-

1973 1500 2076 1539 sus
2106 1486 2463 1540 sanctissimi
2499 1487 2682 1556 patris
2710 1488 3055 1542 venerabilis
3086 1489 3292 1544 Marini
3325 1508 3482 1562 papa
3516 1493 3625 1548 hoc

1963 1573 2296 1644 judicatum
2331 1573 2584 1639 laudavi,
2619 1576 2978 1646 conﬁrmavi,
3012 1583 3068 1632 et
3097 1579 3440 1650 subscripsi.

2044 1668 2069 1727 τι
2107 1666 2221 1732 Ego
2257 1665 2418 1733 Hugo
2463 1680 2657 1718 comes
2704 1664 2933 1734 legatus
2982 1666 3202 1720 missus
3249 1669 3624 1723 dominorum

1973 1751 2230 1819 Ilugonis
2260 1758 2316 1805 et
2353 1752 2602 1806 Lotharii
2649 1769 2850 1822 regum
2898 1755 3298 1824 piissimorum
3333 1756 3440 1811 hoc
3461 1757 3624 1827 judi-

1968 1844 2161 1894 catum
2187 1839 2440 1907 laudavi,
2465 1842 2900 1910 conﬁrmavi,et
2923 1860 3096 1897 manu
3127 1860 3255 1898 mea
3277 1846 3621 1916 subscripsi.

2041 1934 2068 1992 τι
2105 1930 2220 2000 Ego
2254 1929 2483 1984 Olricus
2506 1931 2690 2000 (1691)
2713 1938 2928 1986 sancta
2955 1931 3408 1988 Mediolanensis
3434 1935 3622 1990 Eccle-

1967 2019 2065 2072 sia
2104 2019 2580 2090 archiepiscopus
2626 2019 2922 2087 omnibus,
2959 2037 3088 2092 qua
3137 2039 3316 2092 supra
3362 2024 3621 2092 interfui,

1967 2106 2222 2177 laudavi,
2254 2109 2616 2175 conﬁrmavi,
2651 2113 2706 2162 et
2737 2109 2972 2179 propria
3002 2126 3182 2164 manu
3215 2113 3559 2183 subscripsi.

2040 2201 2068 2260 λγ
2104 2197 2220 2268 Ego
2250 2201 2380 2252 Atto
2413 2213 2588 2251 sacra
2622 2197 3004 2253 Vercellensis
3043 2198 3312 2255 Ecclesia
3343 2201 3623 2272 indignus

1967 2286 2276 2356 episcopus
2308 2287 2377 2340 ad
2412 2287 2882 2340 conﬁrmandum
2927 2287 3035 2342 hoc
3067 2304 3262 2344 meum
3289 2291 3621 2360 judicatum

1965 2391 2144 2429 manu
2178 2391 2308 2430 mea
2338 2375 2682 2446 subscripsi.

2042 2469 2067 2529 ’ί
2105 2465 2221 2534 Ego
2255 2463 2597 2519 Lincfredus
2630 2464 2932 2535 Papiensis
2954 2466 3267 2538 episcopus
3302 2466 3535 2524 laudavi
3567 2474 3625 2526 et

1967 2554 2323 2608 confirmavi.

2041 2648 2066 2706 ’ί
2105 2641 2434 2714 Notinghus
2468 2642 2782 2698 Brixiensis
2813 2644 3126 2715 episcopus
3157 2646 3480 2718 subscripsi
3517 2665 3530 2702 :

2039 2737 2067 2795 ψ
2103 2732 2282 2786 Gezzo
2324 2738 2534 2786 sancta
2586 2733 2958 2788 Dertonensis
3013 2734 3276 2789 Ecclesia
3307 2736 3621 2808 episcopus

1967 2837 2143 2875 manu
2182 2821 2413 2890 propria
2446 2820 2794 2890 subscripsi.

2040 2914 2065 2974 τι
2104 2911 2218 2979 Ego
2251 2908 2588 2980 Bruningus
2623 2910 2883 2962 Astensis
2927 2909 3238 2980 episcopus
3271 2910 3616 2982 subscripsi.

2040 3004 2066 3061 τι
2102 2998 2218 3068 Ego
2251 2997 2514 3052 Riculqu
2545 2997 2854 3068 episcopus
2887 2997 3270 3053 Taurinensis
3302 2998 3532 3054 laudavi
3563 3005 3621 3055 et

1964 3086 2312 3156 subscripsi.

2035 3180 2062 3240 τι
2099 3175 2276 3228 Griffo
2309 3179 2692 3246 Augustanus
2723 3173 3034 3246 episcopus
3066 3175 3436 3246 subscripsit.

2036 3270 2061 3329 λι
2099 3265 2215 3334 Ego
2245 3262 2557 3334 Adalgisus
2603 3268 2816 3318 sancta
2873 3262 3165 3332 Aquensis
3199 3262 3463 3319 Ecclesia
3494 3263 3622 3336 epi-

197 3359 581 3428 permaneant
598 3354 668 3410 ad
688 3353 912 3408 cultum
932 3353 1194 3408 divinum
1215 3353 1272 3408 in
1297 3354 1558 3425 requiem
1582 3356 1848 3411 omnium
1881 3329 1922 3395 C
1962 3369 2174 3424 scopus
2207 3369 2300 3406 me
2331 3352 2675 3422 subscripsi.

197 3446 609 3501 defunctorum
643 3459 930 3499 meorum.
956 3443 1085 3499 Ideo
1113 3447 1438 3498 reverenter
1459 3460 1596 3515 rogo
1617 3461 1849 3511 vos,ve-

198 3533 512 3605 nerabiles,
539 3537 706 3606 pater
730 3531 965 3588 domine
987 3531 1440 3602 archiepiscope,
1463 3536 1519 3587 et
1539 3549 1743 3588 omnes
1763 3549 1851 3588 re-

201 3623 455 3680 sidentes
482 3622 542 3677 in
566 3621 676 3677 hac
699 3625 903 3676 sancta
919 3621 1161 3690 synodo,
1181 3623 1246 3674 ut
1272 3620 1502 3691 ponatis
1524 3637 1855 3676 excommu-

201 3712 556 3769 nicationem
575 3715 632 3766 et
652 3709 966 3766 anathema
983 3725 1160 3782 super
1173 3725 1379 3764 omnes
1399 3710 1500 3780 qui
1525 3710 1632 3765 hoc
1655 3727 1852 3766 meum

188 3802 519 3873 judicatum
552 3800 614 3855 in
645 3803 768 3854 toto
798 3797 888 3854 vel
923 3799 983 3853 in
1015 3801 1178 3870 parte
1204 3796 1564 3854 violaverint.

261 3891 377 3947 Hoc
396 3890 636 3958 audito,
659 3888 935 3945 dominus
956 3886 1434 3962 archiepiscopus
1456 3892 1512 3943 et
1543 3889 1735 3944 omnis
1765 3906 1856 3961 sy-

197 3981 377 4036 nodus
399 3997 470 4036 ex
492 3982 662 4051 parte
681 3977 783 4032 Dei
800 3981 857 4032 et
877 3975 1142 4032 omnium
1160 3981 1495 4032 sanctorum
1518 3978 1855 4034 anathema-

194 4069 380 4124 tizavit
409 4069 759 4141 quicunque
806 4082 908 4136 per
952 4064 1360 4136 qualecunque
1409 4067 1710 4137 ingenium
1746 4067 1854 4123 hoc

189 4158 514 4228 judicatum
543 4154 900 4212 venerabilis
926 4153 1110 4224 patris
1141 4153 1364 4208 domini
1388 4156 1619 4210 Attonis
1641 4161 1854 4210 sancta

195 4245 583 4304 Vercellensis
609 4241 881 4299 Ecclesia
913 4242 1169 4314 episcopi
1197 4241 1528 4309 violaverit;
1563 4248 1620 4298 et
1651 4245 1750 4316 qui
1785 4246 1860 4301 fe-

194 4337 344 4403 cerit,
370 4341 611 4409 partem
639 4332 853 4388 habeat
874 4347 1007 4386 cum
1028 4332 1182 4386 Juda
1209 4331 1487 4387 traditore
1519 4349 1584 4388 ac
1617 4332 1858 4390 Simone

195 4439 353 4499 mago
383 4426 445 4484 in
498 4421 838 4496 gehennam
871 4425 1172 4486 aternam,
1204 4436 1321 4474 una
1374 4435 1508 4474 cum
1557 4425 1774 4477 Satana
1802 4427 1859 4478 et

192 4511 431 4570 diabolis
462 4514 623 4584 ejus.
649 4510 719 4566 Et
766 4509 1040 4564 dixerunt
1088 4524 1292 4564 omnes
1337 4523 1349 4562 :
1396 4508 1542 4578 Fiat,
1576 4510 1697 4580 ﬁat,
1732 4510 1854 4566 ﬁat.

193 4601 304 4665 Quo
333 4603 513 4672 facto,
537 4601 670 4674 ipse
689 4601 826 4654 Atto
849 4597 1160 4670 episcopus
1183 4596 1366 4652 dixit:
1391 4597 1626 4668 Audite,
1653 4615 1856 4653 omnes

193 4691 546 4749 venerabiles
578 4693 817 4756 Patres;
851 4687 947 4742 hic
995 4686 1284 4758 disposui,
1330 4703 1456 4756 qua
1500 4687 1770 4757 judicare
1801 4692 1856 4744 et
1885 4698 1931 4762 ι)

197 4779 494 4852 disponere
523 4778 690 4852 potui
725 4793 828 4848 pro
849 4774 1208 4830 conscientia
1241 4790 1400 4842 mea;
1435 4775 1690 4846 reliquas
1719 4794 1852 4832 vero

197 4882 344 4926 meas
365 4865 768 4932 substantias,
793 4881 921 4937 qua
952 4863 1097 4918 mihi
1132 4863 1304 4918 modo
1335 4863 1621 4934 pertinere
1651 4866 1849 4921 viden-

195 4961 299 5026 tur,
323 4958 528 5029 judico
563 4961 624 5012 et
650 4955 780 5027 lego
815 4952 1336 5026 propinquioribus
1368 4955 1536 5019 meis,
1563 4959 1628 5008 ut
1668 4955 1738 5010 de
1768 4955 1851 5010 eis

195 5044 394 5103 faciant
415 5045 712 5120 quidquid
737 5042 1046 5109 voluerint,
1064 5043 1234 5112 juxta
1255 5041 1700 5113 dispositionem
1729 5061 1852 5099 ma-

184 5135 362 5203 jorum
381 5151 620 5198 eorum,
640 5138 698 5189 et
720 5133 812 5187 lex
837 5132 1222 5203 Longobarda
1243 5129 1522 5201 disponit.
1545 5131 1686 5186 Item
1713 5149 1850 5204 rogo

196 5231 448 5282 sanctum
484 5230 720 5298 patrem
748 5220 1139 5276 venerabilem
1176 5237 1412 5291 papam,
1436 5225 1494 5274 et
1524 5220 1852 5277 clementis-

197 5311 358 5370 simos
387 5313 674 5370 dominos
707 5327 871 5382 reges
911 5309 1035 5363 suis
1076 5308 1291 5364 litteris
1323 5308 1430 5363 hoc
1464 5325 1661 5364 meum
1686 5311 1852 5381 judi-

198 5405 374 5458 catum
407 5403 770 5459 conﬁrmare
806 5399 1143 5469 dignentur.

257 5492 472 5554 Quibus
499 5487 752 5557 auditis,
776 5487 1053 5541 dominus
1080 5486 1240 5558 Hugo
1275 5501 1471 5540 comes
1493 5489 1549 5540 et
1574 5487 1851 5543 dominus

196 5576 461 5652 Rogerius
485 5579 812 5653 episcopus
836 5575 1001 5630 missi
1024 5573 1729 5645 pradicti,auctoritatem
1755 5578 1853 5632 do-

2038 3447 2063 3507 Jr
2101 3439 2278 3495 Mildo
2312 3439 2870 3511 Vingintimiliensis
2891 3439 3162 3496 Ecclesia
3187 3441 3497 3513 episcopus
3529 3442 3626 3496 ﬁr-

1964 3530 2165 3586 mavit.

2038 3625 2065 3685 ’r
2095 3620 2213 3690 Ego
2237 3618 2563 3691 Sigifredus
2584 3617 2918 3673 Parmensis
2939 3617 3249 3689 episcopus
3271 3618 3618 3690 subscripsi.

2037 3714 2065 3774 1‘
2099 3713 2351 3765 Joannes
2383 3706 2782 3762 Massanensis
2815 3706 3128 3777 episcopus
3159 3705 3432 3763 ﬁrmavit.

2038 3802 2066 3863 λγ
2099 3798 2217 3869 Ego
2248 3795 2613 3851 Aldemanus
2635 3799 2847 3850 sancta
2873 3794 3329 3850 Mediolanensis
3351 3795 3620 3852 Ecclesia

1965 3886 2433 3958 archipresbyter
2475 3883 2728 3953 laudavi,
2772 3889 2830 3938 et
2877 3884 2949 3938 ad
2999 3883 3358 3938 ﬁrmandum
3409 3900 3622 3940 manus

1965 3991 2158 4048 posui.

2037 4069 2065 4129 τι
2105 4062 2412 4134 Daipertus
2433 4061 2744 4132 episcopus
2770 4064 2984 4115 sancta
3006 4059 3625 4117 CremonensisEccle-

1965 4153 2064 4209 sia
2096 4169 2272 4207 manu
2308 4168 2416 4206 sua
2447 4151 2717 4205 nrmavit.

2042 4247 2068 4307 λς
2103 4246 2218 4312 Ego
2255 4240 2430 4296 Baldo
2470 4240 2766 4295 Curiensis
2808 4238 3118 4311 episcopus
3151 4238 3496 4310 subscripsi.

2041 4337 2068 4397 τι
2105 4331 2447 4386 Asmundus
2479 4328 2886 4401 Eporediensis
2927 4328 3239 4400 episcopus
3284 4343 3461 4382 manu
3495 4342 3627 4382 mea

1969 4420 2218 4475 ﬁrmavi.

2045 4511 2225 4581 tEgo
2286 4508 2596 4564 Daibertus
2651 4507 2964 4580 episcopus
3029 4505 3302 4562 Albensis
3368 4505 3626 4562 subscri-

1971 4617 2081 4672 ρει.

2039 4694 2066 4754 τι
2105 4687 2372 4758 Ingulfus
2402 4686 2910 4758 Albengaunensis
2941 4685 3253 4757 episcopus
3279 4682 3552 4738 firmavit.

2036 4782 2065 4843 1‘
2105 4778 2218 4847 Ego
2253 4777 2396 4831 Boso
2428 4775 2738 4847 episcopus
2769 4774 3146 4830 Placentinus
3178 4771 3524 4844 subscripsi.

2039 4867 2217 4938 iEgo
2248 4865 2437 4920 Vuido
2497 4864 2851 4920 Mutinensis
2908 4863 3221 4936 episcopus
3277 4859 3511 4916 laudavi
3572 4863 3628 4915 et

1964 4954 2312 5025 subscripsi.

2037 5049 2064 5110 τι
2104 5043 2410 5098 Lotherius
2445 5042 2832 5098 Marianensis
2856 5041 3124 5097 Ecclesia
3149 5039 3460 5111 episcopus
3493 5037 3628 5092 sub-

1965 5149 2170 5203 scrIpSI
2185 5172 2197 5184 .

2040 5227 2065 5285 τι
2101 5221 2217 5291 Ego
2263 5218 2571 5290 Hupaldus
2621 5217 2866 5273 humilis
2901 5218 3082 5273 abbas
3131 5213 3361 5272 laudavi
3393 5219 3451 5269 et
3481 5214 3626 5270 sub-

1963 5309 2191 5378 scripsi.

2034 5398 2213 5468 Signa
2237 5397 2284 5417 “
2317 5397 2498 5466 (1692)
2532 5413 2815 5450 manuum
2850 5395 3113 5466 Hugonis
3151 5391 3532 5459 marchiunis,
3567 5395 3626 5446 et

1962 5484 2240 5542 Brucardi
2265 5484 2496 5538 comitis
2521 5485 2780 5538 advocati
2818 5485 3039 5556 prafati
3063 5481 3409 5538 venerabilis
3439 5479 3625 5550 patris

1962 5573 2184 5630 domini
2217 5571 2451 5627 Attonis
2481 5573 2763 5644 episcopi,
2786 5574 2885 5645 qui
2917 5574 3027 5629 hoc
3051 5571 3384 5644 judicatum
3415 5566 3622 5622 lauda-

251 5688 433 5762 (1691)
457 5689 690 5762 Supra,
722 5683 1033 5743 Oldericus.
1066 5681 1251 5758 (1692)
1290 5683 1584 5740 Astericos
1633 5683 1844 5758 posui;
1895 5687 1956 5742 at
2004 5683 2066 5739 in
2115 5679 2314 5737 codice
2367 5683 2508 5736 sunt
2562 5679 2788 5738 lineola
2847 5681 3081 5740 directa
3138 5684 3196 5737 et
3249 5681 3621 5735 transversa.

193 5758 355 5820 cratis
390 5760 531 5822 ritu.
