3916 6468
919 6 927 8 -
937 8 1189 18 ψῃ-

258 523 376 584 899

255 749 418 800 runt.

331 832 513 903 Signa
542 833 690 855 “""
724 843 1006 886 manuum
1039 828 1311 899 Ariperti,
1345 827 1610 898 Olderici,
1641 829 1910 895 Joannis,

255 919 570 991 Asprandi,
600 918 780 986 Burli,
813 923 869 973 et
894 916 1144 971 Canonis
1173 916 1433 981 testium,
1458 920 1515 970 et
1543 916 1908 987 quampluri-

259 1025 368 1064 mas
427 1006 552 1063 alite
609 1022 867 1078 personae
916 1021 1047 1074 quas
1105 1004 1178 1058 ad
1235 1004 1344 1059 hoc
1402 1005 1587 1059 vocati
1631 1005 1739 1074 (ita
1770 1005 1909 1073 cod.)

260 1101 421 1153 sunt.

332 1187 448 1258 Ego
479 1183 620 1240 Vual
631 1187 833 1255 pertus
859 1180 1104 1236 humilis
1136 1181 1583 1238 archidiaconus
1606 1188 1662 1237 et
1691 1183 1913 1237 cancel-

259 1275 442 1332 larius
473 1277 685 1330 sancta:
731 1270 1182 1326 Mediolanensis
1222 1270 1488 1326 Ecclesiae
1520 1276 1576 1326 et
1606 1271 1912 1344 prmeentis

260 1364 411 1420 sacri
432 1364 536 1435 (ita
560 1362 698 1432 cod.)
725 1359 931 1432 synodi
963 1359 1036 1413 de
1063 1359 1342 1415 mandato
1373 1361 1910 1431 suprascriptorum

256 1456 500 1507 Patrum
545 1450 654 1506 hoc
693 1449 1027 1520 judicatum
1059 1448 1406 1503 venerabilis
1456 1448 1640 1520 patris
1689 1447 1911 1503 domini

257 1541 487 1598 Attonis
544 1537 802 1611 episcopi
858 1535 1253 1592 Vercellarum
1312 1537 1544 1608 scripsi,
1585 1537 1823 1605 tradidi,
1857 1542 1914 1592 et

261 1627 607 1700 subscripsi.

333 1724 450 1790 Ego
481 1717 828 1772 Lambertus
875 1714 1140 1770 notarius
1185 1715 1334 1769 sacri
1367 1714 1566 1786 palatii
1592 1719 1648 1770 et
1694 1715 1913 1770 missus

263 1808 637 1864 dominorum
670 1803 931 1876 Ilugonis
980 1809 1036 1858 et
1083 1803 1336 1858 Lotharii
1369 1803 1767 1874 piissimorum
1820 1819 1914 1856 re-

263 1914 428 1969 gum,
462 1912 579 1950 una
613 1911 746 1949 cum
793 1892 1191 1964 suprascripto
1219 1891 1454 1947 domino
1503 1892 1912 1946 archidiacono

262 1986 478 2042 tradidi
509 1991 684 2055 atque
715 1981 1057 2052 subscripsi.

335 2076 453 2146 Ego
483 2075 709 2139 Petrus,
755 2071 851 2142 qui
885 2070 1045 2124 dicor
1085 2069 1345 2138 Rabbus,
1380 2068 1641 2124 notarius
1693 2068 1911 2123 domini

264 2163 492 2220 Henrici
542 2159 912 2233 imperatoris
953 2158 1422 2230 suprascriptum
1449 2158 1779 2228 judicatum
1814 2159 1914 2212 do-

263 2253 411 2308 mini
441 2251 670 2306 Attonis
717 2247 972 2320 episcopi
1003 2245 1399 2301 Vercellarum
1433 2246 1503 2300 ab
1536 2263 1601 2300 eo
1656 2263 1913 2317 pronun-

261 2341 473 2397 tiatum
505 2339 564 2394 in
597 2339 816 2411 synodo
861 2334 1278 2391 Mediolanensi
1310 2339 1368 2389 et
1398 2334 1818 2405 subscriptum,
1853 2338 1927 2400 ut

264 2447 442 2500 snpra
471 2426 720 2482 ﬁdeliter
750 2424 1139 2495 exemplatum
1191 2441 1290 2493 per
1331 2423 1771 2494 infrasu-iptum
1803 2423 1915 2477 Ro-

265 2518 492 2591 gerium
527 2515 864 2570 Bonaﬁdem
896 2513 1186 2567 notarium
1220 2512 1291 2566 ab
1325 2512 1609 2584 originale
1657 2511 1914 2583 praedicti

258 2605 583 2678 judicatus,
617 2603 770 2674 quod
825 2607 1064 2673 apparet
1093 2601 1274 2655 fuisse
1305 2601 1494 2655 tribus
1543 2599 1752 2670 sigillis
1784 2616 1914 2654 mu-

267 2696 484 2762 nitum,
503 2694 759 2766 primum
783 2707 1035 2762 quorum
1058 2695 1182 2745 erat
1197 2689 1570 2744 dominorum
1599 2705 1821 2759 regum,
1837 2687 1918 2743 al-

266 2789 457 2839 terum
490 2799 625 2837 cum
675 2780 894 2836 sanctis
925 2780 1093 2833 Petro
1125 2783 1181 2832 et
1211 2775 1409 2845 Paulo,
1433 2781 1490 2830 et
1515 2777 1748 2831 tertium
1782 2793 1916 2830 cum

270 2877 473 2927 sancto
516 2868 822 2924 Ambrosio
874 2867 972 2921 sed
1023 2867 1371 2935 antiquitate
1421 2866 1588 2935 quasi
1640 2879 1919 2919 consum-

268 2965 458 3032 ptum,
483 2974 617 3012 cum
641 2959 767 3027 ipso
789 2954 1089 3026 originale,
1115 2958 1179 3008 ut
1207 2953 1524 3024 plurimum
1549 2953 1830 3017 marcido,
1857 2956 1920 3006 ut

268 3050 362 3102 vix
392 3045 706 3101 difﬁculter
733 3044 845 3115 legi
880 3043 1086 3114 possit,
1110 3042 1419 3112 diligenter
1443 3040 1804 3105 concordavi,
1825 3055 1919 3093 ro-

1467 516 1862 579 APPENDIX
1907 519 2009 578 AD
2054 519 2458 580 ATTONEM.

257 659 486 724 verunt,
515 658 572 709 et
618 653 686 708 ad
729 650 1200 708 conﬁrmandum
1254 666 1462 706 manus
1513 667 1650 706 suas
1699 667 1914 722 posue-
1938 653 1993 718 Α
2022 657 2194 724 gatus
2225 671 2258 707 a
2287 651 2602 707 venerabili
2635 650 2872 706 domino
2902 648 3209 704 Ambrosio
3233 647 3384 704 dicto
3409 648 3481 704 de
3507 648 3672 704 Vico-

1944 2033 1991 2096 Β

3553 516 3675 579 900

2023 746 2276 796 mercato
2300 742 2506 796 abbate
2530 738 2865 794 monasterii
2889 738 3072 794 sancti
3089 736 3402 803 Ambrosii,
3420 737 3522 792 ubi
3543 740 3672 810 ejus

2021 835 2291 886 sanctum
2325 830 2638 901 requiescit
2681 845 2920 897 corpus;
2966 828 3218 882 instante
3247 827 3422 882 etiam
3453 827 3672 883 domna

2021 919 2304 975 Columba
2332 918 2630 973 abbatissa
2673 916 3012 972 monasterii
3044 915 3280 986 Majoris
3311 915 3625 971 Mediolani
3654 933 3668 971 :

2021 1013 2077 1063 et
2109 1008 2215 1063 hoc
2246 1009 2316 1062 de
2348 1008 2622 1062 mandato
2653 1005 2853 1060 domni
2896 1005 3143 1060 Joannis
3175 1003 3316 1060 dicti
3363 1005 3434 1060 de
3479 1005 3672 1061 Rusca

2021 1096 2381 1152 honorabilis
2413 1095 2717 1168 potestatis
2748 1094 3002 1150 civitatis
3027 1097 3083 1149 et
3103 1094 3434 1149 communis
3455 1093 3670 1150 Medio-

2019 1187 2159 1255 lani,
2211 1184 2596 1257 praesentibus
2646 1183 2800 1238 dicto
2853 1183 3143 1253 Bonaﬁde,
3186 1184 3251 1238 T.
3286 1184 3532 1255 Senago,
3576 1184 3669 1239 Jo.

2021 1276 2236 1346 Coalia,
2263 1275 2316 1330 J.
2341 1275 2590 1341 Canova,
2613 1276 2678 1328 A.
2709 1273 2991 1341 Lomatio,
3026 1272 3287 1340 notariis,
3317 1277 3491 1343 atque
3521 1272 3672 1328 Tho-

2022 1383 2119 1422 ma
2150 1365 2302 1421 dicto
2333 1366 2565 1428 Crasso,
2604 1365 2659 1416 et
2685 1362 2892 1416 Ruﬁno
2933 1360 3118 1415 Corbo
3161 1361 3316 1429 juris
3359 1361 3674 1432 peritis,ac

2022 1457 2168 1512 Ossa
2198 1455 2268 1510 de
2299 1453 2484 1518 Ossis,
2507 1451 2674 1506 Petro
2706 1450 2860 1505 dicto
2885 1448 3245 1519 Bellabueca,
3271 1450 3579 1506 Comasino
3603 1451 3675 1506 de

2021 1544 2266 1612 Cremis,
2289 1543 2512 1598 Joanne
2558 1538 2912 1608 Marcellino,
2935 1540 3161 1595 Vidone
3184 1539 3536 1607 vicecomite,
3562 1544 3677 1594 tes-

2021 1634 2180 1690 tibus
2215 1650 2227 1687 :
2261 1636 2316 1688 et
2357 1631 2494 1702 quia
2537 1629 2885 1684 concordare
2933 1628 3146 1695 inveni,
3196 1633 3404 1700 praeter
3449 1629 3674 1684 litteras

2023 1722 2157 1795 plus
2190 1722 2479 1783 minusve,
2513 1734 2642 1772 mea
2674 1735 2854 1773 manu
2887 1718 3231 1789 subscripsi.

2097 1817 2208 1883 Ego
2259 1808 2570 1876 Tebaldus,
2619 1808 2714 1878 qui
2766 1809 2928 1861 dicor
2979 1807 3050 1861 de
3100 1807 3356 1877 Sunago,
3409 1807 3675 1862 notarius

2024 1901 2132 1955 hoc
2190 1903 2631 1968 transumptum
2692 1895 2830 1966 quia
2887 1893 3056 1950 ﬁdele
3117 1895 3308 1950 inveni
3374 1912 3467 1950 me
3534 1897 3679 1950 sub-

2025 1989 2255 2058 scripsi.

2095 2079 2212 2148 Ego
2269 2081 2540 2138 Joannes,
2573 2073 2673 2144 qui
2723 2072 2884 2126 dicor
2934 2071 3148 2142 Coalia,
3202 2072 3465 2126 notarius
3526 2070 3681 2127 sacri
3753 2108 3755 2110 -

2025 2165 2225 2239 palatii
2261 2165 2530 2236 praedicto
2569 2165 2942 2232 transumpto
2987 2160 3244 2226 interfui,
3277 2166 3333 2215 et
3361 2161 3503 2231 quia
3535 2177 3682 2215 con—

2027 2257 2264 2311 cordare
2321 2252 2536 2319 inveni,
2588 2255 2653 2305 ut
2701 2267 2898 2321 supra,
2945 2250 3015 2303 de
3065 2250 3338 2304 mandato
3391 2264 3483 2303 me
3533 2250 3682 2304 sub-

2027 2344 2259 2416 Scripsi.

2098 2434 2214 2502 ligo
2254 2432 2530 2496 Joannes,
2583 2429 2680 2500 qui
2731 2428 2894 2482 dicor
2949 2428 3020 2482 de
3077 2431 3323 2493 Canova,
3357 2425 3680 2496 imperialis

2027 2522 2292 2578 notarius
2323 2521 2432 2574 hoc
2478 2523 2916 2588 transumptum
2951 2515 3198 2572 ﬁdeliter
3226 2514 3593 2582 concordavi,
3625 2519 3684 2570 et

2028 2611 2213 2682 [quia]
2267 2609 2557 2664 uniforme
2616 2623 2749 2662 cum
2799 2605 3082 2678 originale
3131 2605 3346 2672 inveni,
3397 2620 3490 2659 me
3538 2604 3680 2660 sub-

2027 2699 2254 2771 scripsi.

2099 2790 2216 2858 Ego
2247 2784 2586 2847 Anselarus,
2616 2782 2717 2853 qui
2766 2782 2929 2836 dicor
2977 2782 3046 2835 de
3097 2781 3382 2851 Lamatio,
3416 2780 3683 2835 notarius

2028 2894 2161 2931 cum
2212 2871 2566 2945 supradictis
2617 2869 2859 2924 notariis
2906 2869 3013 2922 hoc
3061 2873 3502 2939 transumptum
3544 2885 3684 2923 exa-

2028 2961 2278 3031 minavi,
2348 2965 2404 3012 et
2471 2957 2609 3028 quia
2673 2955 3023 3009 concordare
3088 2953 3312 3023 inveni,
3374 2970 3467 3008 me
3535 2954 3683 3009 sub-

2029 3051 2258 3122 scripsi.

266 3172 3688 3211 ___________.____________.____..__——————————

1200 3290 1839 3386 APPENDIX
1906 3287 2068 3381 AD
2139 3278 2760 3378 ATTONEM.

386 3555 935 3620 FHAGMENTUM
981 3553 1366 3614 VETERUM
1409 3543 2448 3690 PltECATlgNggléDlguFORMA
2492 3537 3008 3608 LlTANIAHUM,
3058 3537 3135 3596 IN
3183 3535 3562 3595 HONOREM

1798 3675 1812 3690 ο
1881 3644 1893 3673 ⁴
1989 3633 2050 3670 ‘l
2186 3671 2198 3683 .

1798 3675 1812 3690 .
1860 3633 2198 3690 EUSEBll.

1666 3763 1766 3831 (Ex
1811 3761 1939 3816 cod.
1995 3756 2284 3826 Othonis.)

342 4022 355 4034 .
392 4017 405 4029 .
441 4018 454 4032 .
494 4020 506 4031 .
543 4018 555 4030 .
593 4018 604 4030 .
642 4017 653 4029 .
700 3976 887 4028 factus
946 3977 1036 4027 est
1092 3970 1404 4036 Eusebius,
1465 3972 1521 4023 et
1575 3967 1916 4023 Christianae
1948 3967 1990 4031 C
2103 3959 2299 4036 Navis,
2332 3973 2462 4036 quae
2498 3960 2622 4036 erat
2651 3955 2724 4036 ad
2754 3953 2998 4036 alteram
3052 3953 3240 4025 ripam
3273 3954 3346 4008 ad
3380 3967 3516 4008 eum
3549 3950 3682 4007 sola

269 4050 416 4122 legis
447 4047 759 4122 maximus.
795 4044 1011 4099 Exaudi
1043 4059 1168 4122 nos.

341 4108 360 4176 Ϊ
393 4161 406 4176 .
443 4163 456 4174 .
492 4161 504 4173 .
542 4161 554 4174 .
587 4117 804 4173 Omnes
834 4132 998 4171 sacro
1030 4114 1140 4169 sibi
1167 4111 1447 4183 suscepit,
1477 4116 1532 4166 et
1563 4108 1772 4182 pracsul
1807 4111 1918 4162 rac-

265 4198 363 4249 tus
390 4188 677 4246 Vercelles
707 4189 961 4242 directus
993 4191 1100 4240 est.
1135 4184 1377 4250 Exaudi,
1408 4188 1516 4238 etc.

337 4301 353 4319 .
404 4305 417 4319 .
463 4304 474 4316 .
522 4304 534 4316 .
577 4260 931 4315 Haeresiarca
961 4275 1085 4329 quae
1134 4272 1268 4310 cum
1317 4259 1472 4329 es_set
1519 4252 1723 4329 civitas
1777 4252 1921 4306 dure

268 4337 560 4405 pastorem
595 4325 995 4405 orthodoxam
1013 4330 1327 4405 spreverat.
1362 4325 1608 4405 Exaudi,
1637 4329 1744 4378 etc.

340 4406 404 4460 In
432 4406 489 4459 S.
522 4402 991 4474 TemploiMariai:
1021 4393 1082 4454 se
1112 4399 1452 4474 obstruunt,
1485 4397 1686 4450 doctor
1717 4393 1788 4447 ad
1823 4409 1920 4448 eos

270 4494 343 4532 ne
369 4477 548 4530 intret
577 4471 920 4529 catholicus.
955 4471 1195 4534 Exaudi,
1228 4475 1335 4522 etc.

342 4547 564 4601 Charus
597 4546 693 4599 sed
751 4547 860 4598 Deo
913 4543 1080 4614 signo
1111 4540 1324 4614 crucis
1350 4539 1597 4610 fregerat
1643 4541 1832 4592 vectes
1866 4538 1923 4588 et

270 4635 452 4686 seras,
489 4623 544 4671 et
575 4615 810 4670 intravit
834 4610 1069 4685 janu'as.
1107 4610 1348 4686 Exaudi,
1381 4617 1491 4664 etc.

345 4730 358 4745 .
403 4731 415 4742 .
439 4677 473 4742 ’.
521 4730 532 4741 .
558 4688 627 4741 de
658 4687 783 4741 luce
815 4677 1391 4740 c'onsubstantialiter
1411 4680 1733 4752 praedicans
1767 4677 1918 4732 mul-

267 4764 361 4815 tos
388 4759 665 4814 instruxit
694 4757 961 4812 ﬁdeliter.
999 4755 1237 4816 Exaudi,
1274 4760 1383 4807 etc.

344 4833 473 4886 Mox
505 4831 603 4885 sed
635 4835 920 4900 tyrannus
969 4827 1177 4900 callide
1208 4822 1582 4900 Constantius
1631 4820 1921 4892 synodum

271 4902 451 4958 dictat
480 4902 538 4956 in
575 4896 714 4955 urbe
743 4898 1073 4970 metropoli.
1110 4896 1493 4970 Exaudi,_etc.

405 5016 417 5028 .
463 5015 475 5027 .
522 5015 534 5027 .
580 4973 860 5026 Minorem
891 4960 952 5023 in
972 4987 1086 5040 qua
1109 4966 1295 5040 Patris
1320 4965 1531 5019 Filium
1555 4968 1769 5018 temere
1799 4960 1924 5032 pul-

272 5051 364 5100 sat
393 5043 645 5099 scribere
677 5039 1012 5097 catbolicos’.
1049 5039 1285 5104 Exaudi,
1315 5042 1422 5091 etc.

348 5159 359 5170 .
397 5159 409 5171 .
448 5157 460 5168 .
499 5156 510 5168 .
550 5157 562 5168 .
600 5155 612 5168 .
647 5114 956 5168 Occurrere
1001 5109 1213 5184 praesul
1246 5114 1304 5163 et
1333 5108 1405 5161 ad
1438 5104 1701 5184 fluminis
1732 5119 1922 5158 mora-

270 5189 367 5241 tur
392 5203 493 5241 ora
522 5201 655 5239 cum
687 5186 864 5240 unda.
901 5226 913 5238 .
951 5223 962 5235 .
997 5178 1224 5238 Sicidaa.
1259 5178 1498 5247 Exaudi,
1526 5181 1636 5231 etc.

2029 4035 2168 4104 quia
2188 4027 2476 4104 jusse'rat.
2501 4027 2740 4104 Exaudi,
2774 4030 2882 4104 e_t_c.

2101 4095 2351 4158 Ut'l’acto
2397 4099 2580 4154 celere
2610 4099 2654 4151 it
2686 4096 3080 4152 Mediolanum
3131 4097 3202 4150 ad
3247 4095 3689 4167 conﬂigendum

2030 4192 2164 4230 cum
2196 4178 2460 4246 tyranno.
2487 4169 2727 4246 Exaudi,
2762 4173 2873 4246 etc.

2105 4288 2117 4300 .
2156 4289 2169 4302 .
2309 4288 2321 4299 .
2369 4243 2484 4297 Nec
2537 4240 2912 4296 suasionibus
2983 4238 3188 4308 cessit,
3247 4242 3386 4292 tunc
3449 4237 3690 4292 vinctus

2031 4317 2305 4373 conditur
2334 4313 2525 4368 exilio.
2559 4312 2801 4374 Exaudi,
2837 4315 2946 4365 etc.

2107 4431 2118 4442 .
2166 4431 2176 4442 .
2225 4430 2236 4441 .
2281 4387 2588 4457 Tyrannus
2629 4384 2726 4438 sed
2775 4383 3685 4457 postquam.est_mortuus,_pas-

2030 4465 2122 4515 tor
2147 4461 2218 4514 ad
2254 4450 2451 4512 caulas
2485 4471 2749 4510 reversus
2775 4450 2870 4508 est
2903 4450 3192 4524 proprius.
3213 4450 3454 4524 Exaudi,
3485 4454 3595 4502 etc.

2107 4573 2118 4584 .
2165 4575 2174 4586 .
2223 4573 2235 4583 .
2278 4529 2490 4582 Avidos
2513 4527 2733 4582 invenit
2757 4521 2952 4579 Ariani
2981 4521 3523 4594 d‘ogmatis,utjam
3547 4537 3686 4574 cum

2033 4602 2233 4674 paucis
2266 4602 2500 4674 degeret
2531 4597 2872 4674 catholicus.
2907 4594 3146 4674 Exaudi,
3181 4599 3288 4648 etc.

2105 4673 2317 4726 Verum
2341 4661 2560 4724 ‘cohors
2594 4669 2711 4722 ruit
2743 4669 2800 4721 in
2835 4661 3200 4738 pontiﬁcem;
3235 4669 3480 4719 mortem
3515 4661 3695 4717 dede-

2033 4751 2169 4799 runt
2201 4741 2557 4813 praedicandi
2588 4740 2796 4794 vivere.
2830 4737 3217 4813 Exaud_i,‘_etc.

2109 4858 2120 4869 .
2167 4803 2237 4868 .’.
2281 4815 2373 4868 Sic
2405 4816 2669 4867 sanctam
2701 4817 2840 4864 tunc
2880 4808 3135 4862 reddidit
3165 4806 3444 4869 animam,
3476 4803 3571 4858 hic
3605 4820 3695 4859 se-

2033 4887 2281 4958 pultura:
2313 4884 2474 4958 locus
2508 4887 2707 4937 manet
2737 4881 2981 4958 celeber.
3012 4877 3257 4958 Exaudi,
3288 4883 3398 4958 etc.

2109 5001 2119 5012 .
2166 4999 2178 5011 .
2221 4989 2242 4996 -
2282 4955 2538 5010 Sesultat
2567 4959 2622 5008 et
2665 4953 2839 5024 pollet
2888 4950 3209 5024 miraculis,
3243 4949 3440 5004 tristes
3489 4944 3695 5001 levan-

2034 5033 2127 5084 tur
2158 5034 2215 5083 et
2245 5026 2588 5098 languentes
2620 5023 2783 5079 inibi.
2820 5023 3200 5098 Exaudi,Aetc.

2109 5144 2122 5156 .
2170 5144 2182 5155 .
2229 5143 2240 5154 .
2285 5090 2450 5153 Hunc
2481 5112 2684 5167 rogare
2724 5095 2940 5167 pariter
2970 5098 3035 5148 ut
3065 5090 3384 5149 intercedat
3430 5105 3533 5159 pro
3587 5105 3702 5143 no-

2035 5170 2128 5228 bis
2161 5171 2231 5227 ad
2267 5166 2602 5225 Dominum.
2633 5166 2879 5232 Exaudi,
2911 5169 3022 5222 etc.

267 5293 3147 5328 Μ

1087 5388 1396 5448 NOMINA
1440 5383 1783 5444 PLEBIUM
1833 5379 2367 5440 EPISCOPA'I‘US
2417 5380 2480 5438 S.
2530 5377 2870 5438 EUSEBII.

985 5520 1147 5592 (Cod.
1179 5518 1363 5574 Vatic.
1398 5517 1562 5585 4322,
1600 5515 1673 5570 ad
1704 5512 1924 5569 calcem
1956 5509 2212 5583 epistola
2243 5509 2473 5564 Attonis
2505 5509 2577 5563 ad
2610 5507 2974 5563 Waldonem.

1779 5639 2172 5660 ﬂ

350 5730 378 5793 λγ
411 5721 720 5804 ξτοὰρὺὶοο,
753 5727 946 5791 Cozzo,
994 5723 1250 5804 Martyri,
1295 5721 1646 5804 Mediolano,
1789 5722 1929 5799 Eva-

277 5789 370 5871 sii,
429 5793 808 5865 Rusciniano,
879 5789 981 5852 seu
1049 5789 1332 5865 Cassiani,
1390 5791 1640 5852 Castello
1696 5789 1923 5856 Turris,

2035 5713 2310 5785 Montigio
2343 5713 2492 5783 Pini,
2519 5705 2798 5785 ,Duperia,‘
2833 5712 3033 5764 monte
3065 5706 3298 5785 Calano.

2106 5772 2365 5854 BalEola,
2432 5772 2694 5856 Tridirio,
2761 5772 3046 5851 Cornetac,
3105 5778 3319 5847 Meda},
3377 5772 3707 5856 Palaciolo,
