3916 6400
157 381 272 447 917

1047 390 1494 461 ADMONITIO
1539 395 1642 459 AD
1686 398 2209 470 NONSUINDAM
2255 406 2704 477 RECLUSAM.

3472 418 3592 481 918

157 519 451 621 pertinent
478 519 659 621 viam,
692 523 765 621 ad
795 542 982 583 unum
1012 527 1142 599 iter,
1166 530 1239 586 ad
1271 547 1450 588 unam
1483 532 1815 594 felicitatem
1845 538 1903 606 Α
1931 545 2097 598 tuam
2128 542 2242 599 nisi
2274 560 2423 616 quos
2453 545 2574 602 scio
2605 545 2920 605 solitarios.
2955 547 3025 606 Et
3052 544 3103 607 si
3136 550 3468 621 perveneris
3511 515 3605 609 ad.

159 610 457 668 hominem
487 613 731 669 ducunt.

621 706 755 761 CAP.
789 705 833 760 Ι.
865 737 936 748 —-
954 710 1032 765 De
1058 710 1351 768 charitate.

230 790 376 847 Cum
403 791 590 865 igitur
615 793 688 849 de
718 793 994 866 plurimis
1022 797 1343 857 virtutibus
1403 807 1460 859 te
1503 805 1818 863 admonere

162 879 506 949 desiderem,
530 882 792 954 primum
823 900 958 940 cum
988 889 1168 945 Paulo
1199 892 1461 962 apostolo
1497 893 1717 962 hortor,
1752 901 1818 951 ut

163 968 458 1026 charitatis
488 970 767 1028 virtutem
820 979 954 1031 ante
1010 979 1208 1035 omnia
1264 980 1478 1037 habere
1537 984 1813 1040 studeas:

164 1057 294 1130 quia
326 1057 487 1114 aicut
514 1061 685 1132 panis
717 1063 997 1120 omnibus
1027 1066 1175 1123 cibis
1206 1069 1413 1125 melior
1441 1075 1549 1139 est,
1575 1072 1657 1128 ita
1677 1073 1813 1129 cha-

162 1146 300 1203 ritas
320 1162 529 1204 omnes
560 1150 857 1207 antecellit
882 1153 1148 1223 virtutes,
1182 1161 1239 1211 et
1287 1158 1440 1214 sicut
1496 1160 1624 1216 sine
1666 1179 1815 1234 pane

164 1251 362 1292 mensa
383 1236 643 1293 efﬁcitur
662 1239 854 1312 inops,
881 1242 961 1298 ita
993 1243 1118 1299 sine
1141 1245 1424 1303 charitate
1446 1248 1610 1304 nulla
1638 1252 1813 1320 proﬁ-

162 1323 235 1380 cit
260 1325 468 1382 virtus.
503 1326 639 1383 Sine
687 1327 972 1388 charitate
1028 1349 1163 1389 vera
1211 1352 1318 1391 nec
1374 1337 1663 1411 lacrymae,
1709 1358 1813 1398 nec

159 1413 387 1486 vigilite,
408 1431 517 1471 nec
547 1417 802 1486 auditas,
832 1436 939 1475 nec
986 1422 1247 1491 castitas,
1279 1440 1384 1481 nec
1408 1426 1808 1501 eleemosynaz,

157 1519 259 1559 nec
316 1505 665 1576 martyrium
712 1507 1010 1566 hominem
1060 1519 1310 1583 possunt
1357 1514 1600 1573 salvare.
1657 1520 1812 1575 Hanc

156 1592 405 1649 Dominu
467 1610 533 1649 ac
588 1595 942 1670 Redemptor
998 1606 1197 1657 noster
1252 1604 1586 1676 specialiter
1643 1608 1811 1664 nobis

157 1682 527 1737 commendat
550 1702 568 1737 :
594 1685 720 1753 Hoc,
754 1685 966 1759 inquit,
998 1692 1197 1747 mando
1248 1695 1418 1763 vobis,
1452 1703 1512 1750 ut
1555 1695 1811 1769 diligatis

151 1772 388 1833 mvicem
434 1772 658 1848 (Joann.
689 1795 779 1845 xv,
814 1778 925 1847 47).
959 1780 1028 1836 Et
1055 1780 1268 1837 iterum
1296 1800 1309 1839 :
1340 1788 1411 1839 In
1440 1784 1537 1840 hoc
1589 1802 1812 1857 cognos-

154 1868 289 1936 cent,
322 1866 456 1937 quia
481 1882 593 1922 mei
620 1869 750 1923 estis
778 1868 1060 1941 discipuli,
1093 1873 1145 1926 si
1171 1872 1519 1929 dilectionem
1551 1875 1807 1932 habueri-

156 1956 224 2009 tis
250 1954 321 2010 ad
347 1956 576 2011 invicem
608 1957 787 2027 (Joan.
817 1975 941 2026 xm,
960 1959 1070 2031 35).
1104 1960 1264 2017 Hanc
1296 1963 1596 2034 apostolus
1625 1965 1803 2021 Joan-

156 2060 252 2100 nes
277 2043 533 2101 laudans
562 2045 742 2102 dicit:
794 2048 901 2116 Qui
925 2060 1111 2106 manet
1160 2053 1221 2106 in
1268 2053 1561 2123 charitate,
1606 2057 1666 2109 in
1696 2057 1805 2110 Deo

156 2142 355 2203 manet,
386 2143 439 2191 et
466 2135 607 2191 Deus
636 2138 697 2191 in
727 2153 787 2192 eo
811 2138 862 2209 (ι
896 2142 1061 2195 Joan.
1095 2157 1173 2211 1v,
1222 2142 1333 2211 15).
1395 2143 1554 2198 Hanc
1584 2145 1805 2216 praedi-

155 2227 307 2280 cator
357 2224 631 2297 egregius
684 2227 913 2283 cunctis
939 2228 1254 2286 virtutibus
1286 2234 1601 2303 praeferens
1626 2235 1799 2289 dicit:

148 2315 211 2369 Si
253 2314 592 2371 distribuere
642 2319 703 2371 in
751 2317 898 2373 cibos
940 2333 1260 2390 pauperum
1303 2337 1488 2378 omnes
1515 2324 1805 2394 facultates

148 2418 309 2471 meas,
359 2406 415 2459 et
459 2406 515 2459 si
561 2404 837 2462 tradidero
883 2422 1078 2479 corpus
1123 2425 1324 2478 meum,
1358 2413 1437 2467 ita
1466 2420 1526 2467 ut
1553 2413 1800 2482 urticam,

146 2494 473 2549 charitatcm
516 2498 707 2549 autem
752 2511 862 2552 non
911 2496 1171 2565 habuero,
1215 2501 1363 2556 nihil
1418 2501 1562 2557 mihi
1586 2503 1804 2574 prodest

146 2583 192 2654 (Ι
209 2582 329 2639 Cor.
355 2600 483 2650 x111,
512 2584 591 2654 3).
628 2583 844 2640 Deinde
892 2587 1239 2661 subjungit:
1293 2591 1544 2647 Charitas
1588 2597 1804 2664 patiens

146 2676 241 2739 est,
268 2673 512 2743 benigna
531 2678 608 2730 est
626 2673 815 2746 (Ibid.,
840 2676 893 2747 4)
916 2694 939 2740 ;
957 2678 1201 2747 patiens,
1217 2676 1521 2736 tolerando
1535 2683 1799 2749 adversa,

151 2763 405 2833 benigna,
440 2762 594 2818 bona
624 2764 977 2834 praestando.
1011 2767 1173 2831 Quod
1205 2768 1251 2822 si
1287 2767 1543 2825 Charitas
1574 2771 1801 2842 patiens

151 2855 234 2907 est
261 2856 444 2923 atque
473 2851 747 2924 benigna,
798 2854 970 2910 stude
1017 2855 1366 2912 ﬁdelissima
1413 2858 1565 2915 inter
1606 2862 1806 2918 omnia

150 2940 439 3011 patienter
486 2940 736 2999 tolerare
792 2944 1057 3013 adversa,
1102 2945 1348 3020 ipsaque
1404 2965 1531 3021 quae
1591 2949 1803 3007 toleras

148 3045 283 3087 cura
309 3030 579 3104 diligere.

567 3121 706 3177 CAP'
743 3122 809 3177 ΙΙ.
842 3153 911 3165 -
940 3124 1017 3180 De
1046 3124 1384 3183 humilitate.

214 3210 560 3268 Certissime
586 3227 720 3267 vero
753 3213 1021 3269 convenit
1070 3215 1304 3271 credere
1354 3218 1505 3287 quod
1551 3217 1803 3273 charitas

149 3316 451 3373 nunquam
487 3299 617 3357 sine
646 3301 979 3358 humilitate
1009 3307 1065 3358 et
1095 3304 1423 3361 obedientia
1471 3307 1531 3360 in
1564 3306 1801 3362 homine
1832 3288 1875 3355 Ο

146 3394 363 3463 regnat.
389 3390 452 3447 Si
476 3406 678 3446 veram
701 3389 978 3447 habueris
1001 3392 1366 3463 charitatem,
1392 3411 1523 3450 mox
1554 3395 1669 3451 eris
1700 3395 1802 3449 hu-

146 3478 297 3535 milis
319 3483 503 3552 atque
518 3479 819 3536 obediens.
844 3480 1159 3538 Humilitas
1183 3499 1438 3555 namque
1460 3483 1675 3539 eximia
1696 3483 1803 3537 vir-

143 3572 235 3623 tus
259 3573 386 3625 est:
415 3568 543 3624 htec
574 3569 645 3624 de
672 3570 923 3626 terrenis
952 3569 1291 3627 hominibus
1331 3573 1469 3627 facit
1500 3572 1760 3629 caelestes
1787 3597 1801 3640 ;

144 3673 244 3729 per
271 3657 425 3714 hanc
452 3657 730 3714 diabolus
770 3664 1105 3732 superatur,
1136 3678 1239 3732 per
1268 3661 1418 3717 hanc
1449 3663 1576 3732 ejus
1607 3661 1803 3733 laquei

140 3746 413 3804 vitantur.
447 3747 547 3803 Sic
578 3747 785 3805 beatus
814 3749 1102 3805 Antonius
1133 3749 1277 3805 dixit
1305 3751 1503 3806 abbati
1538 3751 1760 3807 Pastori
1789 3768 1802 3807 :

144 3836 271 3893 Vidi
301 3855 517 3895 omnes
545 3837 788 3910 laqueos
820 3838 1043 3894 inimici
1074 3842 1275 3896 tensos
1305 3841 1364 3894 in
1394 3839 1508 3911 via,
1543 3846 1601 3895 et
1642 3840 1803 3912 inge-

148 3926 398 3984 miscens
430 3927 595 3984 dixi:
628 3927 791 3995 Quis,
824 3932 1017 4000 putas,
1050 3928 1291 3985 transiet
1315 3930 1460 3985 istos
1518 3929 1809 4001 laqueos?

149 4015 212 4069 Et
238 4017 436 4073 audivi
489 4032 695 4073 vocem
745 4016 1078 4074 dicentem:
1138 4016 1473 4073 Humilitas.
1525 4017 1643 4072 Hoc
1672 4033 1807 4073 vero

147 4103 346 4163 beatus
377 4106 697 4175 Antonius,
732 4110 798 4162 ut
828 4111 991 4179 puto,
1024 4123 1141 4163 non
1172 4122 1276 4179 pro
1308 4123 1370 4162 se
1400 4110 1633 4162 tantum
1663 4105 1810 4162 vidit

147 4197 200 4249 et
229 4196 477 4269 audivit,
512 4196 617 4252 sed
651 4200 710 4252 et
738 4211 842 4269 pro
873 4196 1064 4265 nobis,
1100 4196 1198 4268 qui
1230 4201 1560 4268 peccatores
1582 4201 1640 4252 et
1663 4195 1808 4253 insi-

145 4284 368 4356 pientes
396 4302 637 4355 sumus,
656 4289 719 4341 et
741 4284 911 4359 longe
934 4286 1007 4342 ab
1038 4284 1201 4342 illius
1223 4286 1450 4342 meritis
1472 4285 1765 4342 distamus
1792 4303 1805 4340 :

144 4378 207 4430 ut
236 4391 343 4433 nos
365 4376 494 4433 haec
520 4376 804 4449 legentcs,
827 4380 885 4431 et
904 4391 1077 4449 opere
1090 4374 1702 4446 complentes,diaboli
1726 4375 1807 4431 la-

145 4480 320 4538 queos
351 4465 667 4540 possimus
716 4465 920 4537 vitare,
964 4465 1064 4538 qui
1109 4468 1346 4537 propter
1390 4464 1500 4520 hoc
1541 4463 1809 4536 inquirit,

145 4557 438 4625 quomodo
463 4571 579 4612 nos
601 4553 871 4627 decipiat.
899 4553 1087 4628 Igitur
1104 4571 1283 4626 quam
1300 4570 1517 4627 magna
1536 4553 1718 4610 virtus
1731 4554 1811 4610 sit

1929 649 2049 705 eos,
2075 650 2193 690 non
2224 636 2599 707 acquiescent
2627 636 2747 693 haec
2780 637 2966 695 facere
2996 646 3234 711 propter
3276 640 3582 698 humilita-

1928 726 2067 778 tem.
2101 723 2213 779 Sed
2245 724 2354 782 hoc
2385 725 2704 783 faciemus:
2738 729 2974 798 quando
3006 728 3247 784 veniunt
3277 729 3583 787 afferentes

1925 810 2152 869 venalia
2181 830 2309 885 quae
2332 820 2669 888 Operantur,
2701 816 2875 872 dicite
2904 834 3008 873 vos
3037 834 3229 874 emere
3249 818 3395 874 velle
3426 822 3580 891 quod

1924 903 2223 971 vendunt;
2257 910 2315 960 et
2345 921 2479 960 cum
2509 905 2776 961 venerint
2803 905 2862 960 in
2894 906 3159 975 domum,
3200 909 3451 980 pretium
3485 927 3583 965 ac-

1927 992 2175 1064 cepturi,
2201 993 2463 1050 dicemus
2494 994 2578 1049 eis
2610 998 2675 1049 ut
2706 993 2923 1050 faciant
2948 995 3269 1052 orationem
3294 1014 3395 1070 pro
3418 1014 3504 1069 ea,
3528 1004 3583 1055 et

1926 1081 2098 1137 credo
2130 1079 2286 1153 quod
2320 1084 2627 1139 sanabitur
2657 1083 2777 1139 ﬁlia
2834 1088 2954 1139 tna.
3017 1087 3304 1141 Exeuntes
3358 1104 3490 1143 vero
3522 1087 3583 1145 in

1926 1170 2181 1242 plateam
2213 1172 2560 1228 invenerunt
2590 1190 2773 1228 unum
2807 1173 3163 1229 monachum
3186 1175 3484 1231 sedentem
3517 1181 3584 1232 ut

1924 1261 2201 1317 venderet
2230 1262 2540 1333 sportellas
2573 1280 2731 1329 suas,
2765 1267 2823 1317 et
2852 1263 3115 1319 tulerunt
3136 1280 3269 1319 eum
3295 1281 3494 1320 secum
3520 1266 3578 1321 in

1922 1349 2167 1405 domum
2201 1368 2395 1417 suam,
2422 1344 2523 1423 qui
2547 1353 2799 1423 pretium
2823 1356 3156 1424 sportarum
3187 1353 3492 1425 acciperet.
3515 1357 3583 1409 Et

1924 1455 2057 1493 cum
2077 1437 2359 1496 intrasset
2382 1440 2708 1495 monachus
2731 1439 2827 1495 ille
2849 1441 2906 1495 in
2932 1442 3358 1510 domum,venit
3380 1442 3577 1514 puella

1922 1543 2050 1599 quae
2082 1545 2116 1582 a
2147 1529 2434 1584 daemonio
2464 1530 2799 1601 vexabatur,
2834 1534 2890 1585 et
2921 1530 3080 1585 dedit
3110 1530 3339 1602 alapam
3372 1548 3576 1588 mona-

1921 1615 2029 1671 cho
2050 1616 2155 1671 illi.
2180 1616 2280 1673 Ille
2312 1623 2506 1674 autem
2540 1619 2822 1674 convertit
2851 1619 2900 1674 ei
2952 1618 3125 1674 aliam
3157 1619 3452 1675 maxillam
3479 1637 3571 1676 se-

1921 1707 2181 1762 cundum
2205 1708 2465 1762 divinum
2501 1712 2878 1781 praeceptum.
2913 1709 3147 1763 Damon
3182 1714 3397 1776 autem,
3429 1726 3566 1765 cum

1919 1799 2292 1867 torqueretur
2321 1796 2574 1852 clamare
2603 1797 2815 1868 coepit:
2849 1798 2893 1852 Ο
2947 1797 3221 1852 violentia
3261 1800 3569 1854 mandato-

1921 1901 2053 1940 rum
2083 1885 2221 1941 Jesu
2245 1885 2459 1942 Christi
2484 1885 2718 1958 expellit
2748 1902 2841 1941 me
2872 1885 3046 1940 hinc!
3082 1890 3147 1940 Et
3176 1886 3376 1941 statim
3402 1903 3569 1942 mun-

1917 1975 2053 2029 data
2074 1979 2165 2030 est
2186 1974 2401 2047 puella.
2431 1975 2576 2031 Cum
2606 1979 2800 2031 autem
2821 1975 3120 2030 venissent
3139 1992 3329 2042 senes,
3354 1975 3570 2031 indica-

1914 2068 2124 2119 verunt
2153 2064 2237 2119 cis
2269 2065 2421 2136 quod
2473 2063 2693 2119 factum
2744 2063 2948 2132 fuerat,
3007 2068 3063 2118 et
3090 2062 3566 2134 gloriﬁcaverunt

1915 2150 2099 2206 Deum
2133 2155 2190 2206 et
2218 2151 2507 2215 dixerunt,
2547 2151 2910 2206 consuetudo
2955 2150 3250 2206 diabolicae
3284 2151 3567 2222 superbiae

1915 2239 1987 2294 ad
2020 2238 2411 2295 humilitatem
2448 2240 2857 2294 mandatorum
2884 2239 3022 2294 Jesu
3048 2239 3255 2295 Christi
3276 2256 3566 2296 corruere.

1914 2327 2363 2384 Consideremus
2396 2332 2452 2384 et
2476 2344 2606 2395 nos,
2640 2345 2672 2382 ο
2704 2327 3080 2383 sanctissima
3112 2327 3569 2395 mater,humili~

1912 2421 2095 2472 tatem
2117 2417 2297 2487 hujus
2317 2416 2641 2473 felicissimi
2662 2416 3019 2483 monachi,et
3043 2418 3099 2469 in
3129 2420 3415 2488 quantum
3440 2434 3571 2488 pos-

1914 2522 2144 2574 sumus,
2173 2505 2389 2561 imitari
2406 2522 2702 2561 curemus.
2730 2505 2783 2560 Si
2804 2505 2987 2577 igitur
3002 2504 3309 2561 humilitas
3326 2504 3567 2561 alterius

1913 2593 2270 2650 daemonium
2302 2593 2545 2666 expulit,
2579 2594 2704 2649 sine
2735 2593 2914 2649 dubio
2943 2593 3190 2649 ﬁrmiter
3218 2595 3452 2649 credere
3479 2595 3574 2648 de-

1914 2684 2123 2741 bemus
2154 2684 2309 2755 quod
2338 2689 2538 2739 nostra
2556 2682 2863 2738 humilitas
2885 2682 3185 2738 diabolum
3209 2683 3267 2737 in
3292 2683 3569 2738 cordibus

1914 2772 2131 2828 nostris
2153 2790 2396 2846 regnare
2425 2790 2541 2829 non
2573 2773 2744 2829 sinet.
2765 2773 2929 2827 Tunc
2951 2790 3082 2827 vero
3106 2788 3300 2827 veram
3333 2771 3571 2827 humili-

1913 2865 2091 2917 tatem
2113 2862 2402 2917 habemus
2421 2862 2469 2917 si
2491 2861 2768 2917 omnibus
2783 2877 2888 2916 nos
2902 2864 3318 2932 putamusesse
3334 2860 3572 2915 inferio-

1914 2967 2029 3020 res,
2061 2956 2118 3006 et
2147 2952 2422 3007 omnibus
2453 2951 2886 3007 venerationem
2918 2949 3257 3015 deferimus,
3290 2953 3347 3003 et
3374 2950 3571 3005 omnia

1915 3057 2042 3112 quae
2066 3041 2236 3096 nobis
2259 3039 2356 3096 alii
2384 3040 2607 3095 faciunt
2630 3039 2890 3108 adversa,
2926 3036 3227 3091 humiliter
3247 3036 3567 3093 toleramus

1914 3133 2153 3201 propter
2181 3144 2443 3184 amorem
2476 3126 2597 3183 Dei.
2632 3127 2712 3182 De
2762 3126 2870 3180 hac
2922 3124 3135 3181 virtute
3194 3125 3477 3181 Dominus
3507 3125 3567 3181 in

1918 3216 2225 3289 Evangelio
2258 3217 2400 3272 dicit
2425 3233 2437 3271 :
2489 3217 2677 3271 Omnis
2707 3216 2804 3285 qui
2829 3230 2886 3268 se
2915 3214 3123 3270 exultat
3154 3214 3564 3283 humiliabitur,

1912 3316 1964 3364 et
2013 3309 2111 3378 qui
2162 3323 2218 3361 se
2266 3306 2533 3361 Itumitiat
2579 3303 2920 3359 ercallabitur
2976 3303 3129 3374 (Luc.
3178 3321 3291 3359 xxv.
3346 3305 3453 3371 11).
3488 3304 3567 3358 Ex

1910 3397 2024 3452 isto
2055 3394 2338 3451 versiculo
2364 3394 2538 3449 etiam
2572 3393 2796 3448 discere
2827 3393 3108 3447 debemus
3167 3393 3321 3463 quod
3362 3409 3566 3463 supcr-

1912 3486 2009 3541 bia
2038 3484 2327 3540 contraria
2357 3484 2434 3539 sit
2461 3482 2807 3537 humilitati.
2841 3482 3010 3552 Ergo,
3047 3482 3094 3536 si
3126 3497 3257 3537 vere
3313 3480 3568 3537 humiles

1911 3591 2041 3631 esse
2070 3573 2368 3638 volumus,
2400 3571 2736 3644 superbiam
2771 3570 3087 3641 fugiamus,
3122 3570 3261 3640 quia
3291 3569 3568 3639 superbia

1915 3664 2209 3735 dejicitur,
2270 3661 2575 3717 humilitas
2628 3660 2904 3715 elevatur.
2963 3659 3045 3712 Ad
3106 3658 3252 3713 hanc
3295 3658 3568 3713 virtutem

1915 3754 2186 3826 princeps
2210 3751 2608 3824 apostolorum
2640 3766 2747 3804 nos
2776 3749 2985 3803 invitat
3043 3747 3287 3802 dicendo
3314 3764 3327 3801 :
3366 3749 3571 3802 Humi—

1920 3842 2149 3899 liamini
2177 3841 2278 3896 sub
2304 3840 2513 3911 potenti
2540 3846 2721 3895 manu
2752 3839 2871 3904 Dei,
2904 3841 2961 3891 ut
2994 3854 3085 3891 vos
3114 3837 3318 3891 exultet
3350 3838 3407 3891 in
3438 3840 3573 3891 tem-

1912 3944 2049 4004 pore
2079 3930 2460 3987 tribulationis
2492 3929 2540 3998 (I
2569 3929 2713 3983 Pelr.
2746 3944 2799 3997 v,
2835 3926 2913 3997 6).
2960 3926 3089 3981 Haec
3120 3924 3413 3980 sententia
3450 3942 3575 3979 ma-

1917 4020 2301 4077 nifestissime
2326 4017 2495 4073 nobis
2518 4016 2779 4073 insinuat
2798 4014 2954 4085 quod
2982 4014 3031 4067 si
3057 4012 3149 4067 hic
3166 4013 3306 4067 dum
3324 4012 3577 4067 vivimus

1920 4129 2025 4168 nos
2050 4108 2362 4165 humiliare
2384 4103 2871 4171 curaverimUs,in
2895 4107 3157 4173 tempore
3178 4100 3575 4157 tribulationis

1916 4200 2002 4257 vel
2038 4196 2462 4265 retributionis,
2497 4195 2554 4249 id
2586 4197 2694 4259 est,
2727 4193 2787 4248 in
2819 4192 2911 4247 die
2933 4190 3141 4263 judicii
3185 4188 3434 4257 Domini,
3468 4207 3577 4245 nos

1918 4288 2105 4362 pietas
2127 4284 2405 4343 exaltabit
2425 4286 2484 4339 in
2507 4282 2728 4339 cmlesti
2752 4298 2951 4353 regno.
2975 4284 3007 4335 J
3013 4296 3105 4335 am
3136 4295 3270 4334 vero
3301 4277 3574 4349 superius

1918 4377 2038 4432 dixi
2069 4376 2223 4448 quod
2257 4374 2534 4445 Charitas,
2567 4370 2872 4426 humilitas
2902 4373 3076 4441 atque
3124 4365 3457 4422 obedientia
3500 4367 3572 4421 ab

1919 4465 2169 4521 invicem
2203 4462 2462 4535 separari
2495 4477 2610 4515 non
2642 4457 2891 4530 possint.

2329 4554 2460 4606 CAP.
2492 4549 2590 4604 IlI.
2623 4578 2691 4587 ——
2723 4548 2797 4601 De
2827 4545 3163 4601 obedientia.

145 4641 472 4714 humilitas,
495 4643 679 4701 Marci
702 4643 879 4700 etiam
902 4643 1174 4701 monachi
1196 4645 1313 4699 vita
1332 4643 1613 4735 insinuat,
1633 4659 1807 4715 quem
1841 4663 1888 4727 Β
1992 4644 2061 4698 Et
2089 4639 2228 4714 quia
2245 4639 2528 4735 hactenus
2550 4636 2622 4692 de
2642 4635 2928 4735 charitate
2940 4639 2998 4689 et
3011 4633 3343 4735 humilitate
3355 4632 3578 4735 dictum

149 4733 345 4791 dicunt
374 4735 563 4792 etiam
596 4734 659 4789 in
688 4735 991 4804 juventute
1019 4732 1188 4790 valde
1209 4732 1390 4788 fuisse
1411 4732 1810 4801 mansuetum,

150 4822 436 4882 humilem
472 4841 544 4880 ac
576 4824 928 4896 sapientem,
962 4827 1020 4879 et
1049 4840 1153 4895 pro
1185 4822 1479 4895 ejusmodi
1501 4822 1820 4878 virtutibus

150 4917 268 4971 tam
300 4915 521 4972 dicunt
544 4913 666 4970 Deo
695 4912 879 4970 fuisse
907 4911 1244 4982 amabilem,
1277 4915 1342 4967 ut
1361 4913 1502 4967 dum
1535 4911 1607 4966 ad
1632 4909 1824 4966 Domi-

152 5001 345 5061 nicum
378 5018 607 5078 corpus
628 5001 1199 5074 accederet,angelus
1217 5001 1268 5057 ei
1289 5004 1658 5058 sacramenta
1677 5017 1821 5072 prae-

149 5092 324 5151 beret.
358 5094 628 5151 Pensare
655 5108 789 5148 vero
810 5092 1095 5148 debemus
1116 5108 1185 5147 ex
1204 5090 1313 5147 hoc
1335 5089 1620 5146 miraculo
1643 5105 1820 5161 quam

150 5195 430 5257 magnum
456 5183 691 5239 donum
714 5180 792 5237 sit
810 5179 1252 5253 humilitas,per
1270 5179 1429 5252 quod
1454 5181 1574 5234 tam
1599 5178 1823 5234 amabi-

148 5270 219 5327 lis
246 5278 497 5346 tamque
530 5270 919 5344 acceptabilis
951 5270 1068 5326 Deo
1104 5269 1296 5326 adhuc
1346 5267 1523 5325 homo
1558 5266 1824 5324 mortalis

151 5361 459 5421 efﬁciatur.
487 5361 693 5417 Abbas
745 5359 922 5417 etiam
970 5359 1171 5417 Daniel
1232 5357 1586 5414 miraculum
1626 5362 1827 5413 narrat

149 5468 246 5524 per
265 5455 424 5526 quod
446 5450 649 5508 virtus
669 5449 1025 5506 humilitatis
1055 5447 1405 5505 declaratur.
1438 5446 1576 5503 Erat
1608 5451 1827 5513 autem,

154 5541 314 5611 ait,in
335 5541 676 5616 Babylonia
696 5538 817 5594 ﬁlia
841 5539 1150 5611 cujusdam
1175 5537 1296 5595 illic
1319 5536 1583 5610 primarii
1608 5537 1823 5592 daemo-

155 5635 313 5690 nium
343 5634 609 5690 habens.
634 5629 803 5685 Pater
832 5633 1029 5686 autem
1063 5630 1189 5701 ejus
1207 5627 1490 5701 diligebat
1511 5628 1826 5700 quemdam

156 5723 520 5785 monachum
554 5719 663 5794 qui
693 5718 843 5777 dixit
868 5718 959 5777 ei:
991 5719 1175 5776 Nemo
1205 5721 1394 5791 potest
1424 5733 1627 5774 curare
1646 5714 1828 5773 ﬁliam

1923 4736 2032 4801 est,
2066 4733 2247 4786 restat
2280 4733 2346 4783 ut
2367 4725 2611 4783 solerter
2640 4725 2908 4780 attendas
2930 4722 3122 4795 qualis
3144 4722 3221 4779 sit
3236 4721 3579 4777 obedientize

1928 4820 2135 4876 virtus.
2169 4819 2410 4890 Propter
2437 4813 2893 4871 inobedientiam
2918 4812 3143 4884 primus
3165 4810 3341 4866 homo
3362 4810 3584 4880 ejectus

1933 4914 2022 4967 est
2046 4911 2116 4965 de
2144 4906 2436 4981 paradiso.
2475 4906 2838 4976 Quapropter
2892 4902 2941 4958 si
2971 4900 3108 4956 illuc
3140 4900 3227 4957 vis
3251 4899 3584 4967 ascendere,

1933 4999 2214 5057 obediens
2234 5014 2362 5053 esse
2388 4997 2577 5052 stude.
2614 4993 2684 5049 Ut
2706 4997 2901 5048 autem
2930 5007 3107 5064 quam
3136 5005 3350 5061 magna
3371 4988 3446 5044 sit
3465 4987 3589 5043 haec

1933 5090 2120 5145 virtus
2151 5102 2458 5161 agnoscas,
2492 5081 2843 5139 miraculum
2875 5080 2980 5135 tibi
3003 5080 3077 5137 ad
3126 5078 3468 5135 memoriam
3500 5094 3590 5133 re-

1932 5179 2169 5235 vocabo.
2194 5177 2443 5242 Quidam
2478 5171 2775 5230 saacularis
2805 5169 2934 5224 vitae
2982 5168 3208 5224 habens
3256 5172 3375 5223 tres
3413 5166 3589 5236 ﬁlios,

1937 5266 2292 5325 renuntiavit
2313 5262 2526 5320 saeculo
2557 5265 2615 5317 et
2640 5259 2802 5315 venit
2833 5259 2905 5313 ad
2932 5256 3380 5323 monasterium,
3416 5254 3593 5311 relin-

1938 5374 2124 5430 quens
2149 5355 2300 5410 ﬁlios
2321 5354 2379 5408 in
2403 5352 2653 5416 civitate,
2678 5352 2735 5403 et
2759 5364 2893 5401 cum
2916 5346 3126 5401 fuisset
3145 5362 3248 5417 per
3267 5348 3384 5401 tres
3408 5361 3595 5400 annos

1938 5447 1996 5501 in
2022 5441 2707 5513 monasterio,cmperunt
2728 5435 3113 5508 cogitationes
3137 5452 3255 5491 suae
3282 5434 3432 5490 ﬁlios
3453 5434 3502 5488 ei
3523 5434 3595 5488 ad

1938 5534 2282 5591 memoriam
2318 5533 2650 5601 frequenter
2677 5527 2985 5595 adducere,
3019 5528 3076 5579 et
3132 5522 3596 5580 contristabatur

1938 5642 2041 5698 pro
2075 5624 2158 5678 cis
2186 5620 2375 5692 valde,
2408 5634 2595 5690 neque
2624 5622 2819 5671 tamen
2853 5615 3077 5670 dixerat
3106 5613 3302 5669 abbati
3350 5610 3502 5698 ﬁlios
3533 5626 3595 5698 se

1942 5696 2176 5773 habere.
2214 5711 2426 5770 Videns
2449 5712 2646 5766 autem
2667 5722 2805 5763 eum
2837 5704 3019 5762 abbas
3042 5702 3293 5773 tristem,
3324 5696 3549 5769 dixit_ei
3576 5712 3591 5752 :
