3916 6462
235 559 355 622 919

244 691 392 758 Quid
424 689 626 758 habes,
651 687 806 763 quod
839 686 1027 744 tristis
1051 703 1113 744 es
1130 685 1158 742 ?
1188 685 1258 742 Et
1279 683 1536 740 narravit
1553 683 1603 738 ei
1627 682 1767 754 quia
1781 687 1900 738 tres
1930 681 1982 748 Α

246 781 402 837 ﬁlios
430 780 674 836 haberet
705 779 765 834 in
797 778 1047 841 civitate,
1081 780 1136 831 et
1165 773 1336 830 vellet
1366 789 1465 828 eos
1510 773 1797 828 adducere
1826 771 1899 827 ad

247 871 375 943 ejus
407 868 850 924 monasterium.
885 866 1168 937 Praecepit
1196 868 1392 919 autem
1427 863 1609 918 abbas
1633 867 1696 917 ut
1723 862 1904 917 addu-

251 962 406 1016 ceret
437 975 555 1014 eos.
579 957 686 1023 Qui
717 973 851 1012 eum
884 953 1241 1028 pervenisset
1262 953 1334 1008 ad
1359 950 1904 1020 civitatem,invenit

250 1063 320 1105 ex
348 1047 422 1103 iis
452 1048 600 1102 duos
622 1047 750 1117 jam
783 1044 965 1099 fuisse
983 1044 1501 1110 defunctos,unum
1519 1058 1654 1097 vero
1675 1039 1901 1096 solum-

249 1136 422 1192 modo
453 1134 828 1190 remansisse.
861 1133 1044 1196 Quem
1076 1148 1386 1188 assumens
1417 1131 1583 1186 duxit
1604 1131 1675 1186 ad
1699 1147 1903 1184 mona-

254 1225 538 1289 sterium;
574 1226 630 1277 et
659 1221 964 1293 requirens
996 1221 1287 1291 abbatem,
1341 1237 1458 1275 non
1518 1237 1650 1275 eum
1685 1219 1904 1274 invenit

249 1311 388 1368 illic.
412 1309 798 1382 Interrogavit
826 1314 1023 1365 autem
1047 1301 1256 1364 fratres
1281 1308 1380 1364 ubi
1403 1313 1556 1364 esset
1584 1308 1765 1364 abbas
1785 1307 1812 1361 ?
1833 1308 1902 1362 Et

248 1400 332 1456 illi
364 1400 633 1454 dixerunt
654 1400 804 1472 quod
834 1400 905 1454 ad
930 1399 1246 1471 pistrinum
1271 1397 1750 1471 perrexisset.llle
1769 1414 1901 1453 vero

249 1488 461 1545 tollens
491 1487 680 1543 ﬁlium
711 1504 910 1558 suum,
945 1504 1120 1558 quem
1157 1487 1502 1556 adduxerat,
1536 1486 1679 1541 abiit
1710 1487 1778 1540 ad
1815 1486 1901 1557 pi-

250 1576 501 1633 strinum
532 1593 545 1632 :
578 1580 636 1632 et
663 1576 868 1632 videns
891 1593 1025 1632 eum
1049 1576 1232 1631 abbas
1256 1576 1582 1631 venientem
1606 1575 1898 1642 salutavit,

251 1669 307 1722 et
337 1669 540 1721 tenens
571 1664 854 1720 infantem
881 1681 1055 1735 quem
1079 1663 1794 1735 adduxerat,amplexatus
1815 1668 1903 1718 est

250 1771 384 1810 eum
416 1757 474 1809 et
501 1753 879 1809 osculabatur
903 1771 916 1808 :
948 1757 1004 1808 et
1033 1753 1179 1808 dixit
1211 1752 1360 1824 patri
1376 1754 1695 1824 ejus,amas
1717 1770 1850 1808 eum
1875 1751 1902 1806 τ

249 1845 320 1896 Et
349 1841 446 1898 ille
476 1841 813 1913 respondit:
848 1841 1061 1896 Etiam.
1094 1842 1163 1896 Et
1187 1859 1392 1896 rursus
1415 1841 1559 1896 dixit
1583 1841 1630 1896 ei
1658 1859 1670 1896 :
1696 1841 1762 1895 Ai
1786 1858 1904 1897 mo-

249 1931 324 1986 do
349 1949 362 1998 ;
397 1930 594 2003 diligis
624 1946 757 1986 eum
779 1929 807 1983 ?
837 1934 893 1984 et
923 1931 1259 2000 respondit:
1296 1929 1502 1986 Etiam.
1533 1931 1739 1985 Postea
1768 1947 1901 1986 vero

251 2019 399 2120 dixit
428 2019 642 2076 abbas:
677 2017 840 2120 Tolle
869 2034 1027 2120 ergo,
1062 2019 1109 2074 si
1142 2036 1306 2074 amas
1339 2024 1559 2089 eum,et
1580 2018 1743 2074 mitte
1766 2037 1898 2075 eum
1934 2055 1981 2120 B

247 2107 310 2164 in
342 2108 638 2163 fornacem
671 2107 863 2175 modo,
889 2107 1030 2162 dum
1054 2109 1235 2163 ardet.
1261 2109 1328 2162 Et
1357 2112 1562 2163 tenens
1584 2125 1718 2163 eum
1742 2113 1908 2180 pater

253 2213 397 2252 suus
419 2195 664 2267 jactavit
695 2213 830 2251 eum
862 2195 920 2250 in
981 2196 1275 2252 fornacem
1331 2198 1654 2254 ardentem.
1697 2198 1905 2254 Statim

253 2289 448 2342 autem
473 2284 660 2340 factus
690 2288 779 2340 est
808 2285 1011 2340 fornax
1038 2284 1196 2340 velut
1226 2303 1342 2341 ros.
1379 2287 1457 2341 Ex
1488 2303 1603 2358 qua
1633 2287 1906 2342 obedien-

252 2375 334 2431 tia
352 2373 660 2446 acquisivit
677 2372 946 2446 gloriam,
968 2375 1469 2446 quemadmodum
1487 2375 1781 2431 Abraham
1807 2393 1907 2447 pa-

252 2462 528 2518 triarcha.
563 2463 682 2518 Hoc
712 2479 847 2535 ergo
882 2463 1232 2519 miraculum
1265 2464 1466 2520 hortor
1510 2470 1574 2518 ut
1613 2464 1908 2520 memoriae

253 2552 456 2606 tradas
487 2555 542 2605 et
563 2555 628 2605 ut
645 2566 876 2621 semper
897 2552 1236 2607 obedientiie
1254 2552 1525 2607 virtutem
1553 2558 1685 2608 ante
1707 2553 1909 2608 oculos

255 2639 495 2707 habeas,
530 2638 667 2712 quia
691 2639 846 2694 sicut
875 2639 972 2695 illo
1003 2644 1267 2712 tempore
1292 2640 1450 2696 illius
1483 2641 1753 2695 monachi
1775 2643 1908 2696 obe-

258 2727 482 2784 dientia
512 2727 787 2782 exstinxit
817 2729 1013 2800 ignem
1045 2728 1318 2797 fornacis,
1354 2728 1436 2783 sic
1453 2732 1510 2784 et
1528 2729 1699 2784 modo
1723 2729 1770 2784 si
1794 2730 1913 2784 fue-

259 2815 342 2872 ris
373 2815 673 2886 obediens,
706 2816 836 2886 ipsa
864 2816 1053 2871 virtus
1084 2817 1142 2870 in
1177 2817 1348 2871 corde
1378 2820 1480 2871 tuo
1511 2816 1706 2889 ignem
1739 2817 1911 2872 vitio-

262 2921 393 2960 rum
425 2903 757 2975 exstinguet
784 2920 798 2970 ;
831 2906 886 2957 et
917 2902 967 2957 si
997 2903 1092 2958 hic
1115 2903 1269 2976 ignis
1293 2903 1563 2959 vitiorum
1587 2907 1910 2960 exstinctus

261 2992 437 3048 fuerit
468 2990 530 3046 in
568 2995 644 3060 te,
700 3006 1073 3063 nequaquam
1132 2996 1264 3062 post
1321 2996 1564 3048 mortem
1627 2993 1683 3046 in
1715 2993 1910 3065 ignem

258 3081 578 3136 descendes
608 3083 915 3146 mternum,
947 3081 1046 3135 sed
1081 3081 1150 3135 ad
1183 3079 1474 3136 cmlestem
1506 3081 1752 3153 gloriam
1784 3084 1910 3139 sine

255 3169 370 3224 fine
391 3172 746 3225 manentem.
782 3169 931 3240 Ergo
965 3185 1099 3224 ama
1128 3168 1544 3235 obedientiam,
1571 3169 1747 3242 dilige
1780 3172 1910 3226 obe-

253 3256 561 3326 dientiam,
592 3256 732 3328 quia
764 3273 979 3329 magna
1006 3257 1193 3311 virtus
1243 3261 1351 3312 est.
1412 3257 1485 3313 Ut
1517 3263 1713 3314 autem
1749 3258 1906 3315 illius

252 3345 721 3418 magnitudinem
756 3345 948 3400 adhuc
990 3345 1244 3401 lucidius
1303 3344 1617 3419 intelligas,
1654 3365 1902 3418 sequens

251 3433 604 3491 miraCulum
622 3435 954 3506 frequenter
974 3434 1120 3506 lege.
1145 3434 1424 3490 Dicebant
1446 3418 1637 3492 autem
1669 3438 1899 3508 fratres,
1933 3418 1976 3485 Ο

252 3522 392 3594 quia
423 3521 679 3577 narravit
713 3522 950 3595 quidam
983 3527 1240 3595 patrum,
1274 3540 1336 3578 se
1367 3524 1584 3580 vidisse
1615 3530 1732 3582 tres
1755 3527 1906 3581 ordi-

252 3628 355 3666 nes
386 3610 445 3665 in
476 3610 637 3680 coelo,
674 3627 924 3682 quorum
959 3612 1187 3682 primus
1219 3616 1343 3667 erat
1392 3611 1696 3669 hominum
1739 3615 1908 3670 inﬁr-

251 3715 483 3755 morum
499 3703 556 3755 et
575 3699 797 3770 gratias
815 3701 1112 3772 agentium
1134 3700 1284 3768 Deo;
1311 3703 1603 3756 secundus
1627 3703 1766 3758 ordo
1785 3709 1910 3759 erat

250 3787 712 3860 hospitalitatem
748 3779 1418 3859 sectantium,instanter
1445 3790 1906 3847 ministrantium

251 3877 337 3932 eis
366 3902 380 3943 ;
411 3875 618 3931 tertius
650 3877 790 3930 ordo
821 3881 945 3930 erat
998 3893 1198 3931 eorum
1261 3877 1363 3949 qui
1413 3879 1483 3933 ad
1514 3879 1906 3936 obediendum

253 3963 662 4035 spiritualibus
695 3964 959 4036 patribus
990 3980 1052 4019 se
1084 3964 1407 4036 subjiciunt
1437 3972 1672 4039 propter
1698 3974 1905 4026 Deum.

253 4049 573 4107 Videbatur
589 4055 783 4106 autem
808 4053 947 4108 ordo
966 4053 1360 4110 obedientium
1380 4060 1646 4129 torquem
1668 4075 1906 4115 auream

253 4141 488 4207 habere,
521 4144 579 4196 et
609 4140 796 4196 multo
830 4141 1086 4213 amplius
1118 4159 1296 4214 quam
1330 4143 1426 4199 alii
1459 4145 1701 4218 gloriam
1736 4147 1909 4204 habe-

251 4229 367 4284 bat.
405 4229 520 4300 Ego
549 4232 743 4283 autem
776 4228 891 4283 dixi
925 4229 974 4282 ei
1035 4231 1136 4301 qui
1194 4231 1340 4286 mihi
1401 4235 1746 4290 ostendebat
1789 4235 1908 4291 haec

252 4316 490 4373 omnia:
524 4317 826 4380 Quomodo
858 4317 967 4373 iste
998 4318 1161 4383 ordo,
1187 4320 1286 4390 qui
1321 4320 1547 4390 primus
1597 4327 1685 4377 est
1719 4325 1910 4396 majo-

249 4423 371 4461 rem
406 4422 584 4478 quam
618 4405 716 4460 alii
747 4405 995 4477 gloriam
1033 4405 1253 4461 habet?
1296 4409 1366 4463 Et
1413 4408 1508 4465 ille
1548 4413 1910 4483 respondens

250 4494 397 4550 dixit
428 4494 593 4562 mihi,
628 4495 782 4566 quod
817 4494 874 4548 hi
936 4495 1034 4566 qui
1089 4495 1550 4568 hospitalitatem
1586 4505 1906 4572 sectantur,

255 4584 580 4638 secundum
612 4583 906 4654 propriam
939 4583 1299 4640 voluntatem
1334 4587 1591 4658 idipsum
1644 4591 1905 4646 faciunt:

255 4670 525 4726 similiter
553 4671 653 4742 qui
683 4671 742 4726 in
775 4687 970 4727 eremo
1003 4689 1064 4728 se
1095 4673 1363 4745 religant,
1397 4676 1636 4732 arbitrio
1692 4696 1796 4734 suo
1839 4681 1911 4736 de

1547 549 1650 633 AD
1662 545 1952 612 ALGERI
1997 547 2350 611 EPISCOPI

3544 547 3670 609 920

2120 686 2252 738 CAP.
2288 683 2379 738 IV.
2413 715 2481 723 —
2508 683 2581 739 De
2609 681 2950 738 continentia
2977 689 3032 736 et
3061 679 3182 753 ejus
3216 678 3557 736 diversitate.

2086 773 2197 828 Sed
2223 773 2350 842 jam
2381 776 2618 844 tempus
2649 775 2737 828 est
2768 777 2835 826 ut
2865 775 2997 842 post
3025 771 3202 825 trium
3251 769 3538 824 virtutum
3573 770 3675 826 do-

2011 861 2264 916 ctrinam
2295 860 2607 933 vigilanter
2636 861 2925 926 attendas,
2951 863 3172 930 quanta
3190 859 3265 915 sit
3280 859 3466 915 virtus
3489 859 3676 914 conti-

2012 951 2263 1021 mentiae,
2295 953 2352 1005 et
2381 950 2535 1020 quod
2569 949 2926 1004 continentia
2955 965 3069 1004 non
3103 948 3294 1017 solum
3341 948 3402 1003 in
3451 949 3582 1003 cibo
3613 952 3676 1004 et

2012 1044 2176 1112 potu,
2201 1040 2298 1095 sed
2334 1039 2506 1094 etiam
2542 1038 2599 1093 in
2631 1038 2924 1094 locutione
2945 1043 3003 1092 et
3024 1037 3081 1091 in
3106 1053 3312 1092 somno
3342 1054 3410 1092 ac
3430 1039 3670 1094 vestitu.

2013 1134 2069 1184 et
2097 1127 2630 1183 innumerabilibus
2655 1127 2730 1183 sit
2752 1127 2968 1183 causis.
2995 1127 3299 1182 Admoneo
3331 1143 3468 1199 ergo
3487 1127 3672 1183 dilec-

2011 1218 2228 1274 tionem
2247 1221 2411 1272 tuam
2435 1221 2500 1272 ut
2523 1233 2639 1271 non
2665 1216 2944 1273 delicatos
2964 1216 3127 1272 cibos
3149 1232 3508 1286 quaerasmec
3531 1220 3672 1271 ante

2011 1308 2215 1363 horum
2240 1323 2559 1378 congruam
2585 1306 2887 1361 comedere
2909 1304 3070 1371 velis,
3096 1321 3201 1359 nec
3224 1305 3385 1360 dicas
3412 1304 3470 1358 in
3493 1305 3673 1361 corde

2011 1400 2148 1452 tuo:
2180 1401 2319 1451 Ecce
2349 1395 2496 1461 alia,
2530 1395 2613 1450 ita
2642 1395 2727 1450 vel
2761 1395 2842 1449 ita
2871 1393 3114 1449 faciunt.
3163 1394 3318 1449 Scito
3377 1410 3478 1464 pro
3511 1399 3671 1449 certo

2012 1487 2166 1557 quod
2199 1485 2635 1564 unusquisque,
2664 1500 2778 1556 quo
2810 1484 2870 1538 in
2903 1484 3010 1539 hac
3035 1484 3154 1539 vita
3185 1483 3319 1555 plus
3347 1485 3405 1538 in
3429 1484 3528 1539 Dei
3552 1501 3674 1539 ser-

2010 1575 2147 1630 vitio
2166 1573 2607 1639 laboraverit.,eo
2635 1575 2917 1644 majorem
2944 1577 3077 1644 post
3099 1578 3346 1628 mortem
3365 1590 3399 1627 a
3421 1573 3673 1628 Domino

2014 1664 2339 1719 mercedem
2374 1663 2635 1734 recipiet.
2671 1662 2752 1718 Ne
2783 1662 2962 1733 igitur
3010 1666 3129 1717 tam
3182 1662 3377 1735 gravis
3405 1662 3677 1717 videatur

2011 1751 2381 1808 continentiae
2413 1752 2622 1818 virtus,
2673 1750 3026 1805 miraculum
3064 1751 3158 1805 hic
3189 1751 3465 1820 inseram,
3513 1752 3674 1822 quod

2012 1842 2071 1896 in
2104 1840 2419 1912 Tripartita
2444 1839 2686 1895 historia
2712 1840 2844 1912 legi.

2084 1930 2408 1986 Dorotheus
2439 1945 2649 2001 genere
2680 1929 2964 1984 Thebaeus
2995 1928 3171 1983 talem
3228 1928 3408 1984 vitam
3455 1930 3673 1986 ducere

2012 2021 2257 2088 curavit,
2290 2025 2354 2074 ut
2385 2018 2644 2090 quotidie
2674 2017 2898 2090 lapides
2955 2035 2988 2072 a
3045 2018 3193 2072 mari
3252 2018 3569 2090 colligeret,
3614 2025 3677 2076 et

2019 2108 2188 2165 annis
2220 2107 2470 2181 singulis
2501 2106 2822 2178 hospitium
2845 2106 3240 2175 adiﬁcaret,et
3260 2107 3388 2178 ipsa
3409 2107 3675 2180 hospitia

2019 2199 2196 2254 dabat
2225 2197 2343 2253 illis
2374 2197 2472 2268 qui
2535 2212 2647 2251 non
2703 2195 2998 2251 habebant
3057 2195 3348 2267 hospitia;
3399 2197 3678 2252 noctibus

2019 2292 2215 2343 autem
2249 2289 2484 2358 propter
2538 2302 2740 2339 eorum
2799 2283 2996 2340 cibum
3056 2284 3300 2339 faciebat
3337 2285 3675 2355 sportellas.

2019 2376 2121 2431 Cui
2155 2375 2322 2432 cibus
2353 2379 2477 2430 erat
2509 2375 2677 2446 panis
2709 2373 2890 2428 uncia:
2927 2389 3046 2443 sex,
3081 2377 3138 2428 et
3168 2373 3390 2428 olerum
3424 2374 3676 2429 minuto-

2020 2484 2152 2521 rum
2184 2463 2498 2520 fasciculus
2531 2480 2707 2529 unus,
2759 2467 2816 2518 et
2845 2463 2914 2518 ad
2978 2462 3297 2517 bibendum
3360 2480 3532 2534 aqua.
3581 2464 3680 2519 Sic

2021 2557 2385 2625 ajuventute
2418 2570 2526 2609 sua
2557 2553 2780 2618 vivens,
2832 2569 2935 2608 nec
2985 2552 3042 2605 in
3103 2556 3400 2607 senectute
3443 2553 3676 2608 defecit.

2020 2643 2336 2714 Nunquam
2367 2642 2532 2696 visus
2561 2647 2652 2695 est
2683 2642 2740 2694 in
2774 2639 2984 2695 lectulo
3019 2645 3350 2712 soporatus,
3385 2640 3471 2695 vel
3503 2641 3683 2712 pedes

2020 2748 2122 2801 pro
2155 2731 2356 2802 requie
2386 2729 2723 2793 tetendisse,
2757 2734 2858 2784 aut
2915 2730 3169 2786 dormire
3229 2746 3331 2800 pro
3363 2730 3680 2797 voluntate,

2021 2835 2127 2874 nec
2141 2819 2377 2890 quando
2393 2817 2685 2888 operando
2702 2820 2912 2871 natura
2923 2833 3292 2888 compressos
3306 2819 3507 2874 oculos
3527 2818 3684 2874 clau-

2021 2909 2158 2964 dere
2217 2906 2524 2978 potuisset,
2585 2905 2666 2959 ita
2726 2919 2876 2976 saepe
2953 2906 3312 2960 comedendo
3373 2909 3676 2979 dormiret,

2021 2985 2188 3052 cibus
2221 3011 2288 3050 ex
2316 3011 2413 3049 ore
2443 2994 2572 3064 ejus
2602 2993 2916 3049 laberetur.
2951 2993 3283 3064 Aliquando
3316 3011 3444 3052 vero
3468 3013 3677 3054 somno

2019 3088 2291 3155 gravatus
2314 3083 2500 3150 valde,
2530 3099 2663 3137 cum
2695 3082 2753 3136 in
2800 3087 3053 3138 stercore
3105 3084 3430 3155 cecidisset,
3462 3086 3676 3142 obdor-

2019 3173 2204 3228 mivit.
2239 3171 2690 3244 Expergel‘actus
2720 3175 2917 3226 autem
2968 3176 3025 3226 et
3054 3173 3437 3229 contristatus
3465 3176 3574 3230 sub
3599 3175 3674 3230 si-

2017 3261 2196 3318 lentio
2247 3260 2430 3315 dixit:
2498 3260 2557 3315 Si
2617 3259 2861 3331 angelus
2936 3261 3189 3316 suaserit
3265 3261 3539 3333 dormire,
3619 3268 3678 3320 et

2019 3350 2162 3406 mihi
2195 3348 2442 3405 ulterius
2473 3366 2588 3404 non
2621 3348 2932 3404 suadebit:
2967 3351 3124 3421 quod
3167 3351 3310 3405 forte
3343 3351 3572 3406 dicebat
3601 3354 3675 3408 ad

2018 3457 2294 3496 somnum
2319 3443 2420 3494 aut
2442 3439 2511 3495 ad
2536 3439 2883 3506 daemonem,
2905 3440 3002 3510 qui
3028 3441 3323 3496 nitebatur
3344 3442 3528 3498 bonos
3549 3444 3679 3512 ejus

2019 3534 2182 3584 actus
2216 3528 2520 3600 impedire.
2556 3528 2703 3583 lluic
2727 3527 3029 3584 laborandi
3063 3529 3310 3601 quidam
3350 3530 3532 3586 dixit:
3563 3532 3682 3588 Cur

2017 3619 2099 3674 ita
2131 3618 2371 3690 perimis
2403 3634 2615 3690 corpus
2647 3621 2814 3672 tuum
2835 3618 2862 3672 ?
2892 3617 2995 3672 Cui
3021 3617 3118 3672 ille
3143 3636 3155 3672 :
3180 3619 3325 3684 Quia
3343 3620 3678 3692 me,inquit,

2016 3705 2162 3762 illud
2196 3707 2426 3762 occidit.
2463 3707 2650 3776 Hujus
2683 3723 2817 3761 vero
2842 3705 3198 3761 sanctissimi
3232 3708 3502 3762 monachi
3537 3725 3674 3764 con-

2019 3795 2329 3850 tinentiam
2354 3795 2458 3849 tibi
2492 3794 2723 3866 scripsi,
2758 3811 2830 3850 ne
2861 3795 2989 3866 ipsa
3019 3794 3125 3849 tibi
3157 3795 3342 3850 virtus
3371 3796 3564 3867 gravis
3593 3798 3678 3851 vi-

2018 3884 2270 3949 deretur,
2305 3887 2371 3937 ut
2401 3899 2783 3954 cognosceres
2813 3887 3098 3954 quantum
3159 3885 3232 3939 ab
3292 3886 3550 3956 antiquis
3587 3887 3675 3942 vel

2018 3972 2317 4026 modernis
2358 3971 2711 4042 quibusdam
2765 3972 3035 4027 Patribus
3093 3973 3404 4029 distemus.
3439 3976 3678 4030 Audivit

2018 4060 2174 4116 enim
2209 4077 2364 4115 nunc
2397 4061 2697 4116 beatitudo
2750 4064 2871 4129 tua,
2923 4061 3078 4132 quod
3141 4063 3467 4119 Dorotheus
3513 4064 3674 4119 omni

2018 4166 2170 4204 anno
2202 4150 2527 4204 azdiﬁcabat
2558 4148 2795 4218 cellum,
2826 4155 2883 4205 et
2932 4149 3062 4205 aliis
3116 4151 3372 4207 donabat
3401 4171 3412 4221 ;
3455 4153 3671 4208 audisti

2018 4237 2217 4305 etiam,
2250 4239 2403 4309 quod
2437 4238 2494 4292 in
2526 4237 2674 4293 lecto
2733 4255 2848 4293 non
2902 4239 3163 4309 jaccbat,
3221 4245 3278 4295 et
3331 4242 3404 4295 de
3444 4258 3591 4312 pane
3621 4247 3680 4296 et

2020 4343 2172 4398 aqua
2204 4331 2260 4381 et
2292 4326 2490 4381 herbis
2519 4327 2748 4382 vivebat
2780 4345 2792 4393 ;
2836 4343 2950 4382 non
2986 4328 3114 4382 ideo
3166 4327 3276 4384 hoc
3321 4329 3470 4398 dico,
3523 4334 3586 4384 ut
3615 4337 3679 4385 tu

2017 4419 2248 4470 tantum
2282 4415 2485 4482 facias,
2519 4416 2618 4470 sed
2655 4421 2718 4471 ut
2749 4421 2804 4471 te
2835 4416 3133 4483 humilies,
3186 4417 3484 4490 simulque
3525 4419 3679 4475 scias

2019 4521 2196 4575 quam
2231 4520 2505 4576 magnam
2567 4505 2918 4560 abstinentia
2973 4506 3170 4562 Patres
3230 4507 3412 4563 nostri
3459 4507 3679 4564 habue-

2020 4593 2161 4659 rint,
2197 4597 2252 4647 et
2284 4609 2658 4664 nequaquam
2694 4594 2855 4650 cibos
2878 4594 3160 4650 delicatos
3179 4613 3680 4668 quaeras,praaser-

2018 4683 2123 4736 tim
2153 4699 2286 4735 cum
2320 4681 2380 4736 in
2412 4683 2649 4753 praefato
2681 4683 2829 4739 libro
2857 4685 2928 4739 de
2959 4684 3155 4756 Moyse
3204 4685 3487 4740 monacho
3529 4687 3675 4741 scri-

257 4757 467 4854 saaculo
500 4765 904 4854 recesserunt;
939 4760 1033 4854 hic
1066 4766 1260 4816 autem
1295 4763 1394 4833 qui
1430 4781 1491 4820 se
1535 4766 1604 4820 ad
1639 4767 1908 4823 ohedien-
1946 4790 1987 4854 υ
2020 4777 2186 4841 ptum
2219 4770 2313 4835 sit,
2348 4772 2503 4840 quod
2535 4789 2636 4843 per
2666 4772 2883 4827 multos
2916 4789 3102 4828 annos
3159 4790 3369 4845 panem
3411 4778 3675 4830 tantum-

256 4849 400 4903 tiam
434 4849 613 4920 dedit,
636 4865 841 4905 omnes
863 4849 1193 4906 voluntates
1216 4868 1354 4907 suas
1377 4854 1677 4923 abjiciens,
1699 4859 1914 4928 pendet
1946 4849 1977 4854 ”
2023 4857 2195 4912 modo
2227 4859 2565 4931 comederit,
2599 4866 2655 4914 et
2681 4861 2932 4916 multum
2956 4879 3103 4933 opus
3125 4862 3448 4932 fecerit,sex
3479 4868 3676 4920 autem

255 4937 325 4991 ad
353 4941 532 4992 Deum
552 4941 607 4992 et
624 4938 1037 5009 adjussionem
1059 4939 1387 5011 spiritualis
1407 4944 1590 5013 patris
1616 4962 1628 5013 ;
1655 4950 1911 5018 propter-

253 5043 322 5081 ea
347 5027 627 5097 majorem
657 5025 904 5099 gloriam
953 5027 1144 5084 habet.
1197 5032 1578 5102 Quapropter,
1637 5049 1668 5087 0
1703 5039 1908 5103 mater,

253 5115 407 5170 bona
436 5120 526 5170 est
553 5115 882 5171 Obedientia
913 5132 1039 5187 quze
1070 5122 1306 5188 propter
1337 5119 1519 5174 Deum
1553 5121 1635 5174 ﬁt.
1672 5123 1910 5180 Intende

254 5217 413 5274 ergo,
449 5207 652 5268 mater,
685 5203 917 5260 virtutis
944 5205 1125 5275 hujus
1159 5205 1392 5278 aliquod
1426 5224 1492 5261 ex
1540 5215 1700 5279 parte
1731 5215 1908 5267 vesti-

253 5291 436 5362 gium.
471 5291 814 5348 Obedientia
847 5293 1009 5349 salus
1040 5299 1129 5349 est
1159 5296 1427 5349 omnium
1463 5297 1748 5363 fidelium,
1773 5302 1906 5357 obe-

254 5377 470 5432 dientia
501 5379 751 5450 genitrix
783 5385 871 5436 est
920 5384 1187 5437 omnium
1234 5383 1538 5450 virtutum,
1581 5389 1910 5444 ohedicntia

254 5464 415 5537 regni
441 5467 716 5522 caelorum
742 5469 1028 5526 inventrix
1056 5476 1164 5537 est,
1191 5472 1539 5544 Obedientia,
1578 5476 1752 5532 caelos
1774 5495 1907 5547 ape-

253 5553 434 5616 riens,
464 5554 761 5611 hominem
794 5557 978 5613 elevat
1011 5561 1080 5614 de
1112 5564 1284 5626 terra,
1320 5562 1648 5619 Obedientia
1673 5566 1905 5620 cohabi-

255 5641 426 5696 tatrix
446 5653 527 5693 est
558 5644 1257 5712 angelorum,obedientia
1280 5656 1616 5707 sanctorum
1641 5655 1904 5710 omnium

257 5729 422 5783 cibus
445 5737 524 5784 est
556 5749 566 5795 ς
602 5749 665 5784 ex
699 5732 807 5787 hac
838 5735 993 5789 enim
1027 5737 1209 5790 abluti
1242 5742 1401 5806 sunt,
1436 5747 1491 5793 et
1525 5759 1624 5811 per
1654 5743 1802 5797 hanc
1835 5746 1904 5798 ad

261 5818 671 5889 perfectionem
704 5829 1003 5879 venerunt.

2021 4946 2189 5002 annis
2214 4963 2316 5018 per
2345 4952 2526 5004 totam
2565 4956 2791 5005 noctem
2819 4955 2983 5006 stans
3007 4951 3405 5024 oravit,neque
3427 4953 3677 5026 genibus

2019 5034 2341 5104 inclinatis,
2377 5054 2563 5108 neque
2594 5039 2779 5092 oculis
2814 5040 2870 5092 in
2903 5056 3172 5094 somnum
3209 5045 3411 5112 sponte
3434 5040 3674 5099 clausis.

2020 5125 2266 5197 lnSUpor
2296 5125 2470 5180 etiam
2508 5131 2913 5197 pernoctanter
2944 5127 3233 5183 invisebat
3266 5129 3505 5184 cellulas
3552 5149 3677 5188 mo-

2019 5213 2365 5279 nachorum,
2399 5221 2456 5268 et
2491 5213 2726 5284 lagenas
2757 5213 3125 5284 singulorum
3150 5233 3302 5286 aqua
3323 5217 3676 5288 complebat,

2019 5318 2152 5356 cum
2187 5301 2356 5372 longe
2388 5306 2489 5356 aut
2521 5303 2744 5366 decem,
2777 5309 2880 5356 aut
2910 5302 3112 5374 viginti
3146 5308 3247 5358 aut
3289 5303 3526 5376 triginta
3557 5312 3675 5364 sta-

2020 5390 2132 5444 diis
2163 5407 2316 5460 aqua
2347 5394 2609 5445 manaret
2643 5408 2655 5458 ;
2692 5391 2790 5460 qui
2823 5390 2958 5446 licet
3016 5392 3095 5446 ita
3147 5392 3410 5448 domaret
3440 5411 3674 5468 corpus,

2020 5479 2271 5550 priorem
2305 5483 2501 5534 tamen
2536 5477 2929 5534 valetudinem
2961 5496 3073 5534 non
3103 5481 3324 5536 amisit.
3348 5486 3479 5538 Haec
3503 5487 3677 5542 mira-

2018 5568 2149 5622 cula
2179 5568 2415 5622 assidue
2446 5568 2591 5640 lege,
2625 5567 3000 5624 sanctissima
3029 5575 3233 5638 mater,
3293 5575 3350 5625 et
3407 5589 3509 5643 per
3552 5573 3675 5630 hmc

2017 5673 2148 5710 cum
2189 5657 2280 5710 Dei
2317 5657 2606 5727 adjutorio
2637 5657 2692 5711 in
2743 5657 3094 5712 abstinentia
3151 5661 3428 5730 proficere
3474 5664 3663 5720 stude.

2016 5745 2139 5798 Non
2173 5745 2360 5799 simus
2385 5747 2568 5816 parati
2597 5747 2666 5799 ad
2688 5745 2884 5799 omnia
2906 5746 3140 5817 quidem
3162 5750 3662 5821 concupiscenda:

2017 5833 2342 5889 recolamus
2365 5834 2789 5891 continentiam
2813 5834 2966 5892 beati
2987 5837 3235 5894 Zenonis
3269 5838 3518 5895 abbatis.
3549 5841 3662 5896 Ab-
