3916 6462
243 486 356 550 921

1135 490 1578 554 ADMONlTlO
1623 489 1725 552 AD
1773 489 2291 555 NONSUINDAM
2337 494 2780 560 RECLUSAM.

3558 499 3676 560 922

245 622 351 679 bas
371 623 564 678 Zenon
595 620 910 679 ambulans
933 622 1250 695 aliquando
1282 625 1339 681 in
1368 627 1754 692 Palaestinam,
1780 643 1914 682 cum
1943 627 2000 693 Α
2031 627 2232 699 quisti,
2267 634 2323 684 et
2355 647 2457 702 per
2485 630 2722 687 illorum
2755 647 2956 687 curam
2986 634 3090 687 tua
3109 629 3312 699 oratio,
3335 629 3672 703 tumquela-

246 711 593 782 laborasset,
619 713 859 783 resedit,
890 717 953 768 ut
982 715 1551 786 manducaretjuxta
1571 733 1910 772 cucumera-

247 801 424 857 rium.
460 801 757 857 Suadebat
805 806 1001 857 autem
1045 803 1093 857 ei
1145 804 1380 859 animus
1430 823 1574 860 suus
1628 805 1908 860 dicendo:

251 890 414 948 Tolle
444 891 548 946 tibi
582 908 766 946 unum
804 908 1198 959 cucumercm,
1233 898 1289 948 et
1334 895 1644 950 manduca.
1680 895 1782 958 Qui
1818 895 1912 948 in-

253 997 500 1052 crepans
528 980 939 1052 cogitationem
974 999 1145 1036 suam
1196 984 1341 1038 dixit
1391 985 1503 1039 sibi
1546 984 1696 1055 ipsi:
1733 985 1912 1040 Fures

255 1070 324 1125 ad
359 1074 648 1125 tormenta
681 1070 934 1138 vadunt;
969 1071 1151 1142 proba
1199 1089 1336 1144 ergo
1386 1074 1640 1144 teipsum
1690 1073 1749 1128 in
1781 1074 1910 1139 hoc,

256 1159 306 1215 si
335 1163 502 1231 potes
531 1159 682 1214 ferre
710 1161 1110 1214 tormenta.Et
1141 1178 1504 1230 consurgens
1535 1163 1686 1218 sedit
1715 1165 1786 1218 ad
1822 1181 1912 1218 ar-

257 1249 454 1304 dorem
487 1248 628 1304 solis
660 1248 866 1303 diebus
914 1249 1174 1321 quinque
1221 1256 1277 1306 et
1325 1252 1510 1307 dixit:
1545 1253 1604 1308 Si
1644 1254 1912 1308 ardorem

256 1338 396 1394 solis
429 1355 543 1393 non
568 1354 810 1409 possum
843 1339 1107 1405 sufferre,
1141 1345 1338 1410 potero
1362 1340 1556 1412 ignem
1583 1346 1864 1397 aeternum
1887 1343 1914 1396 ἱ)

254 1428 321 1483 Et
352 1426 504 1481 dixit
537 1427 606 1480 ad
639 1426 899 1480 animum
936 1444 1144 1481 suum:
1198 1428 1254 1483 Si
1310 1446 1423 1484 non
1473 1436 1636 1502 potes
1686 1437 1916 1501 portare

251 1520 572 1584 tormenta,
629 1532 739 1569 non
792 1516 984 1587 rapias
1033 1533 1426 1586 cucumerem,
1478 1525 1533 1574 et
1576 1522 1914 1576 manduces.

250 1606 448 1660 Verba
479 1604 655 1675 igitur
684 1606 830 1659 tanti
861 1605 964 1659 viri
1019 1607 1390 1662 considerare
1439 1626 1544 1662 nos
1577 1611 1915 1677 admonent,

252 1698 541 1766 quantum
576 1694 649 1748 ab
679 1694 870 1766 ipsius
916 1697 1353 1750 conversatione
1403 1697 1571 1768 longe
1603 1700 1914 1754 distamus.

255 1787 617 1854 Quapropter
639 1785 1090 1854 perpendamus,
1115 1803 1218 1840 nos
1239 1792 1569 1856 peccatores
1585 1795 1638 1842 et
1654 1788 1918 1843 infirmos

256 1889 386 1928 esse
417 1872 475 1926 in
507 1873 945 1943 comparatione
993 1884 1330 1929 sanctorum
1388 1877 1668 1947 virorum,
1721 1883 1783 1932 ut
1813 1895 1920 1932 nos

259 1963 417 2033 ipsos
448 1977 515 2016 ex
548 1961 784 2016 illorum
818 1962 1044 2017 meritis
1095 1964 1506 2035 despicientes,
1559 1983 1661 2036 per
1689 1967 1918 2022 Domini

257 2051 414 2122 piam
448 2050 909 2106 misericordiam
934 2068 1137 2108 eorum
1162 2055 1521 2109 consortium
1546 2054 1758 2111 habere
1785 2074 1917 2128 pos-

264 2157 372 2196 8110
384 2157 472 2196 US.

514 2230 651 2285 CAP.
685 2230 753 2283 V.
786 2262 854 2270 —
885 2235 967 2286 De
995 2234 1337 2287 continentia
1366 2235 1670 2289 oculorum.

333 2319 496 2386 Quod
528 2323 726 2374 autem
761 2336 876 2374 non
928 2324 1156 2375 tantum
1207 2320 1266 2376 in
1316 2322 1464 2387 cibo,
1521 2323 1620 2378 sed
1655 2323 1829 2379 etiam
1863 2324 1920 2379 in

255 2406 388 2463 visu
434 2408 512 2462 sit
538 2407 921 2474 continentia,
945 2426 1196 2480 sequens
1242 2410 1592 2466 miraculum
1617 2414 1921 2484 apertein-

249 2497 473 2552 sinuat.
507 2496 641 2552 Pior
669 2501 892 2564 autem,
925 2514 1058 2552 cum
1091 2499 1162 2552 de
1204 2499 1377 2552 domo
1410 2500 1594 2571 patris
1627 2502 1696 2555 ad
1733 2501 1920 2573 philo~

248 2585 528 2658 sophiam
591 2587 1053 2642 conversationis
1111 2588 1315 2652 exiret,
1396 2589 1666 2660 promisit
1726 2591 1919 2645 denuo

245 2674 485 2730 nullum
517 2675 986 2747 propinquorum
1013 2676 1084 2730 de
1109 2680 1314 2732 caetero
1337 2677 1456 2732 fore
1476 2677 1760 2734 visurum.
1784 2679 1919 2735 Post

244 2764 687 2837 quinquaginta
715 2781 848 2820 vero
881 2783 1089 2835 annos,
1127 2767 1270 2820 dum
1303 2767 1432 2837 ejus
1469 2785 1634 2822 soror
1673 2786 1807 2823 eum
1837 2770 1917 2823 vi-

243 2871 381 2910 vere
405 2859 463 2910 et
485 2854 751 2910 habitare
772 2871 907 2909 eum
934 2853 993 2908 in
1021 2871 1216 2910 eremo
1244 2856 1632 2928 cognovisset,
1664 2875 1776 2912 non
1802 2875 1919 2914 ces-

243 2945 444 3010 sabat,
506 2945 690 2998 donec
750 2943 1084 3015 inspiceret.
1153 2945 1338 3008 Quam
1405 2947 1546 3000 dum
1607 2948 1918 3018 episcopus

242 3034 377 3104 ejus
409 3032 545 3100 loci,
569 3033 696 3103 jam
730 3033 1102 3105 grandavam
1136 3039 1447 3106 propterea
1466 3035 1687 3090 videret
1710 3037 1912 3108 afﬂigi,

241 3122 497 3194 scripsit
528 3121 881 3194 praesulibus
929 3123 1130 3190 eremi,
1185 3128 1253 3178 ut
1300 3123 1527 3179 Piorcm
1573 3124 1911 3196 dirigerent.

235 3217 313 3268 At
349 3211 476 3279 ille,
509 3212 792 3283 quoniam
827 3216 1200 3268 contemnere
1232 3213 1394 3269 nefas
1417 3215 1913 3284 est,jussionibus

234 3301 553 3358 seniorum
585 3299 865 3356 obediens
895 3304 952 3356 et
984 3318 1297 3357 assumens
1321 3303 1640 3374 quemdam
1664 3304 1820 3359 venit
1840 3307 1910 3359 ad

231 3391 525 3463 patriam.
560 3394 824 3461 Cumque
855 3394 989 3446 ante
1044 3391 1258 3446 domus
1311 3408 1431 3445 suae
1468 3391 1688 3461 januas
1721 3409 1910 3448 acccs-
1944 3375 1986 3441 C

230 3480 448 3546 sisset,
475 3483 533 3536 et
555 3495 732 3538 suum
762 3479 1098 3535 nuntiasset
1122 3479 1464 3546 adventum,
1504 3481 1770 3536 veniente
1791 3499 1917 3554 ger-

227 3587 422 3626 mana
459 3568 680 3624 clausis
733 3567 919 3623 oculis
977 3568 1160 3624 dixit:
1218 3569 1362 3623 Ecce
1421 3585 1524 3639 ego
1586 3587 1717 3624 sum
1763 3571 1917 3640 Pior,

225 3659 636 3731 quantumvis
669 3663 907 3730 aspectu
963 3659 1198 3714 satiare.
1253 3660 1418 3714 Tunc
1465 3659 1562 3714 illa
1592 3660 1921 3730 gratificata

222 3750 512 3806 laudavit
545 3753 750 3803 Deum.
783 3754 857 3802 At
896 3746 994 3802 ille
1043 3747 1305 3802 oratione
1356 3749 1507 3803 facta
1536 3750 1812 3804 remeavit
1844 3751 1916 3805 ad

226 3855 538 3908 eremum,
565 3837 664 3892 ubi
684 3836 910 3893 fodiens
933 3853 1149 3908 aquam
1183 3837 1400 3892 invenit
1424 3855 1708 3908 amaram,
1733 3855 1918 3909 eaque

225 3946 387 3985 usus
409 3933 509 3984 est
528 3943 716 3999 usque
734 3927 803 3982 ad
826 3925 1099 3981 ultimum
1117 3926 1244 3980 vitae
1261 3926 1435 3981 diem.
1460 3931 1596 3982 Post
1616 3928 1786 3998 cujus
1800 3928 1917 3983 obi-

224 4021 361 4073 tum
395 4016 610 4073 nullus
633 4015 750 4072 illic
775 4015 1039 4070 habitare
1063 4015 1388 4087 praevaluit.
1411 4016 1526 4087 Ego
1545 4020 1740 4070 autem
1764 4033 1913 4088 reor,

222 4108 375 4179 quia
392 4124 507 4180 per
521 4104 849 4162 orationem
866 4106 993 4176 ejus
1010 4105 1080 4160 ad
1099 4121 1237 4160 suos
1253 4121 1396 4160 usus
1414 4104 1645 4160 fecisset
1658 4105 1912 4174 dulcem,

219 4197 374 4252 dum
415 4196 606 4252 etiam
641 4193 782 4249 alibi
817 4211 930 4249 non
963 4197 1291 4249 exstantem
1343 4193 1604 4248 oratione
1635 4195 1917 4251 meruerit

216 4301 547 4342 emanare.
572 4283 722 4339 Nam
745 4300 882 4338 cum
906 4283 1135 4354 Moyses
1155 4287 1209 4338 et
1227 4283 1353 4353 ejus
1375 4282 1647 4338 monachi
1670 4289 1914 4355 puteum

223 4374 580 4448 aliquando
602 4373 888 4439 foderant,
914 4389 1020 4428 nec
1054 4388 1262 4427 venam
1287 4372 1546 4444 aliquam
1572 4373 1914 4444 reperirent,

211 4469 272 4520 et
304 4481 438 4521 non
497 4461 763 4533 amplius
805 4461 930 4531 jam
986 4461 1181 4516 fodere
1232 4460 1481 4516 altitudo
1535 4461 1916 4532 permitteret,

209 4555 427 4610 medio
454 4551 561 4608 die
583 4551 925 4622 supervenit
945 4550 1102 4616 Pior,
1131 4554 1187 4604 et
1211 4549 1473 4605 oratione
1504 4551 1653 4604 facta
1673 4552 1916 4606 descen-

207 4644 301 4700 dit
339 4644 405 4699 in
445 4644 712 4707 foveam,
746 4657 1002 4711 cumque
1035 4639 1207 4695 tertio
1258 4639 1649 4710 percussisset
1678 4645 1914 4706 terram,

2025 734 2232 789 cryma:
2269 736 2381 774 non
2417 721 2781 790 minuantur,
2833 738 2904 777 ne
2954 738 3086 776 cum
3133 737 3309 776 uxore
3343 720 3487 776 Loth
3519 725 3675 778 retro

2025 806 2385 878 respiciendo
2444 810 2502 864 in
2553 809 2694 866 salis
2745 812 3097 866 convertaris
3147 814 3424 866 statuam.
3469 810 3676 865 Recole

2025 913 2161 967 ergo
2185 897 2353 952 illum
2379 899 2670 971 Evangelii
2697 900 3074 968 versiculum,
3099 901 3252 971 quod
3277 916 3433 955 nemo
3453 903 3676 956 mittens

2025 1003 2252 1041 manum
2283 988 2354 1042 ad
2385 995 2638 1045 aratrum
2667 996 2718 1045 et
2747 992 3042 1063 respiciens
3063 999 3207 1046 retro
3227 998 3388 1061 aptus
3407 993 3478 1046 sit
3501 1007 3674 1060 regno

2024 1077 2125 1130 Dei
2155 1078 2305 1147 (Luc.
2341 1096 2418 1144 1x,
2449 1081 2560 1150 6'3).

2277 1168 2405 1224 CAP.
2439 1169 2531 1224 VI.
2566 1201 2632 1210 —
2663 1171 2736 1225 De
2758 1170 3096 1224 continentia
3118 1169 3425 1225 locutionis.

2102 1257 2307 1312 llortor
2335 1257 2532 1323 etiam,
2584 1264 2648 1314 ut
2678 1259 2735 1313 in
2788 1258 3077 1314 locutione
3125 1257 3207 1314 sis
3255 1258 3578 1324 continens,
3612 1263 3678 1314 ut

2029 1347 2264 1402 assidue
2315 1364 2447 1402 cum
2502 1349 2812 1403 Psalmista
2848 1350 3164 1403 decantes:
3217 1350 3349 1403 Dixi
3377 1347 3679 1403 custodiam

2029 1436 2144 1488 vias
2173 1452 2345 1505 meas,
2373 1441 2430 1490 ut
2461 1454 2569 1492 non
2602 1437 2918 1508 delinquam
2949 1440 3008 1491 in.
3039 1439 3234 1506 lingua
3264 1455 3382 1493 mea
3411 1439 3571 1508 posui
3589 1439 3680 1493 ori

2027 1539 2143 1577 meo
2171 1524 2476 1578 custodiam
2517 1526 2690 1595 (Psal.
2744 1542 2976 1589 xxxvm,
3029 1526 3105 1592 ‘2).
3159 1524 3283 1578 Noli
3336 1523 3515 1594 igitur
3544 1523 3677 1578 aliis

2029 1612 2334 1667 detrahere
2363 1632 2374 1679 ;
2408 1617 2702 1668 memento
2734 1618 2955 1685 quanta
2988 1614 3172 1668 Maria
3202 1613 3277 1668 sit
3309 1629 3585 1684 perpessa
3619 1613 3675 1667 in

2033 1718 2244 1771 eremo,
2281 1703 2514 1772 quando
2559 1703 2810 1757 detraxit
2856 1702 3038 1775 Moysi
3090 1720 3254 1758 servo
3306 1702 3403 1756 Dei
3456 1718 3680 1772 suoque

2033 1791 2215 1845 fratri.
2269 1791 2479 1846 Narrat
2527 1793 2681 1847 enim
2735 1791 3000 1857 historia,
3053 1791 3190 1862 quia
3237 1809 3339 1863 pro
3372 1790 3479 1846 hac
3510 1790 3682 1862 culpa

2031 1896 2064 1933 a
2093 1879 2252 1950 lepra
2295 1882 2483 1936 fuerat
2534 1882 2850 1947 maculata,
2900 1886 3242 1952 septemque
3292 1885 3454 1935 extra
3493 1885 3683 1935 castra

2033 1969 2315 2024 manserit
2344 1969 2591 2025 diebus:
2657 1988 2781 2041 qua:
2839 1975 3152 2041 postquam
3210 1986 3311 2040 per
3357 1968 3679 2023 orationem

2036 2057 2250 2128 Moysis
2283 2059 2478 2113 fratris
2505 2060 2594 2114 sui
2657 2060 2767 2114 fuit
2796 2076 2825 2112 e
2856 2059 3017 2130 lepra
3051 2058 3354 2112 mundata.
3389 2055 3556 2111 Absit
3583 2073 3681 2110 au-

2037 2152 2246 2213 tem,ut
2270 2165 2336 2202 ex
2360 2147 2691 2220 lingua,per
2713 2164 2889 2218 quam
2914 2146 3317 2202 benedicimus
3339 2145 3678 2212 Dominum,

2033 2235 2166 2290 inde
2199 2236 2623 2291 maledicamus
2649 2242 2752 2291 aut
2784 2236 3166 2291 detrahamus
3199 2233 3480 2306 proximo.
3517 2234 3682 2288 Unde

2033 2325 2427 2381 eradicabitur
2455 2326 2648 2381 omnis
2680 2327 2988 2394 detractor,
3041 2325 3168 2380 sine
3219 2323 3396 2378 dubio
3427 2323 3500 2377 de
3529 2326 3680 2377 coetu

2033 2418 2393 2470 sanctorum.
2419 2415 2564 2486 Ergo
2593 2431 2662 2469 ne
2684 2432 2791 2470 nos
2815 2416 2884 2469 de
2903 2418 3052 2469 ccetu
3072 2417 3409 2469 sanctorum
3427 2411 3681 2467 eradice-

2034 2521 2185 2573 mur,
2221 2504 2627 2559 custodiamus
2651 2522 2683 2558 a
2704 2503 3062 2558 detractione
3088 2502 3352 2573 linguam
3377 2504 3638 2556 nostram
3667 2517 3680 2566 ;

2030 2610 2145 2648 non
2175 2593 2552 2648 detrahemus
2583 2593 2867 2664 proximo,
2909 2607 3085 2663 quem
3127 2590 3410 2662 jubemur
3440 2587 3684 2660 diligere

2031 2681 2183 2735 sicut
2215 2682 2628 2751 nosmetipsos.
2684 2683 2750 2736 Et
2799 2698 2913 2736 non
2963 2685 3196 2735 tantum
3245 2697 3278 2733 a
3325 2677 3682 2733 detractione

2030 2787 2256 2826 cessare
2286 2787 2400 2826 non
2435 2775 2681 2842 oportet,
2735 2771 2836 2825 sed
2885 2770 3061 2824 etiam
3112 2769 3183 2824 ab
3233 2767 3435 2823 otiosis
3467 2766 3680 2832 verbis,

2030 2861 2169 2930 quia
2190 2859 2566 2930 Evangelium
2593 2859 2844 2916 clamat:
2872 2861 2946 2914 De
2969 2860 3120 2913 omni
3141 2859 3296 2913 verbo
3319 2857 3516 2923 otioso,
3543 2855 3684 2927 quod

2029 2951 2198 3004 [oculi
2224 2950 2440 3020 fuerint
2481 2949 2745 3016 homines,
2791 2949 3020 3004 reddent
3067 2949 3341 3004 rationem
3384 2948 3444 3001 in
3473 2944 3564 3000 die
3585 2946 3682 3016 ju-

2026 3038 2162 3093 dicii
2191 3039 2412 3107 (Matth.
2453 3057 2556 3105 xu,
2589 3040 2702 3110 36).
2735 3039 2971 3094 Otiosus
3019 3053 3152 3092 vero
3205 3052 3396 3092 sermo
3441 3038 3548 3100 est,
3583 3035 3686 3104 qui

2026 3145 2141 3182 non
2165 3128 2235 3181 ad
2265 3126 2444 3195 illius,
2471 3127 2571 3197 qui
2599 3125 2765 3180 illum
2794 3125 2958 3194 dicit,
2982 3141 3085 3180 nec
3111 3124 3182 3179 ad
3219 3123 3403 3191 illius,
3431 3122 3527 3194 qui
3551 3137 3686 3177 eum

2027 3215 2208 3281 audit,
2238 3215 2490 3287 pertinet
2511 3216 2857 3286 profectum.
2883 3212 3016 3269 Noli
3057 3229 3195 3286 ergo
3220 3212 3474 3284 proferre
3493 3211 3689 3284 verba,

2029 3323 2156 3377 qua:
2190 3305 2372 3360 risum
2408 3304 2492 3358 vel
2529 3303 2884 3358 cachinnum
2917 3305 3213 3369 moveant,
3263 3300 3361 3356 sed
3396 3299 3585 3372 magis
3616 3299 3688 3354 ad

2028 3393 2543 3465 compunctionem
2569 3391 3102 3464 etlacrymas,etad
3132 3391 3461 3463 profectum
3479 3389 3688 3444 animae

2030 3484 2378 3554 pertineant.
2412 3483 2574 3538 Tuus
2607 3499 2799 3538 sermo
2833 3497 3065 3552 semper
3113 3481 3191 3537 sit
3237 3478 3360 3534 sale
3391 3478 3685 3534 conditus.

2029 3574 2238 3628 Narrat
2267 3572 2515 3628 historia
2543 3571 2862 3642 Tripartita
2892 3586 3146 3641 namque
3184 3573 3468 3624 Amonem
3501 3567 3684 3622 Tabe-

2031 3663 2367 3718 nensiorum
2391 3661 2698 3734 praesulem
2716 3665 2892 3731 atque
2911 3659 3208 3714 Theonem
3225 3657 3548 3713 multorum
3566 3672 3686 3711 mo-

2029 3752 2350 3806 nachorum
2376 3751 2688 3822 praesidem
2714 3750 2895 3804 fuisse
2921 3765 2932 3803 :
2959 3748 3132 3802 ambo
3165 3762 3420 3819 namque
3451 3746 3685 3800 fuerant

2027 3847 2360 3911 operatores
2393 3839 2826 3911 inepilabilium
2869 3855 3087 3903 rerum,
3120 3843 3177 3892 et
3207 3836 3405 3892 divina
3435 3835 3686 3908 pruden-

2025 3930 2108 3985 tia
2130 3930 2550 4001 pr0phetiaque
2573 3927 2866 4000 completi.
2895 3927 3120 3983 Dicitur
3151 3927 3448 3981 Theonem
3481 3925 3680 3979 erudi-

2025 4024 2150 4074 tum
2182 4017 2678 4091 zlﬂgyptiacorum,
2713 4017 3045 4072 Graecorum
3069 4015 3529 4084 Latinorumque
3552 4017 3677 4068 stu-

2027 4109 2160 4173 diis,
2187 4109 2429 4179 triginta
2453 4123 2638 4162 annos
2670 4105 2948 4161 habuisse
2991 4103 3471 4159 taciturnitatem.
3505 4105 3682 4157 Porro

2027 4215 2060 4253 a
2083 4197 2242 4253 nullo
2267 4196 2571 4252 hominum
2594 4195 2784 4250 visum
2825 4195 3198 4262 irascentem,
3223 4197 3326 4248 aut
3355 4192 3678 4262 jurantem,

2028 4291 2128 4342 aut
2159 4285 2566 4352 mentientem,
2597 4290 2699 4340 aut
2729 4300 2948 4339 vanum
2982 4282 3244 4354 aliquod,
3268 4281 3356 4336 vel
3381 4296 3678 4351 asperum,

2025 4375 2115 4431 vel
2140 4377 2441 4431 infirmum
2463 4373 2778 4446 protulisse
2798 4388 3154 4427 sermonem.
3171 4371 3388 4425 Horum
3403 4367 3680 4439 tempori-

2026 4465 2137 4519 bus
2169 4464 2481 4519 fuitetiam
2529 4463 2718 4516 llelias
2771 4461 3097 4517 monachus
3147 4476 3328 4531 agens
3379 4458 3436 4512 in
3486 4474 3680 4512 eremo

2027 4553 2212 4610 aetatis
2245 4571 2463 4609 annum
2497 4553 2654 4607 circa
2699 4551 3067 4606 centesinum
3121 4554 3296 4622 atque
3343 4547 3678 4615 decimum;

2028 4648 2197 4698 antea
2228 4648 2423 4698 tamen
2457 4657 2601 4713 pene
2633 4640 3009 4712 septuaginta
3040 4640 3210 4695 annis
3257 4637 3418 4694 solus
3448 4636 3590 4692 vixit
3621 4635 3680 4689 in

207 4751 358 4790 mox
391 4729 715 4788 emanavit
743 4746 918 4801 aqua,
953 4745 1207 4800 cumque
1256 4728 1517 4784 oratione
1547 4730 1697 4784 facta
1727 4730 1917 4786 disce-
1948 4747 1995 4812 D
2028 4732 2363 4799 solitudine,
2396 4736 2453 4787 et
2501 4747 2689 4801 usque
2740 4730 2812 4784 ad
2861 4729 3014 4786 hanc
3063 4733 3290 4784 astatem
3330 4725 3680 4798 jejunando,

205 4823 410 4891 deret,
441 4819 575 4876 illis
596 4835 735 4874 eum
759 4817 1094 4890 petentibus
1120 4821 1184 4873 ut
1208 4815 1296 4871 vel
1323 4833 1391 4872 ex
1430 4835 1583 4889 aqua
1613 4823 1914 4890 gustaret:

204 4914 296 4969 Ad
321 4910 534 4986 quod,
560 4908 779 4980 inquit,
806 4907 1064 4963 directus
1082 4924 1236 4975 sum,
1265 4911 1320 4962 et
1343 4912 1579 4979 propter
1597 4908 1750 4978 quod
1767 4909 1916 4975 veni,

202 5006 552 5077 peractum
577 5002 688 5054 est.
717 4985 1036 5069 Propterea
1050 5013 1205 5061 vero,
1231 5014 1263 5052 o
1305 4995 1682 5052 sanctissima
1704 5002 1910 5068 mater,

201 5094 334 5149 haec
360 5089 484 5147 tibi
512 5089 594 5144 de
635 5085 804 5142 Piore
847 5085 1134 5142 monacho
1179 5085 1412 5157 scripsi,
1439 5090 1504 5141 ut
1531 5086 1780 5157 perfecte
1803 5086 1912 5140 sci-

198 5199 298 5239 res
325 5179 510 5256 quod
577 5175 942 5232 continentia
994 5175 1254 5231 etiamin
1306 5175 1436 5230 visu
1462 5175 1910 5232 sitnecessaria.

193 5270 454 5329 Audisti
499 5282 644 5322 vero
671 5281 849 5333 nunc,
877 5281 1052 5336 quam
1077 5268 1288 5321 cautus
1311 5264 1420 5321 iste
1444 5270 1685 5320 sanctus
1711 5282 1912 5320 mona-

194 5363 356 5419 chus
384 5358 539 5428 fuit,
570 5354 673 5427 qui
703 5370 806 5410 nec
845 5353 1191 5410 inobediens
1235 5353 1342 5409 fuit
1385 5353 1686 5426 praeceptis
1718 5354 1911 5409 senio-

190 5472 362 5521 rum,
395 5448 518 5523 qui
546 5443 727 5500 illum
752 5445 824 5499 ad
851 5461 1112 5500 sororem
1135 5461 1305 5500 suam
1331 5443 1411 5499 ire
1445 5444 1774 5515 jusserant,
1810 5461 1912 5498 nec

189 5543 351 5601 vidit
377 5541 603 5612 ipsam
627 5534 793 5589 visus
818 5534 888 5589 ab
912 5532 1035 5601 illa,
1071 5551 1142 5591 ne
1173 5539 1374 5590 contra
1403 5539 1599 5589 votum
1636 5551 1808 5588 suum
1834 5534 1912 5588 fa-

190 5651 333 5691 cere
357 5628 715 5687 videretur.
732 5615 1312 5694 Quapropterhortor
1327 5621 1700 5679 sanctitatem
1724 5628 1908 5688 tuam,

191 5729 259 5778 ut
297 5723 494 5777 illum
537 5713 798 5768 studeas
824 5711 1068 5769 imitari.
1103 5713 1226 5766 Non
1264 5711 1340 5766 sit
1373 5712 1472 5766 tibi
1510 5728 1650 5766 cura
1677 5711 1909 5766 videndi

185 5821 334 5874 tuos
371 5804 783 5884 propinquos
812 5801 897 5856 vel
930 5801 1173 5870 amicos,
1228 5819 1375 5872 quos
1426 5799 1484 5855 in
1533 5800 1744 5856 saeculo
1777 5801 1909 5856 reli-

2031 4820 2400 4891 multumque
2423 4819 2645 4875 silendo
2663 4816 3387 4874 etviriliterconversando
3402 4815 3680 4886 pervenit.

2029 4911 2158 4966 Haec
2183 4908 2468 4965 miracula
2494 4909 2694 4964 hortor
2719 4913 2782 4963 ut
2809 4908 3144 4979 frequenter
3183 4905 3364 4977 legas,
3406 4907 3469 4958 ut
3507 4902 3683 4968 scias,

2030 5018 2208 5073 quam
2232 5004 2461 5055 cautam
2490 4999 2549 5053 in
2571 4998 2861 5070 loquendo
2897 5002 2952 5052 te
2975 5013 3103 5051 esse
3143 4997 3424 5068 oporteat.
3453 4991 3683 5047 Audisti

2025 5108 2158 5145 vero
2210 5105 2387 5156 nunc,
2439 5092 2497 5144 et
2548 5091 2612 5142 ut
2665 5092 2827 5158 puto,
2881 5085 3176 5140 memoriae
3229 5079 3678 5147 commendasti,

2025 5179 2181 5252 quod
2231 5177 2612 5234 doctissimus
2662 5175 2988 5231 monachus
3032 5175 3232 5230 Theon
3283 5189 3386 5244 per
3436 5169 3678 5242 triginta

2025 5285 2210 5325 annos
2232 5267 2418 5324 tenuit
2440 5265 2896 5322 taciturnitatem
2926 5283 2938 5333 ;
2963 5264 3168 5320 hortor
3186 5263 3386 5336 igitur,
3411 5260 3552 5332 quia
3571 5277 3679 5315 no-

2024 5358 2116 5414 bis
2142 5357 2377 5413 assidue
2400 5361 2590 5410 tacere
2625 5371 2741 5409 non
2773 5352 2929 5420 licet,
2958 5353 3043 5408 vel
3072 5354 3248 5409 etiam
3288 5351 3449 5418 libet,
3474 5349 3530 5405 id
3554 5348 3680 5420 pla-

2023 5452 2168 5514 ceat,
2207 5451 2269 5501 ut
2299 5445 2385 5500 vel
2419 5461 2646 5515 semper
2676 5460 2708 5498 a
2742 5441 2895 5498 malo
2943 5443 3351 5498 detractionis
3375 5439 3677 5496 sileamus.

2023 5535 2094 5590 Ut
2124 5551 2260 5606 ergo
2292 5533 2396 5590 tibi
2429 5533 2614 5588 virtus
2646 5531 3072 5588 taciturnitatis
3122 5532 3369 5604 placeat,
3405 5527 3543 5584 audi
3577 5528 3678 5582 ad-

2023 5624 2157 5690 huc,
2193 5623 2332 5696 quid
2366 5621 2675 5678 Zacharias
2703 5622 2772 5676 de
2812 5622 2943 5692 ipsa
2992 5623 3386 5693 interrogatus
3431 5633 3677 5687 respon-

2023 5714 2155 5768 deat
2181 5733 2193 5771 :
2229 5713 2372 5767 dixit
2405 5711 2586 5768 abbas
2619 5713 2843 5775 Pastor,
2873 5710 3012 5781 quia
3043 5707 3422 5781 interrogavit
3445 5705 3672 5774 Moyses

2022 5804 2292 5878 fratrem}
2322 5801 2661 5860 Zachariam
2721 5802 2944 5870 dicens,
3013 5801 3154 5874 quid
3211 5794 3419 5855 vides?
3466 5795 3521 5846 et
3576 5787 3672 5843 ille
