3916 6460
220 492 337 557 923

1530 500 1934 568 ADALGERI
1977 502 2331 569 EPISCOPI

3526 500 3651 567 924

221 628 403 686 dixit:
458 629 615 687 Nihil
664 631 878 690 melius
933 635 1024 691 est
1079 650 1257 707 quam
1316 638 1526 700 tacere,
1586 640 1768 707 pater.
1804 638 1872 693 Et
1900 640 1955 707 Α
1987 654 2121 695 mus
2155 655 2334 712 quam
2364 637 2649 713 corporis.
2684 637 2942 695 Ornatus
2979 637 3069 693 est
3116 633 3333 693 mentis
3361 633 3647 709 charitas,

223 718 630 777 dixi:Verum
690 727 800 792 est,
863 722 989 793 ﬁlii,
1046 728 1190 780 tace.
1254 728 1407 780 Hora
1439 728 1632 780 autem
1669 725 1872 782 mortis

223 809 354 878 ejus
384 809 597 866 sedens
646 812 827 869 abbas
878 813 1136 869 Isidorus
1182 814 1435 886 respexit
1482 814 1543 869 in
1574 814 1784 871 omium
1818 820 1875 869 et

222 895 399 953 dixit:
440 897 675 969 Laetare,
722 899 825 954 ﬁlii
866 901 1161 967 Zacharia,
1187 901 1328 973 quia
1349 907 1562 973 apertae
1608 901 1872 958 sunttibi

213 984 416 1055 januaa
447 988 611 1056 regni
642 988 941 1043 omlorum.
975 989 1173 1056 Vides,
1205 1008 1236 1045 ο
1268 991 1642 1047 sanctissima
1665 996 1869 1060 mater,

222 1074 376 1145 quod
408 1075 700 1132 Zachariae
750 1095 851 1148 pro
901 1078 1322 1135 taciturnitatis
1374 1082 1630 1136 maxima
1658 1080 1872 1136 virtute

218 1168 432 1235 aperta:
455 1166 656 1236 januae
687 1165 836 1221 caeli.
866 1166 935 1221 Ut
965 1184 1100 1239 ergo
1133 1173 1189 1224 et
1218 1169 1325 1223 tibi
1354 1170 1712 1240 aperiantur,
1740 1187 1873 1225 ama

216 1257 429 1319 tacere,
465 1253 641 1327 dilige
672 1255 863 1311 silere.
905 1257 1041 1328 Legi
1094 1258 1251 1313 enim
1301 1260 1371 1313 de
1419 1260 1676 1331 quodam
1705 1275 1869 1314 servo

218 1341 339 1407 Dei,
369 1343 545 1414 quod,
594 1348 659 1398 ut
706 1345 1169 1401 taciturnitatem
1219 1348 1488 1414 disceret,
1542 1366 1641 1421 per
1672 1348 1870 1420 plures

214 1447 399 1487 annos
429 1432 683 1503 lapidem
717 1433 776 1489 in
812 1451 909 1489 ore
942 1452 1049 1490 suo
1079 1437 1411 1507 portaverit.
1434 1439 1731 1493 Admoneo
1754 1439 1869 1493 ita-

215 1536 352 1591 que,
387 1522 674 1578 admoneo
706 1524 943 1591 iterum,
978 1529 1042 1579 ut
1072 1525 1335 1598 linguam
1360 1532 1521 1582 tuam
1549 1528 1866 1595 custodias,

217 1607 363 1663 nulli
397 1610 691 1682 detrahas,
724 1613 945 1668 nemini
978 1612 1316 1683 maledicas,
1350 1615 1509 1671 nulla
1531 1616 1717 1671 risum
1741 1633 1866 1671 mo—

213 1699 410 1755 ventia
427 1701 602 1756 verba
642 1703 903 1774 proferas
930 1722 943 1771 ;
970 1703 1160 1776 cogita
1203 1721 1378 1777 quam
1418 1706 1610 1761 brevis
1650 1706 1727 1761 sit
1757 1706 1870 1761 ista

213 1787 353 1855 vita,
377 1793 436 1844 et
460 1806 638 1862 quam
663 1790 879 1849 misera
922 1793 981 1848 in
1014 1795 1447 1866 comparatione
1467 1801 1692 1851 aeterna:
1716 1796 1864 1850 vitae.

212 1879 345 1932 Haec
366 1878 678 1951 cogitando
695 1885 752 1936 et
773 1881 1037 1954 linguam
1056 1888 1218 1937 tuam
1240 1885 1605 1950 refrenando,
1629 1884 1865 1940 imitan-

1984 728 2148 795 ﬁdes,
2174 728 2498 798 humilitas,
2525 729 2776 796 bonitas,
2805 744 2870 783 ac
2892 726 3245 798 benignitas.
3269 726 3345 781 De
3361 725 3649 782 hisnam-

1983 834 2097 889 que
2122 817 2436 874 virtutibus
2476 835 2643 873 mens
2666 821 2908 873 ornatur
2938 816 3064 871 sine
3086 814 3202 870 ﬁne
3245 831 3382 869 cum
3410 819 3526 870 Deo
3559 815 3647 873 vi-

1983 911 2148 962 ctura
2172 925 2184 962 :
2219 924 2350 962 caro
2373 907 2551 974 enim,
2577 904 2846 978 quamvis
2864 903 3135 977 pretiosis
3150 903 3413 958 vestibus
3432 919 3646 977 coope-

1983 994 2188 1063 riatur,
2212 995 2480 1067 quamvis
2497 1012 2637 1049 auro
2655 997 3012 1067 argentoque
3029 996 3289 1058 ornetur,
3311 991 3458 1047 nihil
3476 992 3638 1049 aliud

1982 1088 2070 1139 est
2093 1101 2269 1155 quam
2294 1101 2447 1152 caro,
2472 1089 2529 1140 et
2549 1083 2761 1156 pulvis,
2787 1087 2843 1138 et
2866 1081 3084 1149 lutum,
3110 1086 3168 1137 et
3202 1085 3450 1138 stercus.
3484 1082 3640 1146 Qua-

1981 1178 2215 1245 propter
2246 1190 2357 1229 non
2391 1189 2744 1246 magnopere
2778 1172 2848 1227 de
2894 1172 3163 1227 vestibus
3192 1185 3466 1243 procura.
3498 1171 3637 1227 Cor-

1980 1280 2090 1335 pus
2114 1264 2351 1318 domare
2374 1263 2691 1328 debemus,
2725 1278 2839 1316 non
2867 1258 3143 1316 balneum
3168 1258 3417 1314 subinde
3439 1262 3641 1331 requi-

1979 1367 2124 1417 rere,
2152 1367 2267 1407 non
2292 1355 2500 1406 ornata
2520 1350 2890 1417 vestimenta,
2912 1348 3052 1420 quia
3068 1348 3117 1402 si
3136 1363 3348 1419 corpus
3365 1352 3638 1403 nostrum

1981 1441 2226 1496 delicate
2248 1440 2568 1505 foveamus,
2594 1439 2822 1494 hostem
2848 1442 3115 1493 nostrum
3139 1438 3459 1492 nutrimus.
3476 1438 3638 1492 Nun-

1979 1546 2153 1600 quam
2181 1529 2337 1585 enim
2362 1530 2643 1600 majorem
2669 1526 2977 1582 inimicum
3006 1531 3203 1599 potest
3224 1526 3399 1581 homo
3422 1526 3639 1582 habere

1977 1636 2156 1690 quam
2190 1636 2436 1691 corpus;
2472 1634 2684 1690 corpus
2718 1616 2873 1672 enim
2905 1616 3085 1671 trahit
3115 1620 3375 1671 mentem
3406 1616 3477 1670 ad
3511 1632 3639 1688 pec-

1977 1709 2251 1775 candum,
2277 1711 2335 1763 et
2357 1707 2484 1762 ideo
2508 1711 2742 1778 propter
2765 1704 2910 1759 illud
2935 1704 3107 1760 debet
3139 1720 3343 1760 servus
3366 1703 3467 1760 Dei
3492 1704 3636 1759 sub-

1968 1798 2244 1870 jugatum
2277 1796 2514 1851 habere.

2348 1890 2479 1941 CAP.
2513 1885 2665 1939 VIII.
2698 1916 2767 1926 ——-
2800 1886 2874 1940 De
2898 1884 3251 1940 abstinentia.

212 1966 285 2066 dp
309 1983 510 2075 eorum
537 1974 754 2037 actum,
779 1988 1031 2043 quorum
1054 1972 1324 2042 superius
1347 1974 1497 2030 facta
1518 1978 1607 2029 est
1625 1974 1864 2041 mentio,
1897 2010 1945 2075 B
2047 1976 2226 2031 Debet
2257 1992 2512 2046 namque
2554 1991 2768 2045 corpus
2819 1973 3000 2045 afﬂigi
3037 1989 3155 2075 ‘per
3185 1972 3629 2075 abstinentiam,

216 2056 344 2111 sine
373 2056 555 2113 dubio
587 2059 659 2114 ad
691 2076 891 2116 eorum
923 2065 1310 2131 consortium,
1342 2069 1400 2121 et
1420 2066 1491 2119 ad
1519 2082 1719 2121 eorum
1746 2067 1867 2139 glo-

218 2145 364 2200 riam
390 2148 708 2217 pervenies.
738 2151 1023 2216 Quoniam
1048 2159 1241 2209 autem
1276 2155 1334 2209 in
1360 2155 1557 2209 animo
1603 2160 1703 2210 tuo
1723 2156 1873 2211 mul-

216 2238 345 2289 tum
394 2235 857 2294 taciturnitatem
906 2240 1168 2297 inculare
1216 2243 1364 2310 volo,
1415 2249 1473 2299 et
1515 2243 1653 2315 quia
1685 2245 1871 2302 multa

215 2322 370 2378 bona
413 2340 589 2396 opera
640 2330 878 2399 propter
918 2329 1126 2385 vitium
1174 2330 1387 2404 l'inguee
1438 2337 1703 2404 pereunt,
1737 2332 1866 2390 ideo

215 2411 408 2468 adhuc
441 2429 622 2470 unam
657 2418 1063 2475 sententiolam
1099 2421 1168 2476 de
1199 2421 1598 2477 taciturnitate
1624 2423 1865 2494 subjan-

211 2517 371 2573 gam.
402 2503 580 2558 Venit
607 2504 667 2559 in
700 2504 908 2563 itinere
947 2510 1404 2567 conversationis
1437 2529 1555 2567 suae
1586 2512 1866 2584 Evagrius

211 2591 283 2645 ad
316 2593 633 2663 quemdam
667 2610 889 2665 senem,
923 2602 980 2652 et
1016 2598 1162 2654 dixit
1190 2600 1239 2655 ei
1268 2616 1280 2655 :
1336 2600 1439 2655 Dic
1490 2601 1657 2669 mihi,
1692 2601 1863 2669 abba,

209 2695 565 2749 sermonem,
591 2699 706 2754 quo
732 2684 932 2742 salvus
952 2686 1111 2743 ﬁam.
1136 2687 1239 2744 Ille
1282 2694 1474 2744 autem
1518 2688 1661 2743 dixit
1683 2688 1735 2744 ei
1760 2705 1773 2744 :
1805 2690 1865 2743 Si
1900 2690 1905 2703 '

207 2768 296 2825 vis
315 2768 511 2826 salvus
536 2772 681 2839 ﬁeri,
705 2775 940 2846 quando
962 2777 1035 2831 ad
1059 2776 1314 2848 aliquem
1350 2777 1533 2844 vadis,
1560 2794 1673 2832 non
1700 2777 1865 2849 prius

209 2857 474 2930 loquaris
496 2876 676 2931 quam
697 2861 795 2917 ille
816 2868 875 2919 te
896 2864 1173 2935 inquirat.
1204 2866 1487 2939 Evagrius
1529 2866 1589 2921 in
1610 2866 1719 2922 hoc
1741 2882 1860 2922 ser-

213 2964 387 3003 mone
404 2953 795 3022 compunctus
814 2952 1215 3023 pcenitentiam
1234 2955 1353 3027 egit
1369 2955 1424 3010 in
1446 2962 1760 3027 conspectu
1777 2972 1864 3011 se-

212 3037 326 3104 nis,
351 3041 409 3093 et
430 3037 716 3094 satisfecit
736 3039 787 3094 ei
828 3040 1029 3097 dicens
1054 3060 1067 3097 :
1110 3043 1289 3099 Crede
1329 3044 1496 3114 mihi,
1521 3043 1737 3099 multos
1760 3060 1859 3099 co-

210 3126 369 3182 dices
392 3125 528 3199 legi,
556 3131 612 3183 et
632 3129 808 3185 talem
827 3131 1217 3188 eruditionem
1235 3149 1539 3204 nunquam
1557 3133 1771 3189 inveni.
1793 3133 1859 3187 Et

208 3215 462 3271 multum
497 3217 808 3289 proﬁciens
858 3219 1050 3275 exivit.
1104 3221 1184 3276 Ex
1232 3221 1326 3277 his
1374 3222 1529 3276 enim
1578 3222 1790 3293 verbis,
1823 3238 1856 3278 o

207 3304 585 3361 sanctissima
605 3311 813 3378 mater,
840 3307 1036 3364 lucide
1072 3310 1512 3366 demonstratur
1536 3329 1548 3378 ;
1574 3311 1745 3367 beata
1768 3313 1857 3366 est

1976 2081 2080 2137 per
2105 2064 2365 2138 vigiliam
2396 2070 2454 2120 et
2483 2081 2586 2136 per
2615 2064 2874 2119 diversos
2922 2063 3149 2129 modos,
3199 2061 3281 2117 ita
3312 2065 3530 2128 tamen,
3565 2067 3633 2116 ut

1977 2171 2210 2227 semper
2231 2172 2406 2211 suum
2430 2153 2689 2209 ofﬁcium
2713 2168 3003 2224 suamque
3026 2149 3415 2207 obedientiam
3440 2150 3633 2221 possit

1976 2246 2272 2317 perﬁcere.
2305 2244 2726 2316 Castigandum
2758 2257 2991 2313 semper
3040 2246 3097 2297 et
3126 2238 3505 2311 afﬂigendum
3539 2243 3632 2296 est

1975 2351 2210 2406 corpus,
2248 2338 2311 2388 ut
2341 2333 2412 2389 ad
2446 2331 2669 2388 malum
2703 2348 2851 2403 opus
2882 2329 3141 2386 animam
3173 2344 3289 2383 non
3320 2328 3537 2393 trahat,
3572 2330 3631 2384 et

1974 2424 2045 2480 ad
2070 2423 2467 2496 peragendum
2490 2422 2715 2478 bonum
2750 2420 2827 2476 sit
2868 2436 3100 2491 semper
3136 2417 3626 2488 idoneum.Nam,

1974 2511 2076 2583 qui
2109 2513 2193 2568 ita
2222 2529 2437 2584 corpus
2470 2515 2747 2580 macerat,
2784 2513 2849 2565 ut
2872 2526 2944 2564 ne
2967 2507 3204 2580 quidem
3232 2505 3454 2562 bonum
3480 2522 3629 2578 opus

1972 2602 2160 2656 facere
2190 2601 2399 2672 valeat,
2430 2598 2805 2655 discretionis
2838 2597 3028 2653 adhuc
3068 2596 3301 2667 ignorat
3328 2595 3629 2650 virtutem.

1973 2688 2047 2744 Ut
2073 2689 2257 2761 igitur
2286 2693 2343 2744 et
2388 2705 2599 2759 corpus
2640 2686 2794 2742 scias
2835 2685 3115 2757 afﬂigere,
3169 2688 3227 2739 et
3276 2687 3627 2756 temperare,

1971 2794 2156 2832 unum
2190 2779 2261 2833 de
2281 2777 2399 2833 vita
2424 2780 2764 2832 sanctorum
2788 2775 3028 2829 Patrum
3053 2772 3245 2828 dicam
3270 2788 3629 2828 sermonem.

1971 2864 2286 2921 Dicebatur
2315 2865 2385 2920 de
2418 2864 2673 2936 quodam
2722 2866 2907 2933 patre,
2953 2860 3110 2931 quod
3160 2860 3303 2914 dum
3330 2858 3631 2914 saecularis

1974 2957 2147 3021 esset,
2172 2958 2230 3009 et
2250 2955 2560 3024 coniugem
2581 2950 2908 3017 habuisset,
2933 2953 3136 3021 postea
3158 2964 3473 3003 conversus
3496 2952 3630 3004 ten-

1974 3042 2210 3098 tabatur
2230 3043 2302 3098 de
2322 3059 2390 3098 ea
2412 3059 2446 3097 a
2487 3041 2721 3097 Satana.
2747 3040 2875 3110 Ipse
2913 3054 3047 3093 vero
3085 3035 3343 3092 narravit
3380 3035 3489 3091 hoc
3518 3053 3626 3108 pa-

1972 3131 2184 3187 tribus.
2212 3131 2319 3195 Qui
2351 3148 2485 3186 cum
2517 3129 2841 3199 audissent,
2874 3127 3015 3198 quia
3040 3125 3342 3198 operarius
3367 3130 3542 3194 esset,
3567 3131 3627 3182 et

1974 3221 2197 3290 majora
2228 3220 2415 3276 facere
2448 3219 2756 3292 potuisset,
2790 3233 2968 3288 quam
2995 3215 3046 3271 ei
3079 3213 3401 3282 dicebatur,
3432 3214 3625 3287 impo-

1972 3313 2218 3364 suerunt
2243 3310 2295 3364 ei
2326 3310 2572 3379 majora,
2595 3310 2662 3362 ut
2691 3304 3099 3361 debilitaretur
3124 3319 3335 3374 corpus
3366 3303 3517 3374 ejus,
3542 3304 3627 3360 ita

207 3391 309 3449 illa
331 3393 548 3461 anima,
576 3412 702 3466 qua:
726 3396 1141 3454 taciturnitatis
1182 3401 1445 3471 perfectae
1482 3382 1659 3455 habet
1679 3400 1862 3455 virtu-
1891 3379 1935 3447 (ἶ
1974 3401 2039 3453 ut
2060 3415 2296 3471 surgere
2325 3414 2439 3453 non
2462 3401 2680 3469 posset.
2707 3399 2817 3451 Deo
2850 3398 3046 3449 autem
3069 3391 3467 3475 dispensante,
3495 3392 3628 3464 qui-

213 3485 360 3538 tem.
384 3482 572 3549 Dilige
592 3483 743 3539 hanc
761 3485 1055 3557 virtutem,
1080 3487 1313 3559 posside
1335 3488 1443 3544 hoc
1465 3488 1707 3555 donum,
1737 3504 1870 3543 con-

220 3588 388 3627 serva
407 3571 559 3628 hanc
582 3575 980 3646 margaritam.
1031 3577 1364 3632 Amandum
1396 3582 1484 3633 est
1523 3595 1658 3649 ergo
1689 3578 1866 3633 silen-

219 3662 391 3730 tium,
417 3663 556 3733 quia
572 3680 674 3735 per
694 3663 751 3719 id
774 3664 1077 3721 humilitas
1094 3666 1374 3732 nutritur,
1400 3666 1666 3737 lacrymae
1689 3667 1868 3739 glori-

220 3753 493 3819 antur,ad
508 3757 832 3808 extremum
849 3754 1036 3810 multa
1049 3754 1203 3810 mala
1217 3754 1865 3826 perilluddeclinantur.

461 3838 596 3895 CAP.
629 3841 751 3895 VII.
785 3872 854 3882 -ο
884 3844 959 3897 De
996 3844 1334 3899 continentia
1372 3845 1616 3899 vestitus.

283 3927 442 3983 Sciat
463 3928 715 4001 denique
734 3930 1036 3986 beatitudo
1058 3935 1182 4002 tua,
1208 3948 1240 3987 o
1263 3932 1640 3988 sanctissima
1661 3937 1867 4003 mater,

217 4017 373 4090 quod
397 4017 455 4072 in
478 4017 844 4075 vestimentis
866 4020 942 4075 sit
957 4020 1318 4076 continentia
1333 4020 1499 4077 valde
1517 4022 1866 4078 necessaria.

220 4107 371 4162 Sunt
399 4107 576 4163 etiam
608 4107 800 4177 multi,
836 4109 937 4181 qui
970 4113 1200 4181 putant,
1232 4111 1385 4181 quod
1410 4111 1706 4183 appetitus
1737 4129 1867 4184 pre-

221 4194 509 4252 tiosarum
541 4196 793 4253 vestium
823 4203 1125 4270 peccatum
1150 4216 1266 4255 non
1288 4200 1383 4256 sit.
1409 4202 1571 4266 Quod
1596 4200 1645 4257 si
1668 4217 1869 4272 pecca-

222 4289 348 4340 tum
390 4303 507 4341 non
545 4285 777 4357 fuisset,
827 4304 1201 4359 nequaquam
1252 4289 1537 4345 Dominus
1582 4290 1869 4346 Joannem

220 4375 292 4430 de
313 4374 626 4447 asperitate
646 4375 978 4432 vestimenti
1003 4377 1094 4432 sui
1114 4375 1416 4433 laudasset
1437 4402 1451 4446 ;
1471 4378 1553 4434 ait
1567 4379 1720 4433 enim
1746 4385 1869 4434 tur-

220 4464 310 4520 bis
337 4482 350 4521 :
379 4465 518 4533 Quid
538 4467 731 4521 existis
752 4468 814 4521 in
835 4468 1119 4523 desertum
1155 4467 1346 4523 videre
1366 4472 1392 4521 γ
1432 4466 1707 4524 hominem
1726 4470 1867 4525 mol-

218 4555 364 4609 libus
388 4556 642 4610 vestitum
662 4558 687 4608 .9
705 4572 821 4612 ecce
842 4558 940 4627 qui
977 4555 1241 4613 mollibus
1260 4560 1589 4624 vestiuntur,
1612 4560 1673 4614 in
1693 4559 1869 4614 domi-

220 4644 318 4698 bus
347 4660 541 4714 regum
571 4653 701 4699 sunt
724 4646 877 4714 (Luc.
911 4662 1015 4713 vn,
1062 4646 1175 4716 25).
1223 4649 1481 4702 Joannes
1512 4663 1648 4719 ergo
1679 4646 1870 4703 molli-

1976 3488 2112 3543 dam
2136 3487 2480 3560 peregrinus
2503 3484 2759 3554 advenit,
2784 3488 2841 3539 et
2856 3481 3237 3556 pertransivit
3254 3481 3461 3537 cellam
3476 3483 3630 3553 ejus,

1978 3577 2281 3632 admirans
2310 3576 2602 3648 quomodo
2636 3590 2807 3630 nemo
2847 3587 3122 3645 egressus
3151 3574 3307 3626 esset
3334 3572 3393 3626 in
3427 3586 3632 3627 occur-

1978 3684 2111 3722 sum
2144 3668 2293 3738 ejus.
2326 3667 2396 3721 Et
2439 3680 2706 3720 reversus
2758 3661 3031 3735 pulsabat
3081 3660 3320 3716 dicens:
3371 3659 3453 3715 Ne
3484 3660 3635 3715 forte

1979 3756 2181 3826 fruter,
2208 3754 2307 3825 qui
2331 3755 2389 3808 in
2416 3770 2483 3809 ea
2523 3753 2768 3816 habitat,
2809 3749 3162 3805 inﬁrmetur.
3206 3748 3468 3812 Quicum
3500 3748 3633 3820 pul-

1979 3848 2170 3900 sasset
2190 3849 2299 3913 ter,
2324 3841 2584 3910 intravit,
2608 3845 2665 3895 et
2686 3840 2910 3896 invenit
2930 3854 3065 3894 eum
3101 3838 3280 3893 nimis
3303 3838 3634 3904 inﬁrmum,

1978 3939 2034 3988 et
2057 3932 2173 3988 dixi
2199 3932 2289 3988 ei:
2335 3930 2482 3998 Quid
2533 3930 2736 3999 habes,
2779 3927 2992 4002 pater?
3040 3930 3110 3982 Et
3147 3927 3437 3983 enarravit
3457 3926 3508 3982 ei
3540 3926 3634 3982 di-

1980 4038 2156 4077 cens:
2192 4022 2308 4093 Ego
2341 4021 2412 4075 de
2459 4018 2725 4075 saeculari
2769 4017 2890 4072 vita
2933 4032 3089 4083 sum,
3141 4019 3200 4071 et
3229 4015 3508 4071 sollicitat
3537 4032 3634 4072 me

1980 4112 2155 4166 modo
2177 4110 2455 4166 inimicus
2477 4124 2643 4164 meus
2675 4108 2746 4163 de
2775 4122 2955 4162 uxore
2984 4121 3135 4175 mea,
3167 4110 3225 4160 et
3268 4104 3495 4161 narravi
3526 4121 3634 4177 pa-

1982 4199 2193 4260 tribus.
2227 4204 2286 4254 et
2328 4198 2739 4269 imposuerunt
2762 4194 2907 4250 mihi
2932 4210 3110 4250 onera
3130 4193 3358 4250 diversa
3381 4211 3395 4262 ;
3417 4197 3633 4250 etcum

1981 4288 2226 4361 implere
2246 4287 2452 4343 vellem
2470 4288 2664 4357 jussa,
2689 4284 2892 4349 defeci,
2917 4287 2974 4339 et
2995 4286 3190 4339 tamen
3214 4282 3494 4339 stimulus
3515 4299 3637 4339 cre-

1981 4377 2111 4434 scit.
2152 4376 2412 4432 Audiens
2437 4380 2633 4431 autem
2658 4374 2777 4430 haec
2820 4389 3018 4443 senex,
3059 4372 3436 4428 contristatus
3457 4376 3550 4428 est
3579 4378 3640 4429 et

1981 4466 2128 4522 dixit
2153 4483 2166 4521 :
2204 4466 2505 4537 Siquidem
2539 4468 2734 4537 patres
2764 4468 2821 4519 et
2849 4462 3048 4535 magni
3076 4461 3184 4517 viri
3216 4461 3363 4517 bene
3391 4460 3500 4517 tibi
3523 4462 3637 4517 im-

1982 4560 2305 4628 posuerunt
2327 4571 2522 4623 onera,
2549 4554 2765 4625 quibus
2788 4550 3048 4626 gravaris
3076 4576 3090 4619 ;
3114 4551 3215 4607 sed
3237 4551 3285 4607 si
3310 4566 3403 4606 me
3425 4567 3638 4623 parvu-

1984 4644 2106 4700 lum
2140 4645 2344 4700 audire
2372 4642 2649 4713 volueris,
2683 4643 2797 4698 cito
2828 4640 3130 4696 inveniens
3153 4640 3435 4712 requiem.
3460 4640 3641 4697 Sume

221 4734 333 4788 bus
355 4733 602 4789 vestitus
624 4738 908 4805 negatur:
940 4734 1077 4806 quia
1099 4734 1201 4806 qui
1224 4734 1504 4791 mollibus
1530 4738 1872 4805 vestiuntar,
1904 4749 1950 4814 D
1984 4750 2225 4806 parvum
2257 4733 2453 4788 cibum
2484 4731 2545 4787 in
2578 4736 2838 4803 tempore
2863 4746 2991 4797 suo,
3023 4733 3081 4785 et
3111 4728 3454 4801 recolligens
3482 4727 3640 4786 vires

222 4823 411 4895 magis
443 4830 672 4878 terreno
704 4824 823 4896 regi
856 4823 1116 4879 serviunt
1148 4841 1324 4895 quam
1355 4824 1596 4881 caelesti.
1619 4826 1874 4882 Joannes

219 4912 374 4968 enim
399 4913 626 4984 primus
646 4913 782 4967 Novi
803 4913 1163 4967 Testamenti
1183 4914 1507 4969 monachus
1525 4914 1660 4987 pilis
1677 4932 1869 4971 came-

222 5002 415 5058 lorum
464 5001 709 5058 indutus
739 5000 924 5057 fuisse
954 5001 1186 5074 legitur.
1238 5002 1294 5056 Si
1326 5002 1442 5073 ille,
1473 5004 1574 5075 qui
1614 5003 1671 5059 in
1705 5009 1871 5061 utero

220 5090 428 5147 matris
459 5090 865 5146 sanctiﬁcatus
898 5090 1027 5161 fuit,
1061 5094 1118 5146 et
1145 5090 1274 5146 ideo
1318 5092 1571 5147 multum
1600 5093 1871 5149 amabilis

218 5186 395 5252 atque
417 5179 669 5235 dilectus
690 5180 933 5245 exstitit,
959 5180 1058 5251 qui
1079 5180 1190 5235 fuit
1208 5197 1380 5236 verus
1400 5181 1683 5253 propheta
1694 5184 1869 5238 etiam

218 5268 352 5339 plus
376 5284 553 5338 quam
578 5268 882 5340 propheta,
909 5267 1046 5340 pilis
1071 5268 1429 5324 camelorum
1449 5270 1735 5333 induitur,
1761 5288 1870 5326 nos

220 5356 316 5427 qui
338 5358 669 5427 peccatores
687 5361 745 5411 et
760 5356 978 5411 inﬁrmi
998 5373 1229 5426 sumus,
1250 5362 1469 5429 quanto
1489 5358 1678 5430 magis
1695 5359 1870 5414 debe-

224 5461 358 5499 mus
383 5443 598 5498 vilibus
618 5444 878 5500 vestibus
903 5462 1030 5501 esse
1052 5446 1308 5502 contenti
1332 5447 1358 5501 ?
1379 5447 1560 5504 Nemo
1591 5465 1866 5520 namque,

221 5538 288 5587 ut
319 5533 401 5589 ait
431 5532 637 5586 beatus
668 5550 818 5604 papa
846 5532 1183 5605 Gregorius,
1232 5536 1485 5607 pretiosa
1522 5537 1871 5592 vestimenta

220 5639 337 5677 non
361 5621 432 5676 ad
456 5620 692 5675 inanem
716 5619 960 5690 gloriam
983 5623 1210 5693 quierit.
1232 5627 1567 5681 Peccatores
1589 5626 1744 5681 enim
1769 5642 1866 5681 su-

223 5729 375 5777 mus,
402 5714 458 5764 et
479 5708 607 5763 ideo
632 5708 884 5779 pretiosa
906 5712 1253 5767 vestimenta
1276 5730 1529 5782 quazrere
1554 5731 1668 5770 non
1694 5715 1865 5771 debe-

220 5818 374 5857 mus.
401 5797 589 5869 Magis
621 5814 750 5853 vero
782 5804 1123 5856 ornamenta
1161 5801 1379 5858 mentis
1413 5818 1672 5872 quaerere
1694 5804 1864 5860 debe-

1983 4826 2117 4878 tuas
2151 4823 2241 4877 fac
2270 4819 2708 4892 aliquantulum
2749 4835 2897 4890 opus
2926 4816 3049 4885 Dei,
3082 4822 3141 4873 et
3165 4818 3327 4889 jacta
3363 4817 3423 4873 in
3447 4818 3635 4875 Deum

1982 4911 2299 4985 cogitatum
2318 4916 2510 4979 tuum,
2528 4910 2685 4982 quod
2702 4909 2820 4964 tuis
2837 4906 3140 4964 laboribus
3156 4906 3306 4964 hanc
3322 4907 3639 4982 impugna-

1980 5000 2200 5056 tionem
2222 5016 2339 5055 non
2360 4999 2579 5071 poteris
2604 5013 2900 5071 superare.
2942 4997 3163 5068 Corpus
3183 4997 3342 5053 enim
3364 5001 3639 5055 nostrum

1980 5089 2141 5145 velut
2159 5088 2573 5144 vestimentum
2594 5092 2685 5144 est
2707 5105 2720 5156 ;
2745 5087 2795 5143 si
2817 5102 2953 5142 cum
2977 5085 3328 5144 discretione
3351 5085 3495 5143 illud
3514 5093 3639 5144 tra-

1981 5177 2246 5245 ctaveris,
2270 5177 2466 5244 stabit,
2493 5177 2542 5232 si
2566 5181 2762 5232 autem
2785 5192 2922 5232 cum
2939 5175 3289 5232 discretione
3303 5176 3503 5232 omnia
3518 5194 3640 5235 non

1981 5267 2191 5339 egeris,
2215 5284 2326 5323 non
2355 5266 2553 5322 stabit.
2578 5264 2686 5330 Qui
2709 5281 2846 5322 eum
2892 5265 3157 5321 audisset
3188 5281 3343 5333 cum,
3366 5264 3502 5320 fecit
3529 5265 3639 5337 ita,

1981 5361 2038 5413 et
2058 5356 2210 5412 infra
2233 5373 2451 5428 paucos
2472 5356 2597 5412 dies
2620 5355 2865 5411 recessit
2881 5354 3161 5411 stimulus
3177 5354 3325 5425 ejus.
3343 5353 3512 5413 Hunc
3530 5372 3641 5414 au-

1978 5449 2096 5500 tem
2130 5462 2426 5501 summam
2457 5444 2587 5501 ideo
2629 5446 2883 5501 scribere
2929 5442 3083 5499 volui
3134 5443 3194 5497 in
3241 5443 3355 5499 isto
3404 5446 3638 5516 ordine,

1980 5535 2157 5606 quod,
2183 5551 2311 5606 qum
2334 5536 2606 5607 superius
2629 5533 2933 5600 admonui,
2957 5531 3015 5587 id
3038 5535 3147 5597 est,
3171 5531 3496 5607 silentium,
3517 5553 3637 5593 nu-

1978 5623 2152 5688 ditas,
2166 5624 2928 5696 abstinentia,corporisque
2940 5620 3246 5693 castigatio
3260 5638 3396 5678 cum
3411 5624 3635 5682 discre-

1978 5712 2136 5769 tione
2156 5717 2296 5768 sunt
2315 5715 2562 5785 agenda.
2604 5712 2886 5770 Discretio
2906 5726 3039 5767 vero
3073 5727 3288 5785 magna
3306 5713 3495 5770 virtus
3516 5720 3632 5786 est,

1979 5802 2116 5874 quia
2138 5819 2239 5874 per
2259 5803 2451 5874 ipsam
2474 5802 2630 5865 mala
2649 5801 3041 5874 declinantur,
3059 5802 3285 5862 etbona
3296 5808 3630 5863 servantur.
