3916 6418
227 443 344 503 929

1113 440 1553 506 ADMONITIO
1599 448 1700 507 AD
1747 447 2266 510 NONSUINDAM
2316 447 2763 510 RECLUSAM.

3530 453 3651 512 930

227 571 1281 631 musadabhatemJoannem.Deinde
1309 578 1577 636 sedentes
1604 581 1888 651 coepimus
1916 583 1972 649 Α
2004 582 2235 649 benda;
2290 587 2493 636 contra
2539 581 2904 637 iracundiam
2959 597 3092 636 vero
3143 582 3456 653 patientia;
3508 603 3645 642 con-

224 663 385 735 loqui
438 662 509 718 de
557 661 783 717 visione
833 679 1008 734 quam
1076 664 1317 720 viderat.
1371 667 1652 723 Dicebant
1706 670 1883 724 etiam

226 753 292 810 de
323 752 534 808 abbate
581 751 805 824 Sysoio,
839 752 977 822 quia
1008 770 1120 807 non
1173 754 1284 809 cito
1316 756 1629 828 deponeret
1674 775 1885 814 manus

225 859 358 898 suas
384 861 398 912 ;
424 840 660 912 quando
690 841 885 895 stabat
906 841 976 895 ad
1012 841 1698 918 orationem,rapiebatur
1720 864 1885 902 mens

226 933 348 1002 ejus
379 931 438 985 in
471 929 973 1002 superioribus.Si
1007 937 1201 987 autem
1232 934 1625 1006 contingebat,
1655 935 1884 1007 aliquos

227 1023 468 1076 fratrum
538 1036 674 1075 cum
724 1035 790 1074 eo
843 1036 1027 1090 orare,
1075 1021 1389 1078 festinabat
1438 1024 1549 1080 cito
1599 1026 1887 1097 deponere

226 1126 434 1165 manus
466 1125 626 1174 suas,
648 1125 722 1163 ne
753 1113 1056 1180 raperetur
1087 1127 1253 1166 mens
1285 1114 1434 1183 ejus,
1455 1119 1511 1168 et
1542 1119 1883 1169 moreretur.

228 1198 460 1254 Dicebat
488 1198 663 1253 etiam
699 1195 852 1252 alius
880 1214 1073 1268 senex,
1109 1199 1245 1270 quia
1275 1200 1514 1256 assidua
1559 1204 1742 1258 oratio
1773 1205 1886 1259 cito

228 1287 461 1360 corrigit
509 1290 786 1342 mentem.
839 1287 1077 1342 Dicebat
1124 1287 1361 1359 quidam
1418 1295 1695 1362 patrum:
1750 1294 1888 1364 quia

230 1377 380 1433 sicut
408 1375 773 1448 impossibile
803 1382 978 1445 est,ut
999 1377 1189 1431 videat
1220 1379 1352 1449 quis
1384 1379 1443 1433 in
1475 1397 1627 1452 aqua
1652 1382 1890 1436 turbida

229 1467 431 1522 faciem
467 1482 675 1532 suam;
709 1465 792 1520 sic
823 1472 879 1519 et
927 1466 1143 1530 anima,
1176 1483 1301 1537 quae
1334 1485 1452 1522 non
1504 1475 1750 1542 purgata
1781 1471 1890 1525 fuit

229 1574 262 1612 a
310 1555 761 1628 cogitationibus
817 1553 1044 1621 alienis,
1097 1557 1480 1628 contemplari
1532 1577 1647 1614 non
1697 1565 1888 1631 potest

225 1642 672 1700 Deum.Audisti
695 1659 948 1714 quoque,
973 1645 1150 1715 quod,
1177 1647 1412 1716 quando
1444 1647 1624 1702 abbas
1646 1648 1887 1720 Sysolus

227 1752 341 1790 non
373 1736 484 1789 cito
514 1733 832 1788 dimitteret
864 1749 1074 1788 manus
1107 1751 1266 1799 suas,
1293 1735 1628 1807 rapiebatur
1659 1738 1715 1792 in
1749 1754 1886 1793 con-

225 1822 882 1894 templationem.Quare
915 1839 1050 1894 ergo
1083 1840 1317 1894 repente
1349 1824 1406 1879 in
1441 1826 1884 1899 contemplatio-

226 1929 355 1968 nem
405 1910 795 1984 rapiebatur?
826 1911 950 1966 sine
998 1912 1198 1981 duhio,
1253 1914 1391 1985 quia
1441 1916 1884 1973 mortiﬁcandus

228 2001 585 2058 erat.Audiat
613 2001 792 2056 etiam
825 1999 1055 2056 dilectio
1086 2004 1207 2069 tua,
1232 2019 1392 2075 rogo,
1417 2004 1589 2075 quale
1623 2006 1886 2061 studium

225 2093 428 2148 beatus
477 2090 698 2145 Paulus
741 2090 1064 2145 monachus
1108 2091 1315 2146 habuit
1363 2094 1590 2165 orandi,
1625 2096 1776 2166 quod
1826 2095 1886 2150 in

227 2179 619 2237 ecclesiastica
642 2179 892 2234 historia
913 2180 1198 2251 scriptum
1226 2181 1492 2237 habetur.
1520 2184 1650 2238 Fuit
1672 2178 1898 2240 Paulus.

223 2270 294 2324 de
326 2270 507 2342 Libya
556 2269 615 2324 in
667 2268 864 2342 Scythi
898 2285 1011 2323 non
1065 2269 1259 2326 minus
1310 2288 1487 2343 quam
1536 2273 1889 2346 quingentos

224 2359 544 2415 monachos
594 2358 837 2414 habens.
869 2357 1022 2413 Nihil
1072 2364 1269 2414 autem
1303 2362 1653 2432 operabatur
1703 2380 1890 2434 neque

220 2449 614 2522 percipiebat;
650 2465 765 2503 non
818 2448 973 2521 quod
1023 2449 1352 2505 comederet
1403 2455 1657 2522 tantum,
1690 2453 1892 2509 orabat

221 2545 415 2594 autem
469 2537 864 2607 solummodo,
917 2542 974 2592 et
1019 2536 1199 2593 veluti
1249 2541 1543 2610 quoddam
1602 2541 1889 2598 tributum

218 2627 447 2684 habens
465 2627 833 2699 impositum,
866 2630 1155 2682 trecentas
1171 2629 1464 2685 orationes
1490 2635 1601 2686 Deo
1626 2648 1889 2702 unaqua-

218 2735 330 2789 que
361 2717 456 2773 die
489 2717 792 2780 reddebat,
827 2720 884 2771 et
914 2732 985 2771 ne
1019 2733 1196 2772 unam
1230 2718 1470 2790 quidem
1512 2719 1888 2791 relinqueret,

215 2812 513 2863 trecentos
573 2803 800 2877 lapides
857 2805 1154 2876 ponebat:
1218 2806 1468 2878 singulis
1527 2809 1890 2865 orationibus

213 2895 472 2968 lapidem
526 2896 802 2967 ponebat,
835 2898 893 2949 et
923 2894 1174 2967 singulis
1226 2897 1588 2952 orationibus
1637 2899 1889 2970 lapidem

216 2987 492 3042 mittebat
515 2986 573 3038 in
590 2984 1101 3054 sinum.Expensis
1121 3001 1254 3039 vero
1277 2985 1574 3057 lapidibus
1600 2988 1892 3044 orationes

215 3076 442 3130 sciebat
473 3090 608 3130 esse
639 3071 1240 3144 completas.Multum
1272 3074 1452 3146 igitur
1473 3077 1756 3133 debemus
1790 3077 1894 3134 hu-

217 3164 458 3231 miliari,
495 3163 599 3235 qui
633 3161 804 3234 longe
854 3162 926 3217 ah
956 3161 1192 3218 illorum
1226 3163 1472 3231 meritis,
1508 3183 1760 3239 quorum
1793 3185 1891 3223 su-

214 3255 412 3326 perius
447 3252 676 3308 mentio
708 3251 860 3307 facta
889 3253 1383 3320 est,distamus,et
1415 3255 1498 3310 sic
1533 3256 1786 3328 prompti
1821 3257 1893 3312 ad

1995 675 2084 725 tra
2137 670 2406 746 timorem
2457 670 2748 725 mittenda
2796 675 2884 725 est
2928 671 3179 736 ﬁducia;
3231 678 3434 729 contra
3480 680 3646 748 tepo-

1995 776 2116 814 rem
2149 776 2280 813 vero
2330 758 2484 814 zelus
2517 765 2606 813 est
2645 760 3049 830 opponendus.
3083 761 3296 816 Contra
3345 763 3647 821 tristitiam

1994 864 2224 919 quoque
2251 847 2463 902 malam
2493 847 2890 902 adhibendum
2924 855 3014 904 est
3042 851 3323 921 gaudium
3355 853 3646 923 spiritale;

1996 941 2200 991 contra
2227 937 2488 991 acediam
2520 953 2652 991 vero
2687 937 2962 992 fortitudo
2989 943 3078 992 est
3100 943 3457 996 assumenda
3482 959 3493 995 :
3519 959 3649 997 con-

1993 1030 2083 1080 tra
2115 1025 2417 1084 avaritiam
2471 1026 2828 1080 assumenda
2859 1031 2947 1081 est
2995 1027 3272 1097 largitas;
3305 1035 3508 1084 contra
3547 1049 3649 1085 su-

1996 1115 2257 1185 perbiam
2305 1120 2500 1169 autem
2536 1113 2840 1169 humilitas
2872 1119 2959 1169 est
3009 1118 3405 1187 pr0ponenda.
3439 1121 3651 1176 Contra

1997 1203 2196 1258 odium
2228 1221 2360 1258 vero
2395 1203 2651 1258 Charitas
2686 1203 2872 1258 virtus
2904 1207 3259 1260 assumenda
3289 1211 3394 1262 est.
3433 1209 3508 1263 De
3541 1209 3650 1264 hoc

1997 1293 2173 1347 etiam
2206 1292 2524 1347 certamine
2557 1292 2771 1346 Paulus
2799 1291 2939 1346 dicit
2969 1293 3268 1364 apostolus
3299 1313 3310 1350 :
3348 1295 3489 1350 Caro
3519 1313 3646 1352 con-

1996 1383 2230 1449 cupiscit
2261 1382 2517 1436 adversus
2564 1382 2857 1451 spiritum,
2892 1383 3123 1448 spiritus
3150 1393 3332 1439 autem
3385 1386 3650 1442 adversus

1995 1488 2253 1537 carnem;
2290 1471 2405 1527 ha’c
2450 1472 2599 1525 enim
2630 1471 2739 1524 sibi
2770 1472 3000 1524 invicem
3040 1471 3414 1543 adversantur,
3448 1481 3509 1528 ut
3539 1491 3649 1530 non

1996 1576 2336 1632 quaecunque
2381 1560 2569 1625 vultis,
2604 1560 2707 1614 illa
2749 1562 2974 1630 faciatis
3014 1561 3154 1632 (Gal.
3187 1580 3238 1629 ν,
3297 1564 3403 1635 17).
3445 1563 3510 1618 Et
3560 1570 3649 1635 tu,

1997 1651 2112 1705 Deo
2145 1650 2484 1719 dicata,hazc
2514 1649 2756 1721 legendo
2778 1654 2833 1704 et
2863 1651 3156 1706 memoriae
3184 1653 3650 1708 commendando

1998 1740 2168 1793 stude
2192 1745 2394 1793 contra
2416 1738 2802 1809 hostisiniqui
2827 1739 3072 1796 insidias
3086 1739 3328 1795 viriliter
3349 1743 3648 1798 dimicare.

1999 1829 2056 1882 Si
2080 1833 2132 1881 te
2157 1825 2544 1882 somnolentia
2565 1827 3135 1896 gravat,studeillam
3159 1829 3386 1885 vincere
3399 1833 3649 1886 amando

1997 1916 2430 1989 vigiliam,quia
2460 1915 2848 1970 somnolentia
2880 1934 2981 1988 per
3010 1916 3270 1988 vigiliam
3303 1919 3644 1976 destruitur.

1998 2008 2056 2062 Si
2090 2015 2145 2061 te
2177 2005 2428 2061 delectat
2460 2003 2802 2059 balneorum
2843 2023 3006 2072 usus,
3043 2007 3234 2061 veniat
3265 2007 3366 2062 tibi
3400 2010 3469 2062 ad
3528 2027 3647 2065 me-

2001 2095 2246 2150 moriam
2279 2095 2485 2149 beatus
2515 2095 2766 2148 Jacobus
2799 2093 2976 2148 frater
3010 2095 3257 2160 Domini,
3292 2097 3388 2168 qui
3421 2098 3647 2168 primus

2002 2189 2130 2257 post
2161 2183 2455 2254 apostolos
2506 2181 3000 2253 Jerosolymorum
3031 2184 3176 2237 rexit
3207 2183 3540 2253 Ecclesiam,
3577 2188 3647 2242 de

1999 2272 2411 2345 qquosephus
2429 2272 2806 2340 narrat.quod
2822 2289 3128 2343 nunquam
3143 2290 3376 2339 carnem
3393 2277 3654 2331 comede-

1999 2362 2205 2427 rit,nec
2227 2360 2435 2415 balneo
2470 2376 2612 2414 usus
2644 2359 2816 2414 fuerit
2850 2376 3247 2432 unquam,nec
3273 2361 3443 2417 lineis
3475 2362 3652 2418 vesti-

2001 2453 2110 2506 bus
2136 2451 2308 2505 l'uerit
2329 2449 2593 2517 indutus,
2628 2465 2741 2504 non
2768 2453 2942 2519 caput
2965 2466 3136 2503 suum
3169 2451 3492 2506 secundum
3516 2468 3651 2507 con-

2000 2539 2368 2595 suetudinem
2395 2538 2586 2609 gentis
2613 2555 2729 2592 suae
2752 2537 2876 2592 oleo
2905 2538 3215 2593 unxerit.Si
3245 2539 3300 2593 in
3326 2539 3656 2595 delectatio-

2003 2645 2133 2684 nem
2159 2629 2265 2683 tibi
2308 2627 2526 2680 delicias
2549 2625 2808 2692 veniunt,
2842 2643 3099 2698 propone
3121 2632 3255 2682 ante
3293 2627 3494 2683 oculos
3521 2635 3653 2684 tuos

2000 2718 2283 2774 Joannem
2318 2717 2658 2787 Baptistam,
2695 2715 2792 2786 qui
2838 2715 2946 2770 fuit
2991 2717 3046 2769 in
3084 2722 3251 2772 utero
3289 2718 3492 2773 matris
3535 2735 3652 2774 sua;

2002 2805 2569 2871 sanctiﬁcatus,etdc
2584 2820 2697 2875 quo
2713 2803 2996 2858 Dominus
3009 2805 3182 2860 Jesus
3195 2805 3522 2877 dixit,quod
3541 2823 3654 2861 ma-

1994 2898 2091 2966 jor
2120 2895 2220 2949 illo
2262 2896 2408 2948 inter
2449 2899 2615 2949 natos
2646 2893 2958 2947 mulierum
3002 2911 3114 2947 non
3139 2899 3412 2948 surrexit.
3449 2896 3657 2951 Narrat

2003 2986 2176 3041 etiam
2202 2985 2270 3038 de
2293 3001 2358 3038 eo
2384 2988 2650 3037 sanctum
2677 2982 3238 3053 Evangelium,quod
3257 2983 3367 3037 mel
3391 2984 3656 3038 silvestre

2002 3081 2054 3129 et
2078 3074 2335 3128 locustas
2379 3072 2606 3126 edebat.
2642 3070 2699 3122 Si
2739 3071 2811 3134 ei,
2847 3071 2949 3140 qui
2982 3069 3042 3124 in
3074 3075 3128 3124 te
3161 3071 3381 3139 deccat,
3416 3071 3517 3143 qui
3548 3072 3654 3126 tibi

2003 3162 2277 3226 detrahit,
2327 3165 2427 3214 aut
2475 3157 2789 3228 maledicit,
2843 3164 2944 3213 aut
2973 3159 3031 3213 in
3084 3157 3280 3230 aliquo
3327 3158 3500 3228 lazdit,
3537 3177 3653 3217 non

2005 3257 2166 3325 potes
2218 3252 2538 3322 ignoscere,
2571 3249 2723 3302 sicut
2770 3247 2876 3312 vis,
2911 3247 3146 3302 veniant
3193 3249 3263 3304 ad
3310 3250 3653 3305 memoriam

213 3323 550 3399 orationem
585 3341 909 3396 faciendam
935 3357 1050 3396 non
1083 3358 1292 3397 sumus
1326 3347 1389 3397 ut
1417 3323 1725 3401 illi.Dratio
1759 3362 1892 3401 vero
1924 3323 1966 3389 (ἶ
2007 3323 2225 3413 quanta
2254 3343 2311 3394 et
2341 3337 2538 3410 qualia
2559 3353 2768 3408 passus
2801 3336 2975 3392 fuerit
2995 3354 3098 3409 pro
3129 3341 3186 3392 te
3210 3337 3478 3394 Christus
3511 3355 3654 3411 :pro

208 3435 419 3505 juncta
474 3429 920 3502 compunctioni
952 3447 1167 3502 magna
1197 3435 1287 3486 est
1333 3432 1537 3487 virtus.
1573 3433 1714 3488 Volo
1748 3451 1890 3505 quo-

214 3537 347 3594 que,
389 3525 456 3576 ut
486 3521 606 3575 hoc
637 3517 880 3574 solerter
911 3519 1205 3588 attendas,
1239 3521 1394 3592 quod
1426 3522 1595 3577 Jesus
1625 3521 1890 3578 Christus

209 3628 272 3666 ac
304 3610 806 3667 Salvatornoster
831 3606 1030 3663 volens
1058 3625 1221 3663 orare
1249 3611 1581 3665 ascenditin
1609 3617 1890 3666 montem.

208 3700 341 3756 Ideo
369 3701 565 3756 Jesus
614 3701 888 3753 oraturus
919 3697 978 3751 in
1011 3702 1269 3752 montem
1321 3700 1604 3766 ascendit,
1639 3705 1702 3755 ut
1745 3706 1800 3756 et
1828 3706 1891 3756 tu

207 3791 430 3846 orando
463 3791 530 3844 in
587 3791 850 3842 montem
894 3787 1272 3844 conscendas.
1303 3789 1688 3862 Nequaquam
1736 3788 1890 3846 enim

210 3881 427 3947 omnis,
464 3878 572 3951 qui
609 3881 756 3943 orat,
792 3876 850 3930 in
885 3880 1145 3931 montem
1177 3878 1460 3932 ascendit.
1485 3878 1583 3933 Ille
1614 3896 1768 3947 vero,
1792 3879 1892 3950 qui

207 3969 264 4023 in
315 3969 598 4024 oratione
643 3970 890 4020 mortem
959 3964 1181 4019 inimici
1236 3966 1325 4021 sui
1377 3968 1604 4038 quaerit,
1655 3973 1756 4023 aut
1803 3985 1893 4024 res

205 4058 412 4113 mundi
464 4056 684 4127 hujus,
719 4058 784 4108 ut
813 4053 1214 4109 honorabilior
1261 4056 1320 4109 in
1352 4055 1460 4111 hoc
1495 4058 1714 4111 mundo
1768 4074 1896 4113 esse

203 4148 411 4218 possit,
448 4160 842 4218 nequaquam
877 4143 935 4197 in
971 4150 1227 4198 montem
1262 4145 1526 4199 ascendit
1557 4147 1798 4202 orando.
1821 4151 1896 4201 At

203 4241 428 4303 contra,
465 4235 576 4308 qui
633 4233 692 4287 in
738 4233 999 4288 oratione
1032 4250 1135 4304 pro
1187 4234 1444 4289 remedio
1493 4235 1702 4290 anima:
1753 4253 1895 4305 suae,

202 4326 319 4382 sive
371 4343 484 4398 pro
544 4323 804 4380 aliorum
854 4322 1127 4394 peccatis,
1163 4322 1475 4378 Dominum
1527 4324 1896 4396 deprecatur,

200 4414 308 4470 iste
340 4414 476 4470 sine
509 4412 704 4468 dubio
736 4411 796 4465 in
829 4417 1089 4467 montem
1131 4415 1406 4467 oraturus
1439 4413 1720 4468 ascendit.
1753 4413 1899 4469 Vide

202 4508 265 4558 ut
303 4505 429 4559 haec
478 4503 657 4575 legas
692 4504 932 4566 attente,
985 4500 1099 4555 Deo
1148 4501 1358 4570 dicata,
1412 4506 1477 4557 ut
1524 4501 1784 4558 ordinate
1829 4503 1900 4566 de

205 4593 684 4649 mortiﬁcatione
713 4589 913 4646 venias
947 4590 1019 4644 ad
1053 4592 1591 4662 compunctionem,
1617 4609 1900 4663 compun-

2002 3436 2055 3486 te
2087 3431 2274 3485 factus
2323 3433 2411 3482 est
2443 3427 2636 3495 homo,
2672 3426 2958 3496 mortalis,
3006 3427 3425 3500 corruptibilis,
3466 3428 3658 3500 passi-

2003 3519 2155 3584 bilis,
2190 3518 2290 3589 qui
2322 3521 2446 3572 erat
2476 3514 2852 3582 immortalis,
2880 3515 3287 3588 impassibilis.
3321 3517 3659 3589 Assumpsit

2003 3626 2106 3680 pro
2138 3613 2193 3662 te
2225 3622 2458 3660 carnem
2491 3621 2559 3660 ex
2589 3603 2844 3676 Virgine,
2877 3604 2934 3658 in
2969 3621 3086 3676 qua
3117 3609 3414 3676 pateretur
3444 3611 3501 3660 et
3531 3623 3654 3660 mo-

2004 3702 2226 3752 reretur
2250 3715 2263 3765 ;
2284 3713 2383 3767 pro
2415 3700 2470 3750 te
2502 3711 2734 3766 quoque
2753 3693 2860 3747 fuit
2882 3692 3421 3766 flagellatus,alapis
3443 3711 3650 3762 caasus,

2004 3788 2194 3859 sputis
2225 3783 2642 3856 linitus,spinis
2674 3784 3086 3850 coronatus,ad
3119 3789 3444 3839 extremum
3475 3784 3651 3841 etiam

2004 3876 2316 3932 cruciﬁxus
2344 3893 2356 3943 ;
2387 3891 2490 3945 pro
2523 3880 2576 3928 te
2605 3873 2725 3928 haec
2758 3873 2955 3928 omnia
2983 3872 3264 3928 sustinuit
3293 3873 3655 3944 Christus,ut

2004 3970 2059 4021 te
2092 3983 2125 4020 a
2155 3963 2373 4018 diaboli
2427 3967 2711 4034 potestate
2750 3961 3040 4017 liberaret.
3073 3962 3338 4017 Pendens
3385 3978 3517 4017 vero
3549 3979 3659 4035 pro.

2005 4060 2062 4110 te
2096 4055 2152 4108 in
2186 4069 2374 4118 cruce,
2411 4051 2549 4123 quid
2586 4051 2814 4106 dicebat
2848 4068 2860 4105 :
2892 4052 3074 4117 Pater,
3103 4052 3317 4118 ignosce
3358 4051 3492 4118 illis,
3524 4055 3658 4122 quia.

2006 4146 2254 4200 nesciunt
2285 4142 2414 4214 quid
2441 4141 2697 4212 faciunt?
2727 4142 2875 4212 (Luc.
2910 4157 3068 4206 XXIII,
3099 4141 3212 4211 34.)
3247 4139 3345 4195 Ille
3375 4157 3532 4214 ergo,
3559 4142 3661 4213 qui

2010 4235 2135 4291 sine
2169 4236 2400 4305 peccato
2431 4231 2826 4302 occidebatur,
2860 4247 2964 4301 pro
2995 4230 3120 4286 suis
3151 4229 3406 4285 inimicis
3438 4232 3662 4300 orabat,

2010 4330 2064 4379 et
2094 4328 2157 4379 tu
2191 4322 2236 4378 si
2272 4321 2531 4393 aliquam
2568 4319 2896 4375 molestiam
2935 4319 3176 4390 patiaris
3208 4320 3279 4374 ab
3313 4319 3663 4390 aliquo,non

2012 4419 2178 4484 potes
2209 4428 2277 4466 ex
2307 4416 2425 4466 toto
2457 4410 2629 4466 corde
2659 4409 2972 4464 dimittere.
3006 4408 3187 4464 Credo
3219 4424 3474 4479 quoque,
3509 4408 3664 4479 quod

2011 4503 2060 4556 si
2094 4502 2225 4568 ista,
2257 4517 2382 4571 quae
2415 4499 2564 4564 dico,
2600 4497 2892 4552 subtiliter
2923 4497 3180 4568 cogitare
3213 4495 3507 4566 volumus,
3540 4513 3666 4552 om-

2013 4591 2186 4646 nibus
2224 4589 2282 4643 in
2312 4595 2369 4643 te
2392 4587 2772 4659 peccantibus
2800 4603 2867 4641 ex
2897 4590 3015 4641 toto
3065 4587 3238 4642 corde
3283 4585 3448 4642 facile
3476 4584 3668 4641 dimit-

203 4684 602 4755 ctionemque
637 4680 907 4735 habendo
940 4696 1111 4735 nosse
1143 4696 1325 4752 queas
1358 4681 1604 4737 modum
1637 4681 1863 4737 orandi.
1935 4697 1980 4761 D
2015 4686 2136 4735 tere
2172 4677 2547 4749 p0teris.Hch
2573 4675 3059 4742 meditando,haac
3091 4681 3284 4730 mente
3301 4674 3668 4730 discutienda

529 4774 675 4825 CAP.
709 4767 831 4822 XII.
867 4799 933 4808 —
965 4769 1038 4823 De
1061 4784 1260 4841 pugna
1290 4771 1577 4826 vitiorum.

270 4863 344 4918 Et
374 4862 531 4934 quia
586 4857 788 4914 lucide
819 4857 889 4913 de
919 4856 1221 4912 nonnullis
1262 4858 1549 4913 instructa
1577 4875 1638 4914 es
1670 4857 1899 4913 virtuti-

2015 4768 2230 4841 poteris
2262 4767 2409 4822 iram
2443 4765 2918 4838 vincere,poteris
2950 4782 3153 4820 omnes
3180 4761 3669 4835 diligere,poteris

2015 4857 2258 4928 implere
2291 4856 2388 4912 Dei
2440 4860 2793 4927 praeceptum
2837 4872 2850 4910 :
2883 4856 3113 4927 Diligilc
3159 4855 3410 4908 inimicos
3443 4856 3666 4923 vestros,

2018 4947 2321 5018 benefacz’tc
2369 4945 2478 5011 his,
2510 4946 2608 5016 qui
2657 4962 2744 5000 vos
2775 4947 3032 5011 oderunt,
3065 4948 3116 5000 et
3163 4946 3312 4998 orate
3336 4958 3439 5013 pro
3482 4957 3667 5012 perse-

2015 5037 2306 5106 quentibus
2356 5042 2406 5088 el
2451 5034 2920 5088 calumniantibus
2971 5049 3057 5087 vos
3106 5031 3316 5102 (Matth.
3348 5047 3404 5097 ν,
3457 5030 3566 5097 44).
3611 5029 3672 5085 Si

2018 5125 2122 5180 tibi
2174 5123 2398 5179 venerit
2445 5122 2717 5178 voluntas
2785 5121 3056 5193 vagandi,
3112 5119 3299 5176 recole
3345 5119 3502 5191 quod
3541 5121 3670 5190 jam

2019 5221 2249 5270 mortua
2297 5231 2379 5282 es,
2413 5213 2567 5284 quod
2620 5212 2896 5267 crucifixa
2924 5229 3006 5267 es.
3039 5211 3352 5282 Nunquam
3398 5209 3672 5266 cruciﬁxo

2019 5303 2242 5359 homini
2293 5305 2452 5358 venit
2499 5301 2767 5358 voluntas
2816 5301 3110 5373 vagandi:
3148 5318 3287 5366 non,
3342 5299 3482 5371 quia
3528 5297 3673 5360 nihil

2018 5393 2234 5464 cogitat
2265 5390 2376 5446 nisi
2409 5392 2478 5445 de
2506 5394 2690 5445 morte
2720 5390 2922 5446 sua.Et
2952 5396 3013 5445 tu
3039 5391 3159 5461 jrm
3194 5393 3425 5446 mortua
3455 5405 3516 5444 es
3539 5387 3674 5444 huic

2020 5479 2414 5536 mundo.Vide
2442 5483 2634 5534 autem
2665 5495 2735 5534 ne
2764 5485 2826 5534 tu
2850 5478 3064 5550 illi,aut
3085 5479 3182 5536 ille
3208 5479 3314 5534 tibi
3340 5476 3670 5534 reviviscat:

2020 5571 2112 5626 dic
2162 5569 2357 5641 potius
2415 5585 2548 5623 cum
2607 5568 2869 5640 apostolo
2929 5569 3107 5624 Paulo
3169 5586 3182 5622 :
3248 5567 3390 5624 Mihi
3435 5565 3674 5621 mundus

2019 5659 2313 5730 cruciﬁxus
2363 5666 2439 5714 est
2476 5660 2525 5712 et
2556 5673 2650 5728 ego
2682 5658 2881 5715 mundo
2929 5657 3073 5728 (Gal.
3108 5675 3189 5726 v1,
3237 5656 3345 5728 14).
3380 5655 3509 5710 Ηωο
3539 5666 3670 5706 vero

2021 5748 2328 5822 cogitando
2377 5747 2597 5823 poteris
2640 5748 2869 5807 vincere
2910 5739 3306 5827 vagationem.’
3328 5742 3478 5803 Audi
3527 5737 3670 5816 quid

201 4953 332 5023 bus,
368 4954 573 5007 restat
629 4951 696 5002 ut
737 4951 932 5002 mente
978 4948 1326 5020 perpendas,
1362 4953 1580 5020 quanta
1625 4947 1784 5003 lucta
1828 4948 1904 5003 sit

198 5043 485 5098 vitiorum
512 5039 817 5096 adversus
845 5036 1112 5092 virtutes.
1145 5041 1422 5109 Magnum
1459 5053 1687 5108 quoque
1721 5043 1904 5093 certa-

204 5149 336 5188 men
389 5135 490 5188 est
544 5126 840 5184 vitiorum
886 5126 1167 5182 adversus
1215 5127 1480 5182 virtutes.
1535 5126 1700 5182 Tunc
1747 5127 1904 5181 enim

204 5222 424 5295 poteris
478 5215 704 5276 omnia
742 5215 881 5271 vitia
923 5215 1155 5272 vincere
1205 5216 1586 5288 repugnando
1635 5233 1766 5270 cum
1817 5216 1905 5270 di-

203 5312 334 5368 vino
387 5305 737 5381 adjutorio,
771 5304 819 5360 si
861 5310 1065 5360 contra
1111 5305 1251 5360 vitia
1282 5305 1516 5378 singula
1563 5306 1907 5378 opposueris

201 5395 672 5458 virtutes.Solet
687 5393 843 5450 enim
863 5393 1352 5467 pugnavitiorum
1369 5395 1649 5450 adversus
1663 5394 1907 5450 virtutes

202 5493 270 5547 ad
303 5491 669 5565 profectum
705 5482 966 5539 hominis
991 5484 1188 5540 venire
1218 5484 1391 5556 ;quia
1420 5501 1522 5556 per
1554 5483 1697 5539 illud
1725 5489 1906 5539 certa-

202 5598 334 5640 men
369 5595 556 5638 mens
584 5571 908 5642 excitatur,
935 5577 989 5628 et
1023 5573 1095 5628 ab
1126 5573 1397 5628 elationis
1428 5571 1565 5628 vitio
1598 5577 1905 5646 purgatur.

201 5677 416 5729 Contra
467 5661 740 5740 singula
785 5679 1019 5734 quoque
1067 5662 1209 5718 vitia
1252 5663 1498 5718 virtutes
1547 5667 1687 5718 sunt
1736 5661 1908 5718 adhi-

199 5762 402 5823 bendae
441 5776 454 5820 :
494 5758 732 5817 contra
758 5749 1050 5810 luxuriam
1081 5751 1375 5810 munditia
1405 5750 1597 5811 cordis
1629 5755 1721 5810 est
1749 5750 1910 5808 adhi-
