3916 6474
170 472 289 532 943

1141 465 1208 522 S.
1255 458 1658 521 BRUNONIS
1703 455 2212 517 COLONIENSIS
2257 456 2619 517 ARCHIEP.

3468 456 3591 517 944

173 600 554 669 memorim,et
579 598 726 657 satis
756 615 790 654 a
818 593 1297 670 prudentioribus
1326 589 1819 655 intellectum,ho-
1849 590 1906 656 Α
1937 587 2393 657 Marahensium,
2427 604 2577 658 quos
2603 586 2717 643 sibi
2736 586 3037 658 nonlonge
3055 586 3383 658 anteimpia
3413 604 3589 644 usur-

174 706 271 747 mo
300 688 526 746 homini
553 688 693 760 quid
729 689 967 759 prestat
1003 686 1091 753 "0,
1123 682 1211 738 vel
1244 679 1487 736 excellat
1516 680 1606 734 2“.
1641 678 1821 748 Cujus

173 778 438 851 plerique
455 778 525 813 “3
555 776 711 832 dicta
740 778 799 830 et
827 790 1022 846 opera,
1056 772 1157 844 qui
1187 771 1256 805 ³⁸³
1306 767 1656 825 familiarius
1687 783 1822 822 eum

174 870 475 934 noverant,
510 865 656 921 satis
686 861 965 918 admirari
996 860 1340 931 nequibant.
1370 857 1548 912 Erant
1578 856 1736 912 enim
1762 855 1821 910 in

173 971 291 1011 uno
322 954 419 1011 illo
452 954 689 1010 homine
719 968 811 1006 res
839 949 1006 1005 valde
1030 946 1349 1004 dissimiles
1375 962 1387 1001 :
1415 944 1702 1000 natalium
1727 961 1823 998 no-

173 1042 393 1116 bilitas,
425 1042 713 1098 honorum
744 1035 1305 1111 dignitas,scientiaa,
1332 1051 1458 1106 qua:
1490 1034 1694 1088 inflare
1726 1049 1819 1087 so-

173 1130 274 1198 let,
304 1134 470 1187 tanta
499 1128 832 1187 sublimitas
860 1127 947 1195 3“,
982 1129 1047 1181 ut
1084 1122 1232 1179 nihil
1265 1140 1446 1195 supra
1476 1121 1657 1178 animi
1686 1137 1819 1177 vero

172 1224 232 1275 et
262 1219 497 1276 habitus
543 1215 846 1272 humilitas
895 1217 1182 1286 quantum
1239 1230 1274 1268 a
1302 1211 1703 1284 sagacioribus
1732 1209 1818 1264 di-

172 1307 362 1364 scerni
392 1305 603 1380 potuit,
626 1308 692 1360 ut
719 1303 867 1359 nihil
888 1302 1041 1358 infra
1063 1306 1323 1374 putares.
1349 1300 1497 1356 Nam
1527 1299 1594 1340 ³⁸⁵
1627 1298 1820 1354 media

168 1395 452 1451 charitate
471 1396 770 1450 constrata
785 1391 1298 1449 sunt.Arridebant
1317 1390 1385 1425 ²¹ι⁶
1402 1389 1452 1445 ei
1470 1388 1672 1445 omnia
1692 1404 1818 1460 quis

167 1484 239 1539 ad
270 1484 490 1539 fastum
520 1485 919 1554 suppeterent,
952 1497 1080 1552 quae
1107 1480 1174 1514 ’37
1207 1496 1241 1534 a
1267 1480 1335 1515 ²¹θ⁸
1357 1495 1419 1534 se
1441 1490 1673 1549 semper
1701 1481 1820 1532 stu.

167 1570 500 1628 diosissime
523 1568 814 1641 vigilantis
832 1569 902 1605 "9
926 1585 1104 1625 manu
1128 1566 1500 1623 discretionis
1524 1568 1815 1638 abegerat.

164 1664 253 1715 Ita
282 1658 430 1715 illud
460 1660 534 1715 ad
565 1657 766 1715 oculos
795 1658 1129 1725 hominum,
1163 1655 1323 1712 aliud
1356 1656 1429 1711 ad
1460 1659 1670 1710 testem
1700 1670 1820 1709 cor-

166 1746 332 1803 dium
363 1747 675 1804 exhibebat
705 1747 794 1802 95°.
836 1746 1015 1817 Cujus
1065 1744 1527 1801 conversationis
1555 1741 1818 1814 exemplo

166 1834 455 1908 plurimos
486 1834 800 1892 salubriter
818 1834 1048 1891 institui
1069 1850 1240 1906 posse
1263 1831 1640 1900 credimus,si
1663 1847 1819 1886 eam-

166 1925 299 2018 dem
331 1924 581 1980 strictim
608 1940 643 1979 a
671 1922 921 2018 pueritia
941 1926 1299 2018 repetamus.
1320 1921 1547 2018 Habent
1576 1919 1731 2018 enim
1758 1923 1815 2018 in
1846 1952 1893 2018 B

164 2011 268 2067 illa
298 2013 619 2069 mediocres
649 2016 707 2067 et
725 2011 1000 2080 humiles,
1027 2011 1181 2066 unde
1207 2009 1616 2066 convalescant
1639 2026 1652 2063 :
1679 2007 1818 2063 elati

164 2106 368 2157 contra
396 2104 454 2157 et
498 2100 730 2168 divites,
782 2101 937 2155 unde
984 2100 1425 2168 obstupescant.
1474 2100 1814 2153 Attavorum

159 2190 291 2260 ejus
306 2188 482 2245 attavi
499 2205 687 2259 usque
701 2189 773 2244 ad
795 2188 1102 2245 hominum
1125 2187 1468 2243 memoriam
1496 2202 1699 2243 omnes
1720 2203 1819 2241 no-

156 2276 433 2333 bilissimi
457 2293 473 2345 ;
499 2276 697 2333 nullus
718 2277 778 2332 in
797 2293 1001 2332 eorum
1035 2276 1215 2348 stirpe
1238 2276 1474 2347 ignotus
1497 2276 1587 2344 ’5‘,
1613 2274 1812 2330 nullus

156 2365 410 2439 degener
436 2364 606 2422 facile
635 2365 704 2399 ²⁸²
733 2365 1022 2437 reperitur
1045 2382 1058 2432 ;
1084 2363 1178 2419 hic
1200 2369 1394 2420 tamen
1418 2363 1815 2431 omnes,salva

158 2458 548 2526 augustorum
572 2457 629 2509 et
648 2469 853 2526 regum
879 2452 1482 2523 excellentia,omnino
1517 2453 1811 2524 perspica-

162 2542 400 2599 cissime
416 2541 903 2598 lineamentorum
926 2540 1355 2613 gratia,artium
1380 2540 1587 2613 gloria,
1606 2545 1664 2595 et
1695 2557 1815 2595 om-

164 2630 379 2702 nigena
395 2629 576 2686 animi
593 2647 659 2687 su
671 2629 1245 2702 perabatindustria:
1269 2632 1442 2684 natus
1465 2645 1531 2684 eo
1551 2634 1813 2699 tempore

160 2721 332 2788 (925),
366 2736 481 2792 quo
530 2723 696 2791 pater
741 2719 869 2789 ejus
916 2718 1200 2773 Henricus
1230 2718 1301 2750 95'
1351 2733 1445 2771 rex
1494 2716 1809 2787 gloriosus,

161 2808 490 2881 perdomita
520 2808 590 2843 9“
617 2806 1003 2862 barbarorum
1052 2806 1291 2873 saevitia,
1335 2821 1601 2875 represso
1628 2805 1807 2860 etiam

157 2893 450 2950 intestina
479 2893 664 2950 cladis
696 2892 972 2964 periculo,
1003 2893 1200 2947 diruta
1224 2907 1436 2962 magno
1459 2891 1654 2946 studio
1678 2909 1813 2947 rea:-

159 2982 457 3049 diﬁcabat,
474 2987 534 3038 et
551 2980 842 3037 volentem
864 2979 1149 3052 populum
1163 2980 1186 3051 j
1199 2980 1410 3035 ustitiae
1432 2979 1612 3034 frenis
1632 2980 1690 3034 in
1713 2984 1806 3034 tu-

161 3070 394 3127 tissima
412 3074 471 3127 et
492 3068 864 3142 optatissime
891 3069 958 3103 ³⁵⁵
987 3068 1227 3123 demum
1261 3084 1400 3139 pace
1432 3068 1688 3139 regebat.
1725 3068 1810 3123 Ita

159 3158 484 3214 nativitatis
509 3158 638 3228 ejus
667 3161 903 3230 tempus
922 3157 1051 3227 jam
1082 3155 1251 3226 quasi
1285 3156 1482 3215 futura
1513 3156 1675 3211 bonae
1706 3173 1803 3211 vo-

158 3244 404 3302 luntatis
434 3246 564 3317 ejus
591 3244 848 3318 insignia
895 3244 1256 3316 praeferebat.
1289 3243 1434 3298 Nam
1466 3260 1600 3299 cum
1631 3261 1806 3301 omne

1933 678 2091 746 pavit
2119 677 2373 745 licentia,
2400 677 2708 749 plerasque
2736 676 3065 748 provincias
3088 676 3251 747 regni
3274 678 3403 748 ejus
3434 677 3587 733 ferro

1932 772 1988 821 et
2016 766 2149 837 igne
2174 765 2345 839 longe
2377 764 2607 837 lateque
2637 766 2903 821 vastavit.
2929 766 3059 820 Dies
3082 770 3236 832 ante,
3262 783 3439 837 quam
3472 766 3586 821 hu-

1922 856 2027 925 jus
2059 856 2195 911 mali
2228 855 2499 910 materies
2546 854 2823 909 narrandi
2857 856 2925 888 253
2972 854 3243 910 deﬁceret
3272 856 3359 911 ³⁸⁸.
3395 856 3586 911 Trans

1936 946 2190 999 Hrenum
2214 945 2282 986 255
2311 945 2670 999 occidentem
2693 960 2897 999 versus
2918 944 3087 998 nobis
3119 944 3316 999 omnia
3345 944 3590 1000 rebella-

1932 1033 2094 1103 bant,
2116 1034 2230 1105 ipsi
2258 1037 2414 1088 certe
2435 1032 2597 1103 regni
2621 1032 2810 1087 adhuc
2836 1032 3070 1103 angusti
3103 1034 3171 1067 ²⁶⁶
3203 1032 3495 1107 principes
3524 1035 3584 1089 in

1931 1140 2039 1178 sua
2066 1123 2290 1178 viscera
2319 1138 2465 1192 pene
2494 1120 3005 1176 irremediabiliter
3063 1122 3416 1192 saeviebant;
3451 1139 3585 1195 qum

1931 1211 2131 1266 omnia
2157 1210 2246 1265 vel
2276 1226 2539 1265 resecare
2568 1208 2658 1264 vel
2690 1225 2897 1264 sanare
2928 1211 2994 1244 ²⁶⁷
3027 1227 3198 1266 nemo
3229 1211 3344 1266 nisi
3376 1212 3588 1283 praeci-

1931 1317 2048 1371 pua
2076 1300 2287 1355 virtute
2317 1304 2374 1354 et
2404 1297 2687 1371 singulari
2720 1300 2999 1370 praeditus
3037 1300 3332 1355 industria
3360 1306 3581 1372 posset.

1931 1390 2041 1445 Sed
2066 1394 2195 1461 post
2215 1387 2647 1460 aliquantulum
2671 1388 2739 1423 ³⁸⁸
2762 1388 3039 1459 temporis
3065 1393 3266 1445 tantus
3288 1390 3465 1446 timor
3479 1407 3585 1462 per

1929 1478 2178 1550 gratiam
2198 1477 2453 1533 divinam
2473 1477 2688 1533 invasit
2703 1481 3031 1545 extraneos,
3060 1482 3124 1533 ut
3148 1478 3296 1533 nihil
3320 1495 3582 1551 unquam

1930 1569 2014 1622 eis
2043 1571 2197 1623 esset
2228 1566 2696 1633 formidabilius;
2728 1570 2934 1622 tantus
2964 1583 3130 1622 amor
3159 1567 3454 1641 colligavit
3485 1570 3584 1623 do-

1930 1656 2227 1723 mesticos,
2263 1660 2328 1711 ut
2373 1655 2520 1710 nihil
2577 1671 2837 1725 unquam
2895 1655 2955 1710 in
3004 1657 3267 1727 quolibet
3301 1658 3581 1728 potentis-

1929 1745 2081 1800 simo
2112 1761 2290 1816 regno
2322 1743 2693 1815 conjunctius
2727 1744 3039 1799 videretur.

2000 1836 2052 1888 4.
2086 1835 2164 1889 Eo
2196 1840 2456 1904 tempore
2486 1834 2633 1904 (929)
2673 1849 2959 1904 generosa
2988 1849 3192 1906 regum
3224 1835 3436 1906 proles,
3469 1852 3580 1891 an-

1929 1939 2037 1978 nos
2063 1922 2294 1978 circiter
2323 1925 2574 1993 quatuor
2604 1921 2846 1992 habens,
2879 1921 3221 1979 liberalibus
3249 1923 3578 1979 litterarum

1928 2011 2142 2067 studiis
2169 2011 2488 2066 imbuenda
2519 2011 2587 2045 ’39
2628 2009 2893 2066 Baldrico
2936 2011 3247 2066 venerabili
3280 2012 3580 2083 episcopo,

1927 2101 2025 2171 qui
2059 2101 2251 2155 adhuc
2290 2106 2558 2172 superest
2606 2099 2812 2169 (1926),
2865 2100 3220 2169 Trajectum‘
3249 2100 3429 2155 missa
3460 2105 3573 2155 est.

1927 2188 2036 2244 Ubi
2068 2206 2201 2243 cum
2232 2190 2357 2261 ipse
2388 2187 3003 2260 disciplinabiliterm,
3038 2193 3101 2241 ut
3129 2193 3269 2259 puta
3290 2187 3451 2243 bonas
3484 2187 3575 2242 in-

1926 2277 2076 2333 dolis
2108 2294 2271 2349 puer,
2303 2277 2535 2349 ingenio
2583 2276 2776 2347 sagaci
2820 2278 3141 2348 proficeret,
3171 2275 3360 2331 invisa
3388 2276 3578 2331 Nord-

1925 2383 2280 2422 mannorum
2298 2367 2362 2407 971
2390 2362 2727 2437 tyrannide's
2748 2366 2815 2398 ’7’
2837 2364 3005 2435 quasi
3026 2365 3093 2399 ’73
3118 2381 3219 2435 per
3233 2363 3582 2434 hujusmodi

1923 2455 2188 2511 obsidem
2216 2453 2583 2527 aliquantum
2629 2453 2914 2525 refriguit,
2950 2458 3007 2507 et
3037 2452 3303 2509 Ecclesiae
3336 2453 3576 2509 demum

1924 2548 2246 2615 caeteraque
2283 2544 2351 2577 ’7‘
2380 2542 2644 2609 aedilicia,
2693 2558 2945 2612 quorum
3001 2542 3181 2596 ruina.-
3212 2542 3305 2596 vix
3334 2541 3578 2596 exstite-

1922 2637 2055 2688 rant
2083 2633 2172 2700 ’πη
2204 2631 2312 2686 hac
2342 2630 2644 2685 occasione
2666 2634 3002 2685 restaurata:
3032 2631 3100 2664 ³⁷⁸
3122 2635 3282 2685 sunt.
3308 2631 3394 2685 Ita
3415 2628 3579 2684 nulla

1923 2738 2041 2776 suae
2072 2721 2259 2775 aetatis
2282 2718 2474 2790 spatia
2499 2718 2722 2787 absque
2744 2718 2809 2751 ³⁷⁷
2830 2716 3083 2773 utilitate
3108 2722 3322 2773 sancta:
3348 2717 3451 2774 Dei
3473 2718 3578 2773 Ec-

1922 2808 2106 2864 clesiae
2138 2805 2638 2877 transigebat.Per
2666 2804 2860 2875 ipsum
2894 2804 3072 2872 enim,
3097 2804 3231 2860 licet
3260 2806 3454 2861 adhuc
3486 2807 3578 2861 in-

1921 2896 2271 2965 scium,jam
2294 2892 2654 2947 christianus
2676 2890 2928 2963 populus
2952 2892 3024 2947 ab
3046 2892 3319 2949 hostibus
3340 2893 3577 2963 liber,in

1920 2984 2021 3039 Dei
2051 2983 2327 3038 laudibus
2348 2979 2922 3036 exsultabat.l)einde
2945 2981 3045 3035 ubi
3070 2980 3261 3053 prima
3280 2998 3580 3053 gramma-

1917 3072 2044 3127 ticae
2076 3071 2218 3128 artis
2243 3069 2575 3126 rudimenta
2624 3070 2900 3141 percepit,
2934 3070 3088 3125 sicut
3118 3071 3190 3124 ab
3222 3072 3349 3141 ipso
3382 3072 3441 3126 in
3477 3073 3576 3128 Dei

1917 3159 2333 3232 omnipotentis
2360 3159 2607 3230 gloriam
2630 3158 2738 3213 hoc
2760 3159 2973 3229 saepius
2996 3159 3332 3214 ruminante
3362 3160 3570 3216 didici-

1922 3267 2080 3306 mus.
2120 3248 2506 3303 Prudentium
2531 3252 2759 3319 poetam
2782 3248 3043 3302 tradente
3067 3248 3349 3319 magistro
3379 3248 3573 3321 legere

162 3334 318 3406 quod
342 3312 561 3390 bonum
584 3312 741 3389 esset
758 3335 824 3367 ³⁵⁸
845 3312 1212 3389 vivacissima
1236 3348 1467 3404 semper
1488 3337 1808 3405 appeteret,
1840 3312 1883 3379 (αἶ
1924 3342 2115 3411 coepit.
2137 3337 2243 3403 Qui
2267 3336 2419 3393 sicut
2443 3312 2609 3391 est-et
2628 3336 2737 3391 fide
2762 3312 3198 3407 intentioneque
3221 3312 3569 3405 catholicus,

163 3421 327 3494 pacis
352 3422 573 3477 donum
617 3420 788 3492 quasi
837 3420 1262 3476 nutrimentum
1307 3424 1363 3475 et
1393 3426 1808 3476 ornamentum

163 3509 461 3580 quoddam
491 3513 833 3565 caeterorum
856 3510 922 3544 957
953 3509 1234 3564 virtutum
1262 3508 1569 3564 sollicitius
1591 3510 1811 3581 expeti-

163 3598 266 3662 vit.
283 3598 437 3670 quod
452 3597 621 3654 bonis
638 3598 913 3654 omnibus
928 3599 1297 3669 profuturum
1313 3598 1812 3670 praescivit.'l‘ran-

164 3685 451 3757 quilitatis
472 3687 629 3744 enim
651 3690 911 3759 tempore
936 3686 1146 3742 nutriri
1170 3687 1237 3721 ³⁵⁸
1258 3686 1473 3741 debent
1491 3692 1549 3742 et
1570 3686 1809 3743 solidari

164 3776 426 3842 virtutes,
462 3780 526 3831 ut
556 3775 988 3847 perturbatione
1013 3774 1272 3847 qualibet
1292 3774 1619 3846 ingruente,
1641 3793 1674 3831 a
1696 3780 1810 3831 sta-

160 3865 259 3919 tus
290 3864 380 3920 sui
412 3863 611 3937 vigore
639 3863 938 3919 hominem
969 3863 1218 3919 emolliri
1260 3881 1374 3918 non
1405 3865 1696 3920 desinant.

233 3953 267 4006 3
295 3951 482 4007 Nimis
514 3952 753 4025 longum
784 3957 873 4008 est
924 3953 1196 4024 prosequi
1229 3954 1317 4020 259,
1352 3955 1646 4025 quomodo
1680 3971 1806 4010 me-

164 4044 428 4097 moratus
449 4056 565 4107 rex,
586 4045 750 4113 pater
770 4040 948 4115 hujus
974 4040 1168 4112 magni
1191 4041 1296 4096 viri
1319 4042 1388 4096 de
1412 4058 1525 4114 quo
1549 4043 1803 4115 agimus,

160 4129 233 4183 ad
263 4127 425 4185 illam
455 4132 576 4185 tam
625 4133 801 4202 gratas
839 4130 999 4201 pacis
1054 4131 1424 4186 serenitatem
1456 4132 1803 4202 pervenerit,

161 4233 292 4272 cum
327 4217 452 4289 ipse
481 4217 679 4273 omnia
708 4218 871 4290 regni
892 4218 962 4254 ²⁶⁰
992 4219 1183 4291 spatia
1212 4224 1269 4274 et
1299 4220 1592 4275 continuis
1624 4222 1802 4276 ﬁniti-

160 4321 391 4361 morum
405 4306 841 4362 incursionibus
854 4309 911 4362 et
922 4307 1610 4379 gravissimisintercives
1623 4312 1801 4366 etiam

158 4397 218 4447 et
245 4393 313 4429 ²⁶¹
346 4398 625 4467 cognatos
654 4394 1115 4451 dissentionibus
1134 4411 1424 4452 concussa
1443 4401 1498 4452 et
1530 4399 1803 4454 atrociter

156 4485 359 4538 vexata
372 4483 651 4555 repererit
668 4483 757 4537 9".
782 4483 927 4539 Hinc
939 4484 1152 4540 etenim
1177 4501 1325 4540 saeva
1341 4485 1636 4542 Danorum
1655 4504 1799 4560 gens

155 4572 313 4626 terra
339 4570 602 4642 marique
624 4576 849 4644 potens,
882 4570 1019 4629 inde
1050 4573 1323 4629 centifida
1339 4575 1674 4633 Sclavorum
1708 4596 1799 4634 ra-

1921 3434 1979 3485 et
2007 3426 2336 3499 eloquentia
2371 3424 2728 3497 veritateque
2778 3425 3124 3497 praecipuus,
3158 3430 3215 3481 et
3248 3431 3571 3483 metrorum

1920 3517 2324 3586 librorumque
2343 3514 2620 3569 varietate
2644 3514 2711 3547 ⁵³⁷⁸
2733 3513 3230 3586 elegantissimus,
3248 3520 3412 3571 tanta
3433 3533 3574 3573 mox

1921 3605 2227 3662 dulcedine
2259 3604 2451 3676 palato
2473 3602 2665 3658 cordis
2684 3603 2810 3673 ejus
2838 3603 3286 3674 complacuit,ut
3309 3605 3429 3675 jam
3454 3623 3572 3662 non

1918 3700 2149 3749 tantum
2181 3692 2532 3748 exteriorum
2563 3693 2871 3747 verborum
2904 3692 3439 3761 scientiam,verum
3473 3695 3572 3750 in-

1920 3785 2045 3839 timi
2079 3781 2397 3838 medullam
2419 3798 2644 3846 sensus,
2672 3786 2728 3837 et
2749 3786 2949 3836 nectar
2975 3787 3039 3836 ut
3062 3781 3143 3837 ita
3166 3782 3356 3838 dicam
3386 3781 3573 3856 liqui-

1916 3872 2253 3937 dissimum,
2289 3871 2495 3941 majori
2518 3886 2696 3941 quam
2720 3870 2831 3925 dici
2856 3870 3042 3942 possit
3064 3871 3335 3926 aviditate
3360 3871 3571 3926 hauri-

1917 3966 2021 4017 ret.
2058 3962 2263 4016 Postea
2294 3959 2520 4015 nullum
2555 3960 2786 4031 penitus
2835 3964 2959 4015 erat
2990 3960 3321 4015 studiorum
3352 3959 3563 4017 libera-

1916 4052 2057 4106 lium
2074 4068 2258 4123 genus
2282 4051 2340 4105 in
2356 4047 2816 4105 omnierca‘vel
2833 4048 3038 4104 Latina
3053 4049 3569 4121 eloquentia,quod

1916 4140 2133 4212 ingenii
2165 4139 2257 4194 sui
2290 4138 2652 4194 vivacitatem
2676 4138 3118 4210 aufugeret.Nec
3139 4155 3294 4206 vero,
3312 4142 3373 4193 ut
3396 4139 3568 4207 solet,

1914 4234 2015 4284 aut
2036 4228 2371 4283 divitiarum
2395 4226 2716 4295 affluentia,
2748 4229 3172 4281 autturbarum
3197 4227 3571 4284 circumstre-

1914 4317 2175 4389 pentium
2200 4316 2647 4382 assiduitas,aut
2669 4314 2854 4370 ullum
2880 4315 2947 4348 ’79
2978 4314 3214 4370 aliunde
3240 4316 3569 4387 subrepens

1910 4406 2211 4461 fastidium
2243 4406 2315 4460 ab
2348 4405 2457 4460 hoc
2491 4403 2668 4459 nobili
2702 4404 2818 4459 otio
2845 4405 3109 4459 animum
3141 4404 3269 4474 ejus
3304 4421 3568 4477 unquam

1910 4495 2141 4562 avertit;
2162 4495 2245 4549 ita
2268 4494 2696 4549 utmunditiam
2719 4494 2912 4549 cordis
2934 4494 3062 4563 ejus
3085 4497 3462 4549 attestaretur
3478 4494 3575 4565 ju-

1910 4586 2000 4655 gis
2033 4584 2332 4639 meditatio
2358 4586 2414 4638 et
2443 4583 2804 4638 indefessum
2830 4582 3118 4637 continuae
3137 4582 3569 4638 exercitationis

155 4658 281 4714 bies
311 4660 695 4716 barbarorum
728 4661 1339 4731 frendensinhorruit;
1374 4665 1802 4739 Ungrorumni-
1831 4676 1876 4741 D
1910 4673 2336 4740 studium,cum
2357 4672 2483 4742 jam
2508 4671 2741 4743 penitus
2761 4670 2953 4727 omnis
2979 4670 3316 4739 hujusmodi
3341 4670 3569 4726 affectio

150 4745 747 4805 hilominusinsecuta
766 4749 1103 4820 crudelitas,
1127 4756 1498 4826 transgressa
1518 4758 1801 4817 terminos

1908 4761 2185 4816 transiret
2211 4760 2269 4816 in
2303 4759 2592 4825 habitum,
2618 4759 2769 4816 sicut
2799 4758 2909 4814 scri
2919 4762 3082 4830 ptum
3106 4762 3230 4815 est:
3275 4760 3353 4814 Ex
3372 4758 3572 4816 studiis

1504 4910 1741 4970 VARI/13
1781 4914 2187 4974 LECTIONES.

219 5031 291 5069 ²⁴⁰
321 5038 542 5115 prestat
595 5035 648 5091 3.
725 5034 872 5091 "1v.
905 5050 955 5091 e.
1015 5034 1211 5093 desunt
1240 5036 1292 5092 3.
1369 5034 1442 5071 3“

149 5102 218 5138 3“
254 5105 563 5138 ΔπιΑαιηηιι
594 5108 613 5138 4
721 5107 787 5138 Ωιτ
846 5106 952 5138 ιω..
1011 5108 1043 5138 9
1143 5108 1208 5138 25.8
1241 5109 1307 5138 ..Α
1347 5109 1365 5138 Δ

245 5105 645 5161 Aridebanti.
721 5107 787 5140 "7
846 5106 953 5162 hec
1010 5108 1063 5162 3.
1143 5108 1208 5142 "3
1239 5109 1311 5162 ad
1347 5109 1395 5162 1.

1538 5034 1771 5110 leraque
1799 5040 1852 5096 2.
1912 5044 1965 5097 3.
2044 5041 2113 5076 9‘3

1478 5110 1549 5181 2‘?
1604 5111 1862 5181 vigilanti
1892 5116 1946 5168 2.
1979 5115 2032 5167 3.
2112 5110 2205 5149 950‘
2240 5114 2503 5169 exibebat
2564 5115 2612 5169 1.
2688 5114 2754 5148 ²δι
2813 5113 3054 5168 innotus
3096 5114 3148 5167 3.
3229 5113 3298 5146 959
3328 5112 3476 5167 deest
3504 5114 3563 5169 2.

2169 5040 2310 5113 quid
2362 5042 2411 5097 1.
2492 5042 2561 5077 9“
2615 5039 2759 5098 deest
2815 5042 2871 5098 3.
2948 5038 3016 5075 9‘5
3047 5041 3113 5097 N.
3152 5043 3202 5096 1.
3237 5037 3390 5113 deest
3417 5042 3472 5095 2.
3504 5037 3567 5099 3.

146 5174 240 5264 fed
259 5183 443 5245 Ροεεθα
469 5191 613 5233 οονν.
641 5249 650 5258 _
690 5177 760 5264 ‘9”
789 5176 1086 5264 hienricps
1136 5180 1187 5264 1ἶ
1220 5178 1492 5264 ῂθρνίοῆιξβ
1522 5180 1575 5234 3.
1652 5174 1719 5216 55‘
1769 5200 1870 5264 per
1899 5186 2173 5253 dogmata
2218 5187 2269 5239 1.
2350 5186 2417 5218 255
2448 5189 2504 5239 et
2534 5201 2565 5239 o
2595 5184 2808 5239 desunt.
2840 5185 2873 5237 3
2970 5186 3036 5222 ’53
3067 5184 3215 5239 deest
3239 5185 3315 5264 3.-
3369 5184 3433 5218 ³⁵⁷
3468 5200 3564 5238 ce-

145 5248 341 5327 terum
370 5249 739 5327 superscripto
768 5249 884 5327 a_1.
924 5249 1030 5327 *ᾖδε
1090 5249 1332 5327 nutri_1.
1379 5248 1785 5327 _’59_p_ro_sequi
1840 5257 1888 5327 1.
1969 5248 2037 5289 θέο
2069 5273 2113 5310 r.
2176 5256 2267 5311 sui
2325 5272 2413 5327 sp.
2455 5257 2507 5310 3.
2586 5256 2650 5289 ²⁶¹
2682 5256 2823 5311 deest
2855 5256 2907 5308 3.
2987 5256 3057 5289 ²⁶²
3090 5255 3347 5326 repperit
3375 5256 3429 5327 3.
3462 5257 3565 5327 qui

143 5316 234 5387 (ita
260 5316 464 5370 novum
489 5333 588 5387 cap
619 5316 844 5387 incipit.
922 5320 991 5353 ⁸⁸⁸
1020 5320 1279 5376 narranti
1326 5319 1409 5375 ed.
1488 5316 1557 5356 23‘
1588 5316 1814 5379 deﬁciet
1841 5326 1895 5379 3.
1975 5327 2041 5360 265
2093 5327 2341 5381 rhenum
2361 5316 2375 5327 ⁵
2400 5328 2452 5382 2.
2489 5343 2693 5381 renum
2726 5330 2779 5381 3.

2856 5328 2923 5361 ⁵⁸⁵
2954 5328 3040 5381 ita.
3074 5328 3123 5380 1.
3157 5325 3395 5382 augusti
3426 5325 3559 5382 edd.

142 5384 479 5469 “Inarrare
497 5384 565 5466 3.“
629 5388 697 5469 ’f“
728 5384 1112 5469 aliquantum
1128 5392 1182 5446 2.
1213 5392 1274 5469 3.
1348 5392 1417 5469 25?
1444 5392 1758 5450 imbuendo
1788 5397 1843 5469 3.
1919 5397 1987 5431 ’⁷ο
2015 5397 2466 5469 disciplinaliter
2510 5399 2562 5451 3.
2644 5400 2709 5433 ’71
2746 5413 3209 5454 normannorum
3236 5384 3295 5452 3.
3372 5397 3441 5431 ²⁷²
3473 5400 3565 5453 ita

140 5454 290 5540 ξέζάιζ-
322 5455 709 5540 ιγινξηηὶξιη
786 5454 870 5540 “it
910 5459 1053 5517 deest
1080 5462 1134 5516 3.
1212 5461 1283 5497 ’7‘
1325 5465 1766 5538 ceterarumque
1822 5468 1874 5522 1.
1953 5469 2019 5503 1⁷⁵
2077 5454 2351 5525 etiterant
2382 5469 2432 5525 1.
2512 5470 2580 5505 ²⁷⁶
2637 5473 2967 5526 restaurata
3023 5470 3078 5524 3.
3155 5468 3224 5504 ³⁷⁷
3286 5471 3465 5540 atque
3502 5469 3564 5528 1.

140 5525 210 5561 ³⁷⁸
240 5525 393 5581 ἀθεὶί
420 5525 476 5580 3.
553 5525 625 5560 ²⁷⁰
649 5526 819 5584 illum
850 5530 901 5584 1.

1730 5669 1960 5729 NOTAE}.

209 5755 393 5845 (1926)
425 5751 584 5813 Obiit
609 5770 705 5814 an.
731 5757 856 5815 976.
