3916 6396
308 488 431 552 945

1934 494 2141 559 VITA.

3630 508 3750 572 946

306 625 424 681 suis
445 622 801 692 intelligitur
827 639 986 696 puer,
1018 622 1068 680 si
1094 623 1304 680 munda
1332 627 1385 681 et
1413 626 1463 681 si
1499 632 1645 682 recta
1672 626 1783 683 sint
1813 643 1985 700 opera
2014 632 2067 697 Α
2169 632 2222 686 6.
2258 632 2420 705 Saepe
2448 632 2601 691 inter
2626 638 2957 694 Graecorum
3007 642 3066 695 et
3096 637 3438 697 Latinorum
3479 639 3746 700 doctissi-

307 717 428 788 ejus
459 713 647 786 (Prov.
669 713 889 781 xx,ll).
908 713 1031 768 Huc
1056 714 1492 786 acccedit,quod
1518 714 1672 771 sicut
1693 716 1978 772 fervorem

311 803 494 860 animi
527 803 621 859 sui
646 819 760 859 non
786 819 1000 874 passus
1019 809 1107 859 est
1138 804 1387 859 aliorum
1409 805 1638 860 desidia
1667 810 1724 859 et
1750 805 1980 862 levitate

310 893 629 966 existingui
671 897 779 948 aut
810 893 1128 965 superﬂuis
1160 894 1444 964 vanisque
1476 894 1770 965 corrumpi
1802 894 1977 949 collo-

310 984 488 1057 quiis,
524 982 805 1038 italibros
824 983 884 1036 in
905 982 1123 1054 quibus
1171 982 1415 1048 studuit,
1451 990 1548 1037 aut
1590 999 1978 1054 quoscunque

306 1071 617 1145 praeoculis
656 1071 886 1137 habuit,
912 1071 1144 1126 incaute
1178 1071 1415 1143 refringi
1449 1072 1863 1143 autcorrugari
1889 1072 1975 1126 vel

307 1160 753 1234 quomodolibet
811 1159 1012 1214 minus
1092 1159 1402 1232 diligenter
1457 1160 1697 1215 tractari
1732 1160 1973 1215 omnino

305 1250 610 1323 aegerrime
640 1249 777 1304 tulit
800 1274 812 1315 ;
835 1247 980 1303 nihil
1014 1265 1155 1304 sane
1184 1249 1243 1303 in
1262 1248 1375 1318 his,
1405 1266 1533 1320 quae
1557 1248 1625 1302 ad
1652 1264 1713 1303 se
1748 1250 1975 1319 pertine

302 1340 472 1405 bant,
506 1338 920 1410 negligendum
957 1338 1215 1404 ducens;
1267 1339 1544 1408 quoniam
1597 1336 1858 1407 quidem,
1913 1341 1976 1391 ut

302 1428 586 1484 Salomon
615 1428 731 1482 ait:
782 1429 897 1499 Qui
931 1430 1155 1482 minora
1184 1428 1441 1500 negligit,
1465 1428 1742 1497 paulatim
1772 1424 1975 1481 decidit

306 1518 381 1553 93°
413 1518 605 1589 (Eccli.
638 1534 752 1581 XIX,
786 1516 859 1587 l).

380 1610 435 1661 5.
471 1607 654 1678 Igitur
682 1609 994 1677 postquam
1027 1610 1192 1677 pater
1221 1607 1370 1677 ejus,
1404 1605 1644 1659 fundato
1678 1608 1734 1658 et
1762 1603 1833 1656 ad
1862 1618 1971 1655 un-

302 1712 483 1768 guem
518 1695 1002 1767 pacatoimperio,
1023 1696 1199 1750 rebus
1219 1693 1499 1749 humanis
1517 1689 1968 1759 concessit,0tto

302 1785 464 1841 ﬁlius
496 1786 625 1856 ejus
665 1786 854 1855 major
883 1788 1047 1855 natu,
1072 1784 1474 1839 benedictione
1502 1781 1727 1837 Domini
1757 1783 1968 1834 auctus

303 1880 363 1930 et
392 1873 517 1930 oleo
567 1874 779 1929 laetitia:
830 1877 1043 1928 unctus
1096 1873 1264 1945 (936),
1326 1888 1541 1944 magna
1580 1870 1883 1925 voluntate
1915 1871 1971 1921 et

300 1978 595 2019 consensu
618 1962 951 2035 principum
996 1978 1239 2033 regnare
1255 1961 1449 2033 cmpit,
1466 1958 1786 2015 centesimo
1808 1959 1966 2011 octo-
1997 2002 2044 2066 B

411 2051 423 2062 ι
636 2054 646 2066 ι
810 2050 827 2066 «ι
913 2055 922 2066 ι
1304 2051 1314 2061 ο
1455 2054 1466 2066 ι
1546 2053 1556 2066 ι
1573 2049 1583 2061 ι
1659 2050 1671 2066 l
1686 2048 1697 2066 I
1710 2047 1835 2066 [ιηηκ
1874 2044 1925 2066 Ξ-

298 2051 528 2124 gesimo
560 2054 762 2107 octavo
810 2050 1018 2113 lustro,
1054 2051 1419 2121 sexagesimo
1451 2049 1623 2104 tertio
1656 2047 1837 2119 (l9‘37)
1874 2044 1967 2098 in-

299 2139 627 2195 dictionum
642 2138 859 2195 circulo
899 2140 970 2194 ab
994 2140 1394 2195 incarnatione
1416 2138 1646 2194 Domini
1664 2135 1847 2191 nostri
1868 2135 1963 2189 Je-

295 2246 368 2284 su
394 2229 638 2297 Christi;
675 2229 761 2284 vir
784 2229 843 2284 in
867 2246 1041 2301 quem
1066 2229 1324 2301 Spiritus
1352 2228 1446 2283 Dei
1468 2228 1689 2283 donum
1716 2223 1963 2280 contulit

298 2316 600 2389 singulare
622 2317 884 2373 veritatis
915 2322 972 2372 et
1002 2317 1157 2371 ﬁdei.
1183 2318 1361 2387 Cujus
1384 2316 1625 2371 virtutes
1644 2314 1689 2369 si
1712 2328 1804 2367 me
1828 2326 1958 2364 nar-

298 2410 574 2461 raturum
607 2406 1002 2479 promiserim,
1031 2406 1283 2461 nimium
1317 2405 1461 2460 mihi
1488 2401 1845 2474 sumpserim
1869 2399 1960 2466 ἓν,

298 2500 359 2550 et
392 2495 668 2552 ferendus
700 2495 943 2550 minime
979 2495 1208 2550 fuerim.
1243 2494 1479 2549 Excedit
1498 2494 1655 2548 enim
1680 2491 1809 2546 laus
1831 2488 1961 2559 ejus

297 2589 358 2639 et
386 2584 592 2658 gloria,
628 2585 919 2656 quidquid
953 2584 1040 2639 vel
1071 2585 1197 2655 ipse
1220 2584 1416 2639 Cicero
1448 2583 1560 2638 sibi
1594 2580 1960 2654 promitteret

298 2674 361 2729 in
386 2675 682 2730 facundia.
700 2675 803 2728 Hic
817 2689 1161 2747 germanum
1178 2690 1349 2729 suum
1367 2673 1703 2729 Rrunomen
1723 2678 1832 2728 Deo
1856 2672 1952 2727 Di-

288 2767 512 2830 oatum,
548 2764 740 2819 adhuc
771 2762 1827 2831 adolescentulum,honorabiliter,ut
1847 2777 1955 2833 par

287 2853 424 2920 fuit,
446 2870 477 2910 e
499 2852 718 2909 scholis
756 2853 817 2907 in
840 2851 1122 2924 palatium
1154 2852 1431 2923 evocavit,
1463 2852 1656 2907 locum
1683 2852 1951 2906 videlicet

284 2946 410 2999 tam
442 2942 812 2998 lucidissime
844 2947 1048 3013 aptum
1082 2941 1340 3012 speculo,
1373 2941 1493 3011 ubi,
1528 2940 1815 3013 quidquid
1848 2942 1946 2995 de~

278 3033 467 3088 forme
487 3048 591 3104 per
608 3035 796 3087 totum
823 3046 970 3103 pene
984 3031 1272 3085 mundum
1289 3030 1531 3095 esset,in
1550 3029 1762 3085 studiis
1777 3029 1948 3101 liqui-

278 3121 419 3177 dius
449 3124 774 3193 appareret.
809 3124 935 3175 Huc
966 3120 1122 3174 enim
1155 3136 1224 3175 ex
1263 3119 1536 3174 omnibus
1571 3118 1786 3173 finibus
1818 3120 1943 3187 ejus

278 3210 616 3266 conﬂuebat
644 3212 833 3264 totum
867 3209 1021 3280 quod
1054 3208 1166 3264 sibi
1198 3207 1420 3279 aliquid
1454 3224 1582 3263 esse
1612 3207 1939 3263 videbatur.

2092 736 2218 777 mos
2248 722 2318 777 de
2350 722 2687 798 philosopiae
2711 726 3080 785 sublimitate
3114 732 3216 785 aut
3242 730 3313 786 de
3343 730 3657 803 cujuslibet
3682 732 3743 789 in

2086 809 2189 867 illa
2218 812 2480 870 ﬂorentis
2511 814 2832 888 disciplinae
2863 817 3187 875 subtilitate
3217 819 3584 893 disputantes
3605 821 3740 878 doc-

2086 904 2184 955 tus
2215 901 2504 975 interpres
2521 905 2749 961 medius
2774 906 2900 978 ipse
2922 908 3203 979 consedit,
3219 913 3277 964 et
3295 908 3739 982 disputantibus

2088 989 2158 1043 ad
2191 988 2467 1061 plausum
2498 994 2916 1066 omnium,quo
2941 996 3011 1030 9“
3039 995 3398 1053 nihilminus
3420 1002 3734 1068 amaverat,

2086 1077 2390 1135 satisfecit.
2424 1081 2548 1137 Non
2569 1083 2725 1138 enim
2748 1100 2988 1140 examen
3011 1084 3347 1157 improbum
3365 1086 3423 1141 in
3447 1085 3551 1142 illa
3569 1087 3741 1143 casti-

2085 1168 2243 1238 gavit
2297 1170 2541 1238 trutina,
2573 1188 2679 1229 nec
2710 1188 2773 1228 se
2818 1173 3085 1244 quaesivit
3112 1178 3310 1243 extra;
3344 1174 3591 1246 gloriam
3621 1175 3735 1232 sibi

2085 1257 2416 1313 aestimabat
2432 1260 2836 1317 testimonium
2855 1262 3225 1319 conscientia
3248 1280 3366 1320 sua:
3386 1263 3473 1317 ³⁸⁵.
3493 1264 3736 1337 Specta-

2083 1345 2164 1399 vit
2183 1345 2295 1401 hoc
2317 1348 2682 1419 frequentius
2697 1350 2882 1420 judex
2903 1352 2961 1407 in
2978 1350 3199 1408 talibus
3220 1350 3341 1407 falli
3367 1352 3623 1422 nescius,
3638 1369 3738 1409 rex

2082 1433 2240 1489 orbis
2270 1439 2559 1491 terrarum
2584 1438 2897 1509 maximus,
2917 1443 2973 1495 et
2993 1439 3092 1511 qui
3116 1456 3360 1513 regnum
3383 1457 3559 1498 suum
3581 1446 3734 1499 exte-

2081 1522 2205 1579 rius
2236 1524 2599 1581 fortitudinis
2631 1533 2687 1581 et
2716 1527 2946 1583 consilii
2977 1528 3176 1600 vigore
3204 1528 3737 1601 ﬁrmavit,interius

2080 1611 2225 1666 illud
2256 1612 2354 1668 tali
2385 1614 2950 1686 splendorevestivit.
2977 1621 3199 1672 Horum
3225 1620 3518 1690 spectator
3537 1621 3595 1674 et
3615 1618 3737 1690 ipse

2079 1700 2232 1756 Deus
2251 1703 2506 1758 creditur
2526 1704 2616 1774 ³³⁸,
2639 1705 2809 1775 cujus
2841 1705 3243 1762 misericordia
3272 1707 3514 1777 donum,
3548 1708 3736 1779 quod-

2078 1805 2310 1861 cunque
2336 1791 2920 1858 tribuit,custoditur.
2945 1794 3088 1858 Quis
3117 1795 3272 1849 enim
3298 1812 3332 1850 a
3350 1797 3514 1850 tanta
3530 1799 3588 1851 et
3609 1800 3731 1852 tam

2076 1877 2521 1951 incomparabili
2540 1880 2847 1947 altitudine
2869 1881 3203 1954 prohiberet
3213 1882 3626 1954 arrogantiam,
3641 1884 3730 1939 ni-

2076 1966 2125 2022 si
2157 1968 2291 2039 pius
2322 1967 2447 2040 ipse
2476 1986 2646 2025 suam
2679 1970 2987 2026 adhiberet
3017 1971 3344 2028 custodiam
3364 1971 3393 2026 ?

2145 2054 2199 2107 7.
2233 2054 2411 2109 Israel
2447 2056 2758 2128 episcopus
2798 2056 3107 2130 Scotigena
3162 2058 3368 2131 (4948),
3398 2059 3508 2115 sub
3555 2060 3728 2131 cujus

2075 2143 2410 2214 magisterio
2433 2143 2875 2200 illustrissimus
2898 2144 2993 2200 hic
3007 2146 3076 2201 de
3089 2162 3204 2218 quo
3225 2146 3527 2219 loquimur
3546 2146 3726 2220 pluri-

2074 2247 2237 2286 mum
2270 2248 2331 2287 se
2361 2232 2675 2305 profecisse
2727 2237 2975 2289 testatus
3022 2238 3132 2303 est,
3184 2234 3256 2290 de
3303 2235 3567 2291 moribus
3596 2237 3726 2308 ejus

2072 2320 2392 2393 resiquitus
2420 2338 2455 2376 a
2476 2321 2859 2393 quibusdam,
2913 2339 3062 2394 quos
3110 2322 3223 2394 ipsi
3254 2323 3589 2381 audivimus
3617 2324 3727 2381 hoc

2071 2409 2226 2464 idem
2276 2409 2992 2466 sollicitius'ruminantes
3022 2415 3081 2467 et
3137 2412 3307 2482 quasi
3355 2427 3459 2484 pro
3490 2412 3725 2470 oraculo

2070 2498 2374 2565 habentes,
2451 2503 2720 2554 sanctum
2775 2515 2909 2555 eum
2968 2498 3233 2572 apprime
3278 2500 3461 2556 virem
3500 2516 3628 2558 esse
3656 2502 3725 2538 ’⁸⁷

2069 2587 2389 2658 respondit.
2422 2587 2580 2643 Satis
2628 2586 2922 2643 laudabile
2969 2586 3300 2660 scitumque
3348 2588 3604 2646 doctoris
3651 2590 3723 2647 de

2067 2676 2356 2748 discipulo
2409 2676 2839 2732 testimonium.
2892 2676 3094 2745 Graeci,
3129 2678 3346 2749 quibus
3390 2693 3554 2751 atque
3593 2695 3718 2735 ma-

2066 2766 2267 2838 gistris
2300 2782 2445 2821 usus
2475 2769 2583 2832 est,
2619 2766 2691 2821 ad
2724 2768 2949 2821 tantam
2977 2765 3225 2837 gratiam
3257 2767 3611 2839 stupebant;
3636 2768 3721 2823 di-

2058 2871 2177 2928 gna
2196 2855 2476 2910 nimirum
2500 2856 2569 2911 de
2588 2854 2687 2909 illo
2709 2853 3324 2927 problematadomum
3346 2855 3472 2912 suis
3492 2855 3717 2913 civibus

2059 2945 2471 3016 reportabant;
2506 2961 2755 3016 quorum
2781 2943 3044 3002 studium
3076 2945 3375 3017 quondam
3408 2943 3589 3002 fuisse
3617 2944 3712 3000 di-

2057 3034 2231 3099 citur,
2264 3038 2366 3088 aut
2397 3033 2602 3088 audire
2629 3048 2862 3104 semper
2887 3033 3107 3104 aliquid
3157 3031 3287 3087 novi
3318 3035 3421 3088 aut
3449 3032 3709 3091 invenire

2054 3123 2189 3192 (Act.
2222 3138 2360 3187 XVII,
2393 3121 2504 3191 2i).
3270 3116 3273 3117 ⁷

2123 3212 2175 3264 8.
2214 3209 2423 3265 Millies
2456 3210 2679 3264 interea
2708 3225 2815 3282 per
2840 3210 2966 3266 dies
2999 3210 3316 3282 cogebatur
3345 3209 3704 3269 calamitosis

273 3296 1941 3368 Nihilominusabomnibuscalumniaqualibetoppressis
1987 3369 1999 3371 _
2053 3298 2404 3371 patrocinari
2440 3299 2528 3366 ⁵³⁸⁸,
2564 3295 2872 3355 consulere
2920 3297 3176 3371 afﬂictis,
3220 3316 3388 3371 opem
3419 3299 3569 3357 ferre
3594 3300 3704 3357 mi-

280 3388 395 3444 hoc
417 3388 635 3444 asilum
680 3386 923 3442 unicum
947 3386 1272 3459 petebatur.
1293 3385 1941 3457 Exemplaribisapien-
1969 3369 2013 3436 (ἶ
2054 3369 2220 3444 seris.
2257 3390 2390 3454 Quae
2421 3386 2619 3442 omnia
2667 3387 2753 3442 sic
2777 3369 3275 3459 administrabat,—
3305 3392 3371 3444 ut
3414 3388 3704 3462 refugium

277 3479 398 3545 tiae,
434 3477 671 3549 pietatis
691 3476 1006 3547 etjustitia:
1030 3492 1213 3547 supra
1257 3475 1565 3530 hominum
1595 3474 1940 3530 memoriam

279 3566 597 3623 eminebat.
624 3566 766 3621 Inde
785 3564 1017 3631 reversi,
1045 3565 1143 3636 qui
1163 3564 1275 3621 sibi
1300 3563 1473 3635 paulo
1504 3567 1638 3619 ante
1668 3563 1826 3618 domi
1859 3564 1939 3618 vi-

279 3657 578 3712 debantur
626 3653 975 3725 doctissimi,
1006 3654 1219 3709 rubore
1257 3654 1326 3688 ’3’
1355 3653 1557 3719 notati,
1610 3653 1945 3707 rudimenta

277 3745 520 3815 artium,
573 3744 743 3816 quasi
791 3745 949 3799 Nunc
978 3744 1116 3813 coepi
1143 3743 1423 3810 dicentes,
1485 3742 1746 3815 aggressi
1781 3746 1939 3797 sunt.

275 3834 383 3891 Cui
413 3834 475 3889 in
503 3833 650 3888 leva
688 3838 852 3905 parte
897 3831 1173 3887 mamillae
1227 3831 1308 3886 nil
1340 3832 1536 3899 saluit,
1572 3847 1700 3886 sese
1730 3831 1803 3885 ab
1834 3830 1944 3886 hoc

275 3923 448 3995 quasi
473 3922 627 3978 celso
658 3920 941 3976 tribunali
990 3921 1197 3975 exinde
1239 3921 1603 3975 verecundus
1635 3920 1940 3974 abstinuit.

274 4012 392 4067 Vas
425 4010 570 4066 illud
606 4027 783 4066 suum
808 4010 1070 4081 implevit
1096 4009 1383 4064 Dominus
1404 4007 1612 4080 spiritu
1645 4008 1957 4079 sapientiae

275 4105 333 4157 et
365 4098 723 4155 intellectus.
753 4098 866 4154 Nec
896 4098 1129 4153 suﬂ‘ecit
1177 4098 1246 4132 ³⁸³
1278 4097 1328 4151 ei
1378 4097 1437 4151 in
1478 4097 1941 4169 gazophilacium

275 4190 478 4246 cordis
499 4187 594 4244 sui
616 4186 909 4259 colligere,
943 4187 1098 4259 quod
1121 4185 1181 4241 in
1214 4190 1491 4258 promptu
1521 4186 1809 4254 habebat;
1844 4202 1939 4257 pe-

278 4277 513 4350 regrina
534 4277 780 4349 insuper
801 4274 1782 4347 conduxitaenigmata,et;quidquid
1810 4274 1944 4346 phi-

276 4366 653 4439 losophicum
666 4364 1031 4436 terrenisque
1046 4364 1320 4419 sensibus
1333 4363 1797 4419 remotissimum
1820 4381 1945 4419 sen-

275 4457 355 4512 sit
394 4456 505 4511 hoc
528 4455 943 4526 undecumque
972 4452 1282 4509 contraxit.
1328 4452 1703 4508 Oblitteratas
1731 4453 1831 4508 diu
1855 4469 1945 4508 se-

275 4550 439 4617 ptem
467 4543 742 4600 liberales
756 4548 911 4598 artes
941 4542 1067 4615 ipse
1098 4540 1635 4613 retexit.Quidquid
1659 4540 1944 4608 historici,

276 4638 566 4698 oratores,
597 4636 781 4703 poetae
809 4636 867 4687 et
900 4629 1463 4703 philosophinovum
1497 4636 1552 4685 et
1568 4631 1788 4703 grande
1820 4646 1945 4700 per-

2051 3476 2242 3532 factus
2272 3476 2471 3547 egenis
2501 3476 2775 3531 omnibus
2822 3474 3137 3532 videretur.
3172 3476 3277 3542 Ita,
3299 3491 3434 3533 cum
3461 3480 3618 3534 esset
3647 3477 3708 3534 in

2052 3565 2189 3633 otio,
2223 3582 2393 3621 nemo
2425 3565 2541 3620 fere
2594 3564 2784 3637 magis
2840 3564 3147 3621 videbatur
3182 3564 3244 3620 in
3283 3565 3545 3638 negotio;
3576 3582 3701 3634 nec,

2054 3672 2187 3711 cum
2238 3658 2392 3710 esset
2440 3654 2497 3708 in
2533 3654 2785 3725 negotio,
2835 3668 3098 3725 unquam
3150 3653 3419 3710 cessabat
3465 3654 3536 3710 ab
3568 3653 3707 3712 otio.

2052 3743 2583 3800 Lucubrationibus
2614 3741 3050 3798 intentissimus
3081 3741 3467 3808 inveniendis,
3499 3742 3560 3799 in
3590 3743 3710 3800 dic-

2052 3837 2202 3901 tatu,
2243 3848 2606 3904 quaecunque
2657 3835 2797 3887 sunt
2840 3830 3281 3900 honestissima,
3333 3830 3712 3889 acutissimus

2052 3921 2181 3977 fuit.
2220 3920 2498 3976 Latialem
2529 3919 2600 3955 ³⁸³
2630 3912 3025 3993 eloquentiam
3058 3936 3174 3975 non
3205 3920 3264 3974 in
3298 3935 3361 3976 se
3388 3919 3712 3989 solum,ubi

2053 4008 2343 4075 excelluit,
2379 4010 2479 4064 sed
2508 4009 2578 4043 ²⁹⁰
2607 4012 2665 4063 et
2695 4008 2753 4063 in
2786 4007 2990 4062 multis
3027 4007 3156 4063 aliis
3183 4006 3426 4080 politam
3456 4009 3712 4065 reddidit

2055 4105 2112 4155 et
2141 4098 2453 4154 illustrem.
2487 4096 2658 4152 Nullo
2707 4100 2902 4151 autem
2934 4095 3044 4152 hoc
3091 4095 3210 4169 egit
3238 4095 3573 4168 supercilio,
3606 4097 3707 4153 sed

2057 4205 2191 4244 cum
2224 4186 2545 4243 domestico
2572 4186 2789 4258 lepore,
2823 4192 2951 4241 tum
2984 4185 3213 4242 urbana
3242 4185 3547 4258 gravitate.
3573 4185 3711 4243 Post

2055 4276 2260 4349 epulas
2290 4293 2425 4331 cum
2452 4274 2570 4346 alii,
2604 4279 2661 4330 et
2706 4274 2958 4346 majores
3012 4274 3190 4329 etiam
3240 4278 3306 4329 ut
3355 4273 3711 4346 accepimus,

2057 4365 2230 4439 paulo
2263 4369 2447 4437 agunt
2479 4363 2806 4431 remissius,
2841 4362 2968 4434 ipse
2997 4361 3230 4417 lectioni
3260 4366 3318 4417 et
3346 4362 3713 4420 meditationi

2055 4455 2301 4511 vacabat
2329 4454 2395 4489 ²⁹¹
2421 4452 2716 4508 attentius.
2742 4449 3093 4507 Matutinum
3117 4450 3531 4522 crepusculum
3552 4449 3714 4509 nullo

2058 4544 2245 4618 pretio
2275 4541 2557 4606 vendidit,
2590 4555 2696 4595 nec
2723 4544 2863 4595 tunc
2894 4555 2956 4594 se
2988 4554 3195 4595 somno
3226 4536 3565 4596 sollicitanti
3594 4541 3715 4598 ullo

2058 4633 2231 4688 modo
2268 4629 2537 4688 credidit.
2572 4627 2860 4684 Scurrilia
2887 4628 2958 4662 ²⁵²
2986 4632 3045 4685 et
3070 4626 3330 4699 mimica,
3363 4645 3490 4702 qua
3521 4628 3581 4685 in
3613 4646 3714 4686 co-

277 4725 575 4794 strepunt,
600 4719 1058 4792 diligentissime
1099 4735 1232 4774 cum
1258 4718 1595 4775 doctoribus
1628 4720 1943 4790 cujuscun-
1979 4739 2024 4803 Β
2059 4720 2358 4777 mcediiset
2377 4718 2720 4791 tragaediisa
2750 4716 3017 4791 personis
3072 4716 3248 4772 variis
3268 4717 3455 4773 edicta
3470 4717 3714 4790 quidam

278 4826 396 4883 que
417 4810 638 4882 linquas
670 4812 1072 4882 perscrutatus
1094 4814 1183 4864 est
1207 4827 1219 4875 ;
1245 4813 1303 4863 et
1326 4807 1423 4862 ubi
1452 4808 1731 4880 magister
1760 4808 1938 4863 excel-

274 4899 392 4955 luit
422 4898 645 4971 ingenii
692 4897 1014 4967 velocitate,
1065 4897 1147 4953 ibi
1206 4915 1267 4953 se
1295 4896 1660 4968 discipulum
1691 4897 1940 4968 praebuit

274 4987 634 5044 humilitate.

2058 4813 2478 4881 concrepantes
2492 4807 2613 4863 risu
2629 4822 2690 4862 se
2712 4804 2940 4861 infinito
2964 4804 3327 4872 concutiunt,
3342 4805 3466 4878 ipse
3485 4822 3718 4879 semper

2049 4900 2200 4957 serio
2223 4898 2290 4933 ’93
2316 4896 2650 4953 lectitabat:
2684 4895 2990 4951 materiam
3018 4911 3121 4967 pro
3152 4892 3421 4963 minimo,
3454 4896 3712 4951 auctori-

2053 4994 2234 5047 tatem
2265 4986 2327 5042 in
2374 4986 2688 5042 verborum
2729 4982 3256 5056 compositionibus
3303 5000 3408 5057 pro
3457 4983 3714 5043 maximo

1642 5157 1904 5217 VARL/‘E
1955 5158 2367 5217 LECTIONES.

350 5287 421 5322 ³⁸0
448 5284 682 5360 decidet
710 5284 763 5360 3.
843 5284 910 5360 ξεί
938 5282 1245 5360 supserim
1280 5283 1331 5337 1.
1352 5284 1837 5360 _presumpserim
1865 5284 1921 5339 3.
1945 5355 1957 5360 _
1997 5284 2068 5320 9“
2097 5298 2332 5360 rumore
2360 5282 2419 5350 3,
2463 5279 2563 5360 _m
2593 5278 2813 5360 sufﬁcit
2842 5278 3008 5360 (deest
3033 5277 3117 5346 in)
3280 5278 3361 5360 9‘:
3387 5280 3543 5360 quod
3576 5281 3655 5360 _i.
3683 5281 3721 5360 _2

269 5359 341 5395 ³⁸⁵
365 5374 473 5430 nec
497 5355 754 5430 quesivit
773 5349 1234 5430 extrafgloriam,
1268 5349 1387 5430 sed"
1403 5353 1517 5430 sibi
1549 5349 1819 5430 sufﬁcere
1852 5355 2147 5430 estimavit
2177 5352 2584 5430 testimonium
2618 5368 2667 5430 ς).
2693 5367 2741 5407 s.
2761 5350 2828 5430 _3.
2908 5349 2977 5384 ³⁸⁸
3034 5349 3303 5430 conditor
3329 5349 3384 5405 3.
3403 5349 3430 5430 ί
3459 5351 3528 5430 ξετ
3555 5350 3717 5430 deest.

267 5433 323 5487 3.
402 5429 473 5465 ’⁸⁸
504 5419 993 5501 ῥᾳιιιοοίῑιαιυξ
1021 5419 1480 5501 289__lait_éaleIr_143.
1530 5428 1633 5501 ,Ψ
1661 5427 1884 5485 scilicet
1915 5431 1969 5483 2.
2031 5429 2126 5500 qui
2180 5427 2384 5497 sacpius
2440 5426 2526 5479 ita
2552 5424 2692 5494 falso
2753 5423 2888 5493 legit
2943 5419 3264 5494 compendio
3318 5425 3585 5496 scriptum
3610 5423 3715 5479 σοι.

266 5504 338 5540 ²⁹¹
372 5497 663 5560 uaccabat
695 5500 752 5555 4.
829 5499 898 5534 ²⁰²
928 5497 1181 5554 Scurilia
1203 5498 1252 5553 1.
1333 5498 1404 5533 ²⁹³
1429 5498 1578 5555 serie
1610 5500 1665 5557 3.

1882 5630 2118 5689 NOTAE.

374 5758 623 5821 l92‘7ild
646 5760 846 5815 estest
871 5756 1030 5813 intra
1050 5771 1234 5813 annos
1253 5755 1546 5811 935—940
1564 5759 1622 5812 et
1639 5756 1945 5812 930—945.

374 5762 520 5821 l92’7
556 5762 623 5815 Id
646 5762 737 5815 est
755 5762 846 5814 est
871 5762 1030 5813 intra
1050 5771 1234 5813 annos
1253 5762 1546 5811 935—940
1564 5762 1622 5812 et
1639 5762 1945 5812 930—945.

350 5762 544 5910 E49283
577 5832 846 5889 Fortasse
893 5829 1049 5886 idem
1099 5844 1276 5900 quem
1305 5845 1357 5885 a.
1409 5828 1539 5899 947,
1570 5829 1791 5899 synodo
1821 5829 1950 5886 Vir-

2059 5752 2310 5812 dunensi
2342 5754 2686 5824 praesentem
2721 5752 3009 5808 memorat
3032 5748 3395 5809 Flodoarduo
3423 5749 3484 5805 in
3512 5750 3703 5807 Anno.-

2060 5828 2217 5885 libus
2253 5849 2273 5879 ιι
2307 5825 2553 5883 Israhele
2579 5824 2853 5881 Brittone.
2887 5844 2917 5873 »
2982 5848 2989 5853 ν
