3916 6406
230 474 352 538 953

1844 475 2028 541 VITA
2045 523 2059 539 .

3540 487 3658 549 954

303 611 392 664 19.
423 607 554 666 Haec
584 613 642 665 et
671 609 765 667 his
792 609 1011 667 similia
1033 611 1290 668 domnus
1314 615 1526 682 Bruno,
1558 612 1648 668 vir
1673 612 1886 678 bonus,
1916 613 1973 679 Α
2004 633 2152 688 quos
2183 618 2332 674 ﬁdos
2364 618 2587 687 habuit,
2622 619 2952 677 consultam
2984 620 3247 694 partibus
3269 620 3408 693 illis,
3453 621 3658 679 festiue

230 700 466 755 dicendi
531 699 778 770 peritus,
828 701 898 755 de
964 700 1152 756 salute
1220 701 1599 773 pulcherrimi
1655 703 1888 772 juvenis

229 789 396 844 valde
457 787 744 843 sallicitus
791 791 1123 860 perorabat.
1180 791 1280 844 Ille
1311 807 1466 856 vero,
1521 793 1688 862 quasi
1719 793 1888 862 cujus

235 883 491 933 mentem
521 878 752 933 Erinnis
778 880 844 913 ³⁵⁷
867 880 939 934 ad
965 885 1218 951 emptum
1240 881 1306 914 3‘3
1330 880 1493 935 nefas
1526 881 1888 950 instigasset,

232 983 432 1022 aurem
493 969 685 1022 cordis
747 969 839 1023 sui
891 969 1234 1040 neutiquam
1288 987 1499 1041 passus
1546 975 1634 1024 est
1681 971 1888 1040 hujus-

235 1057 393 1111 modi
426 1057 670 1112 monitis
701 1058 996 1112 admoveri
1027 1077 1039 1125 ;
1092 1059 1188 1113 vix
1234 1059 1436 1113 auditu
1482 1059 1785 1128 exteriore,
1819 1076 1890 1115 ne

233 1145 528 1200 videretur
571 1147 752 1201 nimis
801 1146 1083 1211 insolens,
1139 1149 1569 1220 prepinquavit.
1607 1150 1890 1203 Innocens

234 1235 389 1291 enim
407 1237 477 1290 ab
492 1235 670 1305 hujus
686 1236 1074 1291 dissensionis
1095 1237 1332 1292 miseria
1350 1239 1531 1292 videri
1547 1255 1722 1308 quam
1739 1253 1886 1302 esse,

233 1324 519 1380 honestus
576 1325 761 1380 duxit.
825 1326 1004 1380 Movit
1059 1327 1187 1396 ejus
1246 1327 1564 1397 juvenilem
1622 1327 1887 1381 animum

233 1414 498 1469 anxietas
529 1419 585 1470 et
615 1419 810 1471 motus
840 1415 1416 1486 elegantissimorum
1450 1417 1752 1481 comitum,
1787 1415 1886 1486 qui

233 1503 352 1556 nisi
384 1502 545 1558 illius
595 1504 784 1576 impiae
816 1504 1236 1575 conjurationis
1269 1506 1401 1560 tabo
1451 1507 1520 1540 3‘9
1569 1510 1765 1560 essent
1794 1505 1884 1558 in-

231 1591 640 1659 fecti,orna‘tus
663 1597 718 1646 et
740 1592 1086 1663 jucunditas
1113 1609 1241 1648 esse
1267 1599 1506 1664 possent
1536 1594 1603 1628 ³⁵0
1633 1594 1883 1664 impera-

228 1681 396 1736 toriae
436 1681 726 1754 dignitati.
778 1683 946 1738 Tunc
992 1683 1196 1754 utique
1244 1688 1366 1738 tam
1411 1683 1883 1750 desiderabilem,

230 1775 350 1825 tam
423 1788 603 1826 manu
675 1772 903 1837 fortem,
968 1777 1091 1826 tam
1139 1773 1432 1844 egregiam
1483 1774 1610 1843 ejus
1662 1771 1881 1844 prolem

232 1856 461 1912 deceret
508 1857 620 1913 hoc
677 1858 910 1930 agmine
969 1860 1195 1929 stipari,
1230 1861 1300 1914 de
1331 1861 1439 1915 hac
1471 1860 1693 1915 delecta
1715 1861 1881 1930 juve-

227 1961 372 2000 num
423 1945 769 2002 excellentia
826 1947 1083 2019 gloriari.
1150 1950 1284 2002 Erat
1341 1967 1454 2020 przs
1515 1949 1881 2004 omnibusin
1915 1977 1962 2042 Β

227 2035 359 2103 ejus
385 2035 583 2089 animo
614 2035 785 2106 quasi
815 2037 1056 2106 quidam
1089 2037 1369 2092 stimulus
1400 2038 1516 2092 dux
1548 2037 1716 2108 paulo
1749 2042 1884 2093 ante

224 2122 610 2194 fortissimus,
643 2128 785 2178 tunc
816 2129 1012 2180 autem
1046 2127 1238 2195 praedo
1273 2127 1880 2192 audacissimus,Cuo-

227 2228 302 2267 no
333 2231 346 2278 ;
381 2212 561 2268 etiam
595 2218 781 2284 parta,
817 2219 881 2269 ut
923 2214 1036 2285 ipsi
1085 2216 1408 2285 jactabant,
1444 2201 1778 2272 divitiarum
1827 2223 1883 2272 et

225 2302 389 2373 regni
447 2301 652 2373 gloria,
715 2303 818 2357 sed
877 2319 1075 2358 revera
1105 2303 1271 2359 labor
1326 2305 1542 2360 sterilis
1583 2323 1684 2378 pro
1713 2311 1881 2362 tran-

226 2390 518 2462 quilitate,
556 2391 895 2447 sollicitudo
929 2409 1162 2464 semper
1195 2394 1366 2448 auxia
1412 2412 1514 2465 pro
1546 2397 1876 2453 securitate.

221 2484 351 2535 Nan
385 2481 434 2535 is
465 2481 581 2548 cui,
617 2486 683 2535 ut
713 2481 794 2535 ita
824 2480 1036 2548 dicam,
1069 2483 1267 2537 omnia
1295 2487 1460 2538 erant
1491 2484 1549 2538 in
1581 2486 1878 2552 manibus,

224 2569 454 2642 agendo
486 2575 552 2625 ut
611 2570 746 2642 plus
779 2570 1042 2636 haberet,
1101 2576 1166 2626 ut
1215 2572 1359 2626 nihil
1417 2573 1654 2628 haberet
1689 2576 1878 2630 omni-

219 2659 416 2714 modis
472 2659 813 2714 eﬁ'ecerunt.
854 2660 1079 2715 Interea
1115 2665 1311 2714 tamen
1358 2663 1548 2716 modis
1579 2665 1876 2732 omnibus,

223 2763 329 2803 nec
377 2746 527 2804 dolis
576 2748 776 2803 minus
828 2765 1005 2820 quam
1057 2749 1280 2805 viribus
1311 2756 1551 2818 certare,
1577 2769 1764 2823 neque
1810 2755 1875 2788 ³⁵¹

225 2837 351 2893 dies
387 2853 574 2908 neque
632 2842 833 2893 noctes
863 2838 1248 2908 requiescere,
1309 2841 1671 2896 adversarios
1727 2843 1880 2898 inter

227 2943 288 2982 se
345 2927 417 2960 359
474 2932 782 2998 suspectos
839 2929 1047 2994 facere,
1100 2928 1246 2982 nihil
1299 2927 1652 2985 intentatum
1703 2931 1876 2986 relin-

228 3031 408 3086 quere
461 3033 653 3087 neque
705 3015 1028 3087 quidquam
1081 3017 1244 3088 pensi
1301 3017 1514 3073 habere
1556 3020 1877 3076 dummodo

220 3105 277 3159 id
310 3106 630 3174 efficerent,
664 3111 729 3159 ut
784 3106 1058 3161 maximis
1109 3107 1265 3161 intra
1321 3123 1565 3178 regnum
1608 3110 1874 3180 urbibus,

221 3197 277 3248 et
308 3193 409 3248 his
438 3193 932 3264 opulentissimis,
974 3212 1328 3266 quocunque
1357 3196 1590 3267 ingenio
1622 3199 1876 3268 potiren-

216 3286 314 3337 tur
365 3283 504 3338 inde
556 3286 784 3338 cunctis
843 3284 1001 3356 regni
1065 3284 1281 3339 finibus
1350 3286 1516 3340 facile
1572 3303 1633 3342 se
1690 3288 1874 3358 impe-

2001 708 2290 776 proficisci
2325 709 2620 781 disposuit
2651 729 2663 777 ;
2700 711 2937 767 fratrem
2963 729 3136 766 suum
3163 717 3491 766 Brunonem
3513 714 3658 768 occi-

2002 795 2158 850 denti
2209 801 2462 853 tutorem
2508 804 2564 854 et
2614 800 2992 871 provisorem,
3044 805 3121 866 et,
3172 803 3238 854 ut
3279 800 3410 854 dica
3438 799 3653 867 dicam,

2002 885 2395 953 archiducem,
2430 887 2488 940 in
2520 892 2640 942 tam
2674 888 2998 959 periculoso
3032 892 3294 960 tempore
3325 888 3525 955 misit;
3559 889 3652 944 cui

2000 973 2142 1028 talia
2175 977 2456 1030 mandata
2487 977 2683 1032 dedit:
2719 998 2740 1026 ι
2766 978 2960 1032 Unum
2989 995 3094 1032 nos
3129 977 3653 1048 semperidemque

2001 1062 2277 1133 sensisse,
2329 1081 2435 1119 nec
2485 1082 2745 1137 unquam
2797 1072 2932 1121 vota
2981 1071 3181 1121 nostra
3210 1067 3267 1120 in
3302 1082 3653 1137 quocunque

2000 1153 2233 1222 negotio
2292 1153 2681 1224 discrepasse,
2737 1155 2849 1210 dici
2909 1173 3024 1210 non
3075 1160 3288 1226 potest,
3349 1156 3528 1210 frater
3557 1156 3649 1210 di-

2000 1239 2338 1311 lectissime,
2399 1248 2689 1313 quantum
2748 1245 3049 1310 delector;
3091 1249 3148 1299 et
3203 1243 3312 1298 hoc
3369 1249 3458 1299 est
3490 1245 3646 1316 quod

1998 1329 2056 1382 in
2092 1329 2316 1384 acerbis
2352 1332 2497 1386 meis
2555 1334 2621 1366 ³⁸9
2679 1350 2771 1388 me
2821 1335 3074 1389 maxime
3123 1333 3476 1397 consolatur,
3510 1349 3646 1387 cum

1996 1418 2160 1473 video
2188 1436 2289 1490 per
2340 1421 2440 1474 Dei
2490 1422 2912 1492 omnipotentis
2942 1423 3189 1493 gratiam
3228 1428 3428 1478 nostro
3459 1421 3645 1493 impe-

1996 1508 2081 1562 rio
2139 1507 2331 1579 regale
2389 1511 2780 1566 sacerdotium
2829 1514 3168 1577 accessisse,
3212 1515 3272 1568 in
3303 1517 3359 1567 te
3389 1528 3646 1584 namque

1995 1601 2050 1650 et
2103 1599 2478 1655 sacerdotalis
2527 1601 2729 1672 religio
2788 1607 2843 1656 et
2895 1603 3052 1674 regia
3107 1602 3284 1674 pollet
3342 1602 3641 1671 fortitudo,

1995 1691 2061 1740 ut
2089 1691 2144 1740 et
2174 1688 2326 1742 scias
2357 1705 2464 1744 sua
2519 1690 2727 1759 cuique
2774 1691 3053 1758 tribuere,
3114 1692 3268 1762 quod
3329 1695 3424 1746 est
3467 1691 3642 1762 justi-

1991 1775 2106 1840 tize,
2168 1781 2225 1830 et
2282 1778 2474 1847 possis
2531 1780 2992 1834 adversariorum
3070 1780 3189 1835 sive
3261 1781 3463 1835 terrori
3523 1779 3645 1835 sive

1992 1865 2186 1919 fraudi
2245 1867 2538 1933 resistere,
2599 1869 2752 1938 quod
2815 1873 2906 1922 est
2963 1869 3325 1924 fortitudinis
3381 1869 3644 1939 etjusti-

1993 1953 2086 2008 tiae
2112 1955 2198 2008 ³⁸0.
2242 1955 2356 2010 Nec
2389 1956 2593 2011 abesse
2624 1957 2730 2011 tibi
2750 1957 3106 2028 jamdudum
3140 1957 3417 2029 perpendi
3451 1959 3642 2028 ipsam

1994 2042 2380 2114 ingenuarum
2413 2047 2626 2100 artium
2649 2046 2716 2081 ³⁶¹
2753 2051 2999 2101 matrem
3032 2050 3088 2101 et
3116 2063 3245 2101 vere
3275 2046 3550 2100 virtutem
3573 2046 3643 2080 3“

1992 2133 2396 2205 philosophiae,
2429 2151 2556 2205 quae
2589 2140 2644 2190 te
2673 2135 2742 2190 ad
2796 2136 2948 2190 hanc
3007 2136 3355 2190 modestiam
3413 2135 3643 2206 magni-

1991 2223 2379 2293 tudinemque
2403 2223 2584 2277 animi
2616 2224 2885 2279 erudivit.
2916 2225 3046 2280 Scio
3075 2225 3292 2295 itaque,
3324 2226 3503 2279 frater
3532 2225 3644 2278 mi-

1991 2311 2134 2376 scio,
2168 2313 2322 2382 quod
2357 2328 2526 2367 nemo
2585 2313 2908 2383 prudentiae
2965 2317 3081 2368 tua:
3138 2313 3534 2385 persuadebit,
3581 2313 3640 2367 id

1989 2405 2091 2454 tua
2148 2417 2263 2454 non
2323 2400 2628 2467 interesse,
2675 2405 2962 2472 quantum
3021 2402 3275 2472 perversi
3326 2402 3398 2455 de
3455 2402 3642 2456 bono-

1990 2505 2120 2543 rum
2181 2489 2428 2559 pernitie
2479 2489 2823 2561 glorientur,
2884 2507 3229 2562 quacunque
3270 2490 3328 2543 id
3361 2489 3516 2560 quod
3547 2489 3640 2543 in-

1989 2578 2284 2632 tenderint
2336 2578 2642 2633 honestate
2699 2580 3010 2634 verborum
3041 2577 3235 2634 velent
3290 2580 3377 2633 ³⁸³.
3438 2579 3642 2633 Dicent

1993 2667 2260 2733 fortasse,
2295 2666 2464 2722 bellis
2493 2667 2614 2722 haec
2647 2669 2906 2723 sedanda
2954 2684 3103 2738 esse,
3137 2685 3264 2739 quas
3319 2668 3389 2722 ad
3423 2672 3478 2722 te
3521 2681 3639 2722 non

1992 2757 2339 2827 pertineant,
2411 2773 2539 2827 quis
2597 2757 2683 2811 tui
2747 2757 3058 2812 ministerii
3119 2756 3463 2828 dignitatem
3523 2773 3640 2810 non

1989 2846 2250 2900 deceant.
2286 2846 2634 2916 Hujusmodi
2667 2845 3038 2901 fraudulenta
3075 2846 3385 2900 verborum
3408 2846 3640 2916 jactan-

1991 2934 2073 2989 tia
2102 2935 2276 2989 istius
2308 2935 2649 3006 metropolis
2681 2934 2893 3007 praesul
2945 2936 3150 3007 (1936),
3205 2935 3388 3001 vides,
3449 2951 3640 3005 quan-

1988 3027 2079 3077 tos
2129 3024 2363 3078 seduxit
2407 3025 2494 3090 36",
2556 3028 2811 3094 quantos
2863 3025 2934 3078 ad
2968 3023 3152 3078 civilis
3202 3022 3384 3077 cladis
3417 3023 3637 3077 rabiem

1989 3111 2205 3178 illexit;
2259 3113 2359 3182 qui
2415 3112 2463 3166 si
2521 3112 2847 3166 subducere
2879 3129 2940 3166 se
2985 3111 3156 3166 vellet
3185 3128 3220 3165 a
3247 3110 3636 3178 dissensione,

1989 3201 2484 3271 quemadmodum
2537 3199 2742 3272 ﬁngit,
2792 3205 2849 3255 et
2897 3199 3184 3256 bellorum
3237 3199 3515 3272 periculo,
3576 3205 3641 3255 ut

1988 3289 2260 3360 religioso
2324 3290 2530 3360 degere
2599 3292 2796 3360 posset
2839 3288 2898 3343 in
2966 3289 3104 3357 otio,
3166 3289 3333 3345 nobis
3383 3289 3639 3359 profecto

219 3376 458 3426 raturos
515 3372 584 3405 ³⁵³
642 3349 1018 3428 arbitrantes.
1071 3375 1148 3428 Ac
1189 3390 1259 3427 ne
1308 3375 1448 3445 quid
1481 3375 1715 3446 penitus
1748 3349 1875 3432 sine
1907 3349 1948 3416 (ἶ
1988 3383 2046 3433 et
2097 3349 2318 3434 “nostro
2369 3349 2701 3450 reipublicae
2753 3377 2966 3434 melius
3014 3349 3103 3446 id,
3154 3379 3305 3447 quod
3359 3349 3411 3433 ei
3460 3377 3640 3450 regali

217 3459 423 3514 fraude
453 3459 636 3528 fieret,
665 3476 798 3515 cum
830 3460 1106 3526 Arnoldo,
1135 3466 1372 3516 strenuo
1407 3462 1700 3533 imprimis
1731 3465 1875 3531 viro,

216 3547 305 3602 cui
349 3564 591 3604 summa
639 3565 835 3604 rerum
886 3565 991 3621 per
1039 3550 1198 3605 idem
1248 3555 1482 3622 tempus
1527 3553 1582 3606 in
1625 3552 1874 3608 Bauwa-

217 3637 441 3692 riorum
500 3638 870 3707 terra(l935)
931 3638 1250 3694 commissa
1309 3639 1436 3706 fuit,
1499 3642 1779 3697 secretius
1809 3643 1877 3676 35‘

213 3725 748 3796 pollicitationibus
779 3727 1046 3796 inﬁnitis,
1083 3730 1597 3784 commemorando
1636 3729 1877 3801 insuper

217 3815 414 3870 odium
447 3819 636 3881 vetus,
670 3820 935 3887 egerunt,
979 3822 1044 3871 ut
1103 3833 1166 3871 se
1197 3816 1478 3888 primum,
1543 3819 1752 3874 deinde
1807 3821 1874 3853 ³⁵⁵

220 3905 422 3959 urbem
477 3903 840 3974 praaclaram,
876 3910 1173 3976 postremo
1205 3911 1395 3961 totum
1449 3907 1592 3961 illud
1628 3925 1871 3979 regnum

215 3992 484 4047 Heinrico
541 3992 676 4047 duci
738 3995 1013 4064 perjurus
1063 3994 1384 4049 abdicaret.
1450 3995 1704 4050 Tantum
1761 3998 1870 4053 sibi

217 4081 442 4137 roboris
500 4082 650 4137 inter
716 4098 814 4137 eos
884 4082 1104 4137 invidia
1160 4087 1216 4138 et
1273 4083 1472 4138 odium
1536 4085 1868 4142 vindicavit.

215 4169 398 4225 Simul
434 4169 687 4243 Ungros,
723 4171 1028 4241 antiquam
1082 4177 1308 4243 pestem
1343 4174 1562 4244 patriae,
1598 4175 1871 4232 sollicita-

211 4257 366 4330 bant,
425 4263 496 4314 ut
544 4276 793 4332 regnum
843 4261 902 4314 in
964 4277 1026 4316 se
1059 4261 1254 4332 ipsum
1317 4261 1569 4316 divisum
1631 4264 1866 4320 invade-

220 4352 345 4402 rent
369 4365 383 4414 ;
411 4347 792 4418 arbitrantes,
810 4349 919 4404 hoc
941 4349 1114 4404 modo
1147 4350 1256 4405 sibi
1284 4351 1352 4385 ³⁵⁸
1383 4349 1866 4419 sollicitudinem,

212 4451 323 4506 qua
341 4437 896 4508 premebantur,aut
916 4439 1148 4510 penitus
1170 4439 1348 4494 adimi
1371 4443 1474 4494 aut
1496 4439 1868 4512 aliquatenus

211 4525 393 4580 minui
428 4543 627 4598 posse.

273 4615 362 4668 20.
395 4619 522 4670 Hac
553 4615 625 4669 de
656 4631 737 4678 re,
772 4621 836 4670 ut
866 4621 1010 4687 puta
1038 4617 1102 4650 ³⁵7
1131 4620 1252 4671 tam
1305 4618 1501 4673 subita
1533 4623 1589 4672 et
1645 4619 1864 4690 impro-

1988 3467 2390 3522 muniticentia
2420 3466 2803 3533 contulimus,
2853 3468 3210 3523 reddidisset
3241 3485 3418 3539 quam
3452 3467 3639 3524 hosti-

1987 3556 2118 3610 bus.
2169 3555 2378 3611 Hostes
2428 3556 2577 3622 dico,
2628 3561 2694 3611 ut
2742 3557 2857 3611 fere
2909 3573 3114 3612 omnes
3158 3556 3443 3623 sentiunt,
3479 3557 3639 3612 nefa-

1987 3643 2105 3699 rios
2171 3645 2386 3698 civium
2440 3645 2766 3716 praedones,
2821 3646 3020 3716 patria:
3071 3644 3418 3714 proditores,
3478 3644 3640 3714 regni

1983 3737 2325 3803 vastatores,
2388 3733 2609 3788 militiae
2643 3735 2967 3788 desertores
3025 3734 3112 3801 365,
3165 3733 3262 3805 qui
3294 3749 3386 3787 me
3443 3731 3639 3804 ipsum

1985 3823 2188 3894 utique
2245 3821 2534 3894 sacrilega
2589 3823 2833 3878 audacia
2887 3823 3050 3888 suis,
3111 3823 3304 3890 credo,
3367 3821 3642 3877 manibus

1984 3916 2276 3977 necatum,
2337 3914 2438 3965 aut
2492 3911 2701 3981 quovis
2759 3928 2938 3982 quam
2998 3911 3376 3967 acerbissimo
3436 3910 3643 3965 mortis

1982 4016 2191 4070 genere
2251 3999 2470 4070 perisse
2527 3999 2785 4067 vellent;
2847 4000 2940 4054 cui
3001 3999 3188 4054 ﬁlium
3248 3997 3643 4067 sustulerunt,

1981 4092 2222 4143 fratrem
2275 4089 2342 4121 ³⁸⁸
2395 4105 2600 4160 regno,
2652 4087 2873 4154 liberis,
2907 4087 3153 4159 ipsaque
3182 4086 3338 4141 dulci
3371 4088 3640 4158 conjuge,

1978 4177 2099 4232 vita
2127 4177 2380 4248 denique
2401 4177 2530 4249 ipsa
2558 4177 2785 4248 privare
2805 4177 3283 4233 contendunt.Tu
3307 4175 3469 4232 solus
3491 4175 3637 4230 mihi

1979 4267 2215 4321 demum
2252 4284 2314 4321 es
2349 4266 2627 4335 solidum,
2679 4266 2865 4321 fidum
2918 4267 3278 4337 firmumque
3335 4264 3636 4329 solatium,

1979 4357 2078 4426 qui
2127 4360 2360 4410 tantum
2420 4357 2492 4410 ab
2540 4356 2781 4410 ineunte
2813 4358 2978 4410 aetate
3009 4355 3068 4409 in
3101 4355 3270 4410 bonis
3301 4353 3529 4408 actibus
3575 4354 3644 4392 ⁸⁸⁷

1977 4445 2294 4515 profecisti,
2329 4448 2393 4497 ut
2427 4444 2773 4499 benefacere
2804 4459 3156 4514 summaque
3178 4441 3480 4513 diligentia
3511 4456 3638 4496 0m-

1975 4533 2075 4587 nia
2105 4533 2559 4603 circumspicere
2595 4532 2698 4586 tibi
2725 4533 2852 4602 jam
2887 4548 2955 4587 ex
2984 4530 3408 4587 consuetudine
3438 4531 3500 4584 in
3531 4546 3635 4585 na-

1973 4625 2167 4677 turam
2199 4622 2422 4676 venerit
2453 4622 2542 4676 3'53.
2575 4620 2656 4676 Te
2687 4619 2858 4692 plane
2918 4619 3142 4692 sospite
3198 4621 3246 4674 si
3289 4620 3552 4691 jucunde
3583 4626 3638 4674 et

205 4701 348 4770 visa,
383 4708 725 4759 commotus
773 4704 1115 4776 imperator,
1171 4709 1228 4760 et
1257 4707 1448 4778 magis
1477 4707 1712 4763 illorum
1765 4709 1877 4764 mi-
1908 4716 1956 4780 Ι)
1990 4727 2058 4765 ex
2108 4715 2331 4780 integro
2380 4711 2596 4765 fruitus
2656 4709 2838 4777 fuero,
2892 4715 2955 4764 ut
3001 4725 3167 4764 mens
3217 4725 3348 4763 mea
3405 4724 3637 4778 semper

209 4790 364 4845 serie
418 4807 602 4864 quam
664 4809 771 4848 suo
804 4793 1020 4848 damno
1069 4794 1296 4865 dolens,
1352 4795 1719 4852 obsidionem
1755 4797 1871 4852 Ma-

207 4881 436 4948 gontia,
501 4886 741 4952 accepto
805 4883 1046 4938 tandem
1105 4885 1261 4954 quod
1322 4885 1634 4955 petebatur
1678 4893 1868 4958 pacto,

211 4967 474 5038 dimisit;
506 4987 540 5026 e
592 4971 661 5005 ³⁵⁸
715 4973 925 5028 castris
983 4971 1268 5029 orientem
1329 4990 1532 5030 versus
1588 4992 1722 5030 cum
1755 4975 1867 5044 his,

1981 4801 2229 4872 ﬂagitat,
2287 4798 2642 4853 desiderium
2704 4797 2985 4869 postulat,
3045 4798 3280 4854 animus
3312 4796 3634 4868 implorat:

1985 4893 2107 4944 tum
2139 4888 2420 4960 dignitas,
2451 4892 2578 4942 tum
2611 4888 2816 4959 gloria,
2850 4893 2977 4943 tum
3012 4887 3189 4942 decus
3242 4885 3445 4942 aderit.
3481 4891 3632 4940 Prae-

1982 4977 2116 5033 sidii
2148 4979 2293 5034 satis
2327 4978 2678 5048 abundeque
2721 4977 2890 5033 nobis
2919 4981 3010 5034 est
3037 4995 3051 5046 ;
3091 4992 3164 5032 ne
3191 4976 3362 5032 nobis
3392 4992 3500 5032 nos
3530 4975 3634 5031 de-

1545 5135 1786 5192 VARl/E
1817 5139 2122 5195 LECTION
2131 5140 2234 5195 ES.

269 5249 335 5284 ¹⁴⁷
363 5249 545 5305 erinis
576 5247 630 5304 l.
665 5249 717 5303 2.
799 5247 866 5288 3⁸⁸
899 5251 1200 5320 acceptum
1234 5250 1286 5305 4.
1317 5251 1371 5305 2.
1405 5251 1458 5305 3.
1534 5251 1602 5285 3‘9
1633 5253 1764 5308 tabe
1795 5254 1847 5309 2.
1927 5254 1996 5289 33°

2025 5272 2082 5326 p.
2117 5253 2291 5311 etiam
2350 5254 2414 5326 i.A
2449 5256 2504 5309 2.
2555 5254 2608 5309 3.
2687 5253 2748 5288 ³⁵¹
2777 5256 2862 5326 θυι
2909 5267 3098 5326 neque
3129 5252 3181 5326 3.
3262 5252 3332 5287 ³⁵²
3364 5267 3416 5326 a_.
3449 5251 3631 5326 inter-

200 5319 333 5398 dum
355 5323 409 5376 3.
492 5321 1003 5398 3753_impetr_aturos
1033 5319 1203 5398 1.2.3.
1282 5323 1353 5398 35f
1374 5328 1626 5398 secretas
1657 5326 1710 5379 2.
1793 5326 1862 5359 ³⁵⁵
1891 5327 1948 5381 d.
1984 5319 2438 5398 Regenesburgh
2473 5344 2507 5381 u
2539 5326 2592 5380 3.
2669 5326 2735 5398 if“
2754 5325 2976 5398 deest.3.
3002 5319 3019 5323 “
3055 5325 3121 5359 ³⁸⁵⁷
3143 5323 3442 5398 imputal.
3481 5323 3547 5357 ³⁸⁸
3573 5326 3630 5398 et

220 5392 366 5447 deest
398 5393 635 5461 castris)
656 5393 710 5447 3.
789 5392 858 5427 3"
887 5393 1095 5448 add-unt
1124 5394 1302 5450 rebus
1330 5397 1382 5448 2.
1419 5396 1472 5450 3.
1551 5397 1618 5429 ⁵⁶⁰
1648 5403 1967 5454 constantes

1997 5393 2218 5470 pris/ert
2263 5393 2593 5454 Leibnitz‘us.
2670 5397 2733 5470 3“}
2771 5397 2993 5452 arcium
3026 5398 3113 5470 1.7
3158 5393 3628 5470 ‘iifuirtulyml:

240 5463 258 5496 ²
288 5463 509 5536 uellent
537 5466 590 5520 l.
625 5467 680 5520 2.
715 5464 784 5499 ³⁶⁴
814 5481 871 5536 q.
907 5481 953 5522 θ.
988 5465 1184 5522 decunt
1215 5468 1268 5522 3.
1347 5467 1414 5500 ³6⁵
1445 5485 1494 5524 r.
1527 5485 1581 5524 ν.
1616 5484 1695 5525 m.
1729 5471 1786 5525 d.
1819 5463 2018 5527 desunt
2047 5463 2121 5526 3f
2180 5471 2248 5506 ³⁸⁵
2283 5472 2532 5526 fratrum
2584 5470 2638 5522 2.
2697 5469 2872 5524 fratre
2918 5470 2972 5523 3.
3049 5469 3116 5503 35"
3147 5469 3374 5525 artibus
3431 5468 3484 5521 3.
3560 5464 3626 5499 ³⁸⁸

191 5535 412 5592 ueniret
440 5535 497 5591 4.
525 5539 582 5591 2.

1781 5640 2009 5697 NOTAE.

257 5747 441 5820 (1935)
476 5747 687 5820 Comes
715 5746 1143 5820 palatinus,cui
1177 5751 1484 5808 Heinricus
1515 5752 1844 5811 Bafoariam

193 5819 734 5880 commendaverat.
754 5820 886 5879 Vita
916 5821 1192 5895 UdaIrici,
1226 5840 1277 5880 c.
1311 5823 1400 5880 48.

2027 5757 2209 5828 (1936)
2244 5755 2584 5814 Fredericus
2614 5757 3015 5831 Moguntinus.
