3916 6486
239 563 358 629 956

1203 570 1266 632 S.
1315 569 1714 634 BRUNONIS
1760 570 2269 633 COLONIENSIS
2319 573 2683 634 ARCHIEP.

3532 568 3654 632 956

239 699 463 756 simus!
502 701 619 758 Hoc
649 719 783 760 vero
841 719 1213 778 summopere
1269 705 1594 760 curandum
1638 689 1747 760 est.
1800 705 1884 760 Tu
1917 706 1970 771 Α
2002 704 2216 761 habere
2247 722 2473 778 pacem.
2511 728 2536 755 »ι
2574 705 2792 762 Deinde
2823 708 3137 778 postquam
3170 707 3414 760 ruerunt
3440 702 3499 758 in
3553 720 3650 762 os-

241 790 501 855 mihi,tu
537 793 774 865 inquam
838 795 1023 862 testis,
1085 799 1303 865 quanta
1360 811 1500 848 cura
1559 799 1891 865 quantaque

239 879 647 938 benevolentia
706 884 979 948 foverem,
1038 889 1249 950 tuerer,
1322 883 1702 954 amplecterer
1760 884 1887 952 hos,

242 985 390 1040 quos
447 973 621 1026 modo
674 977 792 1027 tam
827 972 1092 1026 crudeles
1148 971 1357 1043 patior,
1419 973 1634 1044 quibus
1693 977 1886 1027 tamen

240 1059 434 1114 adhuc
492 1077 665 1129 quam
723 1060 1112 1116 libentissime
1173 1061 1393 1116 mederi
1422 1060 1647 1128 vellem,
1697 1061 1745 1115 si
1777 1061 1888 1118 sibi

240 1146 353 1219 ipsi
387 1164 623 1218 parcere
654 1149 883 1204 vellent.
919 1150 1002 1204 Ah
1031 1150 1042 1203 l
1096 1155 1318 1220 quanta
1348 1151 1415 1185 ⁸⁸9
1446 1151 1888 1221 importunitate

241 1236 565 1306 praecipites
598 1239 782 1308 perire
814 1239 1432 1309 festinant,secumque
1454 1239 1672 1310 prolem
1697 1256 1884 1294 neeum

239 1324 579 1380 innocenter
627 1326 929 1382 educatam
983 1329 1040 1382 in
1091 1329 1290 1383 omnia
1342 1329 1561 1384 scelera
1606 1329 1882 1384 versant!

237 1414 320 1466 Ita
380 1413 438 1468 in
497 1415 883 1484 potestatibus
915 1422 1239 1487 temperare
1300 1416 1419 1472 illis
1478 1418 1620 1472 adeo
1653 1417 1888 1472 difficile

233 1505 338 1566 est,
371 1502 468 1572 qui
532 1518 635 1573 per
682 1504 1060 1560 ambitionem
1123 1507 1335 1576 probos
1366 1524 1427 1562 se
1459 1523 1572 1560 non
1603 1522 1750 1574 esse,
1783 1506 1884 1561 sed

233 1590 435 1659 videri,
498 1597 837 1662 prwoptant.
891 1595 1073 1664 Nosti,
1107 1594 1506 1661 dilectissime,
1543 1596 1694 1666 quod
1751 1594 1884 1666 qui-

235 1679 367 1734 dem
398 1695 530 1735 cum
592 1682 788 1737 dolore
821 1683 1030 1749 recolo,
1087 1700 1186 1738 eos
1227 1684 1370 1738 mihi
1404 1685 1736 1754 frequenter
1775 1685 1883 1738 du-

237 1768 417 1823 riores
440 1774 493 1822 et
528 1771 716 1842 magis
747 1772 815 1806 ³⁷0
837 1772 1049 1827 infidos
1083 1773 1285 1839 fuisse,
1311 1789 1458 1844 quos
1492 1772 1745 1842 amplius
1775 1772 1882 1826 fovi

235 1873 383 1926 quos
441 1859 499 1913 in
559 1860 761 1915 multis
821 1861 1353 1917 necessitudinibus
1405 1861 1882 1916 fmderatissimos

231 1945 443 2014 amavi,
473 1963 623 2017 quos
655 1948 906 2020 denique
966 1950 1109 2004 mihi
1180 1949 1697 2018 conjunctissimos
1726 1949 1881 2003 aesti-

230 2033 382 2088 mavi
415 2036 504 2091 371.
539 2035 722 2091 Grave
763 2036 872 2092 hoc
904 2053 1183 2109 perpessu
1236 2039 1304 2073 ³⁷²
1364 2038 1494 2102 fuit,
1528 2036 1742 2108 duplex
1773 2037 1882 2090 mi~

229 2122 399 2178 seria.
458 2124 620 2186 Quod
689 2131 887 2180 autem
959 2143 1050 2181 me
1114 2133 1304 2197 urget,
1369 2126 1524 2181 mala
1583 2125 1884 2197 superiora

228 2213 790 2285 praeponderat,cum
823 2214 920 2269 ille
951 2231 1126 2285 quem
1159 2214 1332 2285 genui
1367 2219 1688 2286 praereptus
1713 2214 1877 2284 mihi,

230 2305 483 2370 paterna
543 2303 737 2372 pietati
799 2303 1002 2359 didicit
1053 2303 1341 2361 insidiari.
1404 2304 1634 2358 Enitere
1681 2303 1880 2374 igitur,

233 2391 320 2444 vir
348 2391 464 2446 Deo
495 2392 710 2458 dedite,
746 2410 858 2449 non
907 2411 1022 2466 quo
1059 2395 1230 2449 modo
1261 2393 1537 2464 primum,
1572 2394 1670 2448 sed
1711 2393 1881 2447 modo

234 2479 630 2552 potissimum,
685 2483 922 2549 enitere,
959 2500 1174 2554 quaso,
1230 2482 1474 2538 consilio
1505 2482 1602 2536 illo
1637 2488 1735 2537 tuo
1765 2497 1881 2551 quo

232 2567 410 2623 calles
485 2568 827 2640 plurimum,
883 2576 948 2626 ut
1019 2589 1120 2644 pro
1179 2571 1302 2626 loco
1361 2576 1418 2627 et
1465 2576 1725 2641 tempore
1781 2573 1884 2624 aut

230 2673 398 2712 arma
443 2657 788 2729 desuadeas,
849 2665 950 2716 aut
1004 2676 1238 2732 quoquo
1296 2665 1462 2732 pacto
1523 2674 1878 2728 compescas.

231 2746 452 2802 Absens
508 2747 614 2801 tibi
668 2765 930 2820 corpore,
994 2749 1331 2820 ubicunque
1405 2765 1523 2818 ero,
1594 2748 1879 2820 gaudeam

227 2834 356 2901 tibi,
391 2836 649 2907 gratuler
678 2837 1056 2908 providentia
1114 2843 1169 2893 et
1210 2837 1593 2895 moderationi
1626 2843 1756 2891 tuis.
1818 2836 1879 2890 Id

233 2923 377 2978 mihi
410 2929 678 2994 reputare
703 2925 846 2980 libet
891 2927 1046 2996 quod
1080 2926 1310 2996 feceris,
1368 2927 1426 2981 id
1462 2925 1678 2982 ibidem
1712 2926 1779 2970 ³⁷³
1809 2923 1878 2977 li-

233 3011 366 3068 beat
416 3012 521 3068 tibi
582 3015 736 3084 quod
798 3014 1003 3070 fecero.
1056 3017 1202 3086 Opto
1263 3018 1318 3070 et
1370 3013 1664 3070 cumulate
1724 3012 1877 3069 desi-

231 3101 366 3156 dero
426 3105 492 3156 ut
537 3117 605 3156 ea
672 3103 841 3158 nobis
900 3104 978 3158 sit
1035 3109 1300 3160 votorum
1357 3109 1414 3159 et
1469 3102 1878 3158 oblectamenti

233 3205 485 3254 summa,
564 3207 677 3245 non
755 3196 987 3247 tantum
1063 3209 1262 3248 coram
1339 3194 1475 3261 Deo,
1544 3194 1645 3247 sed
1699 3193 1876 3247 etiam

230 3293 426 3332 coram
483 3278 822 3335 hominibus
857 3322 870 3346 ,
949 3280 1235 3351 provideri
1297 3281 1450 3336 bona
1528 3280 1875 3336 alterutrum

228 3381 296 3420 ea
351 3382 482 3437 quae
539 3373 700 3433 sunt,
759 3373 818 3426 et
862 3369 910 3424 si
966 3369 1090 3425 ﬁeri
1141 3375 1348 3441 potest,
1408 3387 1543 3426 cum
1603 3370 1877 3426 omnibus

2001 794 2151 861 cula,
2187 812 2298 849 non
2333 795 2458 850 sine
2515 795 2786 867 lacrymis
2844 794 2915 850 ab
2947 794 3194 850 invicem
3226 792 3650 865 digredientes,

1999 885 2318 955 imperator
2347 885 2652 952 orientem,
2691 883 2868 940 frater
2923 885 3052 954 ejus
3106 883 3464 939 occidentem
3496 883 3649 954 peti-

1998 989 2071 1028 γι.

2067 1062 2156 1117 21.
2218 1063 2464 1133 Moxque
2511 1064 2581 1118 ad
2638 1065 2837 1135 Aquas
2895 1062 3069 1118 Grani
3131 1060 3332 1133 palatii
3391 1060 3460 1095 ³⁷⁸
3511 1077 3648 1132 pro-

1999 1153 2220 1222 paravit
2276 1153 2480 1222 (1937).
2541 1153 2622 1206 Ibi
2687 1152 2982 1224 principes
3037 1151 3224 1222 regni,
3284 1166 3534 1221 quorum
3586 1150 3646 1205 id

1997 1240 2291 1306 intererat,
2338 1241 2624 1310 convenit,
2685 1257 2783 1296 eos
2840 1239 3016 1294 variis
3071 1238 3396 1310 multisque
3452 1238 3649 1294 modis

1999 1329 2296 1395 instruxit,
2329 1334 2501 1400 atque
2557 1330 2666 1384 hoc
2695 1346 2828 1384 cum
2861 1328 2944 1384 eis
2993 1328 3371 1399 potissimum
3403 1328 3541 1399 egit,
3573 1344 3647 1383 ne

1996 1419 2402 1473 seductoribus
2461 1423 2564 1474 aut
2619 1419 2784 1473 vanis
2827 1434 3029 1472 corum
3082 1416 3386 1488 promissis
3444 1417 3645 1471 crede—

1995 1513 2144 1572 rent,
2179 1525 2250 1562 ne
2279 1508 2468 1562 minas
2529 1508 2806 1562 timerent
2853 1507 2942 1576 ³⁷⁵,
3004 1507 3174 1578 regia
3235 1505 3526 1576 majestati
3587 1509 3648 1560 et

1995 1613 2114 1650 suae
2146 1597 2405 1666 ipsorum
2467 1595 2600 1650 fidei
2658 1595 3106 1666 pollicitationes
3165 1594 3360 1650 nullas
3414 1609 3644 1665 praepo-

1994 1691 2200 1740 nerent
2228 1703 2241 1752 ;
2271 1685 2572 1756 spondens
2603 1700 2665 1738 se
2697 1689 2834 1739 ante
2889 1685 2955 1719 ³⁷⁵
3010 1688 3245 1755 tempus
3301 1687 3358 1738 et
3399 1683 3457 1737 in
3490 1687 3646 1737 tem-

1995 1790 2131 1844 pore
2179 1790 2409 1839 semper
2464 1779 2732 1844 paratum
2790 1773 2936 1838 fore,
2972 1778 3036 1829 ut
3093 1774 3160 1808 ³⁷⁷
3216 1789 3416 1844 pacem
3449 1769 3644 1827 Eccle-

1994 1863 2090 1918 siae
2147 1861 2444 1932 violatam,
2505 1862 2554 1917 si
2614 1862 2698 1915 sic
2751 1877 2987 1917 necesse
3053 1866 3224 1930 esset,
3285 1861 3412 1916 vitae
3466 1859 3648 1915 etiam

1993 1965 2111 2004 suae
2145 1949 2400 2021 periculo
2459 1950 2821 2004 reformaret.
2883 1949 2999 2002 Hoc
3031 1949 3183 2002 facto
3213 1946 3512 2003 Coloniam
3547 1945 3648 1999 lae-

1993 2043 2090 2094 tus
2123 2039 2266 2093 adiit
2297 2057 2310 2104 ;
2371 2038 2822 2109 exspectabatur
2866 2036 3268 2092 ordonationis
3298 2040 3533 2106 tempus
3590 2037 3653 2089 et

1994 2127 2287 2183 unctionis
2342 2126 2543 2182 laetitia
2595 2125 2892 2182 salutaris.
2949 2127 3062 2181 Hoc
3094 2126 3267 2190 facto,
3299 2123 3651 2178 innovatum

1991 2222 2079 2271 est
2108 2217 2390 2287 gaudium
2423 2216 2630 2287 plebis,
2688 2219 2746 2270 et
2785 2213 3015 2269 refulsit
3042 2213 3102 2266 in
3133 2216 3456 2282 conspuctu
3511 2227 3647 2264 om-

1993 2305 2156 2360 nium
2199 2293 2309 2377 'qui
2368 2308 2776 2368 convenerant,
2839 2306 3081 2357 ornatus
3129 2300 3279 2356 stola
3301 2297 3649 2370 jucundita-

1992 2394 2091 2456 tis,
2149 2394 2422 2448 sacerdos
2481 2391 2710 2446 Domini
2768 2389 3103 2455 Salvatoris,
3160 2389 3367 2444 Postea
3422 2387 3648 2441 nardus

1992 2482 2249 2554 pretiosa
2280 2482 2439 2537 dedit
2469 2481 2705 2535 odorem
2767 2495 2943 2534 suum
2979 2495 2992 2544 ;
3048 2477 3107 2532 in
3154 2478 3344 2532 medio
3376 2475 3646 2532 Ecclesiae

1992 2573 2222 2643 aperuit
2249 2588 2314 2627 os
2364 2587 2540 2626 suum
2599 2569 2797 2639 (Exod.
2859 2585 3050 2635 xxvm,
3107 2566 3222 2637 35).
3281 2565 3648 2620 Audiebatur

1993 2661 2318 2716 secundum
2341 2658 2524 2730 legale
2546 2659 2885 2712 institutum
2910 2655 3138 2710 sonitus
3161 2654 3438 2710 intrantis
3461 2653 3519 2708 in
3547 2655 3646 2709 do-

1994 2765 2159 2806 mum
2182 2747 2414 2803 Domini
2432 2747 2528 2802 Dei
2548 2765 2560 2814 ;
2583 2745 2914 2816 exemplum
2937 2749 2994 2799 et
3015 2745 3431 2800 documentum
3459 2743 3646 2798 factus

1997 2843 2083 2893 est
2112 2835 2387 2892 omnibus
2418 2834 2962 2906 obtemperantibus
2985 2833 3096 2889 sibi
3117 2833 3175 2887 in
3209 2831 3646 2894 salutem.Quid

1994 2932 2187 2982 autem
2217 2924 2735 2995 fecerit,quomodo
2765 2924 3047 2989 docuerit,
3091 2921 3339 2992 qualiter
3371 2937 3472 2992 pro
3505 2936 3645 2992 pace

1994 3014 2385 3069 Ecclesiarum
2446 3013 2547 3068 Dei
2606 3027 2666 3067 se
2724 3011 2921 3082 ipsum
2975 3009 3351 3081 impenderit,
3385 3013 3517 3064 actu
3574 3009 3644 3044 37°

1995 3108 2083 3160 est
2114 3102 2402 3166 mirabile,
2462 3100 2621 3156 dictu
2682 3099 2938 3155 difficile.
2970 3099 3224 3153 Tantum
3279 3098 3435 3153 enim
3466 3113 3644 3168 supe-

1994 3192 2214 3248 riorum
2272 3190 2528 3261 insignia
2578 3189 2756 3259 hujus
2813 3188 3154 3259 quotidiano
3213 3202 3388 3258 opera
3420 3201 3642 3257 prece-

1992 3282 2228 3349 debant,
2264 3286 2329 3334 ut
2356 3283 2570 3346 totum,
2623 3278 2777 3348 quod
2809 3277 2867 3331 in
2895 3276 3170 3332 Ecclesiis
3201 3276 3322 3331 sive
3351 3273 3643 3347 amplian-

1990 3371 2080 3426 dis
2111 3371 2232 3425 sive
2263 3366 2688 3432 restaurandis,
2731 3366 2885 3438 quod
2949 3367 3008 3419 in
3040 3364 3305 3436 reliquiis
3360 3368 3417 3418 et
3446 3379 3653 3434 corpo-

1607 3511 1854 3568 VARIIE
1894 3510 2306 3567 LECTIONES.

307 3606 374 3640 869
403 3608 487 3681 ξια
507 3609 749 3681 porrigo.
783 3607 1101 3680 Aliquanta
1126 3611 1172 3663 1.
1199 3611 1273 3681 (2.
1297 3611 1378 3680 3?)

234 3676 302 3711 37‘
340 3677 625 3748 palatium
658 3676 711 3735 3.

1457 3611 1524 3644 ³⁷0
1555 3609 1785 3682 magnis
1821 3611 1869 3682 1.
1946 3611 2012 3646 ⁴⁷¹
2037 3607 2361 3682 existimavi
2395 3608 2446 3682 3.
2477 3679 2495 3682 _
2526 3605 2594 3640 ³⁷⁸

813 3681 880 3714 ³⁷³
911 3685 1195 3736 terrerent
1224 3682 1277 3738 3.
1354 3683 1421 3717 ³⁷⁸
1451 3681 1670 3736 autem’
1702 3682 1755 3736 3.
1816 3681 1980 3750 (deest
2035 3682 2131 3751 se).

2599 3601 3572 3710 ἕξὲτρῗεδυω.³·...³ἷῖξοίὲθ¹3.ίίέξέξὲ
3600 3603 3656 3710 .3'

2209 3681 2275 3713 ⁸⁷⁷
2333 3677 2419 3734 vel
2470 3679 2524 3732 2.
2599 3677 2666 3711 ³⁷³
2698 3681 2831 3732 actu
2863 3692 3006 3730 rorr.
3035 3679 3230 3732 actum
3262 3690 3401 3731 corr.
3436 3677 3569 3729 actu
3600 3677 3655 3728 1.

1829 3838 2053 3894 NOTAE.

334 3935 490 4006 l937)
526 3938 601 3990 De
631 3939 893 4005 tempore
951 3936 1253 3991 electionis
1304 3939 1360 3991 et
1392 3936 1778 3991 ordinationis
1810 3936 1882 3990 cf.
1919 3940 1961 4006 C

305 3936 490 4060 $93.7)
526 3938 601 3990 De
631 3939 893 4020 tempore
951 3936 1253 3991 electionis
1304 3939 1360 3991 et
1392 3936 1778 4018 ordinationis
1810 3936 1882 3990 cf.

229 4008 309 4080 Ba
336 4007 653 4080 lerinorum
689 4009 1005 4063 editionem
1039 4009 1184 4080 Opp.
1222 4009 1531 4080 Ratthern,
1559 4007 1883 4079 p.LXXVll.

235 4079 548 4134 Ratherius
604 4080 808 4134 eodem
867 4080 960 4135 die
991 4096 1107 4150 quo
1132 4079 1140 4080 ⁷⁷
1158 4080 1351 4135 Bruno
1407 4079 1630 4135 electus
1667 4084 1722 4134 et
1752 4097 1888 4134 con-

236 4154 499 4221 secratus
557 4157 666 4221 est,
709 4152 1094 4221 praesentibus
1126 4155 1404 4221 praeterea
1455 4151 1704 4206 Itoberto
1753 4151 1890 4205 Tre-

235 4220 453 4294 virensi
480 4220 942 4294 archiepiscopo,
975 4220 1267 4294 Balderico
1321 4221 1720 4294 Ultrajectino,
1761 4221 1891 4276 Hil-

237 4291 485 4346 debaldo
520 4291 1160 4363 Mimigardevordensi,
1226 4291 1533 4362 Druogone
1589 4293 1887 4347 Osuahru—

235 4363 425 4435 gensi,
480 4365 826 4435 Borengarie
877 4364 1252 4433 Virdunensi,
1317 4364 1579 4418 Folberto
1625 4366 1888 4419 Camera-

235 4436 396 4490 censi
451 4435 765 4506 episcopis,
826 4435 1132 4491 Ratherius
1191 4436 1249 4490 in
1307 4435 1583 4490 Phrenesi
1642 4435 1892 4506 hiscite

239 4516 436 4578 narrat
467 4505 540 4576 (c.
575 4505 690 4571 I.)':
727 4531 753 4557 α
790 4507 1002 4563 Pulsus
1045 4506 1340 4578 episcopio
1400 4506 1721 4578 Veronensi
1776 4505 1889 4578 Ita:

240 4577 681 4650 liae,ordinatus
732 4579 828 4633 ubi
890 4577 1098 4645 fuerat,
1160 4595 1294 4632 cum
1359 4578 1428 4650 ad
1481 4577 1892 4650 gloriosissimi

241 4649 396 4720 regis
437 4666 498 4721 se
556 4650 899 4704 contulisset
957 4650 1200 4721 Ottonis
1245 4649 1549 4716 auxilium,
1609 4651 1893 4721 copiaque

241 4720 631 4776 restitutionis
662 4721 1054 4792 praecessisset
1086 4720 1266 4790 nulla,
1298 4721 1425 4791 ipso
1468 4720 1703 4792 quoque
1753 4720 1891 4790 piis-

243 4792 393 4846 simo
424 4809 560 4863 rege
591 4799 856 4861 conante,
918 4794 1055 4847 data
1109 4793 1365 4862 optione,
1416 4792 1741 4848 interventu
1779 4794 1893 4846 fra-

243 4863 352 4918 tris
398 4865 528 4934 ejus
583 4865 868 4936 Brunonis
914 4863 1348 4933 archipraesulis
1405 4869 1581 4936 atque
1638 4868 1890 4936 patrato,

249 4941 558 5006 postquam
600 4935 817 4991 electus
849 4953 1044 4991 coram
1096 4936 1299 4990 eodem
1353 4936 1424 4989 ad
1484 4934 1524 4988 Α
1575 4934 1679 4989 uas
1738 4934 1894 5006 quod

249 5007 465 5060 dicitur
522 5006 696 5060 Grani
761 5007 1063 5060 palatium.
1118 5023 1233 5060 non
1266 5004 1457 5060 solum
1518 4953 1588 5060 δῇ)
1623 5006 1715 5059 his
1751 5021 1892 5060 ouo-

1359 5023 1550 5060 uma

247 5004 465 5080 dicitur
522 5006 696 5064 Grani
759 5007 1063 5080 palatium,
1118 5023 1233 5080 non
1266 5004 1457 5080 solum
1518 5004 1588 5080 ab
1623 5006 1715 5080 his
1751 5004 1892 5080 quo-

246 5094 377 5132 rum
409 5077 686 5133 intererat
717 5077 1052 5149 specialius,
1108 5079 1206 5132 sed
1267 5081 1326 5149 et
1357 5077 1434 5149 ab,
1461 5077 1770 5147 episcopis,
1801 5077 1897 5130 ab-

247 5148 1157 5228 batihus,comitibus,totiusque
1171 5148 1332 5217 regni
1353 5148 1897 5228 primpribuanuar-

247 5225 304 5273 ta
335 5219 614 5274 solemnis
657 5221 864 5290 jejunii
927 5219 1161 5290 septimi
1220 5219 1441 5290 mensis
1501 5219 1645 5274 feria
1705 5219 1896 5274 fuerat
2004 5219 2256 5290 βω.Μο

2001 3936 2203 3991 aderat
2234 3934 2308 4005 (a)
2342 3934 2892 4000 favore,destinatus
2923 3933 3144 3988 eisdem
3178 3936 3352 4002 atque
3381 3929 3661 4005 solemni-

2001 4015 2092 4085 ter
2120 4002 2576 4085 inthronisatus
2614 4005 2879 4085 Ecclesia
2902 4020 3206 4085 ;_cumque
3260 4006 3462 4085 postea
3491 4002 3656 4072 inge-

2001 4079 2098 4133 nio
2123 4080 2248 4147 jam
2308 4077 2410 4131 fati
2447 4075 2712 4144 Baldrici,
2747 4081 3120 4148 patratuque,
3179 4075 3279 4144 qui
3311 4090 3444 4148 eum
3477 4089 3659 4143 super

2000 4144 2310 4204 ambonem
2367 4148 2638 4202 Ecclesia
2703 4144 3065 4203 Coloniensis
3097 4144 3386 4204 sncctanti
3440 4149 3654 4200 cuncto

2003 4219 2313 4291 specialius
2361 4218 2793 4291 collaudaverat
2848 4217 3086 4291 populo.
3122 4215 3402 4291 Rodberti
3452 4215 3648 4291 Trevi-l

2003 4235 2313 4291 specialius
2361 4235 2793 4274 coiiauuaverat
2848 4235 3086 4343 populo.
3123 4235 3401 4272 noooeru
3453 4235 3648 4271 'lreVl-

2003 4290 2678 4366 rorum_archiep_iscopi,
2714 4292 2769 4347 vi
2799 4291 2916 4359 pub
2943 4289 3032 4366 ica
3062 4285 3656 4366 comitumRegeneri

2003 4369 2176 4440 atque
2210 4357 2525 4440 Ruoduolti
2704 4357 2888 4440 nepos
2921 4362 3232 4440 ipsorum,
3264 4360 3364 4440 qui
3405 4357 3656 4440 et'fllius

2003 4429 2199 4509 fratris
2230 4434 2527 4509 esstiterat
2587 4429 2856 4509 Baldrici,
2914 4429 3056 4509 talia
3112 4429 3350 4509 utquid
3396 4429 3656 4509 contige-

2004 4507 2124 4561 rint
2154 4521 2227 4560 ne
2259 4504 2498 4560 difﬁcile
2557 4505 2635 4560 sit
2690 4504 3028 4575 conjectari,
3091 4500 3356 4573 ejusdem
3397 4500 3659 4575 nominis

2003 4595 2146 4649 puer
2196 4577 2437 4649 quidam
2498 4580 2562 4630 ut
2610 4571 3017 4649 institueretur
3047 4571 3199 4628 —'et
3229 4577 3292 4628 ut
3321 4590 3423 4644 per
3455 4571 3662 4649 omnia

2006 4641 2276 4703 materies
2336 4664 2718 4719 personarum
2781 4646 3113 4719 acceptione
3145 4641 3342 4719 pateat
3370 4641 3658 4719 neglecta,

2003 4713 2488 4789 timiditate-jam
2549 4719 2689 4773 dicti
2751 4713 3200 4789 regis—germani
3227 4745 3296 4756 -—
3326 4730 3400 4769 ne
3431 4713 3661 4789 cilicet

1999 4793 2124 4862 jam
2159 4790 2273 4862 fati
2293 4785 2534 4844 comites
2594 4806 2637 4862 a7
2675 4785 2845 4860 rege'
2867 4785 3322 4862 ad'Conradum,
3377 4785 3479 4856 qui
3511 4789 3660 4840 tunc

2005 4857 2208 4918 contra
2263 4861 2458 4930 ipsum
2517 4857 2764 4931 agebat:
2781 4862 3092 4916 deﬁcerent
3129 4857 3372 4931 Asibique
3402 4872 3536 4911 cum
3571 4873 3660 4931 ‘eo

2005 4927 2585 4999 inimiearéntur,vel',
2620 4933 2772 5003 quod
2804 4929 3217 5003 veriusﬂipsius
3249 4927 3524 5003 asserunt
3554 4927 3659 5003 de-

1999 5005 2284 5081 fensores,
2317 4997 2667 5081 resistendo,
2725 5004 2862 5081 quia
2891 4997 3135 5081 nullum
3192 5001 3407 5081 habere
3464 4997 3663 5081 potuit

2005 5076 2157 5130 idem
2217 5075 2710 5146 archiepiscopus,
2742 5071 2832 5129 'nt
2888 5074 3248 5146 inhiaverat,
3292 5089 3364 5146 ex
3393 5071 3658 5146 episcopi

2005 5147 2211 5202 amicis
2243 5147 2328 5200 vel
2385 5141 2674 5201 militibus
2705 5146 3037 5216 adjutorem
3094 5174 3164 5216 ——-_
3200 5141 3661 5216 V’fuisset’expul-

2299 5217 2593 5295 untimque
2651 5212 3017 5295 benignitate
3050 5212 3476 5295 archiepiscopi
3506 5212 3660 5295 Wil-

247 5233 304 5273 ta
335 5233 614 5274 sotemnis
657 5236 864 5290 jejunu
927 5233 1161 5290 septimi
1220 5235 1441 5272 menels
1501 5233 1645 5274 ieria
1705 5233 1896 5274 iuerat
2004 5235 2127 5281 sus,
2163 5233 2593 5342 mogunumque
2651 5233 3017 5289 benignitate
3050 5233 3476 5287 arcmepiscopi
3518 5233 3660 5267 wu-

243 5291 579 5370 expetitus;
617 5308 856 5370 rursum~
885 5291 1160 5370 sequenti
1203 5289 1507 5370 Dominica
1551 5290 1622 5370 ab
1650 5292 1892 5370 eodem,
1925 5302 1971 5370 D
2006 5289 2229 5370 lihelmi
2282 5289 2363 5344 ilii
2396 5287 3194 5370 _regis__muniﬁcentissima
3250 5283 3662 5370 copiosissime

242 5361 352 5416 hoc
384 5368 470 5415 est
526 5361 894 5416 Leodicensis
948 5359 1216 5416 Ecclesia
1259 5359 1470 5431 populo
1519 5361 1762 5424 electus,
1796 5359 1889 5431 se}

245 5438 401 5501 ptem
435 5449 467 5504 a
520 5432 877 5504 coepisc0pis
937 5434 1050 5487 duo
1101 5430 1350 5503 quorum
1414 5433 1643 5504 fuerant
1703 5430 1890 5504 archi-

244 5503 544 5574 praasules,
577 5505 766 5576 caeteri
792 5503 1100 5576 praesules,
1164 5504 1460 5576 praelibato
1494 5503 1716 5558 scilicet
1748 5503 1892 5556 Bru-

245 5589 414 5638 none,
454 5574 759 5640 Rodberto,
807 5574 1110 5644 ‘Baldrico,
1172 5575 1503 5639 Bildihado,
1569 5579 1888 5645 Druogone,

255 5645 820 5715 Berengario,atque
876 5646 1160 5708 Folberto,
1213 5646 1581 5701 conniventia
1635 5648 1887 5701 decreto-

247 5731 694 5788 rum,consensu
729 5723 902 5786 atque
923 5716 1201 5788 exemplis
1233 5717 1895 5788 nonnullorum,quibus

247 5792 301 5841 et
335 5789 388 5841 id
447 5787 787 5857 contigerat,
823 5786 1227 5857 antiquorum,
1277 5805 1508 5844 summo
1553 5786 1735 5845 totius
1766 5805 1894 5862 quae

317 5895 400 5968 (a)
431 5893 616 5950 Plebis
643 5893 732 5949 vel
761 5891 1055 5965 ejusmodi
1082 5893 1430 5949 vocabulum
1461 5894 1643 5952 deest.

2008 5363 2296 5416 frueretur
2331 5376 2342 5414 :
2379 5356 2517 5414 data
2545 5359 2645 5415 otii
2680 5360 3007 5427 occasione,
3067 5356 3472 5427 curavit,’quaa
3503 5356 3664 5412 circa

2004 5448 2137 5487 eum
2171 5437 2298 5486 acta
2332 5431 2579 5504 fuerant,
2613 5431 2903 5504 inlibros
2935 5431 3219 5504 digerere,
3254 5427 3662 5504 qual_itas_sla-

2004 5506 2218 5558 borans
2277 5519 2347 5557 ne
2377 5503 2462 5557 vel
2495 5498 2708 5558 curiosi
2768 5502 2975 5559 lateret
3001 5498 3123 5558 'sui
3152 5498 3452 5572 temporis.
3476 5569 3484 5572 _
3506 5498 3662 5572 Utti-

2003 5575 2254 5658 que‘hoc
2285 5574 2840 5658 audientes-duoil‘li‘
2869 5575 2997 5657 ejus
3042 5569 3358 5658 specialius
3406 5569 3663 5658 inimici,

2004 5642 2333 5701 Rodbertus
2350 5645 2619 5700 videlicet
2635 5650 2690 5699 et
2704 5642 3307 5710 Baldricus,dixerunt
3327 5660 3462 5699 eum
3483 5642 3666 5713 phre-

2006 5719 2258 5775 neticum
2292 5732 2438 5771 esse.
2479 5741 2499 5767 υ
