3916 6424
174 462 288 525 957

1791 466 2002 532 VITA.

3486 459 3609 524 958

175 597 339 655 ribus
371 600 714 656 sanctorum
748 596 809 654 in
841 615 1010 658 suam
1033 600 1371 673 parochiam
1394 600 1838 670 transferendis,
1867 603 1925 668 Α
1957 599 2168 686 ignari,
2204 615 2384 672 quare
2404 598 2715 672 episcopus
2737 614 2860 656 rem
2892 596 3092 671 populi
3125 601 3182 654 et
3200 596 3456 671 pericula
3472 596 3588 653 hell

177 689 332 760 quod
382 688 442 743 in
503 688 746 762 privatis
794 689 880 745 vel
955 690 1203 762 publicis
1258 693 1328 727 379
1387 691 1646 747 aediﬁciis
1689 707 1841 746 com-

177 777 484 850 ponendis,
519 779 677 849 quod
709 779 769 832 in
799 779 1142 835 ordinandis
1174 781 1446 836 domibus
1489 781 1841 852 familiaque

177 873 396 922 sanctae
458 867 558 921 Dei
623 867 894 924 Ecclesiae
948 870 1122 924 rebus
1172 870 1405 939 fecerat,
1466 871 1538 924 ad
1590 869 1838 926 aliorum

178 971 352 1025 opera
379 955 448 990 ³⁸0
498 972 648 1028 pene
696 955 1155 1028 incomparabile
1203 959 1516 1014 videretur.
1571 959 1718 1014 Nam
1759 958 1838 1013 si-

178 1048 275 1097 cut
306 1060 486 1116 super
515 1061 720 1100 omnes
744 1045 808 1080 ³⁸¹
835 1046 1109 1101 docentes
1134 1063 1195 1102 se
1219 1047 1524 1116 intellexit,
1547 1047 1630 1102 ita
1645 1047 1837 1103 cordis

179 1132 268 1186 sui
299 1133 368 1166 3“
396 1133 606 1199 aciem,
640 1133 858 1205 ingenii
909 1151 1178 1204 acumen,
1229 1137 1409 1192 animi
1441 1139 1719 1208 vigorem,
1763 1136 1835 1190 ad

178 1221 401 1290 majora
459 1222 760 1294 sapientiaa
820 1228 877 1278 et
935 1224 1167 1279 virtutis
1225 1241 1402 1296 cpera
1476 1226 1689 1280 direxit
1744 1225 1834 1280 ³⁸³.

177 1313 254 1363 De
314 1309 598 1382 religione
655 1312 845 1383 primo
911 1318 970 1366 et
1027 1313 1188 1368 cultu
1262 1316 1379 1379 Dei,
1440 1316 1598 1386 quod
1653 1315 1836 1370 Graeci

176 1399 490 1454 theosebian
537 1401 607 1438 33‘
648 1400 872 1467 dicunt,
933 1403 1259 1457 secundum
1326 1404 1524 1458 datam
1585 1404 1698 1458 sibi
1749 1421 1837 1460 sa-

177 1487 481 1557 pientiam,
515 1489 852 1545 canonicam
885 1495 944 1546 et
1001 1491 1383 1561 apostolicam
1431 1493 1834 1548 auctoritatem

81 1565 90 1585 ’
175 1581 438 1643 secutus,
471 1576 747 1646 instituit,
782 1585 847 1633 ut
890 1580 1308 1649 multitudinis,
1364 1598 1492 1650 quas
1541 1582 1600 1635 in
1643 1581 1826 1636 diver-

175 1665 256 1719 sis
288 1665 358 1699 ³⁸⁸
388 1667 944 1739 congregationibus
991 1669 1060 1722 ad
1111 1669 1240 1739 ejus
1290 1669 1689 1725 honorabilem
1740 1687 1834 1726 se-

176 1753 306 1808 dem
339 1754 775 1826 pertinentibus
805 1760 947 1824 erat,
985 1773 1165 1811 unum
1201 1774 1301 1812 cor
1331 1767 1483 1813 esset
1538 1764 1596 1813 et
1639 1759 1838 1813 anima

176 1859 328 1911 una;
366 1849 432 1898 ut
460 1845 711 1900 vestium
743 1845 1141 1916 superfluitas,
1175 1863 1406 1901 morum
1447 1847 1835 1918 inaequalitas,

1951 689 2300 758 tractaverit,
2354 707 2488 746 cum
2538 690 2873 745 animarum
2948 689 3362 745 tantummodo
3405 704 3606 742 curam

1949 780 2294 852 susceperit.
2329 780 2552 844 Quibus
2583 796 2674 836 res
2706 780 2836 851 ipsa
2865 779 3052 845 facile,
3112 779 3162 834 si
3213 777 3354 848 quid
3394 793 3606 832 sanum

1950 868 2208 940 sapiunt,
2244 869 2553 934 satisfecit,
2586 885 2721 924 cum
2755 873 2986 923 tantum
3020 872 3078 922 et
3130 872 3253 922 tam
3305 866 3606 921 insuetum

1948 957 2065 1014 illis
2093 959 2416 1029 praesertim
2443 958 2707 1029 partibus
2733 958 2894 1029 pacis
2915 958 3136 1011 bonum
3161 971 3264 1027 per
3280 955 3438 1010 hunc
3459 958 3610 1010 tuto-

1949 1063 2072 1101 rem
2095 1051 2151 1102 et
2174 1047 2469 1102 doctorem
2495 1046 2683 1101 ﬁdelis
2705 1046 2907 1117 populi
2931 1045 3104 1117 longe
3134 1045 3366 1116 lateque
3397 1060 3608 1116 propa-

1947 1140 2150 1205 gatum
2186 1135 2502 1206 aspiciunt,
2535 1152 2606 1190 ne
2639 1151 2741 1206 pro
2773 1135 2882 1189 hac
2909 1151 2968 1190 re
3015 1133 3183 1204 quasi
3230 1133 3290 1188 in
3331 1135 3604 1188 tenebras

1947 1224 2222 1294 amplius,
2257 1225 2353 1280 ubi
2380 1242 2494 1280 non
2526 1230 2615 1280 est
2646 1222 3147 1294 praesentialucis,
3179 1223 3478 1278 offendant
3505 1223 3598 1276 39‘.

1945 1314 2060 1368 Nec
2091 1330 2392 1369 veronova
2416 1315 2521 1368 fuit
2554 1313 2732 1384 hujus
2764 1313 2968 1368 mundi
2998 1313 3066 1348 ³⁸⁸
3121 1311 3466 1384 gubernatio
3497 1315 3603 1367 aut

1946 1407 2162 1458 sanctae
2211 1403 2312 1457 Dei
2371 1401 2637 1458 Ecclesia:
2683 1402 3006 1457 rectoribus
3059 1406 3230 1457 antea
3273 1401 3601 1469 inusitata;

1946 1490 2118 1560 cujus
2148 1489 2418 1561 exempla
2449 1490 2496 1543 si
2544 1490 2680 1561 quis
2730 1490 3062 1561 requisierit
3092 1491 3179 1556 3“,
3238 1490 3297 1544 in
3324 1495 3600 1562 promptu

1946 1583 2085 1634 sunt
2116 1579 2202 1633 ³9⁷.
2237 1580 2355 1635 Nos
2384 1596 2517 1636 vero
2549 1579 2623 1635 ad
2675 1578 2789 1634 alia
2845 1578 3211 1649 festinantes,
3274 1580 3414 1652 quid
3446 1578 3604 1650 quis-

1945 1686 2061 1740 que
2082 1671 2149 1704 399
2173 1671 2241 1725 de
2257 1671 2350 1742 pio
2366 1670 2474 1726 hoc
2492 1669 2614 1725 viro
2637 1670 3047 1742 loquatur,suo
3070 1669 3490 1741 ipsiusjudicio
3513 1686 3601 1724 re-

1945 1757 2304 1829 linquimus:
2331 1759 2604 1826 scientes,
2624 1759 2753 1816 sani
2783 1759 2998 1830 capitis
3029 1775 3158 1813 esse
3178 1757 3601 1829 neminem,qui

1947 1849 2164 1902 bonum
2216 1848 2725 1904 evidentissimum
2777 1847 2896 1902 ullo
2954 1847 3248 1902 maledicti
3290 1846 3604 1918 opprobrio

175 1935 229 1986 et
273 1932 568 2032 quidquid
605 1933 715 2037 ho:
765 1935 938 2037 modo
987 1934 1072 2037 “is.
1112 1937 1514 1992 eﬂeminatum
1572 1942 1628 1992 et
1670 1937 1836 1992 inde-
1865 1973 1912 2037 Β
1948 1936 2175 2037 fuscare
2199 1937 2443 1994 nitatur.
2478 1937 2801 1993 Honestum
2839 1936 2996 2037 enim
3028 1941 3086 1992 et
3113 1935 3254 2036 utile
3281 1935 3349 1972 3”
3391 1938 3607 2036 nostra:

176 2036 311 2076 cens
368 2021 427 2076 in
488 2023 616 2091 ejus
667 2021 926 2079 Ecclesia
981 2024 1300 2090 videretur,
1360 2042 1492 2082 vera
1547 2031 1604 2080 et
1658 2027 1831 2098 spiri-

174 2108 314 2164 tuali
349 2109 819 2180 circumcisione,
882 2113 1037 2182 quod
1096 2118 1183 2169 est
1236 2114 1472 2174 initium
1506 2115 1830 2187 sapientiae,

172 2198 624 2271 diligentissime
674 2201 1117 2269 abscideretur;
1184 2207 1249 2257 ut
1305 2203 1516 2258 divinis
1568 2204 1833 2260 ministe-

169 2287 269 2344 riis
297 2289 368 2326 ⁸⁸⁷
401 2305 626 2360 omnes,
647 2293 898 2360 quorum
929 2290 986 2344 id
1021 2290 1732 2357 intererat,intentissime
1762 2295 1830 2328 ³⁸⁸

167 2377 494 2433 secundum
547 2379 845 2449 praaﬁxam
898 2378 1014 2434 sibi
1073 2380 1339 2452 regulam
1400 2380 1681 2450 viverent,
1724 2399 1830 2438 nec

166 2465 343 2523 aliam
375 2466 488 2523 sibi
521 2484 644 2532 sum
673 2466 883 2523 salutis
940 2485 1182 2526 causam
1249 2469 1546 2526 ullatenus
1575 2471 1828 2528 aestima-

168 2560 315 2610 rent.

225 2647 317 2700 25.
354 2649 486 2700 Haec
517 2649 575 2700 et
604 2645 697 2700 his
729 2645 951 2702 similia
981 2662 1117 2702 cum
1152 2648 1502 2704 venerandis
1559 2651 1828 2721 patribus

163 2738 218 2788 ct
265 2733 411 2790 cleri
457 2735 549 2790 sui
600 2735 932 2804 senioribus
982 2737 1258 2807 frequens
1305 2737 1446 2809 egit,
1507 2755 1726 2811 eosque
1767 2741 1826 2796 in

164 2823 432 2879 custodia
459 2823 750 2879 Dominici
793 2823 990 2896 gregis
1039 2841 1241 2881 secum
1277 2827 1492 2896 pariter
1523 2827 1827 2900 invigilare

165 2911 456 2968 sollicitus
520 2912 864 2981 admonuit;
933 2918 989 2968 et
1057 2914 1198 2985 quia
1253 2915 1426 2987 eulpa
1495 2921 1826 2988 temporum

166 3003 502 3074 urgebatur.
529 3006 596 3056 ut
624 3002 816 3058 rarius
839 3002 958 3058 haec
982 3019 1115 3058 cum
1151 3003 1268 3060 illis
1289 3010 1488 3078 ageret
1518 3023 1698 3078 quam
1729 3024 1828 3064 vo-

164 3089 335 3162 lebat,
359 3089 679 3147 sollicitius
698 3092 913 3148 absens
946 3109 1060 3147 non
1093 3092 1290 3149 minus
1315 3110 1494 3164 quam
1546 3112 1824 3166 praesens,

162 3179 369 3251 spiritu
394 3179 626 3236 fervens
645 3179 992 3251 3°”,Domino
1016 3181 1276 3237 serviens
1300 3183 1606 3239 metuebat.
1648 3185 1828 3240 Erant

160 3267 210 3324 ei
229 3269 387 3325 foras
421 3270 490 3305 39°
522 3286 749 3342 pugnis,
783 3269 942 3326 intus
973 3270 1236 3326 timores.
1270 3271 1576 3345 Pugnabat
1624 3277 1828 3330 contra

1945 2025 2277 2096 reipublicae
2337 2027 2447 2082 fuit
2476 2043 2648 2083 omne
2680 2027 2834 2097 quod
2870 2026 3022 2080 fecit.
3056 2024 3246 2080 Factis
3296 2041 3429 2080 vero
3477 2023 3602 2079 suis

1943 2114 2100 2170 hunc
2133 2116 2305 2172 ﬁnem
2339 2133 2715 2187 nequaquam
2748 2114 3072 2186 constituit,
3104 2119 3169 2169 ut
3226 2112 3460 2168 nonnisi
3500 2129 3604 2185 per

1943 2202 2250 2259 hominum
2282 2221 2383 2260 ora
2414 2204 2668 2260 favorem
2701 2203 2991 2275 captanda
3044 2201 3326 2267 volarent,
3384 2201 3486 2256 sed
3517 2201 3602 2257 ita

1940 2291 2097 2359 vixit,
2130 2293 2210 2348 ita
2240 2309 2415 2364 opera
2445 2310 2554 2349 sua
2583 2309 2780 2349 coram
2840 2291 3185 2348 hominibus
3227 2289 3595 2361 temperavit,

1944 2385 2006 2436 ut
2033 2381 2307 2453 pessimis
2328 2382 2574 2450 horrori,
2610 2381 2780 2438 bonis
2809 2385 2964 2438 esset
2992 2380 3232 2436 honore.
3267 2379 3370 2435 His
3397 2381 3596 2450 aperte

1939 2473 2164 2526 cunctis
2197 2472 2472 2540 innotuit,
2507 2472 2663 2542 quod
2694 2472 2756 2527 in
2785 2471 3126 2542 episcopatu
3187 2469 3408 2525 bonum
3448 2484 3596 2540 opus

1940 2560 2312 2631 desideravit,
2345 2560 2404 2615 in
2437 2578 2554 2633 quo
2589 2577 2696 2616 nec
2728 2561 2800 2616 ab
2832 2559 3048 2615 invidis
3092 2563 3152 2615 et
3208 2557 3438 2614 amulis
3468 2558 3598 2614 suis

1939 2649 2106 2705 facile
2137 2651 2328 2721 potuit
2357 2650 2723 2721 reprehendi,
2758 2651 2871 2706 nisi
2923 2649 3032 2704 hoc
3079 2649 3274 2722 ipsum
3323 2647 3383 2702 in
3426 2645 3598 2702 laude

1940 2739 2068 2807 ejus
2100 2739 2286 2810 magis
2318 2740 2641 2810 proﬁceret,
2667 2740 2821 2811 quod
2855 2738 3070 2794 talibus
3099 2736 3451 2808 displiceret.
3480 2740 3599 2791 Hac

1938 2827 2119 2898 igitur
2150 2828 2397 2882 miriﬁca
2427 2829 2763 2900 operatione
2797 2829 3072 2883 detentus
3103 2825 3347 2898 pervigil
3373 2825 3595 2880 summi

1937 2916 2380 2987 patrisfamilias
2402 2922 2671 2988 operator
2683 2921 2740 2972 et
2760 2933 3033 2972 summus
3056 2913 3596 2987 presulJucernam

1937 3006 2264 3070 ardentem,
2288 3006 2427 3061 boni
2449 3006 2716 3062 videlicet
2736 3005 2929 3076 operis
2960 3003 3276 3074 exemplar.
3311 3004 3368 3056 in
3403 3003 3591 3056 mani-

1936 3093 2048 3148 bus
2076 3094 2293 3162 ferens,
2329 3094 2401 3150 ad
2433 3111 2502 3150 ea
2531 3111 2658 3164 quae
2683 3092 2784 3150 Dei
2803 3097 2943 3149 sunt
2961 3091 3104 3148 alios
3126 3089 3380 3146 volentes
3403 3091 3590 3160 duxit,

1937 3179 2083 3236 alios
2115 3181 2376 3237 nolentes
2409 3181 2605 3238 traxit.

2005 3271 2094 3324 24.
2120 3270 2269 3341 (954)
2301 3270 2411 3326 Sed
2444 3271 2596 3326 inter
2625 3271 2750 3327 haec
2779 3270 3026 3327 humani
3070 3270 3300 3344 generis
3349 3270 3595 3341 antiqua

159 3357 435 3431 luporum
457 3358 776 3416 Ecclesiam
807 3359 910 3414 Dei
973 3361 1277 3416 devastare
1338 3343 1703 3434 cupientium
1736 3381 1824 3419 ra-
1855 3343 1899 3410 C
1938 3359 2123 3430 pestis
2153 3376 2268 3415 non
2300 3360 2548 3415 cessavit
2578 3359 2807 3416 invidias
2841 3377 2960 3416 sua;
2990 3343 3151 3416 virus
3172 3375 3277 3432 per
3303 3375 3481 3432 opera
3512 3360 3591 3430 pii

158 3445 350 3515 hiem;
387 3446 637 3502 timebat
697 3445 927 3502 Domini
987 3447 1182 3503 ovium
1245 3447 1632 3519 simplicitati,
1673 3449 1827 3506 sicut

153 3535 517 3606 Apostolus:
560 3536 761 3600 Timeo,
792 3534 1011 3606 inquit,
1071 3553 1142 3592 ne
1194 3547 1419 3608 terpens
1474 3539 1618 3594 sicut
1656 3539 1826 3594 Evam

149 3625 375 3680 seduxit
408 3624 612 3680 astutia
638 3640 762 3695 sua,
787 3626 870 3680 ita
895 3640 1084 3682 sensus
1114 3627 1286 3680 vestri
1314 3631 1744 3698 corrumpantur
1791 3645 1824 3683 a

151 3714 527 3785 simplicitate,
551 3727 676 3785 quae
706 3717 786 3768 est
816 3714 875 3768 in
905 3713 1118 3769 Christo
1146 3716 1276 3770 Jesa
1333 3716 1406 3786 (II
1463 3718 1586 3772 Cor.
1631 3733 1710 3784 x1,
1743 3717 1818 3788 3).

154 3801 235 3857 Ita
262 3801 583 3858 exercitato
612 3805 845 3874 pectore
873 3806 1080 3858 contra
1109 3803 1354 3860 adversa
1418 3805 1617 3860 omnia
1647 3793 1820 3861 rebu-

156 3889 454 3946 stissimus
488 3894 614 3946 erat
642 3914 657 3957 ;
691 3889 749 3944 in
781 3891 1080 3962 prosperis
1109 3907 1346 3963 quoque
1407 3893 1542 3948 talis
1587 3894 1823 3950 animus

157 3979 396 4035 minime
431 3977 764 4048 vacillabat,
801 3979 978 4035 rebus
1010 3997 1172 4050 isque
1204 3986 1262 4035 et
1294 3982 1516 4036 crebris
1548 3983 1822 4039 exercita-

156 4068 412 4124 tionibus
436 4070 657 4125 docens
679 4085 883 4125 omnes
906 4068 1018 4126 sibi
1034 4069 1614 4139 subditos,sollicitos
1627 4089 1822 4134 serva-

154 4173 212 4211 re
258 4157 553 4214 unitatem
603 4155 848 4229 spiritus
900 4158 959 4212 in
1001 4158 1230 4214 vinculo
1276 4159 1458 4230 pacis.
1510 4160 1686 4217 Visus
1734 4166 1823 4219 est

155 4246 437 4318 singulari
471 4246 576 4304 illa
606 4247 824 4318 mentis
856 4264 974 4302 sua:
1004 4247 1269 4320 agilitate
1300 4265 1447 4319 pene
1498 4250 1820 4307 excessisse

149 4335 418 4405 generale
450 4334 623 4401 illud,
657 4351 774 4406 quo
807 4335 1045 4402 dicitur,
1072 4342 1350 4405 mentem,
1377 4355 1513 4394 cum
1539 4337 1819 4394 dividitur

148 4423 216 4480 ad
249 4424 461 4492 multa,
481 4424 610 4480 ﬁeri
631 4424 919 4481 minorem
946 4425 1019 4480 ad
1042 4425 1297 4498 singula.
1367 4427 1616 4499 Cogente
1639 4427 1820 4499 igitur

145 4512 207 4548 ³⁹¹
242 4512 542 4586 imperiali
574 4513 948 4584 auctoritate,
977 4515 1257 4586 suscepit,
1322 4520 1386 4570 ut
1434 4517 1560 4586 jam
1594 4516 1817 4572 dictum

148 4605 252 4669 est,
286 4606 546 4659 tractare
577 4601 811 4674 negotia
843 4602 1007 4675 regni
1059 4604 1213 4675 apud
1276 4603 1584 4660 Lotbarios
1616 4607 1705 4659 ³9³.
1751 4609 1820 4660 Et

1937 3449 2194 3504 doctoris
2216 3449 2343 3519 jam
2375 3448 2434 3504 in
2466 3450 2618 3504 bona
2640 3466 2742 3520 spe
2766 3449 3342 3522 germinantialonge
3359 3449 3592 3520 lateque

1937 3536 2295 3608 dispergere.
2322 3542 2469 3592 Nam
2494 3553 2627 3593 cum
2649 3537 2906 3608 primum
2926 3538 3215 3593 Lotharici
3230 3537 3393 3611 regni
3413 3554 3595 3608 popu-

1935 3625 2029 3682 lus
2052 3626 2400 3682 multimoda
2418 3614 2810 3699 magnihujus
2839 3626 2944 3681 viri
2975 3627 3373 3682 exhortatione
3400 3627 3471 3661 ⁴⁰⁰
3497 3627 3594 3681 vix

1937 3716 2172 3771 tandem
2232 3717 2533 3784 inductus,
2583 3715 2988 3771 blandimenta
3035 3715 3194 3787 pacis
3255 3715 3422 3771 valde
3481 3715 3594 3771 sibi

1935 3804 2168 3860 insueta
2193 3809 2461 3872 tentaret,
2493 3810 2551 3862 et
2577 3805 2672 3862 his
2705 3806 2802 3876 qui
2857 3805 2982 3862 sola
3034 3805 3189 3861 civili
3231 3805 3598 3861 dissensione

1933 3899 2127 3950 tutum
2160 3893 2270 3950 sibi
2303 3893 2525 3965 aliquid
2558 3895 3002 3964 pollicebantur,
3056 3911 3364 3950 assensum
3415 3895 3471 3948 in
3503 3893 3598 3949 sui

1934 3983 2254 4053 perniciem
2283 3998 2351 4038 ex
2383 3989 2547 4054 parte
2584 3983 2835 4054 plurima
2891 3983 3146 4054 prshere
3172 3985 3240 4019 ⁴ο¹
3269 3987 3589 4054 respueret,

1932 4089 2083 4126 saeva
2111 4071 2442 4142 Ungrorum
2483 4087 2646 4142 gens,
2699 4077 2756 4128 et
2796 4071 3034 4143 qualem
3097 4085 3401 4142 nunquam
3431 4075 3590 4126 terra

1932 4165 2134 4216 nostra
2161 4160 2346 4216 sensit
2368 4160 2720 4226 barbariem,
2745 4178 2778 4214 a
2796 4161 3082 4232 perversis
3114 4160 3305 4216 illecta
3334 4160 3580 4231 civibus,

1930 4250 2196 4304 transitis
2228 4249 2550 4305 Germania:
2583 4251 2650 4285 ‘09
2683 4249 2980 4321 plerisque
3002 4249 3334 4320 provinciis,
3359 4247 3584 4318 Galliae,

1930 4338 2024 4394 cui
2047 4339 2174 4408 jam
2202 4338 2341 4393 olim
2377 4337 2590 4393 nobilis
2641 4338 2997 4394 Francorum
3050 4337 3299 4409 populus
3343 4337 3579 4403 insedit,

1928 4427 2128 4484 omnia
2150 4427 2296 4483 ferro
2317 4432 2375 4482 et
2396 4427 2630 4498 ignibus
2652 4431 2949 4482 vastatum
2969 4442 3030 4481 se
3061 4432 3242 4481 totam
3265 4424 3499 4479 infudit.
3520 4425 3581 4478 In

1929 4516 2037 4571 hac
2070 4516 2190 4571 acie
2220 4517 2437 4578 Cuono,
2463 4517 2563 4585 qui
2590 4515 2754 4586 prlus
2775 4515 2841 4550 ⁸0³
2863 4515 2980 4569 dux
3002 4520 3125 4570 erat
3145 4515 3580 4588 egregius,cum

1929 4605 2054 4660 suis
2085 4603 2438 4675 sequacibus
2473 4602 2742 4658 militavit
2761 4633 2829 4644 -—
2852 4608 3048 4658 utrum
3073 4604 3145 4658 ad
3177 4603 3305 4671 hoc,
3359 4606 3423 4657 ut
3450 4603 3582 4656 odio

149 4707 277 4748 cum
334 4690 665 4762 unicuique
722 4691 794 4746 de
853 4691 1223 4763 principibus
1283 4697 1340 4748 et
1367 4694 1826 4766 magistratibus.
1849 4714 1898 4780 Ι)
1931 4711 2059 4762 suo,
2084 4693 2316 4765 quodin
2335 4693 2527 4747 virum
2560 4691 2660 4749 Dei
2684 4692 3018 4749 Brunonem
3043 4693 3212 4748 bonis
3233 4697 3386 4748 certe
3416 4707 3582 4746 man-

149 4795 321 4836 suum
352 4781 681 4854 partiretur
707 4796 858 4838 onus
888 4780 976 4850 ³⁸³,
1015 4780 1332 4853 unicuique
1357 4782 1468 4838 sibi
1490 4799 1822 4855 congruum
1854 4779 1862 4780 ί
1931 4783 2336 4840 suetissimum
2358 4782 2848 4854 conceperat,heec
2869 4783 3020 4838 fmda
3043 4781 3386 4837 crudelitate
3405 4779 3584 4836 satis-

146 4866 468 4942 imperaret
499 4885 674 4940 opus,
706 4868 853 4926 nihil
881 4872 1079 4926 tamen
1112 4873 1258 4940 erat,
1319 4870 1475 4941 quod
1536 4889 1652 4927 non
1692 4872 1820 4945 ipse

149 4956 370 5028 obiret;
404 4958 522 5032 hoc
544 4956 1062 5032 maximaconsilii
1120 4957 1426 5018 vivacitate
1483 4961 1816 5032 providens,

148 5047 296 5116 quod
331 5047 622 5104 omnibus
653 5046 970 5118 expediret.

210 5135 298 5191 23.
322 5137 671 5194 Causantur
701 5135 848 5191 forte
879 5135 1062 5208 aliqui
1095 5136 1307 5193 divinae
1359 5137 1826 5208 dispensationis

1931 4873 2162 4941 faceret,
2195 4889 2270 4927 an
2301 4875 2368 4927 ut
2395 4871 2612 4944 quibus
2642 4877 2842 4945 posset
2870 4872 2932 4927 in
2961 4876 3124 4927 tanto
3155 4869 3414 4942 periculo
3442 4869 3584 4923 sub-

1903 4961 2170 5032 veniret,
2200 4960 2527 5027 incertum;
2564 4961 2665 5016 sed
2697 4959 2841 5017 illud
2876 4961 3040 5032 prius
3091 4961 3270 5015 latius
3312 4957 3586 5031 opinione

1932 5049 2380 5106 disseminatum
2441 5055 2548 5105 est.
2608 5050 2753 5105 Nam
2829 5054 2885 5104 et
2962 5054 3164 5104 contra
3236 5065 3370 5104 eum
3438 5048 3588 5102 dura

1932 5155 2176 5212 quisque
2209 5137 2631 5206 fraudulenter,
2666 5139 2807 5209 quia
2835 5138 2986 5195 vires
3015 5139 3363 5205 defecerant,
3398 5141 3586 5193 tenta-

1515 5234 1776 5290 VARLJE
1809 5237 2113 5292 LECTION
2124 5238 2224 5292 ES.

207 5323 273 5361 "9
303 5323 364 5378 in
400 5339 459 5395 p.
494 5325 551 5377 2.
585 5321 639 5376 3.
721 5321 792 5356 m
822 5338 1057 5394 operam
1090 5325 1142 5376 2.
1219 5323 1288 5359 ³⁸¹
1324 5340 1569 5431 superos
1600 5326 1657 5378 L.
1735 5325 1806 5363 ⁸⁸³
1835 5325 1966 5397 ejus
1998 5328 2052 5380 2.
2129 5326 2198 5362 ³⁸³
2230 5325 2430 5381 dilexit
2460 5327 2511 5381 l.
2590 5327 2659 5360 ³⁸⁵
2692 5327 3023 5383 theot‘ebian
3054 5327 3107 5383 i.
3182 5328 3251 5362 ³⁸⁵
3282 5327 3492 5384 diversi
3529 5329 3582 5384 1·

229 5393 264 5431 ιι
324 5411 379 5431 m
441 5392 698 5431 Apamia
798 5393 866 5427 δατ
900 5393 1192 5431 ττιυαιον-ἰῖα
1223 5397 1257 5431 Q
1354 5396 1397 5431 as
1479 5395 1932 5431 Αςιίτνοηιςααςηςο
1991 5400 2012 5431 1
2120 5398 2190 5431 889
2249 5399 2448 5431 ι’...ιοηο
2511 5397 2532 5431 ι
2641 5399 2709 5431 890
2765 5399 2904 5431 ρηκςο
2964 5403 2995 5431 ο
3079 5401 3111 5431 '1
3210 5401 3276 5431 ssi
3312 5401 3463 5431 4...:
3525 5401 3558 5431 ι.)

138 5391 204 5468 ff
228 5393 288 5468 _h.
312 5387 646 5468 _mfdesuizt
665 5392 720 5468 3.
798 5387 876 5468 θέξῖ
898 5387 1193 5468 mysteriis
1223 5397 1276 5451 3.
1354 5396 1397 5468 δε

135 5464 556 5522 "’lotharicos
584 5464 727 5519 2.3.
805 5465 876 5501 ³⁸⁸
935 5464 988 5520 οῖ
1051 5483 1108 5520 u.
1171 5483 1218 5521 s.
1271 5484 1323 5522 c.
1381 5466 1421 5521 i.

1479 5395 1932 5473 diligentissime
1983 5400 2042 5473 Ι2
2120 5398 2190 5473 ξθρ
2243 5399 2449 5473 _frueps
2494 5397 2561 5473 _~l.
2609 5399 2709 5473 {9°
2765 5399 2916 5473 foris!
2963 5403 3014 5473 2.
3079 5401 3128 5456 3.
3210 5401 3480 5473 “ideal.
3523 5401 3579 5473 3;

1480 5467 1673 5522 desunt
1711 5469 1784 5542 _3.
1861 5469 1930 5504 3“
1961 5469 2203 5542 offendit
2233 5469 2283 5523 l.
2318 5468 2622 5542 offendunt
2648 5470 2700 5524 l.
2779 5471 2846 5505 ³⁸⁸
2904 5470 3242 5542 hujusmodi
3276 5471 3329 5526 3.
3411 5473 3479 5508 3“
3529 5467 3579 5528 si

141 5538 419 5611 quesierit
437 5539 495 5592 3.
575 5536 645 5571 ³⁸⁷
671 5536 761 5611 hic
787 5536 824 5589 2
853 5537 1006 5592 addit
1022 5553 1043 5611 _:
1075 5537 1258 5611 Nemo
1291 5539 1472 5609 igitur
1502 5556 1680 5610 super
1711 5539 1820 5594 hac
1852 5556 1912 5595 re
1943 5539 2294 5611 culpabilem
2330 5557 2462 5594 eum
2497 5540 2672 5608 dicat,
2705 5559 2839 5597 cum
2871 5536 3201 5599 Samuelem
3225 5548 3498 5599 sanctum
3520 5547 3579 5598 et

140 5606 275 5682 alios
307 5608 520 5681 plures
535 5609 880 5682 sacerdotes
911 5608 1128 5682 pariter
1157 5606 1425 5682 legamus
1457 5614 1514 5664 et
1535 5606 1768 5681 judices
1800 5614 1857 5664 et
1910 5606 2206 5667 Danielem
2257 5611 2601 5682 prophetam
2652 5606 2800 5668 duos
2858 5615 3191 5671 sacerdotes
3223 5616 3292 5671 ad
3329 5620 3574 5670 mortem

140 5678 502 5756 dainpnasse
535 5678 948 5756 legamus.§cd
964 5681 1062 5756 _liqc
1080 5678 1343 5756 glgsséma
1372 5686 1451 5736 est
1472 5678 1680 5756 partim
1710 5698 1780 5756 ea;
1819 5683 2147 5756 Widukindo
2179 5678 2332 5756 1,31.
2367 5678 2643 5750 haustum,
2679 5686 2819 5756 quod
2849 5691 2901 5741 2.
2954 5689 3115 5742 solito
3171 5703 3320 5742 more
3368 5689 3425 5756 in
3463 5690 3577 5739 tea:-

143 5767 228 5806 um
256 5751 484 5827 recepit
568 5751 636 5786 3”
668 5751 801 5822 quis
831 5753 883 5807 3.
962 5753 1029 5787 3”
1059 5752 1207 5808 uelle
1237 5760 1380 5809 borr'
1419 5753 1560 5807 utile
1585 5755 1642 5834 .1.
1676 5751 1747 5808 ee?

143 5828 265 5880 ctus
294 5827 351 5882 3.
431 5826 506 5862 θοι
542 5821 690 5879 deest
719 5823 770 5876 3.
850 5824 919 5858 ⁴⁰²
949 5823 1014 5880 G.
1050 5828 1105 5880 et
1135 5841 1192 5898 p.
1227 5841 1284 5898 p.
1318 5825 1370 5881 3.
1450 5825 1517 5859 ‘03
1541 5824 1747 5897 piusl.

668 5751 801 5822 quis
831 5753 883 5807 3.
962 5753 1029 5787 3”
1059 5752 1207 5808 uelle
1237 5760 1380 5809 borr'
1419 5753 1560 5807 utile
1594 5755 1642 5807 1.
1676 5751 1818 5808 ee’lle
1844 5753 1903 5811 2.

1991 5757 2058 5789 “’0
2087 5755 2448 5812 exortationc
2478 5755 2530 5812 l.
2567 5755 2744 5828 hujus
2777 5759 3188 5816 exercitatione
3243 5774 3296 5813 v.
3328 5761 3370 5813 t.
3403 5755 3570 5816 indo-
