3916 6470
328 554 448 617 959

1301 562 1365 623 S.
1411 560 1812 625 BRUNONIS
1857 557 2371 624 COLONIENSIS
2416 564 2783 627 ARCHIEP.

3633 558 3766 620 960

328 688 432 759 vit,
464 686 547 745 ita
585 694 651 746 ut
697 689 942 763 Mettim,
1002 692 1207 750 urbem
1263 692 1791 765 opulentissimam,
1824 693 1978 776 .dolo
2006 691 2367 758 Atraditam
2399 713 2434 753 a
2490 697 2659 752 beato
2709 696 2875 752 Petro
2930 692 3193 767 apostolo
3250 708 3458 749 sanam
3519 707 3767 749 servare

330 776 651 846 invaderet,
683 780 797 852 ipsi
829 783 1077 838 Colonia
1103 788 1160 838 et
1189 783 1407 838 caeteris
1435 784 1595 855 regni
1645 783 1983 839 munitioni-

332 867 448 924 bus
482 875 823 942 suspectum
855 888 917 928 se
958 872 1184 944 faceret,
1233 874 1445 944 probra
1492 875 1761 943 jactaret,
1797 872 1987 928 minas

332 957 677 1014 etlunderet.
714 960 780 1015 Et
811 965 1013 1031 postea
1041 960 1473 1031 aliquantulum
1503 963 1573 1006 ι⁰⁴
1614 962 1896 1033 temporis
1927 962 1986 1016 in

335 1044 447 1101 hac
474 1048 678 1102 eadem
712 1065 828 1118 qua
857 1050 1081 1103 dudum
1104 1055 1227 1104 erat
1248 1051 1617 1106 immanitate
1644 1050 1986 1123 permansit.

337 1134 492 1190 Nihil
517 1136 751 1205 reliquit
771 1137 1267 1209 intentatum,quo
1286 1140 1544 1195 foedusin
1559 1139 1773 1212 populo
1793 1144 1988 1195 nostro

334 1239 437 1294 per
465 1224 813 1294 sapientiam
869 1226 1123 1282 doctoris
1168 1228 1259 1282 sui
1310 1234 1547 1300 pactum
1581 1228 1897 1285 dissolvere
1927 1244 1990 1284 se

336 1328 507 1383 posse
538 1317 784 1382 putaret.
813 1314 996 1370 Homo
1030 1333 1284 1388 namque
1301 1324 1426 1373 erat
1455 1318 1628 1390 paulo
1661 1323 1796 1374 ante
1828 1334 1990 1373 sum-
2050 1320 2061 1325 ’

337 1416 435 1454 ma
462 1401 722 1470 potentia
750 1419 1102 1475 summaque
1134 1406 1387 1471 fortuna,
1420 1408 1521 1462 sed
1554 1408 1815 1477 ignarus,
1850 1423 1991 1477 quo-

336 1487 510 1542 modo
542 1491 818 1547 secundis
852 1493 1027 1548 rebus
1059 1494 1142 1549 uti
1161 1495 1513 1551 conveniret.
1541 1501 1657 1551 Has
1688 1496 1994 1566 quoniam,

334 1581 648 1649 postquam
680 1580 903 1636 abusus
922 1587 1029 1645 est,
1049 1584 1323 1654 perdidit,
1349 1585 1407 1639 in
1462 1587 1645 1640 bonos
1687 1584 1843 1640 ultra
1871 1601 1995 1639 mo-

340 1666 485 1721 dum
522 1666 838 1739 impatiens
869 1672 1053 1726 sceviit
1082 1674 1187 1738 tos;
1220 1674 1321 1728 sed
1353 1692 1386 1728 a
1417 1674 1655 1730 nefariis
1681 1673 1806 1728 suis
1828 1690 1998 1728 cona-

346 1754 505 1810 tibus
532 1772 783 1829 semper,
809 1760 893 1815 ita
920 1761 1036 1816 Deo
1066 1762 1465 1833 dispensante,
1500 1763 1771 1834 repulsus
1792 1766 1900 1828 est,
1934 1768 1998 1818 ut

338 1842 450 1899 hoc
478 1860 615 1901 eum
648 1864 763 1904 non
798 1848 1001 1905 leviter
1024 1852 1349 1921 pceniteret,
1377 1853 1531 1924 quod
1556 1868 1835 1923 magnum
1860 1850 1997 1905 faci-

340 1948 457 1988 nus
485 1938 653 1990 tanta
674 1935 910 1994 levitate
939 1956 1252 2011 aggressus
1281 1946 1391 1997 est.

2098 784 2283 856 (4938)
2302 785 2649 849 doctrinam,
2674 783 2970 840 catholicae
2992 783 3125 838 ﬁdei
3155 781 3510 855 integritate,
3540 783 3601 837 in
3622 798 3769 838 vera

2097 874 2464 930 confessione
2519 878 2577 929 et
2632 873 2956 929 inviolabili
3025 872 3263 927 veritate
3323 870 3768 943 praadicationis

2100 964 2250 1018 uniri
2275 980 2287 1018 :
2313 963 2649 1036 synodicam
2679 980 2845 1017 suam
2881 961 3189 1034 epistolam
3209 978 3313 1032 per
3332 961 3767 1026 Hadamarum,

2097 1052 2486 1108 venerabilem
2513 1052 2854 1107 monasterii
2880 1050 3187 1107 Fuldensis
3204 1050 3767 1120 abbatem,Romam

2099 1142 2170 1195 ad
2202 1142 2537 1213 Agapitum,
2571 1142 2730 1195 mirae
2762 1140 3095 1195 sanctitatis
3123 1155 3355 1211 papam,
3409 1139 3660 1203 direxit;
3698 1138 3768 1193 in

2101 1246 2236 1302 qua,
2271 1231 2442 1301 cujus
2473 1230 2722 1302 spiritus
2754 1234 2932 1297 esset,
2954 1233 3010 1284 et
3041 1228 3180 1300 quia
3210 1231 3412 1299 pastor
3441 1228 3513 1282 ab
3547 1226 3769 1281 ovibus

2101 1318 2346 1387 electus,
2378 1336 2411 1374 a
2443 1319 2691 1374 Domino
2722 1319 2940 1374 missus
2970 1322 3144 1387 esset,
3167 1317 3445 1372 innotuit.
3479 1314 3770 1387 Appella-

2103 1413 2318 1479 tusque
2340 1412 2428 1463 est
2450 1408 2527 1463 ibi
2551 1424 2791 1462 concors
2808 1413 2866 1463 et
2891 1406 3144 1462 concivis
3168 1403 3772 1478 apostolorum,prin-

2105 1514 2240 1569 ceps
2265 1499 2332 1532 ⁴⁰⁹
2354 1514 2419 1552 ac
2441 1502 2792 1569 propagator
2804 1495 3035 1551 Domini
3050 1494 3773 1567 praeceptorumLegatus

2106 1587 2240 1641 inde
2267 1602 2397 1640 cum
2434 1602 2646 1655 magna
2704 1586 2917 1639 mentis
2976 1583 3274 1639 alacritate
3334 1598 3617 1650 reversus,
3666 1580 3776 1651 pio

2106 1674 2348 1747 pastori,
2382 1675 2475 1728 cui
2506 1673 2749 1729 antehac
2779 1672 2969 1743 gratia
2998 1672 3097 1727 Dei
3131 1671 3406 1726 collatum
3438 1673 3529 1726 est
3550 1685 3775 1724 secun-

2107 1764 2247 1817 dum
2281 1763 2624 1834 prophetam
2656 1761 2846 1817 oleum
2881 1760 3077 1832 gaudii
3125 1761 3213 1830 “0,
3274 1775 3378 1831 pro
3426 1758 3587 1813 luctu
3630 1758 3775 1828 (lsa.

2108 1869 2220 1919 LXI,
2252 1851 2305 1922 3)
2337 1856 2477 1906 tunc
2507 1850 2702 1906 attulit
2728 1850 2972 1922 pallium
3003 1848 3195 1904 laudis
3227 1865 3331 1920 pro
3364 1848 3572 1920 spiritu
3616 1862 3778 1900 mce-

2108 1940 2277 1995 roris.
2331 1940 2584 2012 Spiritus
2641 1955 2897 2010 namque
2944 1938 3046 1993 Dei
3106 1938 3341 1993 cordato
3399 1935 3649 2002 homini,
3716 1937 3783 1989 et

388 2023 504 2120 '25.
538 2023 803 2123 Pepercit
831 2031 1029 2082 autem
1060 2028 1118 2082 in
1153 2030 1428 2085 omnibus
1486 2028 1776 2086 sacerdoti
1807 2044 1914 2084 suo
1943 2030 2001 2082 et
2033 2063 2080 2128 B
2111 2030 2458 2084 sacramenti
2506 2029 2577 2064 δίε
2628 2028 2807 2097 hujus
2848 2026 3170 2098 magniﬁcae
3229 2024 3429 2079 virtuti
3462 2025 3535 2059 ⁸ί²
3570 2022 3777 2094 magis

342 2110 439 2180 pio
473 2112 755 2182 provisori
788 2114 985 2185 papuli
1047 2117 1136 2172 sui
1199 2118 1531 2174 misericors
1590 2123 1646 2174 et
1695 2118 2006 2173 miserator
2033 2110 2080 2128 "
2112 2135 2289 2189 quam
2323 2117 2415 2173 his
2446 2134 2573 2189 qua
2594 2116 2903 2172 visibiliter
2925 2116 3278 2187 gerebantur
3302 2110 3780 2178 intento,divini-

342 2197 653 2272 Dominus,
684 2205 742 2257 et
770 2203 850 2259 ita
877 2204 1077 2261 omnia
1104 2207 1416 2274 ordinavit,
1440 2212 1508 2262 ut
1525 2210 1749 2279 absque
1774 2205 1924 2261 bello
1946 2209 2004 2260 et

344 2288 607 2346 humana
624 2291 878 2362 pernicie
901 2295 1159 2349 maxima
1177 2313 1327 2368 saepe
1349 2297 1610 2368 pericula
1634 2297 2003 2352 sedarentur.

349 2378 505 2434 Inter
533 2395 662 2449 quae
696 2381 1030 2452 frequenter
1059 2384 1183 2456 ipse
1214 2385 1515 2441 interritus
1555 2390 1656 2441 aut
1686 2401 1883 2441 secum
1918 2385 2001 2439 in-

345 2470 545 2522 tentus
565 2467 725 2539 legit,
755 2474 858 2525 aut
885 2471 956 2526 de
979 2473 1253 2529 maximis
1272 2475 1605 2546 quibusque
1628 2473 1999 2546 rebus,quasi

346 2571 625 2611 curarum
650 2557 997 2615 instantium
1018 2562 1272 2631 nescius,
1297 2564 1638 2635 disputavit.
1662 2568 1779 2619 Hoc
1795 2564 1999 2618 Treve-

348 2642 486 2710 rim,
518 2644 628 2701 hoc
658 2646 716 2700 in
746 2646 987 2704 Alisatio
1032 2651 1304 2721 gentibus
1342 2656 1398 2707 et
1445 2652 1678 2724 pepulis
1720 2651 1996 2717 innotuit,

349 2736 575 2805 quanta
603 2736 933 2792 constantia
976 2741 1035 2793 et
1081 2740 1391 2794 securitate
1439 2740 1619 2795 animi
1677 2740 1768 2796 sui
1797 2740 1998 2795 incon-

348 2826 576 2877 stantes
614 2826 671 2878 et
699 2825 1039 2881 temerarios
1068 2828 1538 2885 adversariorum
1572 2834 1768 2885 motus
1800 2830 2000 2883 redar-

349 2909 498 2980 guit,
521 2926 654 2965 cum
677 2914 903 2984 eos,qui
920 2914 978 2969 in
1001 2915 1207 2971 alienis
1229 2934 1290 2973 se
1308 2918 1658 2975 fortissimos
1671 2919 1999 2990 jactabant,

351 2998 412 3054 in
452 2999 702 3070 propriis
752 3007 870 3056 tam
920 3003 1241 3061 imbecilles
1308 3023 1436 3062 esse
1499 3008 1885 3063 monstrabat.
1933 3008 2004 3061 Et

352 3104 550 3143 revera
582 3106 729 3162 quos
756 3089 920 3147 nulla
948 3109 1210 3165 unquam
1237 3096 1412 3163 acies,
1465 3095 1628 3151 nulla
1684 3095 1907 3151 inﬂexit
1936 3096 2004 3130 ⁴⁰⁶

354 3176 661 3249 asperitas,
693 3178 803 3233 hos
833 3179 1011 3251 hujus
1041 3182 1149 3237 viri
1183 3184 1367 3255 pietas
1401 3184 1664 3240 imbelles
1686 3190 1744 3240 et
1763 3185 2003 3239 timidos

354 3265 621 3322 faciebat.
673 3266 928 3323 Consilio
978 3286 1234 3342 namque
1281 3278 1337 3328 et
1381 3274 1667 3329 bonorum
1695 3273 2000 3329 hominum

355 3353 756 3423 multitudine,
791 3373 904 3411 non
939 3358 1164 3414 saavitia
1212 3360 1514 3417 timendus
1571 3363 1718 3431 fuit;
1750 3368 1808 3417 et
1848 3362 2002 3433 quod

2110 2211 2206 2262 tus
2237 2206 2563 2278 inspiravit,
2597 2210 2663 2260 ut
2708 2205 2956 2276 erigeret
3002 2220 3102 2258 cor
3135 2219 3310 2257 suum
3358 2201 3419 2255 in
3471 2216 3642 2271 spem
3669 2216 3781 2271 per

2112 2297 2180 2331 “3
2206 2295 2487 2367 gaudium
2517 2293 2841 2365 spirituale,
2876 2308 2948 2347 ne
2984 2292 3321 2346 tristaretur
3369 2290 3430 2343 in
3490 2305 3556 2342 eo
3589 2304 3775 2358 quem

2111 2384 2297 2440 sensit
2334 2383 2643 2438 imminere
2692 2381 2976 2436 laborem.
3035 2382 3141 2437 Cor
3194 2380 3365 2446 enim,
3419 2377 3561 2449 quod
3616 2379 3779 2432 novit

2109 2472 2539 2528 amaritudinem
2568 2471 2781 2525 animae
2804 2486 2935 2536 sum,
2964 2471 3025 2522 in
3042 2467 3249 2540 gaudio
3279 2466 3397 2537 ejus
3424 2481 3536 2520 non
3564 2467 3768 2519 misce-

2109 2563 2259 2617 bitur
2311 2565 2605 2616 extraneas
2655 2560 2835 2631 (Prov.
2900 2574 3014 2624 xxv,
3090 2557 3200 2625 40).
3273 2552 3584 2625 Sapientia:
3644 2552 3775 2607 haec

2104 2650 2283 2706 verba
2311 2652 2469 2705 sunt.

2179 2740 2268 2795 27.
2305 2740 2554 2810 Legatus
2585 2751 2744 2808 ergo,
2776 2739 2841 2790 ut
2886 2733 3043 2806 loqui
3100 2731 3407 2804 coepimus,
3466 2730 3652 2786 Roma
3683 2746 3774 2786 re-

2110 2828 2298 2899 diens,
2326 2828 2548 2883 bonum
2580 2824 2855 2879 nuntium
2897 2821 3193 2878 Coloniam
3227 2821 3373 2877 ferre
3402 2818 3774 2888 acceleravit,

2110 2922 2352 2990 portans
2376 2930 2610 2971 sacrum
2633 2913 2901 2969 habitum
2915 2912 2988 2967 ab
3011 2909 3327 2965 universali
3345 2908 3615 2980 pontifice
3629 2907 3777 2962 mis-

2113 3023 2267 3076 sum,
2292 3004 2745 3076 praetendentem
2774 3004 2983 3074 jugum
3014 2999 3250 3055 Domini
3300 3013 3475 3054 suave
3530 3000 3587 3050 et
3616 3011 3775 3050 onus

2112 3096 2242 3167 ejus
2264 3094 2405 3161 leve,
2431 3098 2488 3148 et
2518 3093 2715 3164 ipsum
2740 3092 2895 3162 quod
2929 3090 3041 3146 sub
3060 3105 3126 3144 eo
3149 3087 3524 3159 dispensatur
3544 3082 3778 3139 humile

2113 3181 2693 3251 ministerium,quod
2719 3179 2889 3234 verba
2910 3177 3143 3233 Domini
3169 3178 3463 3232 testantur
3486 3171 3775 3229 dicentis:

2115 3274 2219 3342 Qui
2234 3272 2413 3342 major
2439 3278 2520 3325 est
2547 3273 2804 3334 vestrum,
2823 3269 2930 3323 erit
2970 3266 3225 3321 minister
3266 3267 3443 3320 vester
3482 3263 3678 3333 (Marc.
3710 3278 3775 3328 x,

2118 3365 2241 3430 43);
2268 3365 2458 3417 ferens
2479 3357 2657 3414 simul
2673 3357 2951 3428 reliquias
2973 3357 3044 3411 de
3061 3353 3294 3427 proprio
3315 3367 3554 3425 corpore
3582 3350 3778 3407 sancti

353 3458 526 3498 nemo
558 3442 814 3500 hostium
843 3449 965 3501 tam
995 3449 1204 3504 acriter
1233 3450 1511 3523 vigilabat
1562 3452 1633 3507 ad
1664 3426 2003 3523 perniciem,
2037 3426 2080 3493 (ἶ
2121 3426 2490 3507 Pantaleonis
2522 3426 2883 3519 martyris—et
2913 3426 3283 3516 privilegium
3317 3439 3647 3512 apostolicis
3680 3456 3784 3495 su-

322 3572 325 3579 .
355 3548 535 3602 quam
566 3533 691 3603 ipse
711 3536 783 3591 ad
816 3536 1087 3594 salutem.
1115 3539 1292 3594 Fama
1310 3544 1503 3596 autem
1529 3547 1587 3597 et
1610 3541 2006 3597 multitudinis

346 3619 575 3691 judicio
608 3622 922 3680 minimum
957 3632 1149 3682 motus
1175 3634 1264 3684 est
1298 3646 1443 3696 ;suo
1468 3630 1579 3685 sibi
1607 3631 1832 3701 judicio
1863 3648 2005 3687 usus

357 3713 465 3779 est,
499 3716 559 3765 et
588 3710 643 3764 in
678 3729 795 3783 quo
826 3718 983 3770 recta
1013 3716 1299 3786 probavit,
1334 3734 1450 3774 non
1483 3723 1546 3773 ut
1576 3720 1709 3787 sibi,
1742 3721 1844 3775 sed
1898 3726 2007 3775 Deo

357 3796 629 3869 placeret,
681 3802 918 3872 Optavit.
967 3803 1169 3876 Itaque
1213 3836 1282 3845 -—
1344 3810 1411 3860 ut
1457 3807 1659 3878 paucis
1709 3809 1775 3850 ι⁰⁷
1821 3807 2011 3863 multa

358 3888 873 3957 comprehendam,
921 3891 1092 3962 plura
1134 3895 1402 3949 omittam
1429 3926 1496 3937 -
1550 3896 1710 3952 intus
1760 3902 1815 3952 et
1846 3896 2008 3962 foris,

359 3974 518 4029 domi
550 3975 887 4049 militiaeque
910 3980 1237 4038 indefessus
1256 3984 1482 4040 Domini
1508 3985 2009 4057 praellator,animi

360 4062 497 4135 plus
526 4081 703 4136 quam
734 4070 996 4140 corporis
1022 4072 1244 4127 viribus
1274 4074 1477 4129 tandiu
1510 4079 1712 4130 contra
1738 4074 2010 4147 pestilen-

363 4155 449 4208 tes
471 4158 528 4209 et
548 4153 842 4227 inquietos
865 4164 1215 4233 tantumque
1234 4162 1362 4218 vitae
1393 4164 1570 4219 etiam
1602 4181 1720 4220 suae
1754 4163 2011 4236 plerum-

362 4257 476 4312 que
506 4244 762 4313 periculo
810 4248 1141 4316 decertavit,
1189 4255 1255 4305 ut
1306 4253 1571 4308 nominis
1620 4269 1854 4325 quoque
1884 4253 2013 4323 ejus

362 4330 541 4398 fama,
591 4348 902 4406 quousque
952 4340 1234 4410 pervenit,
1296 4341 1451 4396 bella
1508 4343 1756 4409 sedaret,
1810 4358 2011 4413 pacem

362 4420 661 4487 formarat,
683 4424 947 4480 studium
968 4425 1027 4480 in
1053 4427 1327 4483 omnibus
1358 4429 1529 4485 bonis
1560 4431 1783 4486 artibus
1816 4432 2013 4485 firma-

363 4512 472 4579 ret,
496 4515 709 4565 sancta:
740 4512 1041 4586 religionis
1069 4522 1128 4571 et
1154 4516 1466 4573 salutifera;
1520 4518 1735 4591 quietis
1766 4518 2013 4591 gratiam

364 4598 694 4667 ampliaret.

435 4687 525 4741 26.
553 4689 839 4751 Quoniam
872 4692 1051 4764 igitur
1069 4693 1311 4751 humilis
1333 4696 1442 4753 iste
1473 4696 1893 4769 philochristus
1948 4697 2016 4732 ⁴⁰⁸

2116 3539 2426 3596 blimitatis
2458 3538 2799 3593 auctoritate
2814 3534 3097 3591 traditum
3119 3550 3132 3600 ;
3159 3548 3272 3603 quo
3293 3535 3351 3586 et
3371 3531 3575 3586 eodem
3596 3527 3781 3600 pallio

2118 3634 2326 3703 prater
2358 3624 2844 3683 consuetudinem
2877 3623 3150 3679 sacerdos
3185 3619 3409 3675 Domini
3442 3618 3674 3690 quoties
3705 3618 3786 3653 ⁴¹⁴

2116 3718 2289 3774 vellet
2314 3715 2480 3773 indui
2513 3714 2862 3787 permissus,
2892 3717 2959 3767 ut
2990 3709 3283 3766 concessis
3339 3708 3617 3763 omnibus
3649 3723 3781 3778 quae

2120 3809 2485 3880 petebantur,
2510 3821 2629 3876 prae
2649 3804 2720 3845 ‘1‘
2752 3799 3160 3874 magnitudine
3188 3797 3421 3853 virtutis
3455 3801 3514 3851 et
3543 3796 3780 3867 sapien-

2117 3898 2211 3952 tia:
2242 3896 2299 3950 in
2334 3893 2746 3966 participatum
2777 3893 2906 3961 ejus
2937 3889 3128 3960 operis
3161 3891 3220 3943 et
3249 3902 3425 3959 prope
3456 3886 3514 3941 in
3536 3901 3782 3940 conses-

2121 4001 2252 4058 sum
2272 3988 2445 4039 tanta:
2465 3981 2771 4055 dignitatis
2794 3979 3093 4035 admissus
3112 3981 3222 4032 est.
3250 3974 3584 4047 Properavit
3600 3973 3662 4027 in
3681 3990 3784 4028 oc-

2120 4089 2360 4131 cursum
2385 4073 2513 4143 ejus
2528 4071 2659 4125 lzeta
2671 4063 3444 4138 civitas,undiquejubilans
3457 4062 3782 4118 multitudo

2123 4163 2375 4221 accurrit
2401 4179 2413 4229 ;
2449 4162 2846 4216 convenerunt
2875 4158 2935 4212 in
2959 4156 3241 4212 suburbio
3264 4169 3444 4226 prope
3467 4152 3782 4223 antiquum

2124 4253 2340 4319 locum,
2374 4250 2473 4305 ubi
2500 4248 2743 4304 ecclesia
2765 4246 3029 4318 ejusdem
3063 4241 3304 4316 pretiosi
3335 4239 3609 4313 martyris
3630 4244 3781 4307 erat,

2122 4340 2348 4397 inculta
2378 4339 2568 4394 adhuc
2597 4343 2654 4392 et
2685 4337 2867 4391 ruinis
2909 4334 3195 4407 proxima.
3229 4331 3315 4386 Ibi
3347 4329 3611 4403 deposita
3642 4334 3786 4385 sunt

2124 4435 2295 4505 grata
2322 4445 2519 4495 onera,
2554 4427 2764 4482 deinde
2791 4441 2897 4480 suo
2929 4438 3174 4495 quaeque
3203 4420 3328 4477 loco
3356 4419 3633 4491 reposita.

2194 4522 2265 4574 28
2305 4520 2395 4573 ⁸1⁸.
2413 4518 2609 4572 Monet
2623 4531 2715 4570 me
2729 4514 2824 4569 hic
2837 4511 3274 4585 aliquantulum
3290 4508 3595 4564 immorari
3620 4508 3784 4563 festi-

2123 4625 2232 4663 vus
2255 4606 2371 4677 ille,
2395 4610 2451 4661 et
2471 4605 2569 4676 qui
2595 4607 2797 4675 postea
2818 4603 2876 4656 in
2898 4602 2967 4636 “7
3001 4600 3183 4667 brevi,
3207 4597 3354 4670 proh
3376 4596 3544 4652 dolor
3563 4596 3576 4651 Ι
3594 4596 3785 4651 factus

2127 4702 2215 4753 est
2239 4697 2569 4760 funerosus,
2594 4692 2858 4762 ejusdem
2880 4689 3301 4746 locioccursus.
3326 4685 3410 4741 Ibi
3427 4684 3784 4740 venerabilis

366 4779 423 4831 et
452 4775 762 4835 meliorum
790 4782 1002 4838 ardens
1022 4785 1328 4841 aemulator
1347 4786 1795 4850 charismatum,
1820 4803 2020 4841 servus
2048 4792 2098 4858 1)
2128 4786 2238 4843 iste
2261 4784 2511 4841 amictus
2534 4782 2604 4819 δίε
2636 4778 3275 4852 primo,ibipostremo,
3313 4773 3491 4831 semel
3511 4773 3664 4841 laeto,
3694 4790 3785 4829 se-

367 4865 598 4920 Domini
630 4867 845 4939 Bruno,
897 4874 1217 4928 secundum
1273 4875 1621 4945 dignitatem
1682 4876 1838 4932 sedis
1880 4892 2019 4945 suae,

365 4951 641 5010 Romana:
671 4973 903 5030 quoque
932 4961 1089 5016 sedis
1118 4967 1176 5017 et
1230 4963 1560 5034 apostolicae
1601 4962 2024 5021 benedictionis

365 5042 667 5117 privilegio
713 5047 918 5104 debuit
948 5050 1241 5123 insigniri,
1273 5056 1329 5108 et
1357 5068 1491 5108 cum
1521 5053 1605 5110 eis
1653 5055 1891 5126 pariter,
1923 5056 2025 5126 qui

2132 4875 2248 4931 mel
2282 4874 2422 4944 lugu
2434 4872 2516 4926 bri
2540 4869 2797 4925 carmine
2818 4872 3127 4939 susceptus
3148 4870 3256 4922 est.
3279 4866 3503 4936 Corpus
3524 4863 3684 4918 enim
3702 4878 3790 4918 re-

2133 4962 2326 5036 ligiosi
2356 4967 2414 5017 et
2448 4966 2559 5017 Deo
2590 4959 2751 5031 digni
2785 4957 3102 5013 sacerdotis
3128 4955 3346 5010 ibidem
3380 4951 3785 5024 sepeliendum

2135 5052 2311 5109 officii
2341 5051 2436 5107 sui
2464 5048 2723 5121 insignia
2752 5063 2869 5103 non
2900 5044 3118 5111 amisit,
3141 5059 3268 5116 quae
3286 5046 3489 5098 tamen
3514 5039 3792 5113 spiritua-

1719 5249 1984 5306 VARL/E
2012 5246 2429 5306 LECTIONES.

437 5372 903 5458 t°‘_aliquantum
1100 5448 1111 5458 _
1150 5377 1217 5419 ‘0‘
1242 5375 1396 5458 seuit
1425 5376 1492 5458 ἇς.
1555 5374 1904 5458 ὀοξηίῃερθκὶι
1930 5379 1984 5430 2.
2010 5374 2213 5458 infelix;
2242 5375 2294 5458 3Ξ
2375 5369 2626 5458 ραοὶε
2655 5368 2708 5425 4.
2786 5361 3357 5458 ιοξρξιγὶοιίξξιδίβξιιξβ
3375 5404 3425 5458 .0
3464 5359 3787 5458 ωθιίρνιῳξε

368 5432 768 5525 apostolorum
787 5442 1071 5517 principis
1093 5448 1379 5518 legendum
1391 5448 1514 5511 erit,
1591 5447 1662 5482 “0
1688 5432 1772 5502 tui
1790 5464 1934 5501 corr.
1962 5463 2066 5519 pro
2089 5445 2251 5503 luctu
2272 5445 2323 5501 ι.
2403 5432 2675 5499 “(sacrae
2698 5432 2979 5496 menti-Lf
3040 5437 3112 5473 ⁶¹²
3134 5433 3367 5491 virtutis
3393 5432 3449 5488 3.
3526 5432 3600 5469 ⁴ι³
3621 5432 3709 5489 vel
3728 5433 3782 5488 3.

367 5515 437 5549 ut
467 5518 692 5549 ηιιηιεορ
726 5516 747 5549 1
806 5518 1079 5549 ίηιηηιηη.
1180 5520 1249 5549 us
1278 5519 1335 5549 ςη
1372 5521 1391 5549 ι
1499 5519 1568 5549 ue
1604 5520 1704 5549 nm.
1734 5520 1972 5549 .....'.........
2011 5518 2119 5549 ιηηη
2155 5518 2306 5549 “tum
2335 5516 2364 5549 ςζ
2396 5524 2445 5549 ,ιο
2474 5529 2701 5549 κειηηονη
2736 5512 2807 5549 m
2832 5512 3075 5549 nnns'hlm
3104 5506 3303 5549 dim’n‘n
3324 5505 3613 5549 indixi/itur
3641 5507 3701 5549 in
3731 5505 3778 5549 Ι-

467 5516 693 5591 quoties
721 5505 1102 5591 _t_.‘interdiim.
1138 5505 1249 5591 ίξίδ
1278 5519 1339 5591 ip
1370 5521 1419 5574 t.
1490 5505 1568 5591 ν’λίσ
1598 5520 1704 5574 Hoc
1730 5505 1981 5591 primani
2007 5518 2119 5575 loco
2149 5518 2306 5589 signo
2335 5516 2365 5589 §
2393 5524 2445 5572 et
2474 5529 2701 5571 numero
2736 5512 2809 5570 ΙΙΙ
2831 5512 3076 5582 capitum
3104 5506 3303 5563 divisio
3324 5505 3613 5561 indicatur
3641 5507 3701 5560 in
3731 5505 3781 5575 4,

370 5586 435 5622 ⁴¹⁷
466 5586 527 5642 in
558 5587 618 5642 in
648 5589 683 5640 2
712 5587 878 5658 (deest
907 5589 1054 5660 qui).
1130 5590 1199 5624 ⁴¹⁸
1226 5586 1451 5645 amicus
1479 5590 1532 5644 3.

1954 5772 2192 5833 NOTAE.

441 5878 620 5971 (4938)
653 5897 692 5954 i.
723 5914 775 5955 e.
809 5901 1119 5956 servarunt
1144 5903 1238 5956 aut
1266 5916 1496 5958 servare
1522 5901 1761 5970 habent,
1792 5899 2024 5958 debent.
