3884 6474
190 538 199 543 -
261 484 380 543 967

1234 480 1301 540 8.
1350 477 1753 542 BRUNONIS
1802 475 2314 537 COLONIENSIS
2357 476 2719 539 ARGHIEP.

3565 477 3694 541 968

262 616 571 672 commoda
601 614 946 685 cunctisque
976 614 1073 684 qui
1114 612 1357 677 aderant
1404 610 1769 683 gratissima,
1800 624 1915 663 non
1946 610 2002 676 Α
2031 609 2208 676 tione,
2241 610 2484 666 consilio
2522 616 2580 667 et
2628 609 3045 683 disputatione,
3078 607 3178 664 sed
3230 608 3406 664 etiam
3458 608 3519 663 in
3570 609 3697 666 acie

258 705 573 761 immemor
600 705 771 777 regite
801 703 1128 776 dignitatis,
1161 702 1370 757 affecit.
1404 700 1513 762 Qui
1556 701 1697 754 dum
1729 697 1923 752 adhuc

259 793 439 851 simul
468 798 687 863 essent,
719 794 790 849 de
836 792 929 847 his
978 808 1106 863 quas
1162 790 1221 844 in
1269 788 1638 860 expeditione
1688 785 1918 853 bellica,

257 884 377 939 imo
407 883 623 949 divina,
650 883 862 938 virtute
895 881 1045 936 facta
1076 883 1236 944 sunt,
1268 877 1511 932 nuntios
1543 878 1917 947 acceperunt.

258 972 477 1028 Institit
497 976 766 1044 nepotem
790 973 1034 1041 patruus
1055 966 1312 1038 amplius
1336 965 1650 1021 consolari.
1677 965 1919 1019 Factum

254 1066 344 1117 est
373 1062 433 1116 in
462 1060 622 1117 brevi
648 1058 928 1114 instinctu
961 1057 1139 1126 hujus
1165 1053 1517 1118 consiliarii,
1542 1059 1607 1109 ut
1639 1051 1755 1107 ﬁlio
1788 1068 1916 1135 suo,

255 1151 356 1222 qui
390 1150 644 1222 perierat
668 1152 726 1202 et
764 1146 1039 1200 inventus
1068 1148 1177 1211 est,
1210 1144 1534 1214 imperator
1579 1147 1763 1197 totam
1814 1141 1922 1197 Ita.

250 1238 392 1295 liam
420 1238 730 1309 delegaret,
764 1238 822 1289 et
850 1234 1005 1306 quod
1057 1234 1252 1303 majus
1320 1232 1452 1299 fuit,
1484 1236 1788 1304 paternam
1820 1229 1919 1283 ﬁr-

252 1328 518 1383 missime
563 1326 837 1396 pietatem
886 1322 1275 1394 impenderet.
1319 1321 1427 1375 Ubi
1477 1321 1616 1375 dum
1667 1318 1919 1374 maxime

248 1416 467 1488 placuit
497 1412 730 1485 populo,
759 1412 1032 1484 viamque
1063 1410 1356 1467 affectavit
1384 1409 1653 1482 Olympo,
1683 1411 1918 1479 repente

247 1506 354 1559 ﬂos
382 1502 478 1558 ille
506 1500 919 1572 integerrimus
950 1504 1008 1556 et
1054 1502 1235 1555 robur
1273 1499 1437 1571 regni
1484 1497 1855 1554 tutissimum
1888 1511 1917 1549 e

248 1592 441 1648 medio
480 1589 729 1646 excessit
759 1589 1126 1660 (957).Pater
1170 1593 1366 1644 autem
1417 1588 1547 1658 ejus
1596 1586 1915 1657 imperator

247 1698 315 1737 ac
363 1696 595 1751 semper
644 1676 997 1749 magniﬁcus
1047 1676 1469 1747 triumphator,
1518 1679 1648 1745 post
1687 1674 1915 1729 luctum

245 1769 643 1826 consolatione
686 1770 940 1838 recepta,
969 1782 1105 1821 cum
1140 1766 1319 1820 fratre
1369 1781 1479 1820 suo
1529 1768 1782 1818 veterem
1814 1777 1914 1817 ne-

244 1857 665 1915 cessitudinem
699 1872 847 1911 nova
890 1853 1320 1910 consuetudine
1342 1852 1575 1924 junxit;
1610 1849 1911 1906 Coloniam

239 1947 433 2015 venit;
464 1946 547 2001 ibi
577 1962 639 2001 se
672 1962 789 2000 non
818 1949 940 1999 tam
984 1942 1262 1999 fraternis
1294 1941 1541 2007 deliciis,
1569 1956 1747 2012 quam
1781 1955 1910 1993 mu-
1941 1979 1988 2042 B

244 2037 365 2092 tuis
391 2052 526 2092 cum
566 2034 667 2089 illo
706 2033 1069 2106 aspectibus,
1104 2031 1410 2101 affatibus,
1438 2034 1496 2085 et
1525 2029 1755 2085 cunctis
1785 2044 1909 2082 om-

240 2126 380 2181 nino
426 2122 885 2197 jucundissimis
933 2121 1145 2177 usibus
1176 2118 1506 2176 oblectavit.
1557 2118 1673 2172 Nec
1724 2116 1911 2175 defuit

237 2214 458 2270 ibidem
499 2228 699 2268 severa
748 2210 807 2265 in
857 2210 1159 2282 improbos
1209 2213 1267 2264 et
1324 2209 1695 2279 importunos
1753 2206 1908 2260 cives

237 2302 401 2374 regni
449 2317 699 2356 censura
746 2298 983 2370 judicii,
1019 2297 1239 2353 blanda
1296 2296 1433 2350 item
1493 2295 1553 2349 in
1615 2295 1800 2349 bonos
1851 2310 1909 2365 et

235 2392 409 2447 mites
447 2390 552 2462 pia:
583 2386 1007 2445 dominationis
1057 2384 1403 2441 liberalitas.
1438 2385 1517 2440 De
1552 2388 1706 2439 statu
1742 2399 1904 2455 regni

234 2482 527 2551 rebusque
583 2478 711 2548 ejus
768 2475 1033 2531 tutandis
1094 2480 1151 2530 et
1208 2474 1528 2530 dilatandis
1584 2472 1790 2528 sedulo
1850 2476 1905 2526 et

233 2574 473 2626 strenue
504 2567 562 2621 in
596 2582 909 2622 commune
948 2563 1287 2620 consultum
1323 2564 1411 2633 “5,
1446 2567 1512 2617 ut
1538 2563 1610 2617 de
1637 2561 1903 2617 sancien-

231 2659 323 2713 dis
351 2655 736 2729 quibuslibet,
768 2653 900 2709 aliis
943 2652 1299 2718 resecandis,
1330 2650 1673 2706 cautissime
1706 2665 1899 2720 agere-

228 2754 347 2812 tur,
374 2762 613 2801 summo
639 2743 887 2799 consilio
920 2742 1219 2814 provisum
1252 2745 1361 2796 est.

298 2836 389 2891 37.
422 2834 697 2898 Quaesivit
723 2832 946 2886 interea
987 2847 1224 2885 summa
1253 2827 1563 2893 diligentia
1593 2827 1727 2899 pius
1758 2842 1888 2897 pas-

228 2930 320 2978 tor
364 2923 582 2991 Bruno,
631 2919 895 2975 veritatis
942 2923 1220 2987 assertor,
1252 2916 1551 2988 Evangelii
1606 2930 1891 2987 propaga-

226 3018 338 3079 tor,
372 3027 553 3066 navos
595 3014 653 3064 et
698 3006 1024 3063 industrios
1054 3006 1233 3073 viros,
1267 3005 1369 3077 qui
1420 3021 1542 3059 rem
1595 3003 1891 3074 publicam

228 3117 336 3156 suo
365 3099 616 3172 quisque
643 3097 772 3153 loco
823 3096 935 3151 ﬁde
966 3100 1025 3150 et
1055 3094 1281 3150 viribus
1335 3096 1661 3148 tuerentur.
1694 3091 1793 3146 [lis
1824 3095 1890 3146 ut

229 3206 418 3261 neque
474 3186 786 3243 consilium
847 3200 1036 3256 neque
1093 3183 1270 3255 copiae
1329 3183 1622 3248 deessent,
1683 3179 1887 3236 sedulo

228 3278 471 3334 curavit.
503 3278 797 3347 Quotquot
844 3274 1018 3330 etiam
1065 3273 1135 3328 de
1183 3271 1548 3343 principibus
1594 3275 1652 3325 et
1699 3269 1882 3341 regio-

2032 697 2286 754 vidimus
2316 701 2682 771 providentes
2715 700 2867 754 bona
2909 716 3023 754 non
3056 702 3285 754 tantum
3318 714 3516 754 coram
3548 698 3690 771 Deo,

2032 796 2132 850 sed
2165 797 2343 852 etiam
2374 814 2569 852 coram
2604 796 2967 853 hominibus.
3003 800 3135 851 Erat
3165 811 3421 867 namque
3452 795 3513 850 in
3542 796 3693 852 occi-

2031 883 2365 940 dentalibus
2408 886 2700 941 Lotbarici
2732 886 2894 957 regni
2945 885 3162 939 ﬁnibus
3192 883 3350 939 velut
3399 884 3693 942 indomita

2030 973 2351 1040 barbaries,
2384 991 2451 1029 ea
2501 992 2628 1046 quae
2660 975 2968 1029 videbatur
2995 973 3263 1029 Ecclesia
3312 972 3528 1045 proles,
3563 973 3689 1030 feli~

2030 1061 2191 1116 citati
2223 1062 2488 1118 invidens
2517 1062 2738 1130 alienas,
2772 1079 2877 1118 nec
2898 1063 3095 1117 minus
3117 1061 3293 1117 saluti
3326 1080 3465 1132 suae,
3488 1062 3688 1134 despi-

2029 1150 2187 1205 ciens
2217 1156 2472 1222 paternaa
2504 1151 2907 1207 blandimenta
2936 1151 3376 1214 exhortationis,
3401 1158 3684 1207 terrorem

2027 1238 2121 1293 vix
2150 1240 2409 1295 sentiens
2443 1240 2766 1311 potestatis.
2802 1239 2931 1306 Qui
2958 1240 3007 1294 si
3048 1239 3173 1310 juri
3223 1257 3328 1296 suo
3378 1240 3683 1311 permitte-

2029 1332 2231 1383 rentur
2254 1330 2341 1393 ‘50,
2376 1330 2500 1384 suis
2550 1329 2826 1400 perversi,
2858 1329 3094 1385 sibimet
3124 1329 3266 1400 ipsis
3318 1329 3557 1401 pessimi
3589 1329 3680 1384 vi-

2027 1417 2321 1474 derentur.
2347 1415 2447 1472 Ille
2467 1434 2600 1474 vero
2631 1421 2763 1473 ante
2782 1416 2978 1473 omnia
3007 1416 3245 1488 provido
3269 1435 3413 1472 usus
3442 1423 3531 1473 est
3560 1435 3685 1475 mo-

2026 1505 2327 1561 deramine
2358 1505 2745 1575 discretionis,
2781 1511 2843 1559 ut
2886 1523 2989 1577 pro
3008 1486 3299 1576 qualitate
3330 1504 3591 1562 locorum
3625 1510 3687 1561 et

2026 1599 2357 1667 temporum
2388 1594 2447 1649 in
2480 1594 2814 1666 praelatione
2844 1598 3148 1666 pastorum
3172 1596 3235 1628 ⁴⁶¹
3268 1596 3341 1649 ad
3374 1594 3688 1667 sapientis-

2026 1683 2162 1737 simi
2194 1683 2565 1754 imperatoris
2610 1682 2795 1738 nostri
2830 1684 3140 1755 imperium
3172 1682 3457 1739 Dominici
3485 1683 3686 1756 gregis

2024 1771 2153 1843 paci
2183 1778 2240 1827 et
2270 1771 2682 1844 tranquillitati
2712 1771 3061 1839 consuleret,
3090 1771 3222 1828 illos
3255 1772 3537 1828 nimirum
3568 1788 3685 1827 cte-

2024 1861 2163 1917 teris
2195 1861 2527 1932 praeferens,
2553 1860 2768 1932 quibus
2814 1877 3187 1933 nequaquam
3218 1866 3373 1917 esset
3414 1860 3685 1933 incogni-

2024 1953 2170 2019 tum,
2195 1949 2333 2021 quid
2367 1950 2619 2021 pastoris
2661 1954 2818 2006 esset
2859 1950 3139 2018 ofﬁcium,
3163 1950 3301 2020 quid
3334 1948 3685 2006 mercenarii

2019 2046 2249 2117 vitium,
2273 2047 2414 2119 quid
2445 2046 2504 2102 in
2532 2047 2859 2103 ministerio
2888 2048 3183 2118 susceptio
3203 2048 3292 2114 ‘6’,
3315 2048 3457 2118 quid
3492 2051 3552 2102 in
3582 2064 3689 2102 an-

2019 2137 2183 2208 garia
2212 2142 2314 2191 aut
2343 2137 2633 2208 agendum
2666 2141 2822 2192 esset
2859 2140 2962 2192 aut
2990 2136 3381 2207 sperandum;
3416 2135 3584 2201 alios,
3612 2139 3685 2191 ut

2019 2226 2185 2296 quasi
2235 2226 2470 2281 cortina:
2519 2225 2942 2297 hyacincthinm
2974 2224 3253 2281 interiora
3301 2226 3513 2280 domus
3560 2229 3677 2280 Do-

2019 2315 2161 2368 mini
2192 2318 2495 2382 ornarent;
2529 2315 2697 2381 alios,
2728 2319 2794 2377 ut
2822 2314 2992 2386 quasi
3022 2331 3164 2387 saga
3194 2314 3425 2370 cilicina
3454 2314 3675 2370 deforis

2016 2403 2350 2459 violentiam
2382 2408 2803 2474 tempestatum
2834 2408 3114 2465 arcerent.

2083 2548 2171 2599 38.
2208 2545 2373 2601 Libet
2402 2545 2744 2600 meminisse
2790 2545 3088 2617 quoddam
3119 2544 3302 2615 hujus
3354 2543 3433 2616 pii
3482 2541 3674 2600 Patris

2012 2635 2174 2707 pium
2207 2640 2265 2690 et
2292 2635 2587 2689 laudabile
2619 2634 2858 2705 factum,
2884 2635 3035 2706 quod
3082 2632 3139 2687 in
3182 2633 3328 2705 ipsis
3358 2634 3670 2690 sacerdotii

2009 2724 2098 2779 sui
2132 2722 2492 2795 primordiis,
2529 2728 2591 2777 ut
2620 2740 2723 2795 pro
2753 2722 2913 2777 luctu
2950 2722 3279 2794 spirituque
3309 2724 3573 2779 maeroris
3605 2724 3669 2779 in

2006 2828 2422 2883 oppressorum
2442 2811 2718 2866 cordibus
2735 2810 3011 2866 excitaret
3027 2826 3190 2881 spem
3210 2809 3670 2881 salutis,eﬁ'ecis-

2005 2916 2067 2955 se
2090 2899 2763 2971 cognoscitur,quamvis
2781 2899 2890 2953 hoc
2920 2898 3138 2969 ipsum,
3163 2899 3235 2953 ob
3262 2898 3519 2970 inopiam
3546 2917 3667 2956 rec-

2003 2993 2058 3042 te
2088 2987 2496 3053 dividentium,
2524 2986 2735 3057 linguae
2768 2985 3149 3041 calumnianti
3183 2987 3293 3041 fuit
3316 2987 3660 3045 obnoxium.

2000 3085 2145 3149 Quid
2176 3084 2330 3139 enim
2355 3102 2470 3140 non
2499 3084 2774 3155 pervertit
2794 3084 3261 3155 invidentia,qua
3285 3084 3446 3139 nulla
3468 3088 3665 3157 major

1999 3190 2128 3228 esse
2157 3174 2388 3228 videtur
2426 3173 2720 3228 amentia?
2742 3172 3043 3244 Siquidem
3078 3172 3386 3240 Ratherus,
3415 3172 3659 3230 Veronae

1996 3294 2065 3302 —
2088 3280 2212 3333 quae
2259 3261 2463 3317 civitas
2494 3265 2583 3317 est
2616 3261 2790 3315 Italia:
2813 3293 2878 3301 —
2911 3261 3220 3316 ordinatus
3251 3262 3483 3332 praesul,
3516 3280 3657 3320 cum

226 3367 409 3423 nariis
457 3338 780 3439 prioribus,
840 3363 1180 3432 ceterisque
1248 3378 1499 3432 quorum
1570 3358 1875 3430 dispositio
1908 3338 1951 3404 C
1992 3352 2331 3422 exquadam
2356 3350 2461 3405 levi
2488 3350 3160 3421 suspicionc,utmosest
3180 3350 3655 3422 gentisillius,ab

226 3454 389 3527 regni
423 3455 721 3522 intererat,
753 3450 1159 3507 saluberrimis
1207 3450 1333 3506 suis
1382 3448 1885 3505 admonitionibus

226 3545 296 3599 ad
331 3542 665 3599 communis
716 3542 1003 3597 bonorum
1053 3540 1320 3595 omnium
1373 3538 1645 3593 utilitatis
1698 3538 1885 3592 foedus

223 3634 337 3688 ﬁde
384 3633 557 3705 plena
611 3634 1051 3696 consenserant,
1083 3629 1192 3684 hos
1243 3629 1367 3700 ipse
1417 3629 1568 3682 inter
1617 3642 1885 3681 summos

221 3726 279 3777 et
328 3720 644 3776 familiares
692 3718 965 3787 habebat,
1018 3717 1238 3772 eisdem
1292 3717 1729 3786 imperatorem,
1760 3731 1886 3785 ger-

220 3825 466 3865 manum
526 3825 723 3873 suum,
773 3807 1039 3879 apprime
1095 3804 1569 3869 conciliabat‘“;
1628 3819 1881 3874 pensans

219 3914 336 3953 non
381 3902 601 3952 temere
632 3913 666 3949 a
694 3896 952 3966 quodam
1005 3894 1269 3964 sapiente
1316 3893 1539 3947 dictum
1574 3908 1641 3945 :«
1676 3894 1880 3963 Bonus,

212 3986 311 4041 ub:
354 3986 626 4056 negligas,
669 3986 911 4053 segnior,
960 3992 1025 4038 at
1053 3983 1121 4017 ⁸⁵⁸
1164 3982 1345 4037 malus
1398 3982 1458 4051 ﬁt
1504 3981 1874 4051 improbior.»

215 4072 731 4146 Archiepiscopum
766 4071 1029 4127 Treveris
1072 4071 1415 4140 Henricum,
1450 4069 1651 4141 magni
1684 4069 1877 4124 meriti

214 4167 271 4218 et
303 4179 548 4219 summa:
593 4160 901 4234 probitatis
942 4160 1157 4226 virum,
1193 4159 1294 4230 qui
1344 4159 1623 4213 Rutberto
1650 4158 1717 4192 “9
1748 4175 1877 4212 ma-

213 4251 428 4323 gniﬁco
462 4249 696 4322 praesuli
721 4249 970 4305 Colonia:
1003 4249 1060 4304 in
1088 4248 1248 4320 gravi
1282 4246 1634 4319 pestilentia,
1659 4263 1791 4301 cum
1821 4251 1878 4302 et

213 4341 532 4412 imperator
561 4338 776 4393 ibidem
812 4341 986 4403 esset,
1011 4338 1290 4392 defuncto
1313 4335 1621 4403 successit,
1642 4334 1878 4391 Wilhet-

211 4446 375 4485 mum
421 4425 967 4499 quoque,prazcluis
1014 4430 1071 4481 et
1118 4425 1470 4497 gratissimae
1523 4423 1873 4479 excellentia

210 4516 753 4582 archimandritam,
780 4519 1052 4587 nepotem
1084 4530 1284 4583 suum,
1311 4512 1613 4569 Frithcrici
1642 4516 1873 4585 Mogon-

208 4605 355 4662 tiani
387 4605 672 4661 antistitis
721 4620 1145 4675 successorem,
1180 4603 1385 4658 ambos
1434 4601 1725 4674 egregios,
1746 4618 1870 4657 am-

1997 3439 2215 3494 honore
2238 3439 2563 3511 proprias‘63
2585 3440 2742 3494 sedis
2774 3443 2928 3494 esset
2956 3437 3257 3509 expulsus,
3282 3439 3655 3496 Leodicensis

1994 3530 2278 3585 M"'catlied
2290 3548 2360 3584 rae
2375 3529 2845 3600 vacanti,magna
2861 3529 2988 3599 ejus
3008 3528 3457 3595 industria,secu
3468 3530 3655 3585 ndum

1996 3624 2216 3674 statuta
2264 3635 2577 3684 canonum,
2621 3617 3022 3672 incardinatus
3062 3621 3171 3671 est.
3205 3617 3365 3681 Quod
3408 3617 3652 3689 quidem

1996 3713 2228 3780 propter
2258 3708 2653 3762 abundantem
2699 3706 3024 3761 doctrinam
3051 3707 3117 3740 “5
3147 3711 3203 3760 et
3250 3705 3650 3777 eloquentiam

1993 3797 2312 3868 copiosam,
2329 3813 2446 3867 qua
2468 3796 2619 3850 inter
2640 3794 3108 3867 sapientissimos
3132 3795 3334 3851 ﬂorere
3351 3796 3510 3852 visus
3533 3802 3648 3869 est,

1992 3910 2105 3948 non
2134 3893 2323 3947 eidem
2354 3892 2545 3948 solum
2578 3891 2846 3947 Ecclesiae
2870 3891 2962 3946 cui
2993 3892 3243 3963 praefuit,
3267 3892 3367 3948 sed
3398 3897 3457 3947 et
3485 3892 3648 3948 mul-

1989 3982 2065 4037 tis
2094 3980 2227 4037 aliis
2258 3981 2717 4053 circumquaque
2755 3980 2919 4036 valde
2957 3981 3284 4052 proﬁcuum
3317 3981 3437 4037 fore
3467 3986 3643 4053 puta—

1988 4076 2114 4126 tum
2148 4075 2253 4125 est.
2279 4068 2464 4126 Simul
2490 4070 2628 4142 quia
2656 4068 2717 4123 in
2750 4069 2867 4125 illis
2899 4070 3165 4141 partibus
3213 4086 3316 4142 per
3361 4070 3552 4126 zelum
3584 4076 3645 4128 et

1988 4159 2613 4223 contentionem,unde
2643 4158 2765 4214 ﬁeri
2789 4158 2937 4214 solet
2964 4158 3360 4215 inconstantia
3382 4164 3438 4215 et
3467 4176 3645 4217 omne

1988 4265 2136 4319 opus
2157 4248 2685 4321 przevum,quidam
2709 4247 2883 4303 etiam
2908 4249 3239 4304 sacerdotes
3262 4247 3509 4319 Domini,
3527 4248 3649 4322 ple-

1987 4353 2259 4408 rumque,
2292 4338 2443 4408 quod
2489 4337 2646 4393 dictu
2695 4338 2858 4393 nefas
2898 4341 3259 4407 est,terrenaa
3303 4336 3437 4409 plus
3476 4339 3647 4409 justo

1986 4426 2190 4482 conﬁsi
2243 4426 2537 4498 potentiae,
2572 4425 2854 4498 populum
2887 4426 3227 4498 imperitum
3279 4426 3645 4484 scandaliza-

1984 4516 2163 4570 bant:
2198 4531 2347 4587 saepe
2376 4515 2569 4570 dictus
2601 4530 2871 4587 saepeque
2902 4515 3188 4571 dicendus
3219 4515 3473 4571 domnus
3506 4516 3647 4571 Bru-

1986 4620 2080 4671 no,
2109 4604 2199 4658 cui
2224 4604 2350 4674 jam
2382 4602 2560 4659 totius
2592 4604 2754 4676 regni
2786 4603 3167 4677 dispensandi
3198 4621 3338 4659 cura
3367 4604 3645 4661 immine-

208 4696 315 4751 bos
344 4695 403 4749 in
435 4693 663 4750 Domini
696 4693 822 4766 lege
854 4694 1103 4765 perfecte
1151 4692 1494 4759 instructos,
1530 4690 1868 4762 imperatori
1899 4707 1949 4773 Ι)
1983 4692 2099 4757 bat,
2136 4697 2299 4747 ratus
2331 4691 2389 4747 id
2435 4693 2590 4763 quod
2623 4708 2826 4748 verum
2882 4692 3011 4760 fuit,
3045 4692 3201 4748 hunc
3248 4693 3500 4763 ejectum
3530 4710 3645 4749 an-

208 4783 457 4839 alterum
486 4782 1011 4854 consanguinitate,
1036 4780 1283 4837 alterum
1310 4780 1619 4852 probitate,
1645 4783 1866 4835 utrum-

207 4888 321 4944 que
378 4871 777 4928 familiaritate
834 4869 1388 4941 conjunctissimos,
1447 4868 1573 4939 ipse
1631 4884 1863 4940 quoque

205 4961 500 5034 imprimis
549 4977 785 5016 summa
823 4958 1193 5015 veneratione
1241 4958 1485 5014 colebat.
1522 4957 1638 5013 Hos
1685 4956 1865 5029 igitur

205 5051 354 5105 tales
384 5054 506 5109 tam
529 5048 810 5119 illustres,
833 5052 954 5103 tam
976 5053 1132 5103 certe
1153 5046 1447 5119 sapientes
1469 5050 1528 5101 et
1558 5045 1863 5103 religiosos

202 5142 262 5193 et
290 5139 350 5192 in
382 5139 659 5193 omnibus
688 5138 859 5193 bonis
890 5138 1117 5193 artibus
1147 5137 1406 5191 eruditos
1435 5135 1588 5189 viros
1622 5135 1693 5189 ad
1726 5151 1861 5190 con-

204 5224 426 5293 silium,
460 5243 531 5280 ne
578 5226 727 5281 forte
775 5225 900 5297 ipse
952 5242 1055 5297 per
1098 5242 1179 5292 se,
1215 5230 1279 5280 ut
1328 5227 1467 5279 sunt
1514 5224 1795 5287 humana,
1827 5240 1863 5278 a

204 5314 442 5368 tramite
501 5314 762 5370 veritatis
820 5314 1051 5386 uspiam
1111 5313 1480 5378 exorbitaret,
1528 5312 1864 5383 frequenter

203 5400 505 5467 adhibuit;
558 5402 663 5458 hos
711 5419 845 5458 cum
875 5403 1003 5475 ipso
1036 5402 1214 5459 simul
1245 5419 1361 5458 non
1396 5401 1587 5457 solum
1636 5401 1697 5456 in
1746 5399 1865 5456 lec-

1978 4780 2150 4836 tehac
2183 4785 2240 4835 et
2269 4779 2596 4851 neglectum
2655 4781 2765 4837 hoc
2823 4784 2980 4837 tanto
3037 4782 3320 4838 beneﬁcio
3370 4782 3441 4838 ad
3491 4781 3642 4839 illud

1975 4869 2109 4923 ﬁdei
2139 4874 2196 4924 et
2224 4868 2486 4925 veritatis
2520 4869 2706 4925 fmdus
2746 4870 2982 4938 adduci,
3013 4873 3079 4925 ut
3108 4887 3141 4925 a
3172 4870 3405 4926 nemine
3436 4875 3641 4943 posset

1975 4958 2196 5029 seduci,
2256 4958 2340 5014 ita
2392 4959 2629 5014 demum
2688 4976 2753 5014 os
2807 4959 3174 5031 loquentium
3232 4959 3471 5015 inimica
3530 4960 3639 5015 oh-

1974 5053 2199 5103 struere
2231 5065 2402 5120 posse
2446 5048 2714 5115 credidit,
2748 5049 2795 5103 si
2829 5047 2993 5104 nulla
3022 5049 3248 5104 occasio
3280 5048 3541 5105 scandali
3568 5050 3637 5084 ⁴⁶⁶

1974 5142 2172 5208 posset
2227 5136 2284 5190 in
2345 5154 2545 5191 eorum
2605 5137 2877 5209 episcopo
2931 5137 3193 5209 reperiri.
3238 5139 3347 5194 Sed
3410 5139 3479 5193 ad
3540 5138 3637 5193 sui

1974 5225 2288 5297 perniciem
2339 5243 2474 5297 pars
2521 5226 2761 5282 sinistra
2806 5227 3137 5298 praevaluit;
3190 5227 3475 5298 quidquid
3528 5244 3634 5299 pro

1974 5314 2161 5369 salute
2217 5331 2419 5369 eorum
2480 5320 2712 5386 gestum
2770 5320 2890 5386 est,
2949 5316 3058 5370 hoc
3115 5316 3225 5372 sibi
3287 5315 3632 5387 pestiferum

1971 5400 2362 5458 aastimabant.
2410 5403 2556 5469 Quid
2608 5403 2836 5460 multa?
2886 5406 3155 5460 Erratum
3206 5408 3315 5474 est,
3362 5405 3629 5463 savitum

363 5575 379 5587 ε
1549 5524 1790 5583 VARI/E
1829 5526 2241 5586 LECTIONES.

272 5614 339 5649 ⁴⁵⁶
370 5611 763 5705 consilium__2.
841 5616 907 5651 ’δεῖ
936 5616 1366 5705 ‘cons‘ilia‘hatn‘l.
1413 5615 1511 5705 ut.“
1538 5620 1662 5705 lant.
1775 5617 1974 5705 3.m‘5°
2004 5619 2301 5705 ruot‘berrt‘o
2418 5618 2471 5675 3.
2520 5620 2617 5705 “‘50
2645 5618 3083 5705 ipsosqueque
3123 5635 3281 5705 ¹(ἔρρε
3327 5618 3628 5705 imprimis

199 5702 439 5763 summa
467 5688 835 5763 veneratione
864 5688 1089 5763 colebat
1116 5688 1253 5763 add.
1280 5689 1333 5763 3_.
1410 5689 1487 5763 ‘°‘_
1508 5690 1663 5745 deest
1693 5690 1746 5743 3.
1822 5688 1891 5724 “39
1923 5695 2193 5763 suscepto
2236 5692 2290 5747 2.
2337 5690 2489 5747 deest
2519 5693 2573 5747 3.

194 5758 263 5796 “‘
293 5755 722 5817 abundantiam
751 5758 1027 5849 doctrinm
1056 5761 1110 5815 3.
1189 5760 1256 5796 4⁸⁸
1286 5759 1433 5817 deest
1463 5760 1515 5816 3.

2650 5691 2718 5727 “3
2748 5691 2950 5765 primae
2982 5691 3041 5750 L.
3120 5691 3189 5729 ‘5‘
3216 5691 3537 5750 leodicensi
3569 5694 3623 5749 3.
