3884 6412
241 459 362 518 973

1859 457 2072 517 VITA.

3553 480 3670 537 974

235 589 519 658 oriﬁcium
548 588 735 645 laudis
777 589 1160 658 honoriﬁcabz't
1215 606 1323 654 me,
1381 597 1432 645 et
1491 590 1611 644 illic
1666 591 1772 644 iter
1799 604 1906 659 quo
1933 591 1987 656 Α
2017 606 2150 643 cum
2183 595 2450 662 nepotem
2485 610 2700 650 suum:
2747 598 2992 665 Domine,
3038 601 3249 673 inquit,
3283 620 3380 660 ora
3404 611 3422 658 !
3451 610 3508 659 et
3539 623 3671 662 mox

239 677 519 734 ostendam
547 679 644 734 illi
692 679 950 734 Salutare
1007 696 1193 734 meum
1231 680 1402 750 (Psal.
1464 696 1610 744 xux,
1644 680 1754 748 ’23).
1788 677 1905 732 Hoc

241 766 531 832 Salutare,
555 767 614 822 id
645 773 755 835 est,
790 767 1106 822 Dominum
1127 771 1353 834 Jesum,
1387 785 1484 822 ore
1516 768 1813 836 confiteor,
1848 770 1907 821 et

240 857 415 912 corde
443 857 641 922 credo,
697 857 852 927 quod
914 857 1068 912 Deus
1117 856 1284 912 illum
1335 855 1641 912 suscitavit
1685 871 1718 910 a
1749 871 1902 910 mor-

235 945 358 1002 tuis
388 946 478 1000 m.
512 945 617 1003 Hic
647 962 854 1000 omnes
884 946 1197 1001 thesauros
1235 945 1530 1016 sapientiae
1561 950 1619 1000 et
1647 944 1902 999 scientia)

237 1034 619 1091 absconditos
651 1050 928 1106 agnosco.
956 1037 1117 1088 Hunc
1151 1035 1460 1089 Dominum
1493 1034 1698 1090 Jesum
1731 1050 1903 1088 nemo

232 1127 428 1196 potest
458 1123 792 1188 dicere,nisi
825 1123 883 1179 in
916 1123 1140 1194 Spiritu
1172 1131 1376 1179 sancto
1405 1142 1419 1191 ;
1450 1128 1583 1178 ante
1615 1122 1779 1178 illum
1813 1128 1904 1177 est

235 1227 409 1268 omne
431 1211 793 1267 desiderium
845 1229 1066 1278 meum,
1125 1217 1181 1266 et
1229 1213 1485 1284 gemitus
1532 1229 1700 1267 meus
1731 1213 1803 1267 ab
1834 1229 1900 1266 co

237 1316 355 1354 non
385 1306 476 1356 est
504 1301 908 1356 absconditus.
947 1299 1090 1369 Dixi,
1120 1302 1441 1356 confitebor
1463 1301 1774 1354 adversum
1809 1315 1902 1353 me

236 1389 568 1459 injustitias
600 1405 758 1444 meas
785 1389 1212 1460 Domino,quod
1244 1396 1334 1444 est
1355 1390 1681 1444 secundum
1713 1405 1901 1458 genus

239 1479 630 1534 confessionis
650 1477 1028 1534 lamentabile
1059 1479 1115 1532 in
1149 1478 1423 1550 peccatis.
1453 1479 1712 1532 Tertium
1744 1478 1897 1547 quod

237 1567 616 1623 commendat
672 1567 880 1623 beatus
935 1567 1189 1622 Jacobus
1261 1566 1600 1638 apostolus:
1664 1567 1900 1634 Con/ile-

233 1657 403 1720 mz'm',
439 1655 710 1726 inquiens
757 1656 1089 1711 altera/rum
1144 1665 1365 1723 peccata
1423 1660 1627 1722 vestra,
1661 1663 1712 1710 et
1744 1661 1900 1710 orate

229 1760 332 1815 pro
363 1745 617 1813 invicem,
650 1752 709 1799 ut
765 1743 1074 1800 Salvemz'ni
1129 1746 1263 1814 (Jac.
1313 1761 1366 1811 v,
1424 1745 1533 1812 16),
1567 1743 1676 1799 hoc
1707 1744 1900 1800 vobis-

229 1849 368 1888 cum
398 1832 622 1888 domini
655 1837 712 1887 et
742 1833 950 1889 fratres
1001 1833 1137 1902 mei,
1192 1849 1362 1903 agere
1409 1832 1558 1899 volo,
1592 1831 1700 1886 hoc
1732 1833 1900 1887 anxie

235 1937 453 1993 quaero.
504 1921 686 1992 Spero
735 1927 955 1987 autem,
1008 1923 1163 1992 quod
1217 1923 1563 1976 advocatum
1610 1920 1899 1976 habemus

238 2011 394 2081 apud
429 2010 658 2065 Patrem
687 2009 892 2065 Jesum
953 2011 1252 2065 Christum
1293 2012 1526 2081 justum
1577 2015 1634 2065 et
1659 2011 1781 2080 ipse
1813 2015 1902 2063 est

243 2098 578 2170 propitiatio
610 2115 714 2170 pro
738 2101 989 2170 peccatis
1013 2100 1250 2154 nostris.
1283 2121 1310 2148 ››
1341 2098 1561 2154 Deinde
1589 2105 1903 2169 postquam

242 2187 334 2242 his
363 2204 427 2243 se
456 2204 652 2242 coram
680 2188 922 2242 Domino
947 2193 1136 2242 totum
1160 2187 1650 2258 edudit,corporis
1680 2191 1737 2242 et
1767 2204 1902 2241 san-

245 2275 445 2347 guinis
476 2276 766 2331 Dominici
799 2281 1256 2346 sacramentum,
1286 2275 1524 2331 virtutis
1547 2277 1613 2309 “’0
1637 2276 1902 2345 ejusdem

245 2365 602 2420 sacramenti
635 2383 749 2420 non
781 2365 1327 2436 inscius,expetivit.
1349 2366 1510 2430 Quod
1531 2382 1665 2420 cum
1699 2365 1906 2420 fuisset

243 2453 513 2524 allatum,
545 2455 630 2509 vir
660 2454 756 2510 ille
789 2455 1040 2524 Domini,
1072 2455 1213 2526 quid
1253 2455 1449 2510 animo
1481 2454 1749 2521 senserit,
1784 2458 1904 2508 toto

241 2544 307 2579 ‘9‘
343 2559 583 2614 corpore
614 2549 945 2616 prostratus
976 2544 1251 2600 ostendit.
1273 2544 1545 2599 Refectus
1577 2548 1772 2598 autem
1797 2543 1905 2598 hac

241 2630 402 2688 vitali
432 2633 734 2703 alimonia,
769 2650 872 2704 spe
915 2632 1160 2688 validior
1189 2632 1400 2688 lectulo
1452 2633 1761 2688 restitutus
1792 2636 1900 2699 est,

241 2721 368 2776 dies
424 2727 734 2792 postquam
814 2739 930 2777 non
991 2723 1188 2777 minus
1260 2739 1438 2792 quam
1515 2722 1776 2792 quinque
1845 2721 1902 2775 in

241 2810 448 2866 eodem
478 2812 741 2882 corporis
789 2811 1071 2882 languore
1117 2817 1177 2866 et
1223 2809 1470 2882 spiritus
1520 2811 1742 2865 fervore
1774 2825 1900 2881 per-

243 2898 485 2954 mansit.

315 2989 404 3042 45.
439 2987 696 3044 Solemni
732 3005 860 3044 vero
892 2987 988 3044 die
1012 2989 1312 3043 beatorum
1338 2991 1660 3057 martyrum
1693 2986 1902 3041 Gereo-

244 3079 338 3134 nis
359 3084 418 3133 et
437 3079 733 3133 sociorum
755 3079 1025 3148 ejusjam
1051 3082 1322 3148 vergente
1355 3077 1444 3144 ‘99,
1473 3076 1667 3131 subito
1689 3075 1904 3130 mentis

243 3184 489 3223 excessu
534 3173 756 3238 raptus,
809 3167 1125 3238 episcopis,
1174 3165 1443 3231 ducibus,
1479 3165 1814 3231 comitibus,
1845 3168 1904 3220 et

243 3257 476 3312 cunctis
506 3257 606 3327 qui
638 3258 900 3318 aderant,
925 3257 1146 3311 luctum
1203 3256 1379 3310 movit
1413 3255 1730 3326 ingentem.
1765 3253 1905 3324 quia

2019 684 2170 732 inter
2227 680 2545 750 psallentes
2605 685 2851 742 Domino
2905 694 2962 744 et
3011 696 3244 746 orantes
3305 693 3670 766 nimiumque

2017 767 2220 823 flentes
2252 769 2525 841 spiritum
2550 773 2795 830 exalavit
2815 778 2900 832 ‘95.
2938 777 3098 840 Quod
3121 779 3181 833 in
3205 779 3302 835 illo
3334 798 3451 837 non
3482 785 3672 854 potuit

2015 856 2184 918 mori,
2236 859 2531 914 redditum
2580 867 2668 916 est
2718 863 3012 932 Creatori;
3045 884 3254 939 corpus
3312 876 3508 926 autem
3539 873 3670 942 ejus

2013 945 2300 1008 exanime.
2333 948 2487 1002 sicut
2517 949 2641 1020 ipse
2689 952 2851 1007 vivus
2901 963 3271 1027 praeceperat,
3316 959 3518 1014 eodem
3551 961 3665 1027 die,

2014 1032 2070 1086 id
2103 1039 2195 1088 est
2223 1051 2256 1088 v
2286 1035 2424 1092 Idus
2456 1037 2744 1105 Octobris,
2775 1041 3052 1098 indefessi
3083 1045 3210 1115 ejus
3241 1048 3488 1104 comites
3518 1048 3667 1106 leva-

2013 1125 2137 1176 tum
2170 1122 2229 1178 in
2265 1126 2472 1181 feretro
2523 1130 2962 1194 transferentes,
2995 1138 3198 1188 octava
3242 1136 3310 1170 ‘95
3339 1141 3542 1207 postea
3571 1139 3666 1194 die

2012 1211 2081 1265 ad
2107 1217 2418 1284 angustam
2443 1217 2602 1272 sedis
2624 1217 2812 1288 ipsius
2830 1221 3196 1292 metropolim
3216 1222 3510 1281 Coloniam
3535 1243 3663 1298 per-

2011 1307 2310 1356 venerunt.
2347 1303 2606 1366 Quorum
2653 1307 2844 1362 adhuc
2876 1309 3141 1365 nonnulli
3183 1311 3568 1383 jurejurando
3608 1318 3666 1370 et

2014 1389 2226 1442 mirum
2262 1391 2320 1445 in
2356 1393 2594 1448 modum
2644 1396 2992 1452 afﬁrmando
3041 1402 3350 1466 testantur,
3399 1403 3456 1456 in
3491 1402 3664 1474 longo

2013 1477 2109 1532 illo
2143 1479 2348 1534 itinere
2381 1481 2606 1537 nullam
2648 1501 2794 1554 pene
2842 1485 3252 1542 lassitudinem
3309 1495 3410 1544 aut
3448 1490 3666 1548 laboris

2011 1566 2338 1624 molestiam
2355 1587 2417 1624 se
2433 1571 2543 1626 sub
2559 1577 2720 1628 tanto
2734 1590 2906 1628 onere
2929 1575 3259 1646 pertulisse.
3286 1578 3446 1635 Unde
3466 1585 3665 1638 autem

2011 1656 2192 1722 ibant,
2227 1675 2582 1730 quocunque
2612 1661 2795 1730 ibant,
2842 1679 3228 1734 quascunque
3259 1670 3315 1720 et
3344 1668 3408 1706 “’7
3439 1672 3664 1738 gentes,

2009 1761 2391 1818 quascunque
2422 1753 2606 1804 terras
2657 1751 3036 1822 attingerent,
3087 1770 3292 1810 omnes
3321 1755 3667 1814 mirabiliter

2009 1833 2210 1904 hujus,
2241 1841 2306 1889 ut
2333 1851 2535 1892 eorum
2567 1838 2760 1893 verbis
2795 1845 2946 1904 utar,
2987 1840 3148 1911 digni
3177 1842 3292 1897 Deo
3318 1844 3425 1898 viri
3461 1844 3664 1900 merita

2011 1923 2068 1976 in
2129 1925 2576 1994 rempublicam,
2638 1927 2694 1980 in
2753 1926 3188 1998 imperatorem,
3241 1931 3297 1984 in
3359 1947 3542 2002 reges,
3604 1933 3664 1988 in

2017 2011 2395 2082 principes,in
2428 2030 2663 2069 omnem
2697 2015 3241 2088 populum,eximia,
3266 2036 3381 2089 qua
3413 2021 3665 2091 quisque

2017 2100 2289 2154 facultate
2321 2107 2567 2172 poterat,
2599 2103 2985 2158 zestimabant.

2087 2190 2175 2243 46.
2208 2190 2340 2244 Jam
2371 2207 2502 2244 vero
2537 2208 2668 2246 cum
2721 2193 3010 2260 ejusmodi
3055 2195 3341 2265 exsequiae
3368 2195 3664 2252 Coloniam

2015 2279 2412 2346 adventarent,
2461 2285 2517 2333 et
2562 2279 2671 2334 hoc
2733 2298 2833 2351 per
2889 2298 3120 2336 omnem
3181 2284 3344 2355 regni
3376 2285 3663 2340 Lotharici

2017 2367 2294 2438 populum
2323 2368 2478 2423 fama
2491 2368 2667 2423 nimis
2692 2369 3373 2442 odiosadispergeret,ita
3393 2373 3666 2430 dissoluti

2014 2462 2153 2510 sunt
2180 2473 2405 2518 omnes,
2440 2457 2758 2527 praesertim
2807 2459 3190 2514 sanctissimae
3235 2461 3393 2516 sedis
3423 2460 3581 2518 illius
3610 2466 3669 2518 et

2018 2544 2280 2599 Ecclesiae
2312 2544 2558 2616 alumni,
2593 2546 2760 2615 quasi
2801 2547 3097 2603 discessus
3151 2550 3296 2604 tanti
3331 2549 3582 2621 pastoris
3612 2556 3670 2606 et

2016 2635 2210 2689 obitus
2226 2633 2491 2702 ejusdem
2506 2640 2659 2690 esset
2680 2635 2945 2690 Ecclesiae
2969 2636 3320 2692 funus.Nam
3341 2639 3668 2694 secundum

2015 2723 2469 2794 amplitudinem
2492 2723 2701 2795 prioris
2717 2723 3130 2780 consolationis
3154 2731 3294 2781 tunc
3317 2726 3560 2782 invaluit
3580 2728 3669 2782 vis

2014 2819 2070 2867 et
2102 2812 2444 2883 magnitudo
2475 2811 2712 2866 doloris.
2736 2812 3172 2885 Flebantigitur
3198 2815 3264 2849 ‘93
3295 2831 3519 2881 omnes,
3548 2814 3666 2886 ple-

2015 2902 2179 2972 rique
2212 2901 2396 2955 donec
2449 2900 2880 2955 exsiccarentur
2941 2901 2996 2956 in
3039 2901 3124 2957 eis
3181 2901 3469 2974 lacrymaz.
3497 2902 3668 2958 Multi

2013 2988 2331 3061 congelatis
2356 2990 2636 3044 membris
2663 2990 2916 3055 attoniti,
2940 2990 2996 3044 in
3021 2995 3183 3045 tanta
3202 2991 3467 3046 orbitatis
3489 2991 3670 3062 hujus

2017 3078 2252 3133 miseria
2283 3078 2633 3148 semetipsos
2655 3079 2721 3112 “'9
2749 3077 2936 3132 vivere
2980 3079 3143 3133 obliti
3177 3084 3333 3134 sunt.
3365 3082 3511 3134 Ante
3541 3097 3666 3135 om-

2015 3183 2118 3222 nes
2146 3166 2305 3220 luctu
2338 3181 2400 3220 se
2431 3164 2843 3236 lacrymisque,
2870 3166 3058 3237 magis
3081 3172 3275 3222 autem
3302 3167 3533 3223 interno
3565 3170 3668 3224 do-

2017 3255 2138 3310 lore
2169 3254 2360 3309 cordis
2417 3254 2627 3318 affecit,
2679 3254 2778 3324 qui
2838 3254 2994 3309 hunc
3043 3260 3265 3325 patrem
3324 3255 3522 3326 patrias
3555 3274 3670 3327 pra)

244 3325 695 3402 dissolutionem
719 3345 1075 3417 optatissimi
1099 3325 1595 3416 corporisinstare
1619 3345 1904 3416 putabant
1938 3325 1979 3390 C
2019 3343 2241 3398 caeteris
2272 3341 2510 3408 amavit,
2544 3341 2903 3407 Folcmarus,
2939 3325 3339 3399 memorabilis
3367 3325 3672 3415 probitatis

245 3440 617 3508 presentem.
651 3434 773 3503 Ille,
799 3440 863 3489 ut
886 3434 1129 3499 solebat,
1154 3433 1460 3504 paululum
1494 3433 1904 3488 convalescens

240 3525 573 3581 tumultum
593 3541 770 3580 manu
791 3524 1234 3591 sedabat,ﬂetus
1254 3529 1312 3577 et
1331 3522 1559 3593 rugitus
1582 3521 1903 3576 astantium

244 3615 581 3687 mitigabat,
607 3615 862 3685 majores
883 3618 939 3668 et
958 3613 1068 3668 hoc
1089 3614 1156 3647 ⁴⁹³
1177 3612 1354 3668 aifatu
1379 3612 1586 3666 ultimo
1609 3610 1904 3682 digniores

244 3721 319 3762 ex
350 3703 591 3760 nomine
619 3703 898 3760 vocabat:
941 3724 966 3756 α
998 3700 1206 3769 Nolite,
1243 3724 1270 3750 »
1309 3700 1603 3772 inquiens,
1642 3721 1669 3748 α
1704 3697 1900 3764 nolite,

245 3796 479 3860 fratres,
513 3793 624 3848 hac
657 3809 786 3848 mea
816 3798 970 3848 sorte
1001 3791 1245 3846 tristari.
1292 3790 1507 3845 Divinae
1538 3788 1902 3844 animadver-

246 3883 435 3940 sionis
458 3881 686 3954 judicio
729 3882 957 3936 cunctis
989 3879 1338 3935 mortalibus
1369 3877 1647 3950 imposita
1676 3881 1764 3932 est
1795 3877 1907 3930 ista

247 3973 546 4040 conditio;
582 3988 698 4028 non
726 3969 860 4026 licet
909 3969 1081 4037 nolle,
1115 3969 1271 4040 quod
1303 3967 1687 4038 Omnipotens
1717 3964 1908 4020 sanxit

247 4061 606 4118 inevitabile.
642 4060 937 4115 Tristibus
967 4059 1097 4114 istis
1120 4058 1178 4112 in
1210 4057 1368 4112 brevi
1399 4054 1530 4110 laeta
1559 4054 1906 4120 succedunt,

248 4151 398 4207 Illuc
421 4166 538 4206 non
561 4147 1119 4220 assumptavita,sed
1145 4144 1440 4201 mutatain
1469 4143 1906 4215 melius,pergo,

249 4241 354 4296 ubi
386 4242 542 4296 viros
575 4239 745 4310 longe
797 4237 995 4310 plures
1025 4241 1082 4291 et
1127 4236 1421 4301 clariores,
1467 4251 1646 4304 quam
1678 4233 1770 4286 hic
1803 4249 1908 4286 un-

249 4347 433 4402 quam
461 4329 728 4394 viderim,
751 4327 866 4382 cito
887 4325 1114 4382 videbo.
1148 4347 1169 4373 ι
1197 4324 1311 4379 Nec
1344 4323 1512 4394 plura
1533 4323 1624 4377 bis
1655 4321 1908 4387 locutus,

249 4418 469 4475 lectulo
483 4419 638 4474 fessa
650 4433 782 4472 mox
801 4416 1066 4472 membra
1080 4413 1722 4484 reposuit.Consuetum
1741 4409 1912 4481 paulo

251 4511 408 4580 post,
429 4505 558 4562 luce
579 4504 772 4560 adhuc
788 4504 1036 4574 integra,
1053 4499 1396 4573 vespertinae
1416 4498 1606 4553 laudis
1630 4496 1911 4564 officium,

251 4600 426 4652 nocte
447 4595 575 4665 jam
611 4592 900 4665 profunda
924 4589 1372 4661 completorium
1396 4588 1521 4658 ipse
1551 4602 1685 4642 cum
1720 4584 1916 4639 fratri-

2016 3437 2072 3489 et
2103 3431 2402 3486 industria:
2432 3431 2715 3485 diaconus
2759 3447 2825 3485 ac
2859 3432 3115 3501 prudens
3158 3431 3462 3503 tidelisque
3491 3433 3670 3503 hujus

2016 3525 2229 3576 sanctas
2264 3518 2527 3573 Ecclesiae
2561 3523 2765 3589 protus
2812 3524 2870 3572 et
2923 3519 3249 3585 iconomus,
3283 3537 3399 3591 quo
3433 3523 3670 3577 nomine

2015 3626 2149 3665 eum
2182 3611 2306 3679 ipse
2338 3613 2520 3679 pater,
2549 3612 2615 3661 ut
2662 3611 2802 3678 puta
2831 3607 3114 3662 vicarium
3170 3625 3344 3663 suum
3376 3614 3434 3666 et
3462 3611 3572 3664 sibi
3607 3611 3667 3666 in

2014 3699 2173 3754 omni
2193 3696 2424 3768 negotio
2443 3696 3308 3767 conjunctissimum,honorare
3330 3699 3664 3767 consuevit;

2015 3789 2072 3842 in
2101 3804 2216 3858 quo
2249 3787 2370 3842 solo
2401 3791 2539 3840 tunc
2570 3785 2834 3840 omnium
2865 3785 3262 3840 desolatorum
3289 3787 3356 3829 50°
3387 3803 3487 3842 ora
3511 3787 3663 3842 oculi

2015 3883 2072 3930 et
2099 3875 2278 3931 animi
2309 3875 2711 3941 versabantur,
2729 3890 2975 3944 quorum
2998 3881 3151 3929 certe
3173 3875 3439 3930 omnium
3459 3875 3668 3930 volun-

2014 3970 2131 4020 tate
2161 3969 2334 4034 atque
2356 3962 2780 4031 desideriojam
2802 3961 3042 4026 electus,
3069 3962 3205 4018 licet
3229 3965 3488 4018 nondum
3512 3964 3667 4018 desi-

2016 4057 2250 4126 gnatus,
2275 4053 2460 4106 fuerat
2482 4049 2865 4122 praesul.Huic
2893 4051 3025 4120 pius
3055 4056 3217 4121 pater
3238 4051 3486 4118 absenti,
3511 4052 3667 4122 quod

2016 4159 2150 4198 eum
2183 4145 2400 4207 nosset,
2436 4156 2502 4193 ex
2549 4127 2784 4194 nomine
2843 4155 2934 4193 res
2966 4155 3104 4194 suas
3153 4155 3355 4194 omnes
3385 4139 3583 4210 egenis
3615 4145 3674 4195 et

2018 4229 2292 4285 Ecclesiis
2315 4227 2594 4299 episcopii
2619 4227 2710 4281 sui
2737 4227 3478 4298 distribuendas,prtescius
3501 4229 3670 4284 credo

2020 4321 2229 4374 futurae
2263 4315 2674 4385 successionis,
2708 4333 2941 4371 summo
2972 4316 3168 4370 studio
3199 4316 3508 4388 delegavit.

2093 4409 2182 4460 47.
2232 4409 2332 4462 Est
2366 4422 2541 4475 prope
2573 4420 2774 4459 muros
2805 4404 3057 4460 civitatis
3078 4405 3342 4471 ecclesia,
3377 4409 3675 4460 structura

2023 4497 2263 4567 quidem
2296 4501 2352 4548 et
2382 4510 2553 4563 opere
2586 4492 2958 4558 humilis,sed
2993 4494 3389 4563 apostolorum
3420 4494 3677 4560 nomine,

2025 4586 2083 4638 in
2119 4598 2370 4654 quorum
2401 4580 2772 4635 veneratione
2823 4587 3161 4636 consecrata
3201 4582 3557 4652 perhibetur,
3591 4582 3678 4637 in-

255 4688 370 4742 bus
400 4682 872 4747 consummavit;
905 4677 1152 4736 Domino
1174 4678 1290 4734 Deo
1323 4694 1428 4732 suo
1460 4680 1920 4744 sanctorumque
1951 4687 1996 4752 D
2027 4673 2212 4745 signis
2238 4689 2250 4736 ;
2275 4671 2334 4724 in
2356 4668 2764 4740 eadepositum
2790 4669 3044 4740 pastoris
3066 4671 3156 4724 sui
3181 4687 3394 4742 corpus
3417 4671 3683 4726 exanime

253 4777 386 4844 ejus
411 4773 682 4845 precibus
704 4787 832 4828 sese
854 4769 1025 4840 quasi
1049 4785 1183 4823 mox
1204 4767 1426 4821 iturum
1453 4764 1737 4819 attentius
1760 4778 1918 4817 com—

255 4863 596 4928 mendavit;
631 4862 740 4917 iter
771 4876 948 4915 suum
972 4873 1186 4930 magno
1217 4854 1316 4910 illo
1346 4854 1576 4916 viatico,
1609 4857 1810 4907 sancto
1837 4850 1919 4904 vi-

255 4953 471 5009 delicet
491 4957 547 5005 et
571 4949 740 5005 unico
767 4947 1190 5018 redemptionis
1211 4949 1421 4998 nostra;
1446 4942 1706 5014 pignore,
1733 4939 1922 4995 muni-

255 5043 340 5096 vit
366 5061 382 5108 ;
418 5039 725 5112 episcopos
755 5037 1138 5109 seipsumque
1166 5040 1222 5088 et
1253 5049 1350 5087 eos
1381 5030 1481 5101 qui
1516 5033 1727 5102 praesto
1758 5031 1924 5082 erant

256 5128 669 5185 benedictione
691 5122 1078 5194 consignavit.
1104 5122 1190 5176 Ita
1205 5118 1568 5174 tremendam
1591 5115 1925 5171 dissolutio-

257 5219 350 5272 nis
380 5234 500 5272 suae
524 5216 729 5271 horam
755 5214 950 5269 animo
971 5213 1191 5266 intento
1212 5211 1282 5264 ad
1308 5207 1596 5263 Creatoris
1620 5206 1710 5260 sui
1735 5205 1924 5276 impe-

257 5308 414 5363 rium
448 5303 804 5375 exspectavit
834 5304 926 5356 ‘9‘.
959 5302 1028 5357 Et
1076 5301 1136 5354 in
1171 5299 1363 5355 media
1412 5303 1579 5352 nocte
1609 5299 1923 5360 transacta,

255 5411 580 5453 conversus
601 5393 736 5450 nisu
759 5409 874 5464 quo
900 5394 1128 5464 poterat
1147 5389 1218 5445 ad
1243 5389 1578 5461 episcopum
1613 5383 1926 5440 Theoderi-

2031 4757 2339 4818 sacerdotii
2371 4756 2642 4812 velabant
2663 4757 2728 4791 δυί
2758 4757 3130 4830 insignibus;
3164 4773 3280 4827 quo
3315 4757 3537 4828 paucis,
3571 4756 3683 4811 nisi

2029 4849 2320 4921 episcopis
2337 4845 2756 4915 etquibusdam
2773 4845 3013 4900 secundi
3027 4844 3685 4918 ordinissacerdotibus,

2029 4938 2570 5012 patebataccessus.
2591 4935 2725 4988 Inde
2750 4949 2881 4987 mox
2903 4932 3211 4997 elevatum,
3227 4931 3415 4987 clerus
3429 4937 3485 4986 et
3503 4949 3686 5002 popu-

2031 5027 2122 5082 lus
2145 5031 2383 5081 cantum
2409 5023 2821 5095 planctumque
2853 5019 3198 5092 permistum
3233 5020 3688 5092 ingeminantes,

2033 5118 2091 5172 in
2113 5114 2421 5170 ecclesiam
2446 5110 2773 5168 beatissimi
2799 5108 2948 5163 Petri
2969 5109 3362 5179 apostolorum
3386 5109 3691 5179 principis,

2035 5204 2134 5260 ubi
2168 5203 2336 5258 sedes
2369 5207 2491 5256 erat
2511 5197 2876 5261 venerabilis,
2901 5196 3502 5252 detulerunt.Noctem
3525 5197 3688 5252 illam

2035 5291 2409 5348 celeberrime
2458 5289 2518 5342 in
2557 5285 2771 5356 vigiliis
2792 5291 2849 5340 et
2874 5285 3204 5356 psalmodii,
3231 5285 3324 5340 vix
3356 5285 3696 5340 refocillatis

2038 5379 2401 5452 corporibus,
2428 5378 2756 5432 insomnem
2780 5374 3093 5429 duxerunt.
3116 5374 3285 5430 Mane
3307 5379 3501 5430 autem
3522 5375 3696 5442 tacto,

1631 5534 1870 5590 VARle
1919 5529 2335 5588 LECTIONES.

327 5655 397 5692 m
425 5672 518 5711 me
549 5658 608 5708 et
640 5684 706 5694 —
729 5651 1038 5708 suscitavit
1061 5650 1260 5706 desunt
1281 5647 1333 5701 3.
1411 5646 1478 5685 ‘90
1531 5643 1803 5700 virtutem
1832 5644 1888 5696 2.
1918 5641 1973 5695 3.

359 5725 914 5768 nvnonlnvitllnunl
970 5723 1022 5768 2-
1099 5721 1167 5754 ‘95
1217 5717 1452 5768 exilavit
1509 5717 1560 5768 1.
1638 5715 1706 5750 ⁸9⁸
1762 5729 1912 5768 nono
1972 5711 2004 5766 3

257 5762 325 5770 —
359 5725 688 5801 expectavit
716 5725 943 5801 de:_unt_
1217 5717 1452 5801 exi‘lavit
1509 5717 1560 5774 1.

259 5803 326 5838 ⁵⁰⁰
358 5791 763 5872 desolatorum
798 5798 846 5851 1.
926 5795 990 5834 δοί
1024 5792 1322 5849 vallahant
1353 5791 1406 5844 3.

3030 5633 3097 5672 ⁸9³
3127 5631 3195 5686 ad
3259 5631 3366 5684 hoc
3394 5630 3448 5683 2.
3525 5628 3593 5662 ‘9‘
3621 5627 3704 5683 ita.

3074 5695 3140 5740 ‘99
3172 5699 3503 5771 semetipsis
3557 5700 3611 5762 2,
3644 5697 3698 5753 3.

2477 5634 2546 5669 ⁴⁹²
2606 5635 2867 5690 vertente
2898 5632 2952 5686 3.

2664 5704 2706 5739 93
2737 5703 2885 5760 deest
2941 5703 2996 5759 3.

2049 5640 2111 5674 ⁴ν¹
2148 5638 2303 5692 deest
2345 5636 2398 5689 3.

2102 5709 2167 5745 ηπ
2200 5708 2345 5764 deest
2397 5707 2452 5760 2.
2508 5705 2561 5759 3.
