3884 6398
250 409 368 470 977

1691 418 1875 480 VITA
1921 420 2265 483 ALTERA.

3567 416 3686 475 978

245 540 424 598 dente
450 538 734 607 ecclesias,
757 541 927 598 beato
959 543 1235 616 Gregorio
1268 562 1481 619 magno
1514 550 1776 622 martyri,
1811 551 1912 622 qui
1945 556 1996 620 Α
2029 571 2167 609 vasa
2196 556 2333 619 duo,
2368 553 2720 611 candelabra
2771 553 2908 620 duo,
2942 549 3118 625 pallia
3146 549 3282 619 duo,
3313 545 3559 616 cortina,
3591 551 3684 600 ta-

242 646 448 686 recens
479 630 778 686 adductus
807 633 1159 700 est,liat,ubi
1195 637 1664 692 sacratissimum
1699 656 1913 711 corpus

245 722 376 790 ejus
399 720 929 776 recondatur.Huic
953 722 1254 778 fundendo
1279 731 1513 781 centum
1538 727 1700 784 librae
1723 729 1915 800 legen-

247 815 364 864 tur.
399 812 635 880 Cuppas
666 825 878 864 aureas
928 811 1211 867 fratribus
1263 816 1478 870 nostris
1529 818 1598 871 ad
1641 823 1912 873 sanctum

248 901 510 965 Petrum,
571 897 760 953 libras
793 898 1024 970 viginti,
1073 905 1380 969 cortinam,
1430 906 1715 962 mensalia
1773 909 1909 975 duo,

250 987 576 1042 scamnalia
608 988 875 1042 totidem.
909 990 991 1042 Ad
1018 991 1204 1045 sancti
1231 992 1511 1049 Gereonis
1543 997 1725 1050 altare
1755 997 1910 1050 urcei

250 1075 473 1148 magni,
509 1074 686 1146 pallia
723 1077 860 1143 duo,
894 1082 1086 1148 tapete
1109 1096 1177 1133 ex
1209 1082 1537 1150 majoribus
1572 1102 1584 1142 :
1632 1086 1909 1140 fratribus

249 1182 425 1220 naves
447 1169 504 1220 et
535 1163 696 1218 librae
720 1165 1323 1236 duodecim,mensale
1345 1175 1401 1224 et
1422 1172 1746 1228 scamnalia
1770 1174 1906 1229 duo.

245 1254 334 1308 Ad
363 1253 545 1308 altare
579 1255 769 1308 sancti
797 1255 1048 1309 Severini
1084 1261 1622 1317 consummandum
1654 1268 1910 1333 quatuor

243 1342 408 1397 librae
441 1343 570 1398 auri
599 1361 613 1408 ;
648 1343 932 1398 fratribus
956 1344 1114 1399 librae
1147 1352 1443 1406 octo.vasa
1477 1352 1902 1417 duo,mensale,

241 1430 573 1486 scamnalia
603 1431 954 1488 duo.Sancto
987 1435 1301 1492 Cuniberto
1335 1439 1573 1494 scutulae
1605 1442 1904 1496 duae.San-

242 1521 360 1575 ctis
391 1521 460 1555 "9
490 1519 743 1574 Ewaldis
794 1521 1026 1577 duobus
1061 1523 1238 1594 pallia
1269 1527 1418 1592 tria;
1454 1529 1734 1584 fratribus
1769 1547 1906 1585 vasa

241 1609 386 1674 duo,
422 1608 581 1662 librae
613 1614 764 1675 octo,
799 1610 1083 1676 mensale,
1143 1615 1464 1670 scamnalia
1520 1619 1656 1682 duo,
1711 1623 1904 1689 tapete

239 1715 452 1753 unum.
478 1698 691 1753 Sancto
714 1700 958 1754 Andreae
980 1699 1139 1756 librae
1161 1703 1607 1777 triginta,pallia
1629 1713 1899 1778 quatuor,

238 1787 488 1842 totidem
519 1803 680 1854 vasa,
715 1787 1066 1844 candelabra
1097 1791 1212 1846 duo
1239 1810 1251 1858 ;
1283 1794 1565 1850 fratribus
1587 1795 1748 1851 libras
1779 1813 1898 1852 sex.

237 1876 418 1931 Beato
440 1875 607 1931 Elifio
641 1876 885 1948 martyri
907 1883 1108 1934 sancto
1141 1881 1392 1937 Martino
1415 1885 1735 1940 confessori
1761 1903 1895 1940 con-

239 1965 467 2021 feratur
487 1965 891 2032 tantumdem;
914 1968 1198 2036 praedium
1224 1977 1501 2041 praeterea
1522 1973 1770 2045 Solagon
1797 1991 1897 2045 per

239 2051 563 2124 precariam
597 2057 807 2107 nostrae
838 2053 1103 2110 Ecclesiae
1136 2058 1519 2128 acquisitum.
1559 2063 1646 2116 Ad
1679 2071 1894 2118 sanctae

238 2140 435 2196 Mariae
470 2138 656 2194 altare
687 2156 826 2194 vasa
858 2141 972 2196 duo
1013 2159 1080 2197 ex
1113 2145 1484 2215 melioribus;
1518 2152 1894 2206 monasteriio

239 2235 295 2284 et
319 2229 579 2284 claustro
611 2229 963 2300 perficiendo
994 2231 1154 2287 librae
1186 2239 1893 2303 centum,cortina,scam-

234 2317 398 2374 nalia
430 2318 568 2387 duo,
595 2333 821 2388 mappae
852 2317 1205 2376 totidem.Ad
1227 2323 1407 2379 altare
1430 2332 1642 2382 sanctae
1675 2329 1892 2384 Ceciliae

229 2407 360 2462 auri
394 2407 558 2461 librae
595 2411 732 2470 tres,
766 2407 1008 2475 cortina,
1035 2412 1386 2468 candelabra
1415 2415 1551 2480 duo,
1586 2433 1725 2472 vasa
1753 2419 1890 2482 duo,

228 2500 422 2568 tapete
445 2496 986 2564 unum,scamnalia
1007 2499 1122 2554 duo
1151 2519 1164 2566 ;
1199 2502 1256 2554 in
1283 2507 1750 2562 consummando
1775 2525 1892 2563 mo-

227 2586 491 2641 nasterio
525 2583 686 2638 librae
719 2585 1173 2656 quinquaginta.
1210 2591 1462 2662 Collegio
1496 2593 1654 2649 illius
1687 2613 1888 2652 mona-

225 2675 392 2731 sterii
423 2674 587 2730 librae
617 2673 845 2743 decem,
879 2676 1161 2732 mensale.
1196 2680 1280 2734 Ad
1325 2681 1568 2738 Sanctas
1619 2685 1889 2756 Virgines

2026 651 2157 714 pete
2188 645 2256 679 ⁸³0
2287 662 2494 712 unum,
2531 643 2856 701 scamnalia
2884 644 3020 698 duo.
3062 639 3294 696 Sanctis
3323 635 3680 694 monialibus

2025 734 2090 768 ⁶³¹
2127 733 2286 788 libras
2319 736 2540 804 decem,
2575 732 2855 789 mensale.
2883 731 3068 787 Altari
3099 732 3437 784 sanctorum
3467 730 3680 796 marty-

2024 838 2178 889 rum,
2213 823 2364 877 Casii
2415 829 2472 879 et
2521 821 2820 886 Florentii,
2865 820 2994 876 auri
3040 817 3200 874 libras
3249 818 3386 878 duo.
3433 814 3677 870 haccine

2023 926 2150 980 quae
2182 928 2360 981 penes
2411 928 2516 967 nos
2560 916 2722 976 sunt,
2754 925 2955 981 cuppae
2986 909 3138 977 duae,
3173 905 3351 978 pallia
3377 904 3620 960 totidem
3655 922 3670 971 ;

2023 1000 2303 1055 fratribus
2336 1001 2494 1055 librze
2557 1002 2776 1056 decem.
2837 1000 3052 1053 Sancto
3081 996 3297 1050 Victori
3343 997 3402 1049 et
3430 991 3675 1064 collegio

2019 1090 2390 1154 tantundem,
2425 1089 2780 1145 monasterio
2838 1093 2895 1143 et
2925 1085 3186 1142 claustro
3218 1081 3455 1140 Sosacio
3487 1082 3670 1154 (1955)

2019 1178 2319 1233 fundando
2350 1179 2511 1234 libraa
2535 1183 2771 1234 centum
2795 1196 2807 1245 ;
2837 1175 3007 1231 altari
3038 1191 3138 1229 sex
3166 1169 3516 1243 vasa,pallia
3534 1169 3673 1224 toti-

2019 1267 2173 1336 dem,
2208 1273 2396 1338 tapete
2446 1285 2631 1323 unum
2679 1284 2750 1322 ex
2803 1265 3146 1337 majoribus,
3178 1259 3502 1316 scamnalia
3531 1259 3672 1326 duo,

2017 1371 2200 1426 cappa
2223 1361 2281 1410 et
2311 1357 2513 1411 casula
2545 1373 2613 1411 ex
2646 1353 3180 1426 nosteis,praedium
3209 1355 3487 1422 praeterea
3516 1347 3672 1418 quod

2015 1444 2248 1500 Wodilo
2269 1447 2341 1500 de
2365 1446 2625 1517 precario
2649 1447 2717 1480 ⁵³³
2735 1449 2935 1500 nostro
2958 1438 3292 1506 dedit,illud
3315 1437 3492 1492 etiam
3513 1435 3667 1506 quod

2015 1533 2268 1589 domnus
2293 1551 2441 1605 popo
2466 1533 2944 1589 Richildincbuso
2967 1529 3151 1601 (4956)
3173 1531 3232 1582 et
3259 1524 3457 1580 Arvite
3483 1524 3668 1594 (4957)

2012 1622 2180 1678 nobis
2211 1623 2356 1678 satis
2387 1623 2610 1678 naviter
2638 1621 2944 1693 acquisivii
2969 1619 3052 1673 ⁸⁸³.

2015 1710 2091 1764 Fu
2105 1711 2260 1765 ndite
2290 1712 2465 1766 corda
2495 1726 2715 1782 preces,
2749 1709 3106 1780 lacrymosas
3135 1702 3350 1760 mittite
3377 1717 3586 1768 voces;

2083 1800 2225 1854 Ecce
2257 1805 2422 1870 pater
2449 1799 2648 1871 patrita
2680 1799 2950 1854 conditus
2978 1796 3039 1850 in
3069 1794 3256 1860 silice,

2013 1888 2190 1960 Regia
2221 1889 2548 1960 progenies,
2578 1893 2767 1943 terras
2797 1883 3180 1942 memoranda
3202 1898 3326 1954 per,
3357 1897 3583 1951 omnes,

2078 1977 2272 2032 Bruno
2303 1977 2602 2049 pacificus,
2633 1977 2724 2031 vir
2754 1976 2942 2030 bonus
2973 1977 3150 2044 atque
3179 1971 3333 2043 pius.

2004 2065 2227 2121 Archos
2257 2067 2504 2122 antistes
2531 2065 2624 2121 cui
2655 2066 2792 2120 data
2819 2065 2889 2098 ⁸³⁸
2911 2061 3152 2120 Colonia
3180 2060 3369 2126 sedes,

2075 2157 2251 2211 Visus
2280 2161 2404 2211 erat
2433 2155 2661 2210 cunctis
2691 2153 2908 2208 charus
2937 2152 3156 2222 ubique
3184 2149 3375 2205 bonis.

2003 2245 2258 2299 Offendit
2287 2246 2559 2300 tenebras
2591 2243 2692 2298 lux
2714 2240 3084 2297 vivacissima
3110 2242 3290 2295 tetras
3315 2255 3328 2304 ;

2074 2333 2272 2387 Invida
2302 2333 2504 2404 lingua
2533 2336 2708 2396 tacet,
2730 2331 2864 2386 laus
2895 2329 3068 2385 modo
3095 2343 3232 2383 vera
3262 2326 3473 2398 placet.

2001 2423 2125 2477 Non
2161 2423 2274 2476 fuit
2301 2422 2397 2477 hic
2426 2423 2682 2476 mundus
2713 2425 2834 2475 tam
2868 2435 2999 2474 raro
3025 2432 3270 2472 munere
3297 2415 3514 2487 dignus

2074 2512 2296 2582 Raptus
2327 2511 2400 2566 ab
2430 2511 2538 2566 hoc
2570 2526 2750 2574 naevo,
2777 2510 2905 2580 jam
2938 2507 3154 2561 fruitur
3182 2503 3452 2560 Domino.

2002 2602 2140 2656 Idus
2172 2599 2439 2654 Octobris
2470 2599 2676 2670 quinto
2709 2596 2918 2670 praesul
2949 2595 3280 2651 duodennis
3307 2593 3377 2627 ⁸⁸⁸

2070 2688 2214 2743 Vitae
2249 2688 2560 2755 concessit,
2595 2703 2730 2760 spes
2755 2701 2952 2742 comes
2982 2684 3138 2740 alma
3167 2682 3280 2738 fuit
3307 2681 3398 2736 ⁸³⁸.

1609 2808 1849 2866 VARUS
1881 2812 2292 2870 LECTlONES.

303 2900 375 2935 ⁵²⁹
405 2903 593 2974 sancti
629 2903 682 2958 4.
760 2904 826 2938 ⁵³⁰
856 2906 1119 2974 tapetum
1150 2903 1210 2974 2.
1251 2911 1303 2958 et
1335 2905 1506 2973 infra.
1583 2907 1647 2940 δδί
1684 2909 2037 2965 sanctimon.
2114 2913 2166 2966 3.
2200 2912 2271 2946 ⁵³²

2305 2909 2561 2982 precatio
2591 2910 2644 2965 4.
2667 2910 2722 2964 2.
2757 2907 3077 2982 precatu_3.
3154 2906 3222 2941 ⁸³³
3251 2903 3489 2982 explipit
3533 2902 3656 2982 vita

228 2972 432 3048 domni
469 2973 762 3048 Brunonis
794 2972 1217 3048 archiepiscOpi
1249 2976 1302 3028 3.
1324 2972 1674 3048 epitaphium
1708 2979 1878 3034 deest.
1957 2983 2028 3016 ⁵³⁵
2059 2981 2216 3037 clara
2245 2972 2383 3036 2.’3.
2462 2982 2528 3016 ⁵³⁶
2550 2983 2658 3048 hic,
2690 2972 2954 3035 2..addit:
2984 2979 3179 3033 Bruno
3210 2972 3364 3048 pius.
3388 2973 3551 3040 Quod
3583 2975 3655 3048 de

227 3043 434 3126 casula
465 3047 796 3129 mandastis
823 3043 1022 3126 domui
1078 3043 1555 3129 hrunonis,‘eam
1590 3049 1770 3129 fuisse
1803 3068 1918 3105 non
1951 3053 2254 3117 dubitetis,
2289 3070 2464 3129 quam
2499 3043 2682 3129 nostri
2716 3051 2940 3129 priores
2972 3043 3346 3129 Engilbertus
3377 3045 3653 3129 et‘cateri

225 3115 420 3186 ipsius
451 3119 692 3196 nomine
716 3117 774 3173 in
812 3118 1066 3174 maxima
1091 3117 1440 3185 habuerant,
1475 3122 1865 3190 veneratione,
1897 3140 2080 3196 eaque
2111 3115 2346 3195 semper
2365 3124 2458 3178 usi
2489 3128 2630 3178 sunt
2648 3115 2936 3177 in'obitus
2964 3115 3149 3188 (obitu
3181 3117 3324 3187 cod.)
3344 3115 3652 3189 sellempni

223 3190 810 3246 commemoratione.

1833 3291 2066 3348 NOT/E.

319 3384 486 3440 4965)
513 3385 693 3440 Scest.

319 3384 463 3438 4965
513 3385 693 3440 Scest.

292 3384 334 3524 él
347 3384 486 3526 956}
512 3455 1047 3529 Recklinghausen.

2068 3391 2252 3462 (1977)
2283 3390 2546 3447 Erwitte.

1068 3753 1359 3846 VITA
1436 3754 2078 3852 BRUNONIS
2155 3757 2653 3851 ALTERA
2682 3758 2800 3847 ⁵³⁷.

285 4036 339 4091 4.
376 4035 626 4092 Henrico
653 4035 840 4106 (1958)
884 4037 1074 4109 primo
1105 4041 1162 4092 et
1193 4036 1458 4108 piissimo
1490 4053 1623 4110 rege
1649 4039 1720 4093 de
1751 4055 1877 4094 me-
1908 4041 1951 4106 C
1989 4056 2093 4112 per
2120 4040 2246 4096 dies
2276 4039 2592 4112 cogebatur
2640 4037 3000 4094 calamitosis
3037 4035 3408 4110 patrocinari,
3439 4050 3652 4091 consu-

215 4127 314 4182 dio
349 4124 632 4196 lacto,qui
659 4142 761 4196 pro
790 4126 879 4180 sui
904 4125 1248 4181 inineﬂ‘abili
1273 4126 1585 4182 clementia
1606 4129 1880 4199 prudenti

214 4231 332 4286 que
366 4215 450 4270 rei
488 4214 738 4286 publicas
800 4215 1308 4271 administratione
1363 4218 1522 4271 omni
1555 4219 1775 4272 mundo
1807 4220 1884 4272 fa-

212 4321 449 4369 mosus,
483 4309 539 4359 et
569 4308 739 4375 pater
771 4305 970 4376 patriae
1023 4303 1216 4360 dictus
1260 4305 1539 4375 est,ﬁlius
1586 4307 1714 4375 ejus
1745 4308 1882 4362 Otto

208 4393 451 4465 primus
472 4392 672 4448 divina
691 4393 1148 4465 dispositionein
1166 4393 1354 4449 locum
1378 4395 1880 4466 patrisfavorabili

205 4482 402 4537 totius
434 4481 610 4536 curia:
641 4481 1066 4539 acclamatione
1097 4483 1576 4554 exoptatissimus
1605 4485 1671 4519 ⁵³⁸
1703 4485 1882 4556 impe-

207 4577 383 4626 rator
411 4571 717 4626 successit.
746 4575 1066 4641 Postquam
1099 4576 1294 4626 autem
1327 4577 1700 4628 consecratus
1726 4578 1884 4628 esset

208 4660 268 4714 in
301 4675 535 4732 regem,
562 4660 818 4731 praefecit
850 4662 1086 4715 fratrem
1115 4676 1290 4715 suum
1323 4660 1635 4716 Henricum
1669 4662 1880 4716 ducem

210 4765 398 4820 super
429 4749 898 4819 Bajowariorum
931 4753 1186 4820 gentem.
1220 4750 1466 4805 Sanctus
1497 4766 1630 4804 vero
1662 4750 1876 4813 Bruno,

211 4843 389 4894 aetate
416 4837 839 4904 minimus,sed
863 4837 1169 4894 honestate
1185 4853 1418 4892 morum
1437 4837 1592 4894 haud
1616 4839 1879 4909 inﬁmus,

212 4928 415 4982 adhuc
449 4927 704 4998 degebat
732 4928 842 4982 sub
873 4943 1124 4982 censura
1154 4925 1430 4981 litteralis
1462 4927 1802 4999 disciplinae,
1825 4933 1883 4983 et

212 5016 348 5071 laeta
381 5015 586 5070 indole
631 5016 703 5071 de
732 5015 826 5070 die
876 5016 934 5070 in
968 5015 1124 5070 diem
1156 5015 1494 5086 proﬁciebat
1555 5016 1610 5070 in
1661 5017 1878 5072 Christi

210 5105 522 5160 servitute.
567 5104 714 5159 Cum
755 5109 950 5160 autem
987 5105 1328 5176 profecisset
1363 5108 1531 5160 astate
1563 5111 1620 5160 et
1649 5106 1879 5178 sapien-

208 5194 311 5262 tia,
349 5211 456 5250 rex
486 5193 758 5264 adjunxit
785 5209 921 5248 eum
957 5193 1069 5248 sibi
1102 5209 1206 5265 per
1253 5210 1513 5249 amorem
1545 5195 1879 5250 fraternita-

204 5283 284 5339 tis
331 5284 397 5339 in
450 5282 853 5338 ministerium
904 5281 1384 5354 archicapellani.
1418 5282 1630 5340 Millies
1657 5282 1881 5339 interea

1993 4129 2112 4184 lere
2142 4129 2571 4200 afﬁictis,0pem
2606 4127 2754 4184 ferre
2785 4126 3182 4192 miseris.Quaa
3212 4123 3412 4181 omnia
3441 4124 3524 4180 sic
3555 4123 3652 4178 ad-

1993 4218 2462 4277 ministrabat.ut
2492 4218 2781 4290 refugium
2816 4219 3004 4271 factus
3034 4213 3233 4288 egenis
3265 4213 3540 4270 omnibus
3559 4213 3646 4266 vi-

1992 4306 2646 4362 deretur.Nihilominus
2669 4307 2740 4362 ab
2764 4305 3040 4360 omnibus
3059 4303 3357 4359 calumnia
3381 4300 3644 4374 qualibet

1991 4395 2287 4468 oppressis
2319 4395 2428 4451 hoc
2464 4395 2678 4451 asilum
2710 4392 2951 4449 unicum
2984 4390 3310 4464 petebatur.
3331 4387 3644 4461 Exemplar

1990 4484 2069 4539 ibi
2103 4483 2423 4556 sapientiae,
2457 4484 2691 4556 pietatis
2739 4487 2796 4539 et
2819 4481 3061 4553 justitiaa
3120 4496 3302 4552 supra
3329 4478 3642 4535 hominum

1993 4573 2338 4628 memoriam
2371 4573 2688 4627 eminebat.

2061 4663 2112 4715 2.
2148 4666 2266 4716 Hoc
2297 4666 2559 4734 tempore
2589 4659 2914 4716 Wicfridus
2948 4657 3158 4730 agebat
3184 4655 3447 4730 regimen
3478 4653 3642 4711 Colo-

1991 4749 2213 4806 niensis
2243 4749 2532 4817 Ecclesiae,
2566 4748 2877 4804 Richarius
2915 4762 3048 4803 vero
3082 4743 3416 4801 Leodicensi
3449 4741 3645 4816 praesi-

1991 4841 2164 4896 debat
2185 4839 2501 4906 cathedrae;
2532 4854 2783 4910 quorum
2815 4836 3096 4892 canonica
3115 4840 3172 4890 et
3193 4831 3483 4907 spirituali
3510 4847 3643 4904 pro-

1991 4928 2211 4984 visione
2243 4932 2436 4983 status
2475 4932 2689 4983 sancta
2722 4926 2967 4982 florebat
2993 4923 3284 4980 Ecclesiae.
3316 4923 3395 4978 Ea
3422 4925 3647 4992 tempe-

1991 5023 2142 5073 state
2173 5019 2289 5072 dux
2320 5021 2466 5083 erat,
2518 5017 2721 5072 Kuono
2755 5015 3014 5081 nomine,
3045 5012 3139 5068 cui
3188 5012 3261 5068 ob
3291 5009 3648 5067 soliditatem

1991 5107 2206 5178 saepius
2235 5112 2481 5179 expertae
2505 5106 2639 5162 fidei
2663 5110 2840 5177 atque
2859 5100 3352 5174 multiplicitatem
3368 5097 3534 5172 jugis
3552 5097 3654 5153 ob-

1990 5195 2179 5266 sequii
2212 5195 2368 5251 idem
2401 5210 2499 5250 rex
2518 5195 2652 5250 Otto
2673 5192 3044 5266 delegaverat
3073 5189 3431 5263 provinciam
3464 5185 3649 5244 totius

1991 5283 2406 5356 Lotharingize.

1597 5407 1843 5464 VARI/IS
1881 5409 2296 5466 LECTIONEB.

277 5509 349 5544 ⁸³⁷
383 5522 458 5563 ex
486 5505 673 5564 codice
704 5506 758 5560 3.
836 5506 901 5540 ⁸³⁸
933 5503 1176 5563 favorali
1203 5509 1245 5561 t.
1281 5522 1332 5562 c.
1367 5522 1420 5562 a.
1453 5507 1984 5579 excptantissimus
2011 5507 2126 5563 cod.

1821 5631 2057 5688 NOTIE.

283 5732 480 5804 (1958)
512 5746 584 5787 ex
616 5730 908 5803 Ruotgero
939 5744 1066 5800 cap.
1097 5728 1152 5783 5.
