3884 6464
151 507 268 566 979

1140 501 1206 559 S.
1250 495 1656 559 BRUNONlS
1703 491 2215 555 CDLONIENSIS
2259 493 2624 554 ARCHIEP.

3454 486 3580 548 980

227 640 282 693 3.
314 638 474 692 Tunc
505 635 690 704 (1959)
725 633 1015 688 Vicfridus
1046 637 1266 688 sanctae
1301 628 1663 684 Coloniensis
1694 628 1801 682 Ec-
1833 627 1887 692 Α
1918 625 2273 692 tis,electum
2306 644 2341 681 a
2371 627 2486 682 Deo
2507 631 2564 682 et
2593 625 2933 682 hominibus
2961 624 3153 680 virum
3177 637 3357 695 super
3375 622 3577 678 cathe-

161 727 346 783 clesiae
379 726 566 795 dignas
595 722 889 777 memoriae
921 719 1316 793 archiprresul,
1361 719 1459 772 diu
1494 717 1808 771 admodum

162 813 492 877 imbecillis,
525 811 693 883 regia:
739 815 932 866 tamen
991 809 1283 880 majestati
1339 813 1395 862 et
1436 806 1638 878 patriae
1668 804 1810 859 satis

165 906 342 973 ﬁdus,
372 902 542 957 fessis
568 900 803 955 tandem
825 899 1042 954 relictis
1066 905 1231 953 terrai
1265 897 1513 951 artubus
1541 893 1813 966 supernis

166 993 472 1064 spiritibus
485 990 741 1045 sociatus
754 987 1038 1043 est.Plebs
1052 991 1246 1042 autem
1263 985 1543 1040 destituta
1560 989 1811 1055 pastore,

165 1083 226 1136 in
259 1083 386 1152 ipsa
416 1078 755 1134 confusione
787 1077 867 1131 nil
917 1093 1152 1146 anceps,
1202 1075 1285 1130 nil
1329 1075 1555 1128 varium
1589 1073 1815 1137 molita,

169 1171 407 1225 unicum
442 1169 610 1221 unice
639 1170 902 1236 optatum
936 1166 993 1218 in
1015 1165 1230 1219 domno
1264 1165 1553 1227 Brunone,
1588 1161 1813 1234 magni-

173 1260 281 1314 ﬁco
339 1257 456 1310 viro
514 1261 571 1310 et
601 1253 1037 1326 probatissimo,
1099 1253 1211 1307 sibi
1270 1251 1487 1322 delegit
1517 1250 1816 1314 solatium,

170 1353 371 1402 secuta
421 1349 762 1415 magnatum
823 1347 880 1397 et
909 1342 1090 1398 totius
1121 1342 1259 1397 cleri
1293 1341 1625 1396 consilium.
1687 1341 1818 1394 Mox

171 1433 553 1506 dispositione
600 1431 798 1486 divina
853 1431 913 1485 in
947 1431 1055 1485 hoc
1086 1431 1178 1486 sui
1212 1431 1596 1485 intentionem
1628 1428 1818 1484 clerus

172 1531 229 1579 et
258 1521 510 1594 populus
541 1521 865 1583 ﬁrmavere,
899 1526 964 1576 ut
993 1522 1246 1575 domnus
1279 1521 1471 1575 Bruno
1504 1519 1655 1589 regis
1687 1535 1813 1590 ger-

176 1628 385 1667 manus
401 1611 868 1666 ordinaretureis
883 1610 1280 1680 episcOpus,in
1303 1609 1548 1664 diversis
1571 1608 1822 1680 negotiis

177 1700 392 1772 experti
413 1701 540 1770 ejus
555 1699 934 1754 inflexibilem
953 1715 1080 1754 esse
1098 1698 1484 1753 constantiam
1502 1699 1570 1752 ad
1587 1714 1821 1753 omnem

179 1790 507 1860 aequitatem
535 1789 917 1858 etjustitiam.
945 1789 1078 1842 Erat
1095 1787 1251 1841 enim
1273 1788 1361 1841 vir
1384 1787 1822 1858 magnaminus,

179 1877 488 1950 prudentia
511 1881 567 1932 et
589 1876 830 1932 consilio
852 1875 1820 1948 prmsta-ntissimus,pietate,mise-

1919 715 2086 769 dram
2120 715 2510 786 pontiﬁcalem
2540 716 2742 772 sedere
2765 715 3064 780 fecerunt;
3098 718 3155 768 et
3182 712 3417 768 laudem
3458 712 3578 767 Deo

1921 803 2100 859 simul
2158 804 2436 870 universi,
2471 804 2724 859 clamare
2773 819 2890 874 quo
2923 801 3176 874 quisque
3207 806 3454 872 poterat,
3515 801 3578 855 in

1922 893 2158 966 organis
2191 893 2576 948 nihilominus
2607 897 2664 947 et
2695 891 2980 963 cymbalis
3010 895 3066 946 et
3107 905 3458 962 quocunque
3489 891 3577 945 si-

1923 999 2036 1054 gno
2069 982 2278 1037 laetitiae
2311 986 2758 1053 personuerunt.

1994 1109 2047 1161 5.
2068 1107 2216 1177 (953)
2253 1112 2506 1162 Ascenso
2539 1110 2737 1161 autem
2771 1108 2932 1160 tanto
2961 1105 3218 1160 culmine
3248 1105 3578 1176 potestatis,

1926 1213 2298 1268 nequaquam
2360 1196 2471 1250 sibi
2530 1195 2666 1249 inde
2707 1195 3002 1251 crescebat
3031 1199 3228 1250 tumor
3257 1192 3526 1249 elationis
3566 1219 3581 1259 ;

1928 1286 2027 1340 sed
2053 1289 2254 1339 sancta
2282 1301 2449 1339 mens
2476 1283 2731 1357 episcopi
2753 1301 2819 1340 ac
2843 1284 3037 1356 potius
3060 1281 3363 1338 inclinavit
3383 1283 3586 1338 humi-

1927 1372 2098 1442 litati,
2131 1371 2277 1428 illud
2309 1373 2366 1427 in
2402 1373 2686 1428 memoria
2714 1374 3056 1442 recondens,
3089 1372 3245 1444 quod
3282 1372 3588 1445 Scriptura

1929 1464 2206 1517 admonet
2235 1461 2436 1518 dicens
2471 1481 2482 1518 :
2520 1464 2733 1531 Quanto
2763 1479 2998 1530 mag-nus
3027 1479 3101 1533 es,
3151 1461 3393 1517 humilia
3423 1469 3472 1517 te
3521 1462 3587 1516 in

1930 1552 2182 1606 omnibus
2212 1552 2399 1621 (Eccli.
2434 1569 2519 1618 III,
2551 1551 2663 1623 20).
2697 1551 2942 1624 Pervigil
2973 1551 3082 1606 fuit
3113 1551 3422 1624 sapientia,
3459 1551 3585 1621 pla-

1931 1639 2135 1694 cabilis
2161 1638 2399 1694 lenitate
2430 1640 2632 1694 nimia.
2661 1640 2961 1712 Serpentis
2986 1639 3268 1695 astutiam
3301 1657 3434 1695 cum
3459 1638 3588 1711 lcge

1932 1728 2263 1793 custodivit,
2296 1735 2352 1783 et
2374 1728 2655 1784 columbas
2684 1729 2970 1802 simplicis
2996 1728 3261 1785 animum
3293 1745 3407 1783 non
3440 1727 3587 1783 ami-

1932 1818 2026 1872 sit.
2053 1817 2295 1890 Gregem
2329 1817 2441 1872 sibi
2471 1818 2857 1874 commissum
2911 1816 3134 1888 dilexit,
3169 1823 3226 1873 et
3256 1835 3360 1890 per
3408 1817 3589 1871 bacu-

1929 1906 2056 1960 lum
2075 1905 2393 1977 disciplinae
2409 1906 2624 1961 multos
2638 1907 2709 1962 ab
2729 1923 2921 1962 errore
2933 1907 3461 1978 eripuit,quosdam
3478 1905 3595 1961 col-

180 1967 433 2067 ricordia
460 1969 517 2020 et
537 1965 828 2067 .charitate
879 1966 1160 2067 proﬂuus,
1187 1965 1508 2064 concordiis
1553 1968 1612 2067 et
1666 1979 1824 2067 ρείοιε
1858 1993 1904 2057 Β
1940 1994 2262 2050 lationibus
2285 1995 2533 2050 assiduae
2556 1996 2970 2067 disputationis
2993 1996 3065 2050 ad
3083 1996 3325 2051 meliora
3341 1996 3591 2066 ducens,

180 2055 480 2120 alumnus,
534 2053 619 2108 ita
678 2058 765 2119 ut,
824 2053 1047 2125 vulgari
1106 2054 1478 2125 cognomine,
1536 2054 1827 2108 diceretur

180 2145 374 2199 Bruno
405 2142 704 2214 pacificus.
730 2142 1231 2197 Concordantibus
1253 2146 1446 2198 autem
1469 2143 1827 2213 omnibus,et

178 2232 327 2287 votis
355 2231 619 2302 ipsorum
654 2231 746 2286 Dei
781 2231 1145 2302 providentia
1175 2231 1827 2303 concurrentibus,post

179 2321 486 2391 exsequias
531 2320 848 2376 honoriﬁce
879 2319 1219 2386 celebratas,
1254 2325 1319 2375 ut
1369 2325 1490 2375 tam
1522 2321 1827 2376 venerabi—

179 2409 294 2465 lem
318 2409 678 2465 Coloniensis
701 2408 858 2464 sedis
879 2409 1072 2463 decuit
1093 2409 1440 2477 antistitem,
1469 2409 1829 2464 unanimiter

179 2498 344 2553 electi
376 2502 516 2553 sunt
540 2515 573 2552 a
597 2501 802 2552 senatu
834 2497 1208 2553 sanctissimo
1239 2504 1449 2569 quator
1478 2497 1698 2552 summi
1721 2499 1824 2552 viri

179 2591 236 2642 et
266 2588 470 2641 eodem
525 2603 768 2642 numero
828 2585 980 2652 laici,
1041 2604 1245 2642 omnes
1299 2587 1562 2658 apprime
1591 2588 1827 2653 eruditi,

182 2676 283 2747 qui
317 2676 514 2730 omnia
544 2675 664 2730 haec
691 2675 1011 2747 perferrent
1039 2677 1111 2730 ad
1145 2675 1514 2747 palatium,et
1541 2677 1830 2746 patefacta

182 2768 314 2834 post
343 2764 610 2819 deﬂetam
635 2763 1071 2819 destitutionem
1097 2763 1398 2819 electionis
1420 2763 1824 2831 unanimitate,

185 2859 570 2906 memoratum
603 2851 880 2906 desolatis
933 2851 1265 2923 ﬂagitarent
1323 2851 1621 2908 solatium.
1679 2853 1825 2916 Quid

181 2939 410 2994 multa?
439 2939 823 3011 Complacuit,
885 2944 997 2995 Deo
1030 2939 1267 3011 gratias,
1300 2941 1686 3013 imperatoriis
1718 2959 1826 2996 au-

181 3028 459 3097 ctoritati,
491 3026 574 3083 sic
607 3032 664 3082 et
692 3028 939 3100 tempori
989 3033 1046 3083 et
1075 3028 1199 3084 loco
1231 3030 1557 3096 consulere,
1590 3034 1655 3084 ut
1685 3031 1826 3100 peti-

177 3122 304 3172 tum
337 3121 501 3172 tanta
527 3117 856 3172 constantia
876 3117 1233 3173 visitatorem
1263 3119 1602 3174 festinanter
1631 3120 1700 3173 ad
1734 3120 1828 3174 de-

180 3207 368 3261 stituti
400 3206 595 3278 gregis
654 3205 979 3261 custodiam
1015 3205 1286 3261 milteret.
1345 3207 1558 3263 Missus
1590 3208 1825 3263 tandem

175 3313 206 3351 e
236 3295 445 3350 castris
474 3295 688 3349 terreni
722 3294 950 3364 imperii
985 3294 1045 3348 in
1085 3294 1337 3350 ccelestis
1366 3297 1520 3368 regis
1550 3297 1824 3352 taberna-

1936 2085 2222 2155 quosdam
2242 2083 2478 2156 placidae
2500 2083 2834 2139 maturitate
2855 2084 3131 2140 doctrinae
3150 2085 3438 2140 desiderio
3458 2102 3600 2140 san-

1936 2177 2037 2227 ctae
2061 2172 2515 2228 conversationis
2543 2173 2882 2244 implens.In
2900 2188 3168 2228 sermone
3189 2172 3378 2229 fuerat
3401 2173 3598 2241 mitis,

1936 2261 1995 2316 in
2027 2261 2292 2316 doctrina
2345 2261 2606 2332 humilis,
2643 2261 2930 2318 malorum
2991 2261 3310 2318 acerrimus
3355 2262 3598 2317 destru-

1938 2356 2061 2406 ctor
2091 2356 2148 2406 et
2177 2351 2435 2406 veritatis
2458 2351 2763 2406 studiosus
2789 2350 3401 2420 assertor,humilibus
3422 2350 3597 2406 blan-

1939 2441 2070 2509 dus,
2106 2439 2375 2510 superbis
2407 2455 2666 2495 severus.
2694 2439 2986 2503 Quosdam
3017 2437 3171 2494 infra
3200 2444 3368 2511 septa
3396 2439 3599 2512 gregis

1939 2528 2289 2600 suscipiens,
2352 2545 2420 2583 ex
2476 2527 2633 2600 lupis
2663 2545 2799 2584 oves
2830 2529 2998 2594 fecit;
3033 2527 3178 2584 alios
3236 2532 3399 2583 extra
3428 2533 3599 2598 septa

1941 2619 2304 2686 enutrivit,et
2335 2619 2621 2692 quidquid
2647 2619 2792 2674 alios
2815 2617 3166 2690 docuit,ipse
3195 2617 3450 2691 primum
3483 2617 3600 2672 im-

1939 2707 2132 2779 plevit.

2007 2824 2061 2877 6.
2099 2824 2274 2878 Erant
2325 2823 2481 2878 enim
2537 2823 2636 2878 illo
2670 2840 2784 2878 uno
2819 2823 3054 2878 homine
3095 2839 3188 2878 res
3219 2821 3384 2878 valde
3413 2821 3590 2877 dissi-

1940 2913 2131 2976 miles,
2164 2911 2448 2967 natalium
2477 2911 2774 2979 nobilitas,
2800 2911 3091 2967 honorum
3124 2911 3594 2983 dignitas,scien-

1937 3001 2050 3066 tisa,
2084 3017 2210 3073 qua:
2242 3000 2446 3056 inﬂare
2477 3000 2644 3069 solet,
2671 3005 2833 3056 tanta
2854 2999 3190 3056 sublimitas
3223 3004 3288 3055 ut
3317 2997 3462 3055 nihil
3495 3017 3593 3056 su-

1937 3108 2062 3163 pra,
2095 3089 2276 3145 animi
2307 3105 2436 3145 vero
2468 3094 2524 3145 et
2554 3089 2791 3146 habitus
2821 3088 3438 3145 humilitas.Henricus
3469 3087 3589 3160 pri-

1938 3196 2092 3249 mus,
2127 3183 2290 3250 pater
2314 3179 2486 3234 istius
2516 3178 2876 3234 sanctissimi
2903 3177 3033 3245 viri,
3065 3179 3461 3234 Romanorum
3493 3193 3595 3233 rex

1937 3273 1993 3323 et
2021 3285 2253 3339 semqer
2285 3272 2855 3339 Augustus,strenue
2885 3267 3230 3340 gubernavit
3251 3265 3591 3338 imperium.

177 3384 308 3439 cula
321 3399 451 3438 cum
469 3355 1828 3455 spiritualibusnequitiispugnatuurusintravit,
1863 3360 1906 3426 Ο
1944 3356 2459 3455 ᾘῨδίβῖξωωιδιίμδ
2485 3357 2614 3455 eius
2635 3355 3428 3455 Οίίοένξωίξθνῗτθίθνξρῗίυδ
3455 3372 3593 3410 ⁵⁸η·

178 3475 333 3526 artes
365 3486 566 3526 secum
597 3469 1481 3540 exercitationesquevirtutum,
1502 3488 1665 3527 arma
1695 3473 1829 3528 ﬁdei

178 3577 294 3631 prae
327 3574 388 3614 se
422 3559 630 3614 ferens.
682 3560 741 3612 In
777 3557 876 3614 illo
909 3575 1043 3612 mox
1081 3560 1208 3613 novi
1243 3561 1369 3629 ejus
1402 3561 1644 3616 comites
1673 3560 1828 3616 vide-

183 3652 316 3702 rant
335 3649 569 3718 etquod
592 3647 930 3702 blandiebat
946 3652 1002 3702 et
1026 3649 1181 3719 quod
1213 3650 1487 3704 terrebat.
1521 3649 1829 3704 Alfabilem

183 3751 436 3806 namque
467 3751 529 3790 se
558 3734 725 3790 valde
747 3740 805 3790 et
835 3735 1035 3791 mitem
1062 3737 1394 3808 praebuit,et
1423 3753 1557 3792 cum
1589 3739 1717 3806 ejus
1748 3739 1835 3792 in:

179 3824 467 3878 dustriam
497 3823 555 3877 in
587 3823 827 3896 agendis
882 3824 1026 3879 nihil
1075 3825 1372 3898 eﬂugeret,
1412 3825 1715 3897 requisivit
1744 3831 1829 3880 ta—

181 3930 313 3967 men
329 3913 717 3983 undecunque
731 3912 1188 3984 sollicitiusquid
1211 3915 1501 3987 agendum
1522 3913 1632 3969 sibi
1655 3919 1828 3984 esset,

180 4001 395 4072 quibus
444 4001 972 4056 consuetudinibus
1027 4002 1194 4056 inniti
1255 4003 1574 4058 debuisset.
1608 4003 1741 4058 Erat
1778 4000 1827 4059 ei

179 4090 451 4144 comitate
481 4090 714 4144 condita
743 4091 1121 4160 gravitas,ita
1150 4092 1461 4147 continenti
1497 4093 1678 4147 turbae
1711 4109 1831 4148 mo-

180 4179 377 4232 dicum
406 4176 607 4233 hilaris
639 4183 695 4232 et
751 4195 855 4248 per
886 4179 1082 4234 omnia
1117 4180 1404 4236 mirabilis
1463 4182 1530 4215 539
1587 4198 1830 4254 appare-

181 4267 299 4322 bat.

252 4357 304 4408 4.
334 4354 586 4409 Ventum
611 4359 698 4409 est
727 4355 796 4408 ad
827 4355 1288 4411 sacratissimam
1321 4358 1543 4423 sedem,
1577 4357 1712 4412 huic
1737 4358 1828 4426 pio

183 4444 460 4514 provisori
519 4444 593 4498 ab
649 4443 1050 4516 omnipotente
1105 4445 1349 4500 Domino
1407 4451 1540 4501 ante
1567 4451 1831 4517 tempora

183 4538 590 4603 praeparatam,
623 4533 682 4588 in
713 4532 840 4605 ipso
871 4539 1133 4606 tempore
1164 4539 1594 4606 praesentatam.
1620 4537 1829 4591 Factus

181 4624 269 4674 est
325 4637 646 4676 concursus
704 4623 908 4690 ingens
958 4623 1177 4693 populi,
1234 4623 1468 4693 inﬁnita
1519 4625 1828 4695 trepidatio

1941 3444 2017 3500 cti
2046 3444 2177 3511 viri,
2209 3448 2475 3516 potenter
2505 3445 2830 3516 imperavit.
2856 3445 2994 3500 Post
3025 3461 3201 3516 quem
3230 3444 3363 3501 Otto
3387 3457 3598 3500 secun-

1941 3534 2074 3600 dus,
2124 3536 2178 3588 et
2210 3536 2340 3589 Otto
2401 3534 2632 3599 tertius,
2689 3538 2749 3589 et
2780 3533 3083 3600 Henricus,
3116 3537 3358 3604 nepotes
3389 3547 3597 3588 eorum

1942 3627 2352 3678 successerunt
2384 3639 2572 3694 usque
2603 3623 2661 3678 in
2693 3623 3042 3679 hodiernum
3075 3623 3231 3678 diem
3260 3623 3468 3693 (4960).
3501 3623 3602 3677 At-

1939 3716 2206 3766 tavorum
2239 3712 2364 3780 ejus
2386 3711 2561 3767 attavi
2594 3728 2781 3783 usque
2801 3712 2872 3766 ad
2903 3711 3212 3766 hominum
3244 3711 3595 3766 memoriam

1939 3815 2146 3854 omnes
2175 3799 2758 3870 nobilissimi,nullus
2787 3800 2846 3855 in
2877 3817 3079 3856 eorum
3112 3800 3294 3871 stirpe
3331 3799 3596 3871 ignotus,

1940 3887 2138 3942 nullus
2168 3888 2417 3959 degener
2445 3887 2612 3942 facile
2643 3889 2948 3960 reperitur.
2981 3889 3086 3943 Hic
3113 3891 3309 3943 tamen
3363 3905 3594 3958 omnes,

1941 3975 2100 4030 salva
2123 3979 2520 4046 Augustorum
2545 3980 2601 4030 et
2624 3991 2825 4047 regum
2846 3976 3205 4045 excellentia,
3238 3992 3468 4048 genere,
3495 3994 3600 4033 no-

1940 4063 2167 4119 bilitate
2197 4067 2253 4118 et
2277 4080 2505 4119 morum
2539 4063 2841 4120 honestate
2868 4064 3252 4136 praecellebat.
3279 4066 3415 4120 Erat
3434 4065 3597 4121 enim

1940 4156 2167 4207 statura
2198 4152 2665 4224 procerus,vultu
2697 4154 2968 4222 decorus,
2997 4158 3236 4226 aspectu
3269 4151 3600 4226 pulcherri-

1942 4256 2094 4306 mus,
2129 4240 2247 4295 lata
2278 4242 2486 4306 fronte,
2519 4241 2636 4295 alto
2659 4241 2974 4314 supercilio
3001 4261 3014 4310 ;
3057 4242 3211 4298 oculi
3231 4243 3360 4313 ejus
3393 4243 3599 4316 magni

1939 4332 1996 4384 et
2017 4329 2158 4383 clari
2181 4329 2349 4400 quasi
2369 4329 2766 4386 carbunculus
2790 4349 2806 4400 ς
2835 4330 2963 4385 visu
2991 4329 3597 4401 mutucndus,barba-

1941 4418 2288 4485 rubicunda,
2323 4418 2477 4474 circa
2506 4419 2782 4475 humeros
2823 4423 2880 4474 et
2908 4427 3113 4490 pectus
3142 4419 3301 4493 large
3340 4419 3599 4492 disposi-

1938 4509 2053 4561 tus.

2008 4627 2062 4680 7.
2123 4625 2380 4695 Adeptus
2423 4624 2614 4692 itaque
2679 4624 2778 4680 Dei
2827 4625 3193 4682 ordinatione
3251 4626 3469 4681 summi
3501 4643 3600 4682 sa-

180 4709 335 4779 vulgi
366 4729 378 4777 ;
419 4711 578 4764 novis
609 4711 839 4781 gaudiis
897 4711 1211 4767 exsultavit
1266 4714 1486 4768 civitas.
1528 4713 1729 4769 Clerus
1767 4731 1834 4768 ex
1866 4719 1912 4781 Ι)
1944 4716 2182 4772 cerdotii
2213 4714 2484 4783 gradum,
2519 4713 2708 4786 magis
2753 4713 2935 4768 amari
2994 4730 3174 4785 quam
3204 4714 3399 4770 timeri
3457 4716 3599 4771 ail'e-

182 4798 555 4854 monasteriis
612 4801 899 4868 convenit,
961 4802 1477 4857 sanctimonalium
1511 4801 1834 4858 multitudo

181 4888 494 4956 concurrit,
527 4888 784 4944 conditio
833 4889 1103 4960 quaelibet
1134 4895 1190 4944 et
1220 4907 1393 4945 sexus
1425 4897 1670 4962 uterque
1702 4891 1833 4962 plus

179 4972 348 5029 solito
381 4976 451 5030 ad
486 4977 702 5048 gaudia
735 4983 1149 5032 convenerunt.
1185 4979 1451 5049 Episcopi
1489 4985 1708 5046 autem,
1734 4980 1831 5049 qui

181 5063 516 5133 frequentes
548 5066 808 5134 aderant,
873 5071 930 5121 et
963 5069 1140 5136 hujus
1173 5067 1358 5121 sancti
1400 5065 1537 5121 cleri
1570 5074 1830 5134 senatus,

183 5153 645 5210 acelamantibus
675 5154 900 5211 cunctis
929 5153 989 5209 in
1021 5171 1156 5211 voce
1177 5153 1582 5211 exsultationis
1605 5160 1661 5211 et
1682 5156 1834 5213 salu-

1946 4804 2167 4858 ctabat.
2231 4800 2637 4856 Ecclesiastica
2679 4803 2818 4872 jura
2886 4803 3169 4859 canonica
3251 4804 3603 4860 auctoritate

1945 4891 2352 4948 conﬁrmabat.
2395 4892 2614 4946 Exinde
2675 4891 2869 4946 omnis
2926 4893 3057 4962 ejus
3104 4892 3369 4960 intentio,
3425 4909 3603 4952 omne

1947 4981 2234 5047 studium,
2290 4984 2503 5034 sanctae
2565 4979 2739 5034 matri
2797 4981 3065 5036 Ecclesia:
3096 4985 3198 5037 aut
3226 4982 3603 5040 munimento

1947 5070 2059 5124 fuit
2117 5075 2219 5123 aut
2266 5074 2632 5123 ornamento.
2667 5069 2985 5126 Munienda
3014 5069 3240 5126 scilicet
3293 5076 3420 5127 erat
3451 5077 3602 5128 exte-

1946 5158 2091 5222 rius,
2145 5157 2409 5212 ornanda
2451 5155 2745 5227 interius;
2807 5159 3129 5215 munienda
3184 5159 3243 5214 in
3303 5159 3605 5217 saeculari-

1554 5378 1792 5434 VAHLE
1820 5377 2240 5439 LECTIONES.

250 5472 318 5505 ⁸³⁵³
348 5467 606 5525 mirabili
629 5485 678 5524 ο.

1776 5601 2007 5658 NOTE.

256 5748 271 5818 (
313 5747 448 5824 959)
471 5747 649 5824 capp.
772 5745 923 5824 Ir.an
955 5746 1246 5814 Ruotgero
1280 5765 1407 5821 cap.
1445 5752 1504 5806 11
1540 5783 1609 5793 —-
1651 5754 1726 5808 .3.
1785 5752 1967 5823 (1960)
1998 5752 2127 5807 Haec
2160 5752 2417 5809 indicare
2446 5753 2718 5809 videntur
2739 5756 3045 5809 auctorum
3079 5758 3213 5812 ante
3242 5771 3295 5810 a.
3332 5755 3499 5824 1268,
3529 5757 3610 5812 vi-

182 5817 355 5888 xisse,
388 5819 462 5874 cf.
497 5820 575 5872 et.
619 5832 668 5870 c.
702 5817 753 5870 9.
792 5817 876 5870 12.
