3884 6412
280 421 393 483 981

1715 421 1901 481 VITA
1951 420 2292 510 ALTERA.

3599 430 3719 491 982

281 555 395 612 bus
437 552 706 610 ornanda
753 553 814 608 in
882 553 1312 626 spiritualibus.
1366 554 1579 610 Dilexit
1625 559 1760 610 ante
1817 570 1942 609 om-
1973 555 2027 621 Α
2058 554 2292 626 Longiaa
2343 571 2521 610 manu
2575 553 2814 610 militari
2863 571 3198 629 aggressus,
3232 558 3537 616 obsidione
3581 547 3721 635 prae.

283 645 384 700 nia
413 644 684 700 decorem
737 643 952 698 domus
982 644 1214 698 Domini
1247 649 1303 698 et
1335 644 1527 699 locum
1575 643 1952 700 habitationis

281 733 480 806 gloria:
511 733 659 804 ejus.
699 733 814 787 lloc
865 748 926 787 se
958 733 1163 787 ardere
1192 732 1478 788 desiderio
1512 731 1714 787 multis
1760 733 1950 787 modis

284 821 619 895 specialiter
649 821 998 878 ostenditJn
1031 821 1305 876 omnibus
1335 824 1510 876 etiam
1533 821 1753 876 exstitit
1784 822 1948 876 fortis

285 911 506 967 athleta
552 911 655 966 Dei
707 916 768 966 et
819 915 1221 983 propugnator
1270 911 1610 966 Christiana:
1659 910 1813 965 ﬁdei.
1848 910 1948 965 His

285 1017 385 1056 rex
399 1000 1153 1070 laetissimus,considerans
1165 999 1354 1054 virum
1373 1000 1640 1055 omnium
1660 999 1945 1054 virtutum

285 1089 644 1161 profectibus
703 1104 985 1148 crescere,
1043 1089 1103 1142 in
1163 1105 1278 1160 quo
1339 1106 1454 1144 non
1515 1089 1810 1143 dubitaret
1856 1104 1946 1142 se-

284 1179 545 1234 cundum
599 1177 861 1232 animam
896 1177 1218 1249 quiescere,
1251 1181 1307 1231 et
1355 1193 1489 1231 cum
1541 1193 1656 1248 quo
1705 1178 1949 1231 auderet

283 1283 418 1322 cum
479 1267 639 1322 omni
698 1266 1058 1322 conﬁdentia
1106 1266 1313 1336 partiri
1370 1282 1548 1321 onera
1608 1265 1943 1338 regalisju-

280 1356 480 1424 stitia,
516 1354 813 1410 commisit
842 1354 892 1410 ei
927 1354 1398 1426 procurationem
1425 1355 1605 1410 totius
1635 1354 1943 1409 Lotharin-

285 1444 394 1514 giae
427 1444 639 1516 (1961).

354 1534 409 1587 8.
446 1533 672 1588 interea
719 1532 995 1588 dominus
1024 1548 1142 1600 rex,
1185 1547 1362 1586 uxore
1403 1533 1595 1603 priore
1645 1533 1938 1599 defuncta,

281 1639 351 1678 ex
385 1622 790 1695 regina,quam
812 1622 884 1675 ab
915 1620 1080 1676 Italia
1101 1620 1938 1692 duxeratﬁliumaaquivocum

278 1711 746 1783 suscepit,quem
778 1711 890 1766 sibi
913 1727 1313 1766 successorem
1337 1710 1514 1782 regali
1537 1711 1940 1767 benedictione

279 1800 610 1856 consecrari
642 1799 1144 1872 disponebat.0uo
1167 1805 1465 1872 comperto
1497 1799 1658 1856 ﬁlius
1685 1801 1814 1871 ejus
1836 1801 1941 1856 Lu-

2059 643 2252 697 valida
2312 643 2592 716 fatigavit,
2637 645 2995 718 tandemque
3052 653 3288 719 captum
3343 650 3466 720 juri
3526 651 3719 708 Eccle-

2060 730 2157 786 siae
2189 732 2394 803 (1965),
2430 733 2583 788 sicut
2613 731 2784 789 hodie
2813 736 3370 810 est,remancipavit.
3406 742 3515 794 Per
3563 741 3717 796 idem

2058 823 2295 890 tempus
2329 837 2462 875 cum
2495 820 2768 877 exclusus
2799 823 3309 882 fuissetacivitate
3335 827 3576 883 Metensi
3600 829 3719 884 dux

2059 908 2261 964 Kuono
2293 941 2358 949 —
2389 909 2652 965 tulerunt
2702 927 2959 982 namque
2988 929 3057 967 ex
3105 930 3171 969 ea
3200 914 3548 971 thesaurum
3594 933 3716 973 ma-

2057 1013 2236 1069 gnum
2263 998 2596 1063 -—,collecto
2625 1000 2879 1055 exercitu
2912 1006 3153 1058 sanctus
3184 1002 3378 1060 Bruno
3407 1004 3717 1064 insecutus

2055 1090 2330 1157 est'eum,
2365 1092 2540 1158 atque
2571 1105 2605 1142 a
2633 1089 2851 1144 ﬁnibus
2884 1089 3009 1146 suis
3039 1107 3176 1148 eum
3221 1079 3480 1164 Expulit;
3515 1093 3716 1167 sicque

2055 1175 2395 1248 episcopum
2429 1177 2748 1233 Metensem
2777 1179 2970 1251 (1966)
2996 1179 3123 1236 loco
3153 1197 3260 1237 suo
3289 1182 3565 1239 restituit.
3598 1184 3715 1241 Hoc

2058 1266 2230 1320 modo
2264 1265 2560 1337 propulsis
2592 1267 2863 1323 hostibus
2884 1285 2919 1324 a
2948 1284 3069 1324 suae
3091 1269 3332 1326 ditionis
3359 1271 3716 1338 ﬁnibus,Lu-

2057 1352 2284 1408 dolfum
2303 1355 2456 1426 regis
2478 1355 2666 1409 ﬁlium
2696 1355 2754 1410 in
2780 1356 2962 1426 patris
2979 1357 3226 1429 gratiam
3243 1357 3564 1432 fratrisque
3581 1377 3714 1417 con-

2053 1443 2313 1497 cordiam
2344 1446 2401 1498 et
2417 1442 2738 1499 amicitiam
2757 1444 3104 1501 venerabilis
3123 1447 3354 1502 reduxit
3365 1447 3677 1521 episcopus
3697 1466 3710 1517 ;

2052 1530 2273 1602 Deique
2301 1531 2674 1588 miseratione
2705 1549 2773 1588 ac
2803 1533 2911 1605 piis
2961 1532 3378 1591 sollicitudinis
3409 1552 3529 1592 suae
3575 1555 3712 1610 pru-

2051 1619 2251 1675 dentia
2281 1620 2595 1691 mediante,
2627 1622 2952 1677 ﬁrmissum
2984 1638 3126 1694 pace
3157 1623 3442 1692 stabilita,
3458 1625 3710 1682 circum-

2051 1725 2284 1780 quaque
2313 1725 2661 1782 cognomen,
2692 1711 2847 1781 quod
2879 1717 3014 1768 ante
3045 1711 3449 1784 episcopatum
3479 1713 3710 1770 Christo

2050 1804 2340 1852 annuente
2398 1799 2586 1854 fuerat
2642 1800 2911 1872 adeptus,
2975 1801 3395 1873 perpetualiter
3458 1802 3713 1860 obtinuit

278 1889 475 1945 dolfus
507 1889 698 1960 major
735 1893 900 1957 natu,
934 1888 1035 1961 qui
1067 1889 1321 1962 plurimo
1343 1891 1471 1960 jam
1503 1895 1764 1960 tempore
1811 1889 1936 1962 spei
1967 1923 2015 1988 B
2049 1908 2080 1936 «
2112 1887 2306 1942 Bruno
2336 1888 2637 1960 paciﬁcus.
2673 1910 2702 1937 υ

277 1978 458 2050 huju
487 1979 865 2035 detinebatur
894 1979 1236 2050 cupiditate,
1264 1979 1547 2033 damnum
1579 1977 1690 2033 hoc
1718 1977 1934 2034 irrecu-

276 2067 533 2140 perabile
578 2067 745 2122 duxit
794 2066 1180 2134 intolerabile,
1213 2067 1355 2123 adeo
1395 2071 1462 2122 ut
1507 2071 1760 2138 paternae
1808 2067 1935 2122 vitae

273 2156 392 2212 sive
424 2155 602 2212 saluti
635 2156 953 2212 discrimen
1005 2157 1395 2212 meditaretur
1425 2155 1736 2211 intentare.
1777 2157 1937 2212 Unde

273 2245 645 2301 multimodis
669 2246 1130 2317 promissionum
1154 2246 1461 2316 speciebus
1493 2251 1767 2316 corrupto
1789 2247 1935 2301 duce

271 2335 557 2390 Kuonone
572 2351 708 2391 cum
725 2334 1026 2390 nonnullis
1042 2333 1696 2406 principibus,collectis
1728 2335 1931 2406 copiis,

270 2424 380 2480 bos
410 2424 763 2480 insidiarum
790 2424 1040 2480 tetendit
1062 2424 1350 2490 aditus,ut
1366 2423 1552 2478 oculis
1573 2423 1727 2495 capti
1750 2425 1934 2495 patris

269 2513 478 2579 erutis,
512 2513 696 2569 libore
745 2514 1036 2584 potiretur
1066 2513 1229 2586 regni
1286 2512 1558 2584 fastigiis.
1593 2513 1806 2568 Verum
1837 2530 1932 2569 ex-

268 2601 492 2674 templo
547 2602 792 2658 detectis
822 2603 1056 2658 insidiis
1110 2607 1252 2656 nuto
1285 2602 1501 2670 divino,
1534 2619 1631 2656 rex
1677 2604 1929 2658 exercitu

267 2695 471 2748 coacto
490 2692 721 2748 obsedit
739 2691 799 2746 in
830 2691 1063 2746 civitate
1082 2691 1384 2764 Moguntia
1406 2691 1610 2745 ducem
1631 2707 1765 2746 cum
1788 2691 1927 2747 ﬁlio.

267 2781 378 2838 Sed
414 2781 554 2844 quia
599 2781 988 2852 cingebantur
1017 2781 1152 2836 forti
1183 2781 1407 2835 ambitu
1454 2797 1780 2848 murorum,
1815 2781 1926 2836 tuti

264 2869 587 2944 prevalida
619 2871 1054 2941 conspiratione
1085 2870 1324 2935 civium,
1359 2885 1458 2924 rex
1492 2886 1634 2924 usus
1682 2870 1928 2925 consilio

265 2959 677 3033 prudentium,
729 2961 916 3014 satius
973 2959 1140 3014 duxit
1197 2959 1304 3015 hac
1356 2958 1478 3014 vice
1537 2958 1662 3014 loco
1720 2960 1926 3015 ceden-

2123 1975 2486 2047 10.Dignitas
2503 1977 2681 2032 etiam
2705 1976 3057 2048 pontiﬁcalis
3079 1981 3138 2034 ct
3161 1978 3332 2034 sedes
3350 1977 3412 2033 in
3433 1977 3563 2050 ipsa
3582 1980 3705 2050 pri-

2049 2065 2163 2120 mis
2183 2065 2252 2099 ⁶⁴⁰
2277 2063 2516 2136 quidem
2550 2066 2608 2120 in
2642 2065 2814 2121 annis
2843 2066 3165 2122 admodum
3197 2067 3441 2124 humilis
3470 2073 3529 2123 et
3557 2083 3706 2141 pene

2045 2154 2296 2226 ingloria
2324 2159 2448 2210 erat
2472 2155 2640 2221 ;dum
2666 2155 2846 2226 hujus
2865 2156 2935 2192 ⁶⁴ι
2959 2155 3216 2228 episcopi
3239 2171 3452 2212 nomen
3475 2156 3705 2230 agebat,

2046 2242 2125 2297 nil
2159 2242 2416 2314 amplius
2432 2243 2767 2298 reverentia
2796 2243 2884 2299 vel
2902 2243 3170 2315 obsequii
3200 2244 3320 2300 sive
3340 2244 3581 2302 honoris
3605 2246 3705 2301 ha-

2045 2331 2423 2404 bebat.quam
2455 2332 2704 2403 quilibet
2731 2333 3032 2405 presbyter
3050 2331 3139 2387 vel
3163 2335 3364 2404 pastor
3384 2333 3708 2405 apostolica

2043 2437 2112 2475 ex
2141 2421 2508 2492 indulgentia
2557 2438 2659 2493 per
2691 2437 2904 2476 manus
2956 2421 3396 2492 impositionem
3447 2423 3699 2479 dotatur.

2042 2510 2233 2565 Solius
2262 2509 2422 2566 stolae
2453 2509 2541 2564 vel
2576 2510 2730 2565 unici
2765 2509 2957 2565 baculi
2989 2509 3256 2566 nuditate
3283 2511 3702 2579 contentus,li-

2041 2599 2235 2668 ganda
2264 2598 2506 2670 ligabat,
2529 2597 2806 2654 solvenda
2836 2598 3338 2655 solvebat.Verum
3365 2599 3703 2672 jurisdictio

2040 2686 2218 2760 gladii
2263 2687 2351 2742 vel
2381 2686 2640 2742 civilium
2667 2687 3058 2760 negotiorum,
3088 2692 3251 2744 totus
3300 2689 3556 2763 denique
3586 2691 3704 2746 duo

2039 2782 2359 2848 catus,quo
2393 2776 2470 2831 sit
2501 2777 2712 2832 ordine
2740 2777 3038 2848 pontiﬁcio
3069 2775 3332 2846 additus,
3365 2792 3437 2833 ex
3467 2777 3704 2851 vulgata

2039 2865 2206 2921 nobis
2237 2866 2490 2921 editione
2507 2865 2835 2921 derivatum
2852 2866 3100 2938 posteris
3113 2865 3522 2924 transmittere
3544 2884 3706 2924 cura-

2036 2954 2450 3026 bimus.lgitur
2471 2955 2802 3010 Romanum
2834 2959 3070 3027 regente
3099 2955 3417 3027 imperium
3444 2955 3705 3028 glorioso

265 3049 729 3105 dum.Secedens
749 3048 931 3120 igitur
951 3049 1184 3116 abinde,
1199 3047 1606 3122 Agrippiniam
1628 3048 1924 3103 Coloniam
2036 3043 2460 3112 Ottone,ipsius
2491 3043 2564 3098 ad
2586 3043 2837 3115 gratiam
2860 3044 3040 3098 frater
3054 3043 3320 3112 ejusdem
3339 3041 3705 3101 Coloniensi-

263 3135 645 3208 peraccessit,
679 3135 877 3208 ibique
909 3137 1073 3208 regni
1105 3153 1372 3207 proceres
1404 3136 1768 3191 unanimiter
1793 3153 1925 3192 coa-

263 3226 523 3282 dunatos
552 3225 689 3282 ﬁdei
716 3231 1084 3282 sacramento
1114 3241 1236 3281 suae
1264 3225 1597 3281 securitatis
1619 3226 1925 3280 conﬁrma-

261 3314 373 3371 vit.

339 3405 395 3458 9.
431 3403 654 3460 Deinde
685 3419 820 3476 rege
849 3419 952 3474 pro
997 3402 1244 3458 diversis
1277 3402 1692 3458 necessitatum
1742 3403 1938 3459 causis

267 3493 500 3549 Italiam
565 3492 845 3565 profecto,
900 3496 1142 3547 sanctus
1205 3490 1684 3563 archiepiscopus
1741 3493 1935 3548 Bruno

264 3581 624 3654 Aquisgrani
656 3579 943 3654 palatium
972 3581 1136 3636 venit
1165 3597 1300 3636 cum
1331 3581 1590 3636 Metense
1638 3579 1932 3652 episcopo,

267 3687 452 3743 quem
482 3671 601 3726 dux
631 3674 834 3726 Kuono
866 3668 1102 3724 civitate
1133 3667 1264 3724 dolo
1295 3673 1466 3741 capta
1495 3669 1680 3740 (1962)
1712 3685 1934 3740 propu-

262 3759 414 3816 lerat
445 3761 517 3815 ab
569 3758 885 3830 episcopio.
920 3757 1043 3814 Illic
1087 3758 1342 3814 occurrit
1369 3758 1421 3813 ei
1470 3758 1725 3814 domnus
1751 3758 1935 3814 abbas

264 3848 436 3905 Odilo
466 3848 674 3920 (1963),
699 3847 828 3918 jam
859 3849 1024 3903 senio
1058 3847 1252 3903 fessus
1279 3851 1337 3902 et
1366 3845 1710 3918 egritudine
1749 3847 1932 3901 conti-

261 3953 593 4009 nua,seque
623 3937 682 3993 in
706 3937 983 3992 manibus
1015 3937 1147 4007 ejus
1165 3936 1667 3991 commendavitet
1683 3953 1790 3991 sua
1807 3952 1932 3991 om-

263 4027 618 4094 nia,iterans
645 4024 1166 4097 proclamationem
1191 4025 1500 4096 praeteritis
1532 4026 1704 4080 annis
1735 4041 1931 4080 coram

256 4131 395 4187 rege
437 4113 706 4170 dilatam.
744 4113 907 4169 Unde
937 4119 1271 4169 commotus
1314 4114 1522 4168 Emmo
1574 4114 1780 4183 (1964),
1815 4130 1930 4169 non

247 4205 379 4277 jam
415 4203 473 4258 in
511 4201 771 4268 occulto,
803 4203 905 4257 sed
956 4201 1146 4258 hostis
1180 4200 1454 4274 publicus
1483 4202 1676 4257 factus
1706 4207 1797 4256 est
1826 4203 1932 4257 ab—

256 4292 456 4357 batiae,
493 4291 858 4362 collectaque
883 4290 1179 4346 latronum
1213 4307 1414 4359 manu,
1447 4290 1672 4361 absque
1701 4290 1932 4345 miseri-

258 4380 462 4437 cordia
493 4384 552 4436 et
582 4378 940 4435 discretione
971 4379 1125 4434 bona
1156 4378 1471 4451 diripiebat
1499 4377 1928 4434 Ecclesie.Non

258 4468 407 4524 tulit
439 4468 689 4524 ulterius
732 4468 884 4523 hanc
915 4468 1195 4538 injuriam
1223 4471 1462 4524 sanctus
1491 4473 1686 4522 Bruno
1735 4467 1929 4539 piissi-

263 4575 402 4616 mus
426 4559 556 4625 ;sed
587 4558 774 4614 missa
801 4556 968 4628 copia
985 4556 1224 4612 militari
1254 4573 1418 4613 reum
1440 4556 1666 4629 diﬁ'ugii
1687 4555 1931 4612 latibula

2035 3134 2146 3189 bus
2172 3133 2428 3204 pontifex
2455 3131 2868 3203 praeﬁcitur,“
2891 3130 3173 3186 saculum
3195 3132 3442 3205 egregiae
3463 3132 3699 3207 indolis,

2041 3223 2198 3278 circa
2219 3221 2403 3276 Deum
2423 3220 2584 3274 mira:
2610 3218 2914 3291 religionis
2943 3243 2958 3287 ;
2980 3220 3150 3290 cujus
3172 3220 3326 3292 apud
3350 3235 3458 3277 nos
3477 3222 3597 3278 vita
3619 3222 3704 3279 vel

1962 3291 2005 3358 (ἶ
2044 3309 2562 3376 actus,mnltarum
2593 3307 2879 3364 virtutum
2911 3307 3186 3364 redimita
3213 3291 3701 3379 tlosculis,curio-

2047 3416 2181 3455 sum
2232 3398 2545 3454 delectabit
2592 3396 2892 3453 lectorem.
2927 3395 2995 3452 Et
3041 3397 3282 3469 quidem
3330 3395 3541 3456 miram
3591 3399 3702 3455 viri

2044 3487 2368 3544 efﬁcaciam
2418 3485 2676 3542 maxima
2703 3502 2773 3541 ex
2819 3490 2983 3557 parte
3011 3484 3364 3559 indigestam
3400 3488 3702 3559 scriptoris

2044 3575 2346 3631 transiluit
2375 3573 2970 3645 articulus,quoniam
3001 3574 3160 3630 fama
3183 3575 3313 3646 ejus
3342 3573 3586 3632 celerior
3611 3593 3702 3633 re-

2045 3669 2236 3721 motos
2266 3665 2428 3720 orbis
2477 3663 2726 3736 angulos
2755 3662 3120 3734 impleverat.
3152 3662 3342 3734 Hujus
3391 3664 3702 3721 sacerdotii

2043 3753 2410 3825 temporibus
2425 3757 2552 3809 orta
2573 3751 2798 3808 occasio
2821 3766 3015 3824 regem
3035 3767 3169 3806 cum
3191 3751 3446 3807 exercitu
3468 3751 3701 3809 Italicas

2046 3845 2225 3899 movit
2251 3843 2312 3898 in
2345 3846 2558 3915 partes,
2579 3842 2650 3897 de
2681 3841 2844 3914 regni
2875 3840 3106 3914 negotio
3132 3857 3267 3896 cum
3298 3842 3700 3915 Langobardis

2043 3937 2335 3988 acturum.
2369 3931 2476 3996 Qui
2525 3931 2714 3986 eidem
2757 3930 2918 3986 fratri
2970 3934 3028 3984 et
3055 3929 3328 4001 episcopo
3376 3929 3699 3987 Galliarum

2045 4020 2514 4092 procurationem
2565 4019 2872 4090 delegavit,
2905 4018 3094 4072 facere
3113 4017 3408 4088 judicium
3441 4023 3500 4073 et
3520 4019 3700 4090 justi-

2042 4110 2184 4165 tiam
2217 4108 2512 4180 injunxit;
2545 4111 2919 4178 prospectum
2947 4105 3143 4161 sciens
3173 4105 3285 4161 sub
3313 4103 3418 4161 tali
3454 4108 3699 4177 patrono

2040 4197 2296 4254 ecclesiae
2344 4202 2466 4253 tam
2499 4195 2716 4268 populo
2764 4211 2943 4267 quam
2976 4193 3150 4261 clero,
3182 4199 3303 4250 tam
3337 4193 3489 4250 civili
3519 4209 3698 4267 quam

2041 4287 2288 4360 plebeio.
2325 4292 2397 4341 At
2430 4291 2672 4342 sanctus
2702 4286 2919 4356 Bruno,
2951 4283 3199 4356 depositi
3235 4298 3436 4339 curam
3465 4297 3700 4355 gerens,

2039 4377 2305 4432 lustratis
2337 4375 2622 4442 ecclesiis,
2653 4374 2797 4429 vicis
2827 4378 2886 4429 et
2923 4372 3201 4441 castellis,
3236 4371 3504 4440 urbibus,
3537 4387 3694 4444 qnes-

2041 4483 2155 4537 que
2185 4466 2257 4520 ad
2305 4464 2533 4538 agenda
2569 4477 2839 4535 quosque
2887 4460 3186 4528 animavit,
3216 4458 3574 4516 dissidentes
3620 4461 3694 4517 ab

2039 4554 2288 4610 invicem
2337 4551 2734 4618 concordavit,
2771 4566 2971 4623 pacem
3020 4548 3376 4620 reformavit,
3406 4548 3696 4605 reforma-

260 4651 601 4719 captantem
654 4645 830 4718 cepit,
863 4649 1220 4718 captumque
1249 4645 1526 4701 custodiae
1568 4645 1926 4715 gravissimae
1958 4666 2006 4729 ι)
2037 4647 2159 4698 tam
2177 4641 2568 4712 jurisjurandi
2599 4643 2973 4696 sacramento
2995 4637 3380 4695 consolidavit
3407 4653 3543 4694 cum
3574 4639 3693 4712 prio

263 4735 646 4808 mancipavit,
702 4736 888 4790 donec
934 4739 1173 4806 accepta
1220 4734 1334 4790 ﬁde
1383 4735 1753 4790 Leodicensis
1800 4735 1926 4806 epi-

259 4826 450 4898 scopi,
483 4825 660 4896 cujus
693 4829 820 4880 erat
847 4823 1300 4896 propinquus,et
1328 4828 1695 4879 sacramento
1719 4823 1927 4896 ipsius,

259 4914 420 4988 quod
445 4913 594 4969 nihil
613 4912 732 4969 tale
751 4917 1135 4984 praesumeret
1156 4911 1656 4983 ullerius,juberet
1676 4929 1809 4967 eum
1834 4913 1932 4967 ab-

258 5004 406 5061 solvi
423 5019 458 5058 a
478 5001 736 5075 publicis
757 5001 1295 5073 compedibus.Non
1315 5002 1501 5057 multo
1520 5005 1651 5073 post
1667 5005 1926 5056 castrum

2041 4732 2154 4788 mis
2185 4730 2638 4803 provinciarum.

2114 4822 2196 4875 11.
2230 4819 2520 4876 Mediante
2549 4818 2734 4890 (1967)
2752 4817 2836 4872 ita
2864 4815 3018 4873 beati
3048 4815 3200 4872 Petri
3233 4813 3562 4884 festo,idem
3594 4830 3694 4870 ano

2040 4910 2229 4975 tistes,
2263 4925 2397 4964 cum
2425 4912 2581 4964 esset
2605 4907 2874 4977 Coloniae,
2899 4905 3083 4961 missa
3111 4903 3466 4977 legationem
3496 4917 3692 4976 regem

2042 4998 2431 5055 Parisiensem
2463 4995 2884 5054 solemnizandi
2931 4993 3122 5067 gratia
3148 4991 3434 5049 invitavit.
3463 4993 3538 5048 At
3574 5007 3692 5061 rex,

1622 5115 1869 5170 VARle
1915 5114 2331 5174 LECTIONES.

326 5209 398 5244 Μ
426 5209 662 5282 primus
692 5207 811 5261 cod.
889 5207 956 5242 δυ
991 5208 1075 5261 ita
1106 5220 1251 5262 corr.
1277 5225 1297 5274 ;
1328 5204 1442 5261 hiis
1472 5204 1588 5261 cod.

1859 5301 2093 5358 NOTJE.

325 5406 514 5478 (1961)
543 5421 598 5460 v.
635 5403 848 5476 Ruotg.
880 5420 930 5460 c.
963 5377 1054 5458 22;
1085 5407 1145 5459 et
1174 5403 1245 5459 de
1276 5419 1328 5460 ο.
1361 5405 1414 5460 8.
1449 5403 1661 5476 Ruotg.
1696 5418 1746 5457 c.
1780 5401 1919 5457 16-

253 5476 517 5619 20(1962)
551 5547 626 5602 ef.
662 5545 882 5619 Ruotg.
906 5561 957 5601 c.
990 5546 1082 5600 24.

325 5617 516 5692 (1963)
549 5617 942 5692 Stabulensgs.

354 5693 517 5747 1964)
553 5694 623 5744 V.
654 5688 819 5744 Conf.
851 5687 1011 5745 Flod.
1046 5705 1097 5744 a.
1131 5688 1254 5743 976.

354 5694 493 5747 1964
553 5694 623 5744 V.
654 5694 819 5744 Conf.

324 5694 517 5836 l1965l
550 5759 823 5818 Metensi.

2128 5401 2286 5470 1966)
2315 5397 2764 5454 Adalberonem.

2128 5461 2286 5543 1967)
2313 5470 2447 5534 Qua:
2477 5468 2953 5543 sequuntu_r,j_am
2985 5466 3127 5543 olim
3158 5482 3193 5520 a
3223 5461 3462 5543 Gelenip
3489 5461 3692 5543 ἓὶθςρ·

2033 5531 2201 5599 theca
2233 5531 2287 5614 pl.
2319 5531 2411 5602 59.
2442 5531 2701 5614 ascripta
2751 5531 3072 5614 Th'ietmari
3120 5532 3440 5614 narrationi
3488 5533 3562 5598 ll,
3597 5531 3686 5612 16,

2029 5607 2845 5685 quodainmodoillustrandze
2862 5607 3557 5685 conducunt.Brunonem
3582 5607 3688 5685 mi-

2035 5672 2193 5741 riime
2225 5687 2460 5740 fratrem
2495 5683 2824 5755 prodidisse
2855 5688 3033 5755 patet,
3059 5681 3161 5738 sed
3183 5693 3384 5736 verum
3412 5673 3494 5729 rei
3523 5672 3685 5727 ordi-

2036 5774 2172 5815 nem
2203 5773 2374 5814 nemo
2405 5754 2575 5813 facile
2604 5754 2934 5828 explicabit.
