3884 6408
232 478 352 540 985

1673 475 1858 546 YlTA
1903 474 2213 534 ALTERA
2230 519 2244 534 .

3550 475 3669 539 986

234 610 636 670 ecclesiastica
659 610 799 682 jura
832 609 1105 682 legitimas
1137 607 1524 668 districtionis
1552 608 1903 680 disponebat
1930 608 1986 674 Α
2015 627 2149 666 nem
2181 610 2419 678 directa,
2453 610 2596 667 satis
2640 609 2976 668 luculentur
3004 609 3231 682 digesta
3262 610 3578 682 (1970-71);
3610 610 3670 666 in

237 719 508 767 censura,
544 701 906 772 posthabitis
954 699 1189 756 illorum
1221 699 1506 766 consiliis,
1531 700 1632 771 qui
1665 703 1908 754 eatenus

237 791 299 847 in
329 790 554 847 talibus
583 789 837 862 negotiis
868 806 984 844 non
1008 805 1076 845 ea
1105 807 1231 861 quae
1255 795 1396 844 sunt
1416 789 1652 854 Christi,
1673 789 1773 844 sed
1803 803 1910 842 sua

239 879 582 952 querebant
604 879 937 934 commoda.
963 881 1097 934 Erat
1115 880 1274 938 enim
1296 878 1383 934 vir
1405 878 1584 947 idem,
1609 877 1745 932 licet
1764 876 1908 931 alias

234 969 556 1025 admodum
618 968 860 1039 probus,
900 972 964 1022 ut
994 984 1056 1022 se
1085 967 1262 1023 habet
1291 985 1525 1023 morum
1574 965 1906 1032 diversitas,

234 1058 479 1130 spiritus
510 1056 996 1124 vehementioris,
1021 1056 1197 1128 paulo
1229 1057 1482 1113 severior
1502 1058 1559 1111 in
1587 1055 1906 1127 responsis,

233 1146 356 1202 zelo
379 1146 632 1217 justitize
663 1150 721 1200 et
750 1145 1064 1216 aequitatis.
1093 1145 1203 1201 Sed
1238 1147 1399 1217 quia,
1431 1151 1496 1201 ut
1528 1146 1769 1216 quidam
1803 1144 1905 1213 ait,

230 1237 435 1291 veritas
453 1235 642 1290 odium
659 1236 836 1305 parit,
851 1234 1193 1305 hujusmodi
1213 1235 1426 1292 studiis
1445 1251 1558 1290 non
1578 1234 1768 1289 solum
1797 1233 1908 1288 cle'

226 1324 508 1390 ricorum,
530 1325 632 1379 sed
657 1323 836 1379 etiam
860 1323 1076 1378 civium
1101 1323 1163 1379 in
1185 1341 1248 1379 se
1266 1325 1401 1379 odia
1417 1323 1747 1379 concitavit.
1763 1322 1908 1388 Quo'

227 1429 365 1467 rum
400 1413 667 1484 quidam,
702 1411 997 1484 episcopis
1030 1413 1288 1469 Ruberto
1319 1413 1602 1469 Treviren
1639 1411 1906 1478 si,etBal-

229 1502 433 1557 derico
465 1501 803 1556 Leodicensi
849 1503 1362 1573 consanguinitate
1394 1502 1663 1573 proximi,
1689 1503 1906 1573 damna

227 1593 497 1662 quastus
537 1589 626 1644 sui
667 1595 1118 1661 conquerentes,
1145 1608 1246 1662 per
1276 1572 1610 1648 violentiam
1644 1572 1902 1662 episcopi

225 1679 673 1734 concitaverunt
702 1695 802 1733 eos
825 1678 886 1733 in
908 1679 1044 1734 odia
1071 1684 1129 1734 et
1158 1679 1506 1736 inimicitias
1533 1679 1755 1734 domini
1788 1678 1902 1733 sui’

223 1767 395 1822 illum
420 1771 810 1838 protestantes
832 1767 1243 1838 phreneticum
1268 1774 1323 1824 et
1350 1769 1656 1837 indignum
1685 1768 1903 1823 honore

223 1863 283 1913 et
307 1856 548 1912 nomine
565 1856 848 1928 episcopi.
865 1856 968 1911 His
989 1857 1260 1913 convitiis
1283 1857 1497 1929 praesul
1518 1857 1674 1913 idem
1693 1857 1901 1912 Bethe-

2018 717 2136 771 qua
2165 717 2299 756 eum
2350 705 2662 772 patronum
2696 717 2872 756 suum
2917 700 3250 767 nominans,
3280 716 3414 755 cum
3456 700 3672 755 intesti-

2019 789 2220 845 mabili
2252 791 2576 861 gratiarum
2599 790 2824 845 actione
2850 794 3225 861 protestetur,
3249 806 3310 844 se
3340 788 3542 844 divina
3569 789 3679 844 cle-

2019 880 2240 934 mentia
2289 886 2584 950 praeeunte
2614 884 2671 935 et
2701 881 3097 950 subsequente
3125 883 3182 933 et
3208 878 3338 949 ejus
3385 878 3678 950 spirituali
3714 893 3721 900 '

2019 969 2329 1039 prudentia
2360 969 2654 1024 mediante
2685 969 2745 1022 in
2791 968 2982 1022 virum
3015 967 3263 1023 alterum
3297 967 3678 1022 transforma-

2018 1063 2166 1123 tum,
2201 1064 2258 1113 et
2285 1058 2656 1114 renovatione
2687 1057 2902 1112 mentis
2946 1060 3003 1111 et
3049 1055 3291 1126 spiritus
3321 1055 3380 1111 in
3413 1055 3674 1111 melioris

2018 1153 2207 1203 status
2265 1148 2585 1203 efﬁcaciam
2635 1151 3083 1215 commutatum,
3135 1161 3500 1217 suorumque
3546 1162 3672 1199 om-

2018 1237 2184 1292 nium
2244 1254 2442 1292 amore
2463 1237 2527 1270 “7
2562 1236 2620 1290 in
2663 1236 2983 1307 profectum
3031 1239 3089 1290 et
3135 1239 3520 1305 augmentum
3579 1233 3674 1290 sui

2018 1326 2256 1382 honoris
2288 1325 2757 1398 conglutinatum
2779 1325 2864 1380 5‘3.

2354 1470 2450 1524 Hic
2481 1469 2726 1539 quaedam
2755 1466 3024 1522 excidisse
3057 1465 3328 1521 videntur.

2091 1597 2231 1650 Visio
2261 1595 2482 1650 abbatis
2520 1594 2879 1650 Wolberonis.
2911 1592 3056 1646 Nam
3099 1607 3221 1658 cur,
3255 1605 3454 1662 quare,
3489 1606 3668 1661 quam

2014 1684 2086 1739 ob
2117 1700 2259 1750 rem,
2285 1683 2430 1738 tanti
2454 1683 2558 1737 viri
2583 1681 2946 1755 gratulemur
2975 1679 3315 1751 patrocinio,
3341 1679 3460 1734 haec
3491 1694 3672 1735 causa

2013 1775 2120 1828 est.
2155 1774 2444 1843 Tempora
2485 1772 2698 1843 prioris
2742 1770 3050 1836 Frederici,
3082 1767 3444 1826 Coloniensis
3476 1766 3668 1822 archi-

2011 1861 2268 1933 episcopi
2299 1861 2504 1933 (1972),
2535 1861 2713 1917 nobis‘
2736 1859 2924 1915 invisa
2945 1865 3002 1914 et
3030 1859 3242 1914 infesta
3272 1858 3539 1924 fuerunt;
3563 1856 3668 1928 qui

227 1962 333 2000 rus
362 1945 590 2000 modice
610 1951 960 2011 motus,uon
987 1947 1058 2001 ad
1081 1947 1367 2002 exteriora
1387 1947 1653 2018 confugit
1673 1947 1897 2017 adjute-
1927 1985 1973 2049 Β
2010 1952 2272 2022 ejusdem
2323 1968 2500 2006 sacra;
2559 1947 3027 2021 congregationis
3073 1946 3361 2003 violentus
3409 1945 3663 2012 invasor,

224 2035 335 2102 ria,
367 2035 471 2089 sed
504 2034 575 2088 ad
615 2033 902 2089 librorum
951 2053 1267 2092 conversus
1301 2037 1580 2101 armaria,
1615 2037 1894 2092 adversus

223 2123 563 2178 Baldricum
587 2126 643 2178 et
665 2124 990 2180 Rubertum
1015 2126 1322 2197 episcopos
1355 2143 1597 2182 exorsus
1628 2132 1718 2182 est
1749 2128 1892 2182 scri-

225 2212 445 2285 ptitare
479 2213 750 2285 quaedam
782 2213 1090 2269 invectiva.
1118 2215 1283 2270 Unde
1329 2215 1592 2288 contigit,
1619 2222 1683 2270 ut
1711 2233 1894 2271 aemu-

222 2301 423 2357 lorum
447 2317 692 2356 suorum
727 2303 1138 2358 exardescente
1172 2305 1414 2369 invidia,
1438 2305 1508 2359 de
1538 2306 1674 2360 sede
1704 2306 1893 2376 ponti-

225 2389 385 2445 ﬁcali
418 2389 804 2462 expelleretur
835 2408 949 2446 non
994 2393 1218 2463 absque
1251 2393 1620 2449 contumelia.
1655 2395 1762 2460 Qui
1795 2412 1895 2450 ex-

226 2479 442 2552 pulsus
465 2479 536 2533 ad
559 2478 798 2551 gloriosi
820 2481 974 2552 regis
996 2480 1224 2536 Ottonis
1247 2483 1524 2554 suffragia
1547 2500 1610 2538 se
1630 2484 1892 2539 contulit.

228 2569 373 2641 Ipso
405 2584 537 2639 rege
567 2569 803 2639 pietatis
846 2568 1061 2624 intuitu
1103 2575 1350 2626 conante
1389 2571 1674 2638 auxiliari,
1696 2589 1898 2629 verum

233 2655 592 2711 adversariis
623 2657 851 2712 fortiter
892 2657 1337 2730 obsistentibus,
1370 2677 1504 2716 cum
1539 2661 1701 2716 nulla
1729 2663 1897 2718 resti-

230 2745 489 2801 tutionis
517 2747 646 2816 ejus
676 2745 843 2809 copia
871 2748 1274 2817 processisset,
1302 2750 1445 2805 utile
1476 2751 1666 2805 visum
1701 2756 1811 2817 est,
1837 2757 1901 2807 ut

230 2835 305 2890 ad
343 2835 765 2903 benignitatem
790 2835 1042 2905 piissimi
1065 2838 1370 2909 sanctique
1392 2840 1682 2896 Brunonis
1703 2841 1899 2896 archi-

234 2923 501 2996 episcopi
534 2923 888 2980 ordinatoris
913 2925 1004 2980 sui
1037 2927 1377 2998 confugium
1412 2928 1645 2984 faceret.
1671 2931 1778 2993 Qui
1808 2947 1900 2985 ve-

230 3013 291 3068 ni
302 3013 691 3085 ens,benigne
709 3019 1021 3085 susceptus
1037 3018 1620 3074 etconsuetudinario
1637 3019 1902 3091 benigni-

236 3103 380 3157 tatis
413 3103 542 3173 ejus
572 3118 734 3184 more
765 3103 1083 3160 honoriﬁce
1113 3105 1372 3173 habitus,
1402 3124 1516 3162 non
1551 3107 1738 3164 multo
1770 3115 1902 3179 post

234 3190 534 3246 cathedra
558 3208 675 3246 suae
696 3191 970 3248 decenter
987 3199 1078 3249 est
1113 3195 1443 3252 restitutus.
1471 3197 1532 3252 In
1565 3198 1709 3252 tanti
1742 3199 1899 3254 enim

229 3280 337 3335 viri
366 3279 597 3351 judicio
628 3281 862 3336 evanuit
883 3284 1148 3338 omnium
1183 3285 1554 3341 inimicorum
1580 3289 1706 3354 ejus
1727 3288 1904 3343 obsti-

2008 2040 2213 2096 multis
2254 2041 2430 2096 etiam
2480 2040 2739 2111 gravavit
2785 2037 3064 2094 adversis.
3098 2036 3459 2106 Quandoque
3506 2034 3664 2090 enim

2007 2135 2237 2186 mortuo
2268 2129 2534 2200 ejusdem
2573 2128 2684 2184 loci
2733 2127 2964 2194 abbate,
2998 2126 3242 2181 liberam
3292 2124 3376 2180 eis
3423 2123 3662 2180 electio-

2007 2237 2139 2274 nem
2168 2219 2513 2289 infringens,
2547 2235 2664 2288 qua
2693 2235 2761 2272 ex
2806 2215 3102 2271 Benedicti
3131 2213 3437 2286 apostolici
3467 2212 3664 2268 indul-

2005 2309 2202 2381 gentia
2227 2308 2372 2363 illud
2395 2307 2662 2378 adusque
2683 2311 2918 2376 tempus
2940 2303 3365 2376 gloriabantur,
3389 2301 3663 2357 abbatem

2005 2399 2089 2453 eis
2121 2397 2359 2452 intrusit
2388 2397 2675 2468 ignotum,
2700 2395 2794 2449 cui
2844 2394 2916 2448 ad
2970 2392 3363 2448 obediendum
3408 2390 3662 2461 jurisju-

2007 2486 2171 2542 randi
2204 2490 2569 2541 sacramento
2601 2482 2905 2554 compulit,
2934 2482 3250 2537 renitentes
3282 2479 3666 2536 inclementer

2009 2575 2215 2631 afﬂixit
2235 2580 2292 2629 et
2320 2573 2756 2637 exsiliavit,etsi
2783 2589 2897 2626 non
2928 2570 3073 2642 ipse,
3097 2575 3293 2625 tamen
3319 2585 3422 2641 per
3451 2585 3665 2624 manus

2009 2664 2385 2719 dominorum
2409 2661 2757 2717 crudelium.
2781 2661 2928 2715 Nam
2950 2660 3216 2714 intrusus
3239 2658 3422 2714 abbas
3449 2657 3666 2728 pleros-

2009 2769 2123 2825 que
2154 2770 2271 2808 suae
2295 2751 2768 2825 congregationis
2790 2752 2998 2805 fratres
3019 2764 3218 2803 secum
3242 2747 3525 2801 adductos
3547 2745 3669 2800 sin-

2009 2842 2163 2914 gulis
2198 2840 2547 2897 obedientiis
2570 2839 2843 2911 prafecit,
2867 2839 3190 2892 claustrum
3216 2837 3301 2891 eis
3331 2851 3503 2891 omne
3535 2835 3670 2889 sub-

2002 2930 2164 3001 jecit.
2185 2935 2433 3001 Eratque
2455 2945 2691 2985 necesse
2716 2928 2826 2984 sub
2850 2927 2959 2982 hac
2987 2924 3334 2982 dissidentia
3347 2923 3668 2979 Ecclesium

2012 3019 2345 3092 periclitari.
2361 3018 2582 3073 Videns
2603 3033 2739 3088 ergo
2761 3016 3046 3071 Dominus
3069 3012 3266 3086 pepuli
3288 3011 3380 3066 sui
3403 3012 3667 3067 afflictio-

2010 3125 2167 3178 nem,
2198 3108 2489 3162 mediante
2521 3105 2812 3161 Brunonis
2843 3104 3072 3171 merito,
3104 3102 3316 3158 erroris
3346 3101 3526 3171 hujus
3558 3117 3662 3155 au-

2010 3203 2229 3253 ctorem
2251 3197 2588 3268 episcopum
2626 3193 2995 3250 Fredericum
3025 3191 3145 3246 vita
3176 3189 3425 3246 absolvit
3455 3190 3664 3259 (1973),

2011 3292 2077 3342 ut
2107 3303 2168 3342 se
2191 3303 2306 3340 non
2340 3287 2543 3340 deesse
2566 3284 2690 3339 suis
2713 3285 3088 3348 monstraret,
3109 3285 3166 3335 et
3193 3280 3460 3334 intrusus
3482 3279 3666 3334 abbas

227 3374 375 3424 nata
407 3369 757 3440 conjuratio,
779 3375 836 3425 et
864 3371 924 3426 in
954 3371 1084 3442 eius
1117 3373 1474 3431 defensionis
1495 3353 1784 3432 constanti
1814 3381 1897 3432 te-
1930 3353 1972 3419 Ο
2010 3377 2336 3432 intenderet
2365 3389 2618 3444 cumque
2639 3372 2765 3427 suis
2786 3370 3068 3442 subjectis
3098 3369 3302 3424 mitius
3333 3371 3548 3440 ageret.
3574 3369 3666 3422 In-

225 3457 516 3514 stimonio
539 3459 839 3514 obmutuit
858 3476 1008 3515 onus
1027 3462 1490 3518 adversariorum
1518 3466 1902 3537 praescriptio-

224 3563 399 3602 num.
427 3546 838 3619 Proponebant
858 3549 1013 3603 enim
1037 3550 1127 3604 vir
1151 3551 1330 3607 totius
1357 3552 1728 3624 providentiae
1751 3554 1900 3610 ordi-

224 3653 366 3692 nem
403 3635 562 3692 illius
596 3637 886 3691 canonice
919 3637 1220 3694 electionis
1251 3646 1305 3695 et
1334 3640 1741 3700 ecclesiasticas
1769 3661 1901 3699 con-

223 3723 602 3790 secrationis,
645 3739 754 3779 nec
801 3725 1010 3780 debere
1056 3729 1281 3782 tantam
1323 3729 1621 3796 justitiam
1671 3732 1898 3788 irritam

225 3813 357 3869 ﬁeri
406 3811 804 3884 qualicunque
853 3816 1224 3871 accusatione
1282 3817 1600 3874 testimonii
1652 3819 1896 3890 laicalis,

224 3901 344 3958 imo
380 3917 588 3956 omnes
646 3901 913 3957 factionis
944 3902 1122 3974 hujus
1153 3905 1454 3962 ministros
1503 3910 1754 3979 graviter
1785 3912 1898 3966 for-

222 3991 459 4046 midare
500 4007 676 4062 posse
723 3991 1005 4046 offensam
1056 3993 1386 4065 apostolicae
1436 3998 1898 4055 animadversio-

219 4079 337 4135 nis.
401 4078 590 4150 lgitur
639 4078 932 4135 dulcitlute
982 4081 1266 4137 facundiae
1317 4101 1436 4139 StltB
1485 4087 1747 4142 antidoto
1797 4089 1898 4144 ad-

218 4168 626 4225 versariorum
683 4167 899 4223 animis
959 4170 1263 4243 mitigatis,
1314 4174 1398 4228 sic
1456 4175 1762 4232 ordinante
1811 4178 1898 4233 di-

219 4258 365 4313 vina
393 4257 712 4313 clementia
741 4257 1054 4329 disposuit,
1087 4265 1152 4315 ut
1182 4262 1458 4319 omnibus
1503 4265 1900 4322 indissolubili

217 4346 546 4402 concordia
594 4347 938 4419 paciﬁcatis,
975 4349 1047 4404 ab
1077 4350 1298 4406 eisdem
1342 4368 1476 4408 cum
1524 4356 1682 4409 omni
1716 4355 1898 4411 hono-

218 4435 520 4492 riﬁcentia
565 4435 627 4490 in
680 4436 878 4493 sedem
931 4454 1100 4493 suam
1152 4440 1526 4497 reduceretur
1564 4444 1897 4517 episcOpus,

219 4543 254 4580 a
284 4525 514 4597 quibus
561 4529 736 4581 antea
781 4525 970 4581 fuerat
1019 4543 1152 4582 cum
1203 4528 1492 4586 indecenti
1544 4533 1900 4590 contumelia

216 4613 576 4687 propulsus,
611 4618 670 4668 et
709 4615 1072 4672 emendatior
1122 4618 1284 4674 ﬁeret
1333 4620 1609 4677 omnibus
1656 4624 1757 4678 aevi
1806 4625 1896 4679 sui

217 4703 464 4760 diebus.

2006 3471 2166 3521 terea
2197 3468 2541 3519 revocantur
2570 3460 2826 3526 exsules,
2856 3459 3172 3530 ejiciuntur
3199 3461 3260 3513 et
3288 3457 3670 3512 remittuntur

2008 3552 2320 3610 adulterini
2353 3551 2653 3607 ofﬁciales.
2677 3549 2812 3605 Solo
2834 3547 3030 3604 abbati
3054 3562 3290 3602 manere
3309 3545 3668 3615 conceditur,

2009 3643 2331 3699 reverentia
2361 3642 2412 3696 ei
2435 3642 2613 3713 digna
2633 3637 2967 3705 exhibetur;
2996 3635 3158 3691 nullo
3186 3633 3524 3707 gravamine
3551 3632 3669 3688 vel-

2008 3732 2218 3788 licatur
2238 3731 2334 3800 5”;
2362 3730 2459 3786 Dei
2491 3746 2670 3801 super
2695 3728 2803 3783 hoc
2825 3729 3152 3782 metuentes
3175 3723 3468 3796 judicium
3491 3739 3672 3778 saecu-

2009 3821 2169 3894 lique
2200 3821 2528 3876 infamiam.
2552 3819 2684 3874 Jam
2712 3821 2908 3889 optato
2937 3831 3115 3870 cursu
3141 3812 3417 3884 jubileeus
3446 3812 3670 3880 aderat,

2010 3928 2215 3966 serena
2246 3927 2308 3965 se
2335 3914 2602 3980 tempore
2623 3905 3043 3971 secundabant,
3069 3903 3210 3958 dum
3233 3906 3290 3958 et
3310 3900 3555 3972 captivis
3587 3899 3670 3952 in-

2010 4000 2175 4055 dulta
2206 3999 2466 4063 libertas,
2491 4003 2547 4052 et
2570 3995 2924 4067 jamdudum
2949 3990 3207 4048 defuncti
3239 3988 3510 4062 praesulis
3533 3989 3667 4043 Fre-

2009 4087 2188 4144 derici
2219 4088 2422 4142 datum
2454 4090 2542 4140 est
2589 4081 2894 4138 innotesci.
2919 4081 3064 4136 Nam
3115 4079 3378 4149 ejusdem
3409 4074 3666 4132 ecclesia;

2009 4182 2208 4233 custos
2237 4180 2407 4231 nocte
2440 4175 2694 4246 quadam
2728 4177 2861 4244 post
2891 4169 3234 4238 matutinos,
3263 4166 3542 4223 fratribus
3573 4182 3670 4220 cu-

2008 4269 2198 4324 bitum
2233 4264 2535 4337 regressis,
2559 4269 2622 4318 ut
2651 4261 2938 4318 familiare
2955 4265 3047 4316 est
3067 4257 3434 4326 custodibus,
3457 4255 3668 4310 altaria

2006 4356 2318 4422 lustrabat,
2353 4353 2670 4409 luminaria
2708 4351 3036 4423 reparabat,
3069 4351 3363 4420 postremo
3392 4345 3662 4402 tumbam

2009 4446 2199 4502 sancti
2233 4442 2525 4498 Brunonis
2555 4441 2802 4496 visitans
2843 4442 3075 4494 oratum
3107 4453 3168 4492 se
3198 4434 3498 4506 deposuit;
3531 4449 3665 4488 cum

2010 4538 2242 4606 repente
2273 4531 2550 4602 collapsis
2571 4529 2757 4586 oculis
2779 4529 2900 4583 haec
2927 4527 2985 4581 in
3007 4525 3218 4598 spiritu
3239 4523 3403 4580 vidit.
3426 4522 3587 4578 Vidit
3610 4526 3668 4577 et

2007 4639 2138 4679 ecce
2160 4621 2510 4694 saepedictus
2534 4619 2846 4691 episcopus
2867 4615 3208 4672 Fredericus
3241 4612 3473 4685 lugubri
3497 4617 3666 4684 gestu

1933 4726 1978 4790 D
2011 4718 2137 4768 erat
2167 4712 2446 4767 incedens
2493 4717 2550 4765 et
2599 4708 2819 4764 crebris
2869 4704 3228 4778 singultibus
3276 4716 3474 4758 secum
3525 4699 3670 4754 dure

295 4794 385 4848 15.
424 4792 682 4862 Epistola
712 4795 952 4866 episcopi
979 4797 1207 4851 Ratheri
1243 4797 1314 4851 ad
1341 4799 1675 4856 Brunonem.
1700 4802 1902 4858 Exstat
2011 4802 2104 4875 agi
2127 4803 2455 4858 insinuans.
2481 4801 2664 4864 Quem
2685 4797 2840 4853 idem
2867 4800 3085 4860 custos,
3112 4799 3178 4848 ut
3197 4796 3341 4858 erat,
3365 4791 3422 4844 in
3451 4789 3663 4859 spiritu

214 4883 401 4938 etiam
436 4880 691 4952 epistola
735 4883 926 4954 ipsius
958 4884 1214 4956 episcopi
1247 4886 1318 4941 ad
1351 4893 1623 4943 sanctum
1675 4891 1900 4946 Bruno-

2011 4891 2324 4958 allocutus,
2357 4903 2598 4945 causam
2639 4886 2906 4943 mceroris
2934 4882 3204 4956 inquirit,
3234 4881 3375 4936 dum
3409 4894 3513 4949 pro
3539 4877 3667 4950 ipso

1586 5016 1831 5072 VARUE
1877 5018 2183 5075 LECTION
2194 5019 2295 5075 ES.

287 5128 358 5162 “7
392 5143 601 5213 amore
630 5127 746 5183 cod.
925 5129 1180 5213 Post].ch
1209 5147 1549 5213 quamquam
1594 5135 1652 5188 in
1690 5134 1885 5213 _codice
1909 5137 2133 5213 nullum
2162 5137 2375 5213 lacunae
2405 5137 2697 5203 vestigium
2748 5137 2953 5213 exstat,
2999 5133 3137 5213 satis
3187 5135 3371 5213 tamen
3417 5132 3664 5213 apparet,

209 5199 388 5269 ﬁnem
428 5200 604 5272 hujus
653 5201 1010 5277 narrationis
1057 5199 1420 5277 intercidisse;
1451 5207 1841 5277 sequentiaque
1885 5208 1971 5262 nil
2018 5224 2134 5264 esse
2181 5210 2298 5264 nisi
2337 5199 2643 5263 sermonem
2687 5199 2974 5277 quendam
3004 5204 3072 5258 de
3101 5202 3168 5277 S._
3193 5199 3668 5277 Brunone‘,'initio

209 5279 528 5357 carentem,
562 5275 785 5357 auctore
814 5272 1050 5357 quodam
1074 5275 1439 5357 pianda/tos.
1472 5272 1856 5357 Pantaleonis,
1890 5280 1987 5357 qui
2011 5285 2249 5357 fortasse
2290 5282 2423 5335 vitae
2463 5280 2627 5357 ﬁnem
2660 5272 2927 5357 dedit._ln
2952 5275 3283 5357 exemplari,
3316 5273 3460 5357 {inde
3489 5281 3671 5329 noster

208 5344 543 5422 cfscripsit,
573 5343 772 5415 procul
819 5343 986 5400 dubio
1030 5346 1239 5416 aliquot
1265 5347 1404 5418 folia
1431 5349 1770 5419 exciderant,
1804 5343 1945 5422 quod
1986 5343 2169 5407 scriba
2213 5367 2321 5406 non
2367 5343 2613 5407 sentiens
2663 5348 2778 5403 haec
2823 5349 2904 5402 ita
2951 5343 3292 5418 conscripsit.
3330 5346 3665 5401 Bmuxsu.

211 5414 280 5450 “°
307 5413 625 5472 vellitatur
655 5430 702 5470 ο.

1837 5519 2066 5577 NOT/E.

283 5628 593 5706 (19:70:71)
625 5628 854 5686 diversa
886 5630 958 5686 ab
1008 5645 1075 5686 ea
1118 5646 1296 5702 quam
1346 5630 1406 5687 in
1455 5632 1600 5706 Opp.
1636 5635 1895 5692 Ratherii

210 5698 443 5773 p.529,
470 5698 760 5774 legimus.
1090 5741 1104 5774 ς

284 5773 487 5848 (1972)
535 5790 590 5830 a.
651 5774 788 5830 1099
846 5790 976 5846 sqq.
1014 5773 1338 5834 Fridericus
1387 5776 1458 5834 II.
1511 5777 1724 5836 saeculo
1771 5779 1890 5836 XII.

2008 5637 2200 5692 medio
2245 5636 2416 5693 sedit.
2448 5634 2566 5692 Nec
2616 5633 2759 5690 liber
2805 5633 2930 5706 ipse
2979 5635 3242 5689 medium
3290 5628 3487 5688 saeculi
3516 5628 3664 5684 XIII,

2007 5725 2284 5778 superare
2312 5709 2568 5775 videtur;
2602 5724 2653 5763 v.
2687 5722 2868 5778 supra
2896 5722 2945 5762 c.
2977 5709 3044 5762 12
3074 5709 3132 5762 in
3165 5706 3296 5761 ﬁne.

2102 5781 2258 5854 1973)
2290 5783 2354 5838 A.
2395 5780 2550 5838 1131.
