3884 6460
203 543 321 606 987

1162 562 1226 624 S.
1272 565 1669 629 BRUNONIS
1716 567 2232 631 COLONIENSIS
2280 573 2652 636 DIPLOMA.

3503 571 3624 634 988

201 679 549 777 universalis
575 685 836 745 Ecclesiae
858 691 1043 748 multa
1074 701 1309 765 precum
1339 699 1603 766 redditio,
1634 700 1849 755 elemc-
1879 707 1933 772 Α
2034 703 2108 757 De
2137 707 2414 762 miraculo
2443 706 2582 777 quod
2626 709 2682 761 in
2715 722 2869 762 coma
2909 705 3138 760 Domini
3183 705 3412 776 contigit
3439 708 3510 759 ad
3537 721 3624 761 se-

201 783 480 838 synarum
502 774 858 846 distributio,
881 784 1218 840 omnimuda
1237 786 1561 843 salubrium
1586 794 1850 844 votorum

199 860 439 929 oblatio,
479 868 656 921 Deum
704 869 1100 927 indesinenter
1147 875 1560 932 sollicitaverit.
1596 881 1664 934 Et
1704 879 1801 934 ille
1836 899 1849 941 :

196 965 231 1040 ﬁ:
259 949 428 1013 Vera,
461 951 672 1023 inquit,
697 971 849 1026 vera,
883 960 1079 1029 frater,
1105 979 1552 1032 commemoras,
1583 968 1852 1040 sciasque

193 1031 376 1127 l_)eum
409 1039 677 1097 delectari
712 1045 767 1098 in
815 1048 1084 1116 precibus
1117 1052 1376 1109 ﬁdelium
1412 1072 1513 1127 pro
1542 1031 1638 1113 me
1681 1031 1847 1115 fusis.

190 1123 269 1177 Ex
301 1127 518 1195 quibus
539 1131 677 1185 dum
711 1136 960 1202 gratiam
988 1143 1268 1212 consequi
1300 1123 1643 1212 debueram,
1667 1165 1699 1202 a
1721 1165 1853 1202 san-

188 1218 278 1265 cto
312 1213 580 1273 Brunone
613 1222 862 1291 graviter
894 1225 1200 1297 impedior.
1241 1232 1628 1290 Obstatenim
1666 1237 1851 1291 multa

188 1495 293 1576 nec
318 1481 496 1553 digna
519 1502 621 1556 pro
645 1490 868 1547 meritis
895 1511 988 1548 me
1010 1498 1298 1570 recepisse
1330 1504 1590 1573 opponit.
1618 1481 1725 1558 bro
1756 1521 1848 1558 so-

187 1565 259 1621 lis
291 1585 426 1640 ergo
458 1573 621 1629 vobis
669 1576 951 1636 hactenus
985 1565 1484 1657 mihi-negata-est
1514 1593 1749 1648 venia.»
1782 1588 1851 1647 Et

190 1663 390 1752 custos
415 1678 462 1715 τι
494 1663 568 1717 Μὶ
600 1666 857 1739 domine,
883 1671 984 1739 ait,
1008 1673 1055 1728 si
1079 1675 1359 1732 omnibus
1382 1677 1472 1742 iis,
1500 1696 1627 1750 qua
1658 1698 1849 1752 prose-

187 1750 364 1802 cutus
395 1765 478 1814 es,
503 1753 648 1844 ﬁdes
680 1757 1014 1816 adhibenda
1050 1768 1157 1830 est,
1184 1766 1352 1820 nobis
1383 1769 1524 1838 quid
1546 1769 1614 1804 ⁵⁸0
1644 1750 1715 1824 de
1747 1770 1845 1844 tali

180 1842 670 1929 presumendum
703 1851 792 1902 est
830 1852 1162 1920 patrono?»
1188 1854 1256 1908 Et
1290 1854 1388 1911 ille
1421 1871 1472 1910 :«
1499 1857 1715 1929 Magni,
1743 1842 1843 1927 ait,

181 1924 374 1978 meriti
410 1926 568 1984 hunc
600 1933 756 2004 apud
797 1936 1169 1995 Altissimum
1211 1943 1384 2014 scias,
1409 1950 1466 2000 et
1496 1924 1626 2001 vere
1658 1924 1849 2017 pravi?

179 2027 372 2108 sarem
397 2020 457 2071 et
478 2018 894 2108 dispositorem
912 2029 1177 2085 omnium
1198 2047 1324 2102 qua;
1341 2034 1643 2090 vobiscum
1667 2052 1848 2108 agun-

180 2103 470 2193 turrNam
521 2106 714 2165 locum
765 2112 947 2170 istum
981 2123 1038 2171 et
1067 2118 1277 2175 fratres
1307 2122 1477 2193 quasi
1509 2140 1542 2178 a
1571 2103 1844 2180 Deo'sibi

183 2192 470 2288 creditam
499 2200 762 2288 possidet
782 2204 1086 2274 familiam,
1113 2214 1292 2281 utque
1315 2192 1634 2269 advocatus
1657 2221 1847 2270 vester

181 2286 335 2335 inter
381 2299 482 2339 vos
533 2287 875 2360 frequenter
917 2301 1208 2365 versatur,
1250 2305 1461 2355 cuncta
1508 2301 1742 2358 ordinat
1795 2308 1851 2358 et

187 2369 468 2440 disponit.
505 2379 572 2431 Et
600 2379 881 2448 quoniam
915 2382 1029 2455 ipsi
1061 2385 1133 2440 de
1162 2387 1328 2442 vobis
1359 2402 1500 2444 cura
1527 2397 1638 2458 est,
1670 2392 1846 2447 mise-

180 2457 492 2518 ricordiam
522 2465 750 2538 ﬂagito;
781 2471 986 2526 vestris
1007 2491 1185 2546 super
1208 2493 1299 2530 me
1322 2478 1591 2549 precibus
1619 2497 1848 2536 movea-

181 2549 308 2602 tur!
336 2571 364 2600 κ
400 2552 514 2608 Nec
558 2555 728 2625 plura
775 2558 849 2615 iis
900 2560 1151 2630 locutus,
1193 2565 1586 2636 subtrahitur;
1647 2574 1846 2625 custos

178 2637 357 2692 etiam
391 2641 502 2696 sibi
535 2645 816 2702 redditur.

250 2729 383 2782 Item
409 2731 476 2785 de
499 2735 696 2790 eodem
720 2739 979 2794 Brunone
1005 2742 1442 2815 archiepiscopo.
1471 2745 1663 2817 Magni
1687 2747 1843 2801 enim

181 2817 374 2905 meriti
407 2821 561 2890 apud
598 2828 779 2879 Deum
824 2828 1032 2884 beatus
1077 2831 1270 2885 Bruno
1300 2848 1430 2887 esse
1459 2833 1843 2905 dignoscitur-

177 2903 322 2960 Nam
357 2909 701 2982 quicunque
731 2913 790 2967 in
823 2922 1112 2986 quartana
1134 2919 1220 2973 vel
1241 2921 1492 2976 tertiana
1525 2903 1767 2992 laborat,
1793 2923 1842 2978 si

179 2995 246 3048 ad
285 2997 620 3067 sepulcrum
669 3003 800 3072 ejus
848 3005 1054 3061 devoto
1103 3010 1276 3064 corde
1325 3011 1655 3078 accesserit,
1688 3017 1744 3065 et
1772 3013 1843 3067 de

181 3082 361 3139 calice
411 3085 511 3158 qui
565 3090 696 3159 ejus
753 3095 970 3162 pectori
1030 3099 1438 3169 superpositus
1482 3098 1540 3154 in
1573 3098 1840 3171 sepulcro

180 3172 310 3243 fuit,
343 3191 448 3246 per
475 3181 594 3233 tres
625 3181 932 3237 continuos
961 3183 1087 3239 dies
1128 3185 1360 3254 biberit,
1395 3189 1524 3258 ejus
1553 3190 1777 3245 meritis
1810 3205 1841 3244 a

178 3261 294 3317 Deo
327 3267 700 3323 sanctitatem
731 3285 793 3325 se
823 3273 1152 3345 percepisse
1181 3277 1478 3347 gaudebit.

1957 793 2214 863 pulcrum
2272 796 2406 866 ejus.
2450 797 2531 850 Ne
2579 813 2678 851 vos
2736 795 2912 850 lateat
2970 793 3527 865 miraculum,quod
3561 795 3620 850 in

1961 896 2126 936 coena
2169 883 2399 938 Domini
2459 885 2721 956 contigit,
2756 885 2961 939 vesirae
3021 883 3288 938 charitati
3347 883 3622 940 intimare

1960 969 2401 1040 disposui.Cum
2429 990 2599 1028 mane
2629 974 3108 1028 convenissemus
3123 977 3352 1027 oratum
3380 973 3618 1044 pariter,

1958 1058 2206 1129 ingessit
2235 1077 2296 1116 se
2330 1062 2451 1132 pari
2495 1062 2799 1117 devotione
2843 1062 3130 1132 quaedam,
3160 1065 3224 1116 ut
3252 1067 3464 1116 oraret.
3489 1061 3622 1117 Iiaac

1960 1147 2365 1218 quinquennio
2398 1165 2611 1206 manus
2660 1151 3004 1205 inﬁrmitate
3050 1149 3430 1219 laboraverat,
3464 1156 3530 1204 ut
3561 1149 3620 1204 in

1960 1236 2153 1306 palme
2185 1238 2377 1294 medio
2407 1239 2792 1310 inﬁgerentur
2833 1239 2944 1294 sibi
2994 1240 3315 1310 digitorum
3371 1239 3620 1293 summi-

1959 1328 2126 1380 tates.
2163 1327 2291 1381 Mox
2315 1333 2378 1381 ut
2400 1328 2712 1399 prostravit
2736 1344 2796 1384 se
2819 1327 3088 1400 sepulcro
3109 1329 3294 1383 sancti
3328 1327 3623 1382 Brunonis

1959 1413 2406 1487 archiepiscopi,
2431 1422 2668 1472 extensa
2695 1434 2872 1472 manu
2899 1417 3216 1472 sanitatem
3250 1416 3525 1470 obtinuit.
3550 1417 3624 1470 Et

1959 1519 2031 1556 ne
2062 1503 2328 1559 videatur
2375 1506 2570 1570 inane,
2603 1507 2900 1562 cicatrices
2948 1507 3266 1576 iacentium
3301 1505 3618 1576 digitorum

1958 1594 2208 1662 probant
2236 1595 2563 1650 manifeste.

2030 1683 2222 1736 Bruno
2254 1684 2553 1754 paciﬁcus,
2587 1685 2785 1739 aeterni
2826 1684 2982 1755 regis
3011 1683 3258 1749 amicus,

2029 1771 2109 1825 Te
2129 1771 2196 1806 ⁸⁶¹
2234 1772 2400 1837 duce,
2427 1777 2660 1844 pastore
2690 1778 2747 1828 et
2777 1778 3000 1829 rectore
3028 1772 3268 1828 Colonia
3294 1773 3529 1844 gaudet.

2027 1861 2171 1912 Cum
2203 1859 2349 1914 duce
2373 1861 2748 1930 majestas,et
2767 1877 2898 1915 cum
2923 1862 3070 1916 duce
3090 1863 3297 1932 regnat
3316 1859 3618 1928 honestas,

2028 1946 2148 2001 Sub
2180 1947 2326 2004 duce
2357 1963 2468 2018 pax
2499 1952 2665 2019 grata
2695 1948 2900 2004 multis
2929 1953 2987 2003 et
3015 1949 3181 2003 curia
3209 1947 3348 2016 lata,

2032 2035 2095 2090 In
2123 2035 2271 2091 duce
2303 2036 2392 2090 lex
2423 2038 2584 2092 culta
2607 2037 2764 2108 viget
2793 2041 2850 2092 et
2880 2036 3168 2108 sapientia
3195 2034 3399 2090 multa.

2027 2123 2173 2178 Cum
2204 2125 2353 2180 duce
2385 2126 2638 2196 majores
2671 2129 2808 2181 sunt
2835 2129 2894 2180 et
2922 2124 3184 2196 plerique
3215 2123 3494 2189 minores,

2027 2213 2147 2268 Sub
2178 2213 2327 2269 duce
2359 2215 2678 2285 prudentes
2707 2219 3018 2270 versantur
3037 2219 3095 2270 et
3126 2212 3490 2284 insipientes,

2032 2303 2099 2357 Et
2129 2303 2337 2357 merito
2368 2320 2500 2358 vero
2534 2304 2644 2358 scit
2681 2319 2978 2376 quemque
3007 2304 3281 2358 decenter
3307 2300 3546 2355 habere.

2030 2392 2266 2446 Tractat
2295 2391 2614 2448 clementer
2642 2392 2918 2457 humiles,
2941 2391 3295 2461 timidasque
3330 2393 3622 2460 potenter.

2029 2479 2228 2536 clerus
2264 2480 2592 2536 honoratur
2620 2482 2692 2536 ab
2722 2499 2814 2547 eo,
2845 2481 3215 2552 populusque
3237 2482 3508 2548 juvatur;

2027 2568 2254 2624 Attollit
2285 2570 2486 2640 plenos
2517 2571 2749 2642 opibus,
2785 2571 3011 2625 solatur
3039 2585 3284 2640 egenos;

2029 2657 2118 2711 Nil
2151 2658 2376 2728 patitur
2406 2675 2682 2730 nequam,
2707 2660 2808 2714 sed
2841 2661 3028 2730 legem
3054 2657 3299 2713 discutit
3329 2671 3578 2726 aequam.

2029 2746 2272 2800 Delicias
2305 2748 2508 2817 nescit,
2533 2748 2634 2817 qui
2666 2764 2782 2802 non
2814 2749 2925 2803 sub
2956 2763 3024 2802 eo
3057 2745 3384 2817 requiescit.

2026 2835 2170 2888 Cum
2203 2836 2350 2889 duce
2377 2835 2696 2888 multarum
2731 2840 2870 2889 sunt
2899 2835 3116 2906 gaudia
3145 2833 3505 2888 divitiarum.

2028 2921 2147 2977 Hoc
2179 2922 2471 2992 siquidem
2495 2925 2678 2992 juste,
2712 2923 2852 2994 quia
2877 2922 3274 2993 dispensando
3303 2926 3547 2977 venuste

2025 3010 2151 3066 Non
2185 3009 2320 3065 illas
2351 3009 2522 3078 celat,
2555 3011 2656 3067 sed
2687 3010 2746 3065 in
2779 3011 2871 3080 iis,
2905 3016 2967 3066 ut
2998 3011 3202 3082 prosit,
3236 3008 3488 3064 anhelat.

2026 3100 2129 3155 Isti
2159 3104 2302 3155 sunt
2331 3115 2547 3167 mores,
2569 3100 2790 3170 quibus
2820 3100 3131 3171 acquisivit
3161 3099 3432 3164 honores,

2025 3193 2136 3245 Per
2166 3205 2314 3262 quos
2343 3193 2401 3243 et
2431 3194 2626 3260 captat
2656 3189 2767 3245 sibi
2795 3188 2995 3261 plures
3025 3193 3201 3260 atque
3228 3191 3481 3259 coaptat.

2024 3279 2240 3347 Laetus,
2276 3294 2390 3333 non
2424 3276 2633 3345 tristis,
2657 3293 2890 3349 semper
2918 3278 3196 3350 perduret
3223 3276 3283 3331 in
3316 3275 3445 3332 istis
3465 3277 3557 3331 ⁸⁵³.

1534 3376 1782 3432 νΑΡιῙΕ
1820 3376 2239 3434 LECTIONES.

247 3449 316 3484 ⁸⁸⁰
347 3451 634 3537 nqbisque
662 3471 707 3511 c.
735 3532 744 3537 Δ
786 3457 852 3537 ﬁ"
887 3459 977 3515 Me
1006 3461 1120 3518 cod.
1199 3463 1267 3499 ⁵⁸³
1297 3466 1387 3521 hic
1411 3474 1717 3537 sequuntur
1764 3469 1820 3522 in
1873 3465 2056 3522 codice
2085 3467 2200 3521 duo
2227 3481 2417 3521 versus
2447 3483 2466 3521 :
2489 3464 2732 3520 Arborei
2765 3465 2936 3520 ﬂores
2966 3464 3282 3536 designant
3309 3463 3468 3520 orbis
3503 3461 3612 3517 ho-

178 3537 372 3610 npres.
406 3523 478 3606 Ut
507 3523 754 3610 pereunt
781 3529 1253 3610 ﬂores,‘pereunt
1297 3537 1380 3593 sic
1408 3523 1567 3594 orbis
1616 3539 1888 3610 honores.
1918 3538 2023 3594 Sed
2051 3547 2304 3610 apparet,
2340 3540 2402 3592 in
2428 3537 2634 3610 codice,
2663 3537 2810 3610 unde
2839 3543 3029 3592 noster
3056 3523 3356 3608 ἀὶῖςοῆριιιες
3387 3543 3486 3610 est,
3517 3549 3611 3589 eos

177 3593 244 3681 ab
275 3593 400 3681 alio
431 3593 636 3654 in'loco
666 3617 837 3681 vacuo
867 3593 1076 3681 additos
1101 3610 1298 3677 /uisse,
1327 3622 1388 3664 ut
1415 3593 1557 3681 saepe
1581 3611 1642 3680 ﬁt
1669 3593 2570 3681 iiaicodicibrus,"riostri'scriptor,
2600 3593 3028 3680 diligentissime
3055 3593 3244 3664 omnia
3271 3593 3608 3672 amaritiem,

176 3680 349 3735 neque
375 3667 468 3723 hoc
497 3685 680 3726 versus
709 3675 1026 3732 omittendos
1056 3667 1296 3748 potavit;
1320 3667 1700 3737 ΒΕΤΙΪΜᾸΝΝ.

1275 3897 1786 3984 DIPLOMA
1879 3896 2498 3984 BBUNONIS.

442 4013 778 4095 Conﬁrmat
805 4021 1308 4082 commutationem
1337 4020 1564 4100 factam
1605 4023 1760 4081 inter
1809 4019 2246 4100 Werin/ridum
2279 4019 2551 4081 abbatem
2583 4029 2639 4081 et
2678 4017 3026 4080 Warnerum
3058 4017 3343 4077 comitem.

255 4139 444 4194 Bruno
473 4145 688 4196 sanctis
712 4141 1072 4200 Coloniensis
1095 4143 1358 4200 Ecclesia
1391 4145 1550 4201 ﬁlius
1572 4145 1672 4200 Dei
1705 4161 1835 4217 gra-
1869 4147 1913 4212 C
1952 4149 2164 4201 nostra:
2184 4161 2255 4200 ne
2279 4145 2333 4200 id
2361 4146 2524 4200 ﬁeret
2544 4145 2759 4216 saepius
2781 4158 3174 4200 commonere.
3191 4143 3393 4213 Itaque
3416 4157 3624 4197 conve-

181 4226 266 4282 tia
295 4227 774 4301 archiepiscopus
815 4249 1114 4287 servorum
1149 4233 1268 4301 Dei,
1293 4240 1494 4290 notum
1524 4250 1651 4289 esse
1680 4235 1842 4289 volu-

181 4333 318 4371 mus
349 4322 468 4372 tam
508 4320 898 4388 praisentibus
920 4339 1096 4392 quam
1119 4328 1176 4378 et
1199 4323 1583 4394 futuris,quia
1602 4323 1843 4393 quidam

183 4405 494 4478 religiosus
517 4408 670 4464 abba
688 4425 757 4464 ex
779 4411 1135 4466 monasterio
1149 4411 1464 4468 Stabulaus
1485 4417 1541 4466 et
1559 4410 1844 4467 Malmun-

181 4494 345 4549 daria
360 4497 666 4553 Werint‘rid
678 4515 747 4554 us
761 4499 999 4556 nomine
1011 4499 1157 4556 adiit
1171 4499 1542 4557 clementiam
1559 4506 1843 4565 nostram,

1956 4233 2182 4290 nientes
2215 4235 2274 4289 in
2309 4251 2493 4289 unum
2517 4235 2669 4289 abba
2691 4233 2968 4306 praefatus
2988 4237 3046 4288 et
3065 4247 3260 4287 comes
3281 4229 3444 4286 dedit
3463 4230 3622 4286 idem

1959 4323 2352 4378 Werinfridus
2410 4324 2562 4378 abba
2606 4323 2892 4378 Warnero
2949 4320 3150 4377 comiti
3208 4318 3367 4374 ﬁdeli
3420 4323 3623 4375 nostro

1957 4411 2245 4484 quidquid
2282 4411 2496 4468 habere
2528 4411 2834 4468 videbatur
2880 4411 2938 4464 in
2977 4409 3116 4465 villa
3144 4408 3325 4464 Nohas
3353 4407 3528 4473 dicta,
3560 4407 3621 4462 in

1954 4517 2105 4573 pago
2137 4501 2438 4569 Heiﬁensi,
2471 4500 2529 4556 in
2556 4501 2837 4556 comitatu
2863 4499 3163 4570 Tulpiaco,
3185 4495 3244 4552 id
3275 4500 3364 4552 est
3387 4501 3619 4551 curtem

182 4597 286 4654 pro
317 4585 572 4655 quadam
605 4589 1086 4655 commutatione,
1119 4607 1298 4662 quam
1333 4591 1547 4646 fecerat
1578 4607 1712 4646 cum
1743 4607 1844 4645 co-
1952 4590 2171 4645 bonam
2192 4607 2323 4645 cum
2346 4586 3193 4658 casticiis,molendinis,aquis
3208 4600 3620 4657 aquarumque

183 4673 323 4728 mite
355 4678 634 4731 Warnero
666 4677 824 4733 ﬁdeli
876 4685 1100 4744 nostro,
1125 4684 1182 4734 et
1211 4679 1352 4750 quia
1382 4681 1584 4734 eadem
1634 4696 1844 4734 mona-

181 4763 361 4817 steria
391 4765 505 4819 sub
550 4771 762 4820 nostra;
801 4765 1070 4823 tuitionis
1099 4769 1438 4824 defensione
1468 4773 1655 4835 erant,
1679 4768 1845 4839 petiit

181 4853 449 4908 eamdem
481 4855 1007 4912 commutationem
1065 4862 1264 4914 nostra
1303 4857 1645 4913 auctoritate
1677 4858 1844 4912 robo-

181 4942 318 4994 rari.
349 4942 529 5013 Cujus
572 4945 863 5015 petitioni,
887 4947 1024 5015 quia
1045 4947 1212 5015 justa
1240 4951 1384 5011 erat,
1418 4946 1760 5011 annuimus,
1791 4952 1849 5001 et

182 5030 417 5085 utilitati
438 5032 702 5088 Ecclesiae
721 5033 1422 5089 consuluimus.Habebat
1439 5050 1692 5105 namque
1711 5051 1849 5106 prie-

181 5119 373 5176 dictus
400 5138 595 5177 comes
628 5128 826 5178 noster
856 5121 1043 5177 ﬁdelis
1067 5123 1242 5193 juxta
1273 5123 1697 5178 monasterium
1725 5123 1851 5177 Sta'

181 5207 394 5264 bulaus
425 5211 741 5282 quamdam
787 5211 983 5266 villam
1033 5211 1123 5266 sui
1161 5211 1316 5280 juris
1347 5211 1584 5266 nomine
1617 5211 1848 5279 Ba‘tdau,

184 5312 357 5367 quam
375 5299 690 5370 Sigifridus
713 5317 907 5356 comes
932 5306 995 5356 ut
1025 5301 1372 5372 acquireret,
1395 5307 1452 5355 et
1475 5301 1628 5373 apud
1655 5317 1760 5355 nos
1791 5305 1849 5354 et

182 5387 337 5459 apud
372 5387 573 5444 ﬁdeles
604 5394 836 5445 nostros
858 5389 953 5445 sui
982 5385 1400 5446 intercessores
1420 5388 1587 5445 valde
1617 5389 1845 5446 labora-

1956 4678 2326 4745 decursibus,
2347 4678 2610 4749 quaesitis
2649 4683 2706 4732 et
2746 4675 3134 4748 inquirendis,
3176 4673 3460 4730 silvarum
3493 4689 3618 4728 ma.

1956 4783 2134 4840 gnam
2165 4767 2417 4838 copiam,
2447 4766 2731 4822 familiam
2764 4765 3066 4837 utriusqae
3099 4779 3297 4830 sexus,
3321 4766 3378 4817 et
3405 4766 3619 4818 uetera

1957 4857 2030 4910 ad
2080 4856 2353 4911 eumdem
2405 4855 2599 4911 locum
2633 4855 3003 4927 pertinentia.
3026 4854 3096 4908 Et
3144 4852 3285 4924 quia
3341 4850 3620 4906 monachi

1957 4944 2198 5000 alterius
2230 4943 2590 5010 monasterii,
2613 4943 2670 4999 id
2701 4948 2792 4999 est
2821 4940 3619 5012 Malmundariaa,quamdam

1959 5039 2184 5106 partem
2214 5032 2274 5088 in
2305 5034 2509 5088 eadem
2539 5032 2676 5087 villa
2718 5030 3035 5101 habebant,
3069 5029 3323 5085 reddidit
3351 5028 3505 5084 abba
3531 5027 3617 5082 ei-

1959 5125 2092 5178 dem
2124 5121 2381 5178 ecclesiae
2414 5123 2471 5177 in
2504 5139 2652 5194 pago
2675 5121 3026 5178 Condustrio
3060 5119 3255 5176 locum
3279 5118 3380 5192 qui
3401 5118 3624 5174 dicitur

1960 5210 2134 5277 Villa,
2154 5213 2212 5267 in
2234 5211 2515 5267 comitatu
2535 5211 2680 5267 Hoio
2696 5227 2754 5266 vx
2770 5225 3010 5266 mansos
3030 5210 3216 5264 bonos
3236 5223 3372 5264 cum
3394 5207 3624 5264 familia

1960 5301 2269 5372 utriusque
2299 5317 2494 5370 sexus,
2528 5299 2734 5357 silvam
2766 5299 3003 5366 bonam,
3034 5302 3091 5354 et
3121 5302 3328 5354 caetera
3355 5297 3428 5353 ad
3459 5311 3623 5353 eam-

1960 5391 2092 5446 dem
2125 5388 2323 5446 villam
2370 5389 3002 5464 appenditia.Econtra
3050 5386 3210 5444 dedit
3257 5389 3624 5443 memoratus

184 5476 506 5547 bant,quod
533 5478 715 5533 abbas
747 5478 1084 5545 audiens,et
1106 5479 1349 5532 nimiam
1387 5478 1504 5532 imo
1537 5479 1840 5534 immorta-
1871 5515 1919 5580 Β
1959 5495 2154 5534 comes
2183 5478 2506 5535 Warnerus
2546 5495 2742 5535 eoram
2773 5478 3024 5534 testibus
3070 5475 3300 5533 idoneis
3325 5475 3618 5548 quidquid

183 5564 296 5618 lem
322 5565 989 5637 inquietudinemUQT’i)
1013 5566 1226 5621 timens
1252 5565 1506 5632 loci,hoc
1529 5566 1837 5622 consilium
1871 5564 1916 5580 "
1949 5568 2164 5624 habere
2193 5569 2507 5624 videbatur
2534 5568 2594 5623 in
2629 5567 2766 5623 villa
2789 5568 2917 5638 jam
2948 5567 3105 5621 dicta
3133 5565 3356 5622 Baldau
3385 5570 3615 5621 curtem

186 5660 305 5710 toto
337 5657 448 5711 nisi
483 5657 713 5712 studuit
744 5671 1171 5727 praeoccupare,
1193 5660 1249 5709 et
1296 5671 1468 5711 aures
1518 5654 1838 5711 clementiae
1948 5657 2164 5714 bonam
2190 5657 2289 5711 sed
2309 5657 2381 5712 ab
2403 5656 2673 5712 hostibus
2690 5654 2857 5710 valde
2872 5653 3321 5727 vastatam,agri
3346 5651 3612 5709 culturas

255 5782 437 5859 (.1974)
457 5781 680 5859 Quippe
701 5779 1146 5859 antiquipatres
1169 5786 1508 5859 magnatum
1532 5796 1838 5859 procerum
1948 5781 2250 5859 ciuitatem
2283 5781 2544 5859 ipsorum
2573 5779 2650 5859 in
2680 5778 2892 5859 primis
2932 5776 3521 5859 declinabant:_Un_de
3551 5782 3612 5859 et

185 5847 286 5920 qui
319 5847 626 5906 consortia
639 5855 773 5906 ante
796 5847 994 5902 omnia
1026 5847 1353 5917 fugiebant;
1382 5847 1559 5919 atque
1588 5851 1731 5905 adeo
1755 5851 1836 5906 vi-

1948 5851 2270 5908 hcrrendas
2305 5847 2387 5908 'ad
2429 5847 2883 5908 inhabita'ndum
2913 5847 3264 5907 solitudines
3287 5847 3608 5921 ellgebant.
