3884 6392
224 445 348 506 989
922 445 1313 507 PRIVILEG.
1360 443 1460 506 ET
1505 443 1972 510 CONSTITU’I‘.
2019 441 2300 508 LEONIS
2348 441 2485 507 VIII
2527 443 2973 506 ANTIPAPE.
3540 439 3660 502 990

227 575 1406 647 bonas,Cambam,molendinum,silvam
1433 580 1883 652 magnam.Nam
1916 595 1972 662 Α
2004 579 2268 653 logaliter
2297 578 2450 634 fecit.
2484 579 2555 633 Et
2583 581 2648 633 ut
2677 577 2801 633 haec
2842 575 3228 632 commutatio
3256 574 3484 630 futuris
3506 577 3656 630 tem-

229 666 479 723 ecclesia
507 667 774 738 ejusdem
805 666 955 722 ViIltB
985 683 1118 723 cum
1153 668 1303 723 bono
1335 667 1624 733 dotalicio,
1659 670 1887 741 privile-
1999 669 2240 742 poribus
2272 667 2493 722 firmior
2511 667 2813 736 habeatur,
2834 665 3114 737 petitione
3143 665 3408 735 eiusdsm
3427 663 3655 720 abbatis

234 755 385 829 legia
413 761 470 811 et
499 756 807 824 constitut,
840 757 1066 814 scilicet
1095 763 1250 812 terra
1280 763 1337 812 et
1367 757 1513 812 silva
1544 757 1729 813 eidem
1766 776 1888 814 mo-
2001 775 2216 814 manus
2248 761 2458 813 nostrae
2489 760 2678 812 tractu
2724 756 3111 828 signavimus.
3145 754 3388 827 Signum
3422 754 3652 808 Werin-

236 845 490 901 nasterio
521 845 851 916 antiquitus
869 846 1057 901 fuerat
1078 848 1214 901 data
1240 865 1252 912 ;
1274 846 1396 902 haec
1418 847 1618 902 omnia
1642 847 1890 902 invicem
2003 847 2181 903 frindi
2217 847 2467 902 abbatis.
2501 845 2664 918 Sign.
2697 844 3134 911 Werinmundi,
3155 843 3658 916 Titgeri,Norber-

237 934 349 990 sibi
379 933 752 989 tradiderunt
783 935 936 989 abba
979 951 1114 989 cum
1148 951 1438 990 consensu
1473 936 1893 991 monachorum
2005 937 2072 1003 ti,
2107 935 2414 1008 Reginardi
2449 940 2507 990 et
2536 941 2900 990 ceterorum.
2925 933 2992 988 Et
3021 933 3266 989 alterius
3298 932 3660 988 monasterii.

239 1030 626 1096 utrorumque
640 1024 1478 1091 cocnobiorum,etcomescum
1497 1041 1785 1081 consensu
1800 1043 1896 1081 ux.
2009 1027 2256 1097 Signum
2290 1024 2502 1090 Odulfl,
2532 1024 2807 1090 Wisirici,
2831 1023 3118 1087 Heilfridi,
3142 1021 3472 1094 Rogibaldi.
3497 1023 3660 1092 Sign.

239 1113 1902 1181 orisetfiliorumetamicorumsuorum,etcoramce|situ-
2012 1115 2279 1170 Warneri
2329 1113 2581 1177 comitis,
2615 1113 2948 1183 Reginardi,
2982 1112 3248 1178 Gevardi,
3283 1116 3341 1166 et
3388 1110 3666 1182 Ricbarii,

236 1203 589 1258 dinenostra
607 1203 876 1257 eamdem
892 1203 1413 1258 commutationem
1433 1205 1902 1272 ﬁrmaverunt,et
2013 1209 2072 1260 et
2103 1205 2448 1259 multorum.
2482 1205 2622 1257 Acta
2654 1207 2794 1257 sunt
2825 1202 2945 1257 haec
2977 1201 3206 1273 publice
3235 1200 3421 1273 Aquis
3451 1199 3667 1270 palatio

234 1290 392 1346 idem
417 1307 616 1347 comes
636 1305 738 1362 per
758 1291 1192 1347 testesidoneos
1218 1308 1446 1347 ramum
1475 1309 1608 1347 cum
1632 1293 1902 1364 cepitead
2014 1294 2109 1348 die
2161 1310 2196 1348 ιι
2248 1292 2490 1347 Kalend.
2542 1290 2902 1356 Novembris,
2944 1295 3223 1361 regnante
3271 1304 3405 1359 rege
3457 1288 3668 1343 Ottone

238 1380 756 1437 altareStabulaus
780 1381 963 1452 misit,
980 1386 1037 1437 et
1061 1381 1437 1437 traditionem
1461 1399 1595 1437 cum
1623 1383 1908 1438 vestitura
2017 1382 2194 1437 fratre
2224 1386 2444 1445 nostro,
2478 1397 2628 1436 anno
2658 1396 2816 1446 xvm,
2850 1379 3160 1434 Godefrido
3190 1379 3356 1433 duce.

242 1499 3667 1545 Μ

1583 1640 1738 1679 ANNO
1777 1639 1982 1679 DOMINI
2023 1641 2323 1679 DCCCCLXV.

985 1772 1372 1900 LEO
1466 1769 1816 1897 VIII
1915 1770 2923 1896 AN'I‘IPAPA

1454 2075 1852 2152 NOTITIA
1904 2078 2407 2152 HISTOBICA
2427 2134 2442 2148 .

979 2228 1411 2301 (Gocquelines,
1446 2228 1682 2298 bullar.,
1716 2230 1980 2303 privileg.
2015 2247 2232 2286 summ.
2266 2234 2428 2302 pont.
2462 2229 2642 2303 ampl.
2678 2227 2934 2299 Collect.)

322 2435 386 2489 In
422 2433 690 2506 Romana
716 2433 947 2506 Synodo
974 2433 1236 2506 deposito
1268 2438 1493 2491 Joanne
1523 2435 1618 2491 ΧΙΙ
1648 2440 1861 2492 sanctas
1903 2437 2173 2492 Romanis
2206 2436 2471 2493 Ecclesiae
2505 2436 2599 2491 die
2627 2451 2681 2492 Vl
2732 2434 3070 2491 Decembris
3099 2434 3235 2490 anni
3266 2434 3393 2497 963,
3427 2433 3540 2488 Leo
3568 2448 3668 2487 vm

245 2505 772 2579 prptoscriniarius
797 2506 861 2579 in
888 2507 1016 2577 ejus
1045 2505 1240 2562 locum
1271 2507 1575 2562 ordinatus
1605 2513 1712 2579 est,
1747 2524 1920 2578 quem
1955 2513 2147 2563 tamen
2180 2513 2422 2564 Romam
2467 2509 2716 2577 rediens,
2745 2506 3014 2578 sequenti
3045 2522 3220 2571 anno,
3250 2506 3510 2579 Joannes
3541 2508 3673 2579 post

247 2575 505 2652 Othonis
527 2577 900 2652 imperatoris
917 2575 1225 2652 recessum
1275 2579 1473 2652 fugere
1505 2575 1714 2651 coegit,
1751 2575 2218 2651 usurpatamque
2268 2581 2560 2635 dimittere
2602 2575 2968 2652 dignitatem.
3004 2580 3072 2632 At
3101 2593 3236 2652 cum
3285 2577 3541 2632 Joannes
3570 2575 3665 2630 die

242 2665 346 2722 xxv
372 2647 509 2703 Maii
542 2647 808 2722 obiisset,
841 2647 1084 2704 Romani
1117 2647 1516 2719 Benedictum,
1549 2647 1639 2705 de'
1665 2667 1779 2722 quo
1812 2647 1946 2706 mox
1975 2647 2259 2715 dicemus,
2293 2652 2417 2707 sine
2461 2647 2707 2706 Othonis
2738 2666 3027 2706 consensu
3060 2647 3462 2722 et_voluntate,
3496 2663 3666 2722 apos-

243 2719 1050 2799 tolicae-‘sediimpos‘uerunt.
1085 2722 1271 2799 Quare
1303 2717 2002 2799 imperatorcumALeone
2033 2723 2602 2799 Romam_perrexit,
2636 2723 2904 2794 factoque
2930 2719 3356 2799 conciliabulo,
3388 2719 3501 2799 Leo
3530 2717 3659 2799 pal-

241 2790 392 2845 lium
426 2789 736 2848 Benedicto
768 2789 1032 2861 abstulit,
1068 2799 1124 2866 et
1155 2792 1329 2848 simul
1362 2789 1751 2866 pontificalem
1785 2794 2052 2865 ferulam,
2085 2811 2264 2866 quam
2290 2789 2461 2866 fregit
2487 2799 2545 2850 et
2573 2795 2785 2850 iterum
2807 2789 3168 2866 pontificium
3200 2792 3398 2847 sedem
3429 2789 3664 2857 invasit,

245 2877 424 2934 quam
458 2879 646 2918 unum
680 2879 902 2919 annum
933 2863 1122 2919 tenuit
1151 2863 1384 2938 tresque
1417 2882 1669 2922 menses.

1373 3114 2105 3249 LEONIS
2193 3119 2555 3244 νιιι

1780 3315 2138 3374 ΑΝΤΙΡΑΡΑῑ

876 3439 1607 3539 PBIVILEGIA
1689 3441 1846 3538 ET
1933 3440 3040 3538 CONSTITUTIONES.

1752 3629 2181 3643 -ι-ι*

1049 3727 1092 3782 Ι.

239 3829 436 3870 LBONIS
493 3830 596 3869 VIII
653 3831 924 3871 EPIBTOLA
961 3831 1034 3870 AD
1091 3830 1443 3872 RODOALDUM

847 3901 1293 3948 AQUILEIINSEM.

885 3975 1078 4044 (Anno
1107 3975 1258 4041 963.)

779 4062 871 4118 Illi
898 4064 1136 4134 pallium
1164 4067 1362 4120 mittit.

503 4151 696 4223 [Apud
727 4150 977 4225 Ughelli,
1011 4153 1180 4209 Italia
1210 4170 1399 4222 sacra,
1432 4159 1499 4225 V,
1537 4156 1649 4226 44.]

316 4258 428 4313 [κιο
457 4257 792 4330 episcopus,
823 4275 1028 4315 servus
1059 4277 1358 4317 servorum
1392 4262 1514 4329 Dei,
1539 4264 1900 4320 reverendis-

237 4345 392 4402 simo
422 4362 489 4401 ac
511 4345 888 4403 sanctissimo
904 4347 1182 4404 confratri
1201 4353 1402 4406 nostro
1421 4351 1744 4419 Ronoamo,
1762 4370 1899 4408 san-

235 4439 342 4490 ctis
373 4432 766 4506 Aquileiensis
798 4433 1069 4492 Ecclesiae
1100 4437 1464 4508 patriarchae.

310 4522 370 4578 Si
402 4526 671 4593 pastores
697 4523 895 4579 ovium
925 4523 1110 4579 solem
1142 4523 1394 4597 geluque
1427 4544 1530 4599 pro
1583 4529 1781 4601 gregis
1807 4531 1900 4586 sui

235 4611 507 4668 custodia
536 4611 630 4666 die
660 4627 726 4666 ac
757 4617 927 4668 nocte
955 4612 1105 4669 ferre
1151 4615 1411 4671 contenti
1445 4621 1605 4685 sunt,
1643 4622 1702 4674 et
1731 4623 1798 4674 ut
1830 4637 1901 4676 ne

237 4717 356 4773 qua
388 4717 458 4756 ex
487 4697 573 4756 eis
605 4705 708 4756 aut
742 4701 993 4757 errando
1045 4707 1263 4774 pereat,
1296 4709 1399 4760 aut
1448 4705 1650 4762 ferinis
1679 4705 1901 4766 laniata

237 4789 540 4846 morsibus
572 4789 854 4861 rapiatur,
889 4789 1074 4846 oculis
1091 4808 1326 4863 semper
1353 4793 1777 4865 vigilitantibus
1796 4798 1903 4852 cir-

236 4883 674 4950 cumspectant,
707 4882 925 4950 quanto
974 4893 1083 4935 nos
1115 4881 1329 4937 sudore
1379 4888 1719 4955 quantaque
1763 4903 1904 4941 cura

236 4967 524 5023 debemus
547 4981 676 5022 esse
698 4967 1026 5040 pervigiles,
1051 4967 1150 5040 qui
1175 4973 1437 5041 pastores
1463 4971 1794 5030 animarum
1819 4975 1904 5030 di-

237 5056 453 5112 cimur.
477 5055 889 5127 Attendamus,
903 5061 962 5111 et
977 5064 1319 5129 susceptum
1345 5059 1608 5116 ofﬁcium
1630 5063 1901 5120 exhibere

234 5160 378 5218 erga
393 5145 730 5202 custodiam
752 5145 1195 5203 Dominicarum
1215 5147 1410 5205 ovium
1430 5165 1543 5204 non
1577 5165 1897 5226 cessemus,

234 5251 310 5291 ne
339 5236 401 5289 in
432 5233 528 5290 die
574 5232 754 5289 divini
804 5234 1093 5291 examinis
1127 5252 1232 5308 pro
1263 5237 1491 5293 desidia
1537 5243 1740 5296 nostra
1769 5247 1904 5298 ante

229 5335 540 5380 summum
570 5325 874 5382 Pastorem
921 5323 1290 5398 negligentia;
1335 5331 1537 5384 reatus
1585 5331 1898 5398 excruciet,

235 5413 396 5470 unde
442 5412 620 5468 modo
663 5409 908 5470 honeris
955 5415 1278 5472 reverentia
1323 5413 1701 5474 sublimiores
1748 5419 1904 5476 inter

1497 3834 1902 3876 PATRIARCHAM

230 5506 474 5559 ceteros
495 5500 859 5573 judicamur.
891 5501 1152 5559 Pallium
1177 5507 1375 5561 autem
1420 5506 1768 5562 fraternitati
1801 5525 1900 5564 ve-

229 5594 369 5646 stras
397 5603 468 5646 ex
517 5601 681 5645 more
727 5589 803 5646 ad
849 5591 1166 5648 missarum
1221 5593 1510 5649 solemnia
1555 5594 1902 5652 celebranda

228 5679 714 5748 transmisimus;
739 5694 856 5752 quo
882 5679 991 5736 tibi
1013 5697 1128 5738 non
1153 5681 1341 5752 aliter,
1360 5681 1625 5739 Ecclesia
1648 5689 1760 5740 tuae
1778 5687 1897 5758 pri-

227 5767 461 5842 vilegiis
491 5767 552 5825 in
603 5771 706 5825 tuo
737 5771 897 5828 statu
941 5770 1346 5842 manentibus,
1375 5770 1461 5828 uti
1495 5771 1893 5848 concedimus,

1933 3734 1984 3800 B
2016 3750 2195 3805 quam
2226 3733 2681 3805 praedecessores
2711 3734 3162 3805 decessoresque
3202 3736 3335 3789 tuos
3365 3749 3506 3788 usos
3533 3746 3664 3788 esse

2014 3823 2384 3895 incognitum
2416 3840 2530 3879 non
2562 3823 3012 3894 hal»etis.Cujus
3039 3819 3667 3894 quoniamindumsnti

2012 3910 2200 3967 honor
2250 3913 2516 3968 modesta
2559 3916 2802 3968 actuum
2850 3911 3155 3968 vivacitate
3200 3910 3525 3967 servandus
3553 3915 3664 3977 est,

2012 4001 2320 4056 hortamur
2349 4007 2414 4054 ut
2444 4008 2502 4055 et
2533 4017 2763 4055 morum
2812 4005 3047 4056 tuorum
3079 4005 3425 4056 ornamenta
3453 4013 3662 4054 conve-

2013 4089 2517 4160 niant,quatenus,
2541 4095 2776 4145 auctore
2800 4094 2932 4160 Deo,
2947 4094 3099 4145 recte
3120 4087 3451 4160 utrobique,
3473 4086 3664 4160 possis

2013 4194 2142 4234 esse
2159 4177 2535 4250 conspicuus.
2552 4179 2752 4250 Itaque
2772 4178 2888 4233 vita
2908 4181 3013 4234 tua
3034 4177 3173 4233 filiis
3193 4177 3314 4234 tuis
3335 4178 3414 4234 sit
3437 4176 3658 4249 regula.

2014 4267 2075 4321 In
2107 4267 2320 4338 ipsa,si
2353 4283 2471 4338 qua
2491 4267 2770 4323 fortitudo
2789 4266 3137 4338 illisinjecta
3165 4273 3273 4332 est,
3297 4267 3660 4339 dirigantur;

2011 4355 2071 4411 in
2103 4371 2172 4412 ea
2208 4356 2364 4426 quod
2412 4356 2722 4412 imitentur
2771 4355 3093 4428 aspiciant;
3147 4357 3205 4411 in
3255 4356 3384 4428 ipsa
3431 4369 3663 4428 semper

2012 4444 2436 4500 considerando
2469 4445 2875 4516 proficiant,ut
2903 4450 3071 4501 tuum
3091 4449 3224 4518 post
3253 4450 3433 4502 Deum
3465 4445 3660 4502 videa-

2010 4538 2110 4588 tur
2140 4548 2268 4588 esse
2307 4533 2454 4588 bene
2503 4534 2656 4604 quod
2689 4534 2956 4589 vixerint.
2988 4534 3097 4590 Cor
3125 4551 3262 4607 ergo
3312 4551 3500 4606 neque
3530 4552 3662 4607 pro-

2011 4639 2202 4694 spera,
2229 4639 2356 4693 quae
2377 4621 2777 4694 temporaliter
2793 4621 3199 4690 blandiuntur,
3224 4623 3528 4690 extollant,
3560 4641 3657 4679 ne-

2013 4727 2126 4782 que
2173 4711 2417 4766 adversa
2463 4711 2757 4781 dejiciant.
2807 4712 2918 4768 Sed
2950 4712 3238 4784 quidquid
3286 4712 3429 4769 illud
3463 4713 3658 4779 fuerit,

2012 4801 2225 4857 virtute
2251 4799 2543 4871 patientiae
2566 4800 2925 4857 devincatur.
2951 4801 3190 4858 Nullum
3213 4801 3368 4874 apud
3390 4807 3446 4857 te
3465 4801 3659 4858 locum

2012 4889 2165 4954 odia,
2190 4888 2419 4945 nullum
2444 4891 2604 4946 favor
2635 4891 2984 4948 indiscretus
3004 4891 3282 4948 inveniat.
3315 4891 3659 4948 Districtum

2013 4977 2154 5034 mali
2185 4985 2561 5050 cognoscant.
2588 4981 2885 5036 Insontem
2904 4981 3059 5052 apud
3091 4986 3146 5037 te
3173 4979 3472 5054 suggestio
3504 4980 3660 5036 mala

2013 5083 2132 5123 non
2187 5069 2380 5123 faciat.
2430 5069 2744 5124 Nocentem
2777 5070 2964 5142 gratia
2993 5087 3108 5126 non
3141 5076 3412 5138 excuset;
3447 5069 3660 5125 remis-

2015 5171 2148 5211 sum
2180 5163 2234 5211 te
2253 5155 2735 5230 delinquentibus
2766 5175 2879 5213 non
2907 5160 3292 5228 ostendas,ne
3317 5159 3470 5232 quod
3503 5158 3664 5216 ultus
3760 5192 3769 5202 -

2014 5261 2130 5300 non
2155 5244 2356 5313 fueris,
2390 5245 2712 5317 perpetrari
2745 5246 3080 5317 permittas;
3106 5247 3182 5304 sit
3207 5248 3267 5304 in
3299 5254 3355 5304 te
3386 5249 3522 5305 boni
3555 5253 3664 5305 Pa-

2012 5333 2190 5390 storis
2211 5333 2459 5390 dulcedo
2479 5351 2492 5400 ;
2521 5333 2598 5390 sit
2616 5339 2674 5390 et
2688 5334 2910 5405 judicis
2933 5351 3132 5393 severa
3151 5337 3666 5394 districtio.Unum

2011 5422 2234 5479 scilicet
2255 5424 2412 5493 quod
2434 5422 2776 5479 innocenter
2798 5425 3058 5483 viventes
3081 5428 3287 5496 foveat,
3311 5428 3470 5485 aliud
3506 5428 3663 5502 quod

2011 5511 2306 5584 inquietos
2336 5511 2678 5568 ferocientes
2700 5529 2729 5567 a
2754 5513 2982 5571 feritate
3011 5523 3364 5591 compescat.
3388 5519 3498 5576 Sed
3525 5534 3666 5590 quo-

2011 5599 2170 5656 niam
2195 5615 2623 5670 nonnunquam
2646 5603 3091 5674 praepositorum
3116 5605 3445 5676 zelus,dum
3468 5607 3664 5662 distri-

2011 5695 2140 5746 ctus
2161 5688 2452 5745 malorum
2474 5688 2599 5745 vult
2617 5689 2827 5747 vindex
2844 5694 3350 5765 existere,,transit
3369 5695 3428 5751 in
3451 5695 3661 5750 crude-

2007 5777 2234 5835 litatem
2273 5779 2579 5852 correptio,
2614 5778 2763 5836 iram
2788 5781 3009 5852 judicio
3042 5785 3286 5852 refrena,
3321 5788 3379 5840 et
3408 5797 3658 5839 censura
