3884 6468
227 533 336 593 991

1282 532 1737 598 PRIVILEGIA
1779 534 1882 595 ET
1927 532 2607 596 CONSTITUTIONES

3533 529 3655 590 992

231 665 509 724 Custodia
538 672 594 726 te
643 671 934 743 aquitatis
963 672 1218 741 extollat,
1252 676 1316 727 ut
1364 688 1470 727 nec
1509 672 1748 727 divitem
1784 687 1882 741 po-
1916 668 1970 742 Α
2000 665 2286 736 correptio
2318 665 2704 720 contradicat.
2743 663 2975 720 Nullius
3005 661 3214 718 faciem
3244 665 3449 718 contra
3474 662 3655 732 justi-

231 757 416 812 tentia
446 776 554 813 sua
583 759 804 832 aliquid
836 762 990 833 apud
1021 779 1124 818 vos
1153 767 1316 816 extra.
1335 762 1488 815 viam
1519 762 1763 826 suadeat
1796 778 1882 816 ra-

229 846 409 901 tionis
440 849 674 904 audere.
696 851 811 905 Nec
841 868 1156 921 pauperem
1190 852 1258 905 de
1274 867 1334 905 re
1363 868 1472 906 sua
1506 851 1678 905 faciat
1699 850 1886 906 humi-

227 934 362 990 litas
395 937 725 1008 desperare,
743 945 1036 1008 quatenus
1053 940 1168 993 Deo
1189 939 1503 994 miserante
1535 939 1668 994 talis
1693 940 1886 1011 possis

226 1025 491 1092 existere,
527 1026 719 1096 qualis
751 1044 916 1081 sacra
946 1027 1115 1082 lectio
1151 1027 1412 1099 praecipit
1443 1030 1644 1084 dicens
1675 1047 1687 1084 :
1715 1031 1885 1100 Opor-

225 1118 300 1168 tet
329 1117 638 1184 episcopum
689 1117 1223 1185 irreprehensibilem
1258 1133 1372 1172 esse
1405 1119 1451 1189 (I
1498 1120 1631 1174 Tim.
1669 1137 1756 1184 ιιι,
1806 1120 1880 1190 ‘2).

233 1202 342 1258 Sed
359 1203 449 1256 his
467 1204 741 1257 omnibus
762 1204 841 1256 uti
862 1203 1176 1259 salubriter
1202 1209 1438 1276 poteris,
1465 1207 1510 1260 si
1541 1208 1882 1278 magistram

220 1290 566 1345 charitatem
600 1289 1094 1363 habueris,quam
1117 1294 1218 1364 qui
1250 1302 1485 1350 secutus
1519 1295 1709 1360 fuerit,
1739 1313 1772 1348 a
1795 1313 1880 1350 re-

224 1385 319 1434 cto
353 1378 668 1448 aliquando
688 1381 921 1436 tramite
955 1399 1066 1437 non
1102 1384 1338 1438 recedit.
1360 1385 1426 1436 Et
1459 1401 1611 1447 ecce,
1637 1385 1882 1438 fratrum

225 1467 571 1523 charissima
603 1468 790 1523 multa
815 1470 1055 1526 aliaista
1076 1478 1216 1526 sunt
1245 1474 1575 1538 sacerdotii,
1600 1473 1712 1528 ista
1744 1477 1885 1527 sunt

232 1555 418 1627 pallii,
451 1573 578 1628 qua
603 1558 649 1612 si
675 1559 938 1616 studiose
961 1561 1302 1631 servaveris,
1332 1564 1484 1633 quod
1503 1562 1884 1632 forisaccepis

225 1662 286 1700 se
317 1646 660 1710 ostenderis,
697 1648 857 1703 intus
888 1649 1152 1704 habebis.
1179 1653 1246 1705 Et
1277 1656 1342 1704 ut
1372 1651 1647 1705 omnibus
1682 1655 1876 1721 pateat

226 1735 596 1804 Christianis,
621 1742 843 1807 quanta
869 1739 1154 1793 charitate
1187 1739 1504 1810 diligamus
1527 1741 1600 1794 ob
1622 1757 1880 1794 amorem

226 1824 562 1879 beatiMarci
586 1826 954 1898 evangelista
979 1827 1228 1898 pastoris
1256 1828 1881 1899 nostri,gloriosissimi

226 1912 376 1968 Petri
423 1914 825 1984 apostolorum
865 1914 1148 1987 principis
1197 1916 1494 1988 discipuli,
1528 1917 1629 1988 qui
1676 1924 1880 1972 vestra

1996 755 2138 810 tiam
2171 755 2444 826 accipias.
2481 753 2721 808 Nullum
2756 757 3114 824 quarentem
3142 753 3307 822 justa
3339 752 3653 821 despicias.

2068 949 2267 990 LEONIS
2307 950 2407 988 νιιι
2449 950 2610 987 ΡΑΡίΕ
2651 949 3022 987 PRIVILEGIUM
3058 949 3127 986 DE
3169 946 3576 985 INVESTITURIS.

2381 1023 2567 1092 (Anno
2594 1022 2700 1074 963
2731 1022 2863 1076 Dec.
2896 1023 2951 1088 6,
2983 1022 3087 1074 964
3118 1021 3277 1088 Jan.)

1995 1113 2183 1183 [Apud
2218 1115 2402 1179 Pertz,
2437 1114 2794 1235 illontumenltii
2845 1109 3155 1252 Geqrgggiia
3195 1109 3476 1178 historica,
3511 1110 3648 1181 Leg.

2582 1199 2697 1236 om.
2790 1222 2802 1243 ,
2839 1199 2893 1252 p.
3011 1203 3031 1234 )
3064 1223 3075 1234 .

2582 1199 2697 1236 om.
2736 1199 2802 1243 ιι,
2839 1199 2893 1252 p.
2931 1199 3075 1252 166).

2667 1273 2965 1324 MONITUM.

2065 1357 2338 1413 Chartam
2371 1358 2508 1412 inde
2557 1358 2627 1412 ab
2678 1357 2986 1413 undecimo
3020 1357 3232 1412 saculo
3264 1357 3546 1413 celebrem
3583 1373 3653 1412 ex

1995 1428 2090 1482 fol.
2131 1431 2230 1482 193
2264 1429 2482 1484 codicis
2516 1429 2769 1483 Vaticani
2818 1448 2874 1484 η.
2912 1430 3067 1498 1984,
3097 1430 3276 1499 (1975)
3312 1430 3505 1483 Romae
3538 1445 3651 1482 sa-

1995 1500 2124 1554 culo
2154 1519 2209 1555 x1
2244 1507 2302 1554 et
2333 1501 2498 1555 initio
2533 1500 2726 1554 saculi
2760 1519 2839 1555 xu
2872 1501 3086 1555 exarati
3122 1501 3411 1560 sistimus.
3449 1517 3652 1555 emen—

1992 1572 2189 1643 datam
2242 1577 2438 1625 tamen
2473 1589 2579 1643 ope
2625 1573 2843 1626 codicis
2885 1572 3128 1643 Caesarei
3175 1571 3651 1643 Vindobonensis

1992 1642 2048 1714 in
2074 1643 2336 1714 catalogo
2358 1641 2804 1698 Juris‘canonici
2830 1661 2886 1697 n.
2915 1641 3271 1713 105,101.13,
3299 1660 3470 1714 quem
3495 1643 3646 1696 Gen-

1993 1713 2213 1768 tillotus
2239 1713 2449 1768 saculo
2472 1733 2573 1774 x11.
2599 1717 2698 1769 sed
2724 1715 3046 1785 kopitarius
3069 1720 3268 1769 noster
3289 1713 3514 1769 decimo
3537 1719 3650 1767 ter-

1991 1787 2070 1840 tio
2094 1787 2376 1854 assignat.
2404 1787 2663 1840 Tertium
2688 1785 2984 1856 exemplar
3001 1791 3184 1840 exstat
3207 1789 3265 1839 in
3293 1785 3652 1840 bibliotheca

1990 1858 2193 1912 eadem
2218 1857 2370 1911 inter
2389 1859 2559 1912 codd.
2588 1857 3066 1928 Salisburgenses
3091 1874 3149 1911 n.
3173 1858 3297 1912 323.
3335 1859 3484 1911 mbr.
3511 1873 3647 1910 sac.

1991 1946 2046 1982 χι
2080 1930 2344 1983 exeuntis
2375 1937 2476 1983 aut
2507 1947 2604 1994 xu,
2642 1929 2738 1982 fol.
2773 1930 2874 1982 104
2902 1947 2913 1995 ;
2947 1934 3223 1999 quartum
3257 1928 3438 1984 evolvi
3475 1929 3648 1982 Bam-

225 2001 496 2072 prasedit
527 2002 836 2068 cathedra,
867 2020 1217 2061 renovamus
1257 2007 1440 2071 vobis,
1476 2023 1577 2077 per
1627 2022 1880 2077 prasens
1913 2031 1960 2095 B
1991 2000 2265 2095 bergarin
2290 2000 2638 2095 fellectio‘ne
2669 2016 2959 2095 canonum
2993 2016 3235 2095 sanciam
3266 1999 3353 2095 vel
3522 1999 3646 2080 ine:

225 2088 764 2161 privilegium,illud
781 2092 1023 2162 antiquu
1035 2111 1088 2148 m
1104 2094 1476 2149 sanctissimo
1491 2099 1881 2166 Hermagora,

226 2178 379 2233 beati
428 2179 602 2234 Marci
654 2181 1022 2252 evangelista
1068 2183 1413 2251 successori,
1460 2201 1494 2238 a
1544 2183 1881 2238 beatissimo

228 2267 393 2323 Petro
425 2270 841 2339 contraditum,
875 2287 1075 2325 verum
1111 2272 1366 2341 peccatis
1399 2272 1612 2327 nostris
1655 2289 1882 2344 prome—

227 2357 494 2412 rentibus
524 2373 557 2411 a
589 2374 950 2430 paganorum
977 2360 1197 2415 savitia
1229 2367 1684 2416 concrematum.
1711 2361 1882 2416 Volu-

226 2461 362 2499 mus
393 2444 634 2510 scilicet,
667 2451 723 2500 et
755 2448 1077 2518 apostolica
1107 2443 1453 2505 auctoritate
1477 2450 1782 2520 jubemus,
1819 2454 1884 2504 ut

226 2532 378 2587 inter
407 2549 612 2588 omnes
635 2535 865 2591 Italicas
888 2536 1177 2592 Ecclesiae
1203 2538 1300 2592 Dei
1335 2539 1504 2592 sedes
1537 2538 1728 2608 prima
1752 2543 1882 2608 post

228 2622 553 2676 Romanam
596 2624 1009 2695 Aquileiensis,
1045 2627 1215 2696 cujus
1263 2627 1379 2681 Deo
1411 2632 1644 2681 auctore
1678 2644 1882 2698 praes,

228 2709 534 2765 habeatur.
568 2711 681 2766 Sed
709 2718 764 2766 et
787 2713 892 2768 hoc
915 2715 972 2768 in
999 2719 1380 2786 augmentum
1415 2719 1470 2768 et
1495 2715 1757 2769 decorem
1782 2716 1882 2769 Ec-

231 2793 420 2854 clesia
451 2805 652 2855 vestra
680 2801 1061 2856 concedimus
1114 2807 1177 2856 ut
1205 2803 1347 2857 dum
1379 2803 1605 2857 volente
1637 2803 1750 2856 Deo
1785 2819 1885 2856 vos

231 2889 527 2960 vestrique
556 2905 925 2944 successores
956 2891 1028 2944 ab
1061 2891 1168 2945 hac
1197 2890 1325 2945 luce
1357 2892 1608 2961 migrare
1635 2890 1886 2962 centige-

233 2977 455 3042 rit,non
481 2976 647 3031 liceat
672 2978 1006 3047 quempiam
1031 2994 1099 3031 ex
1124 2978 1314 3032 aliena
1336 2977 1877 3048 Ecclesiapraponi.

230 3065 338 3118 Sed
371 3081 439 3119 ex
472 3066 701 3135 proprio
731 3064 864 3119 sinu
897 3069 1016 3118 tam
1049 3065 1260 3131 clerici,
1285 3083 1461 3137 quam
1486 3065 1616 3121 laici
1643 3067 1880 3138 eligant,

235 3168 408 3224 quem
430 3151 696 3223 legaliter
713 3151 822 3207 sibi
850 3157 1141 3222 pastorem
1161 3154 1538 3209 constituant.
1567 3154 1779 3209 Fidelis
1796 3158 1886 3208 est

234 3242 409 3308 Deus,
442 3241 542 3312 qui
576 3258 880 3312 nunquam
913 3242 1159 3298 deficere
1208 3243 1482 3313 patiatur,
1516 3261 1586 3298 ne
1617 3244 1676 3297 in
1707 3243 1884 3314 Aqui-

232 3329 470 3386 leiensis
502 3329 765 3385 Ecclesia
795 3334 943 3385 catu
975 3330 1109 3386 talis
1133 3331 1319 3402 possit
1346 3331 1610 3397 inveniri,
1636 3331 1737 3402 qui
1761 3348 1885 3387 me-

239 3418 354 3474 rito
387 3419 611 3474 cateris
653 3419 1026 3492 episcopatus
1075 3398 1360 3492 dignitate
1393 3420 1578 3492 possit
1605 3398 1882 3493 praeponi.
1917 3398 1961 3464 Ο

242 3507 457 3562 Sancta
481 3507 736 3563 Trinitas
785 3508 1204 3564 fraternitatem
1255 3514 1505 3564 vestram
1538 3509 1736 3582 gratia
1767 3526 1890 3564 sua

241 3595 604 3666 protectione
633 3594 975 3666 circumdet,
1011 3601 1186 3668 atque
1219 3597 1297 3650 ita
1326 3597 1384 3651 in
1415 3597 1644 3652 timoris
1677 3598 1768 3652 sui
1799 3597 1891 3652 via

239 3700 347 3740 nos
379 3683 609 3755 dirigat,
645 3688 710 3738 ut
762 3691 895 3756 post
941 3686 1072 3739 vita
1102 3685 1280 3756 hujus
1330 3686 1786 3742 amaritudinem
1817 3687 1890 3741 ad

240 3777 515 3828 aternam
549 3771 726 3828 simul
758 3774 1056 3845 pervenire
1094 3774 1466 3830 dulcedinem
1500 3791 1851 3831 mereamur.

312 3916 526 3971 Datum
555 3915 616 3971 in
647 3916 1036 3972 sacritissima
1063 3917 1184 3972 ade
1203 3917 1359 3972 Petri
1389 3918 1657 3989 apostoli,
1692 3918 1892 3974 Idibus

243 4005 598 4072 Decembris,
631 4022 785 4060 anno
815 4006 1190 4077 pontificatus
1234 4007 1441 4062 Leonis
1496 4009 1538 4074 Ι,
1569 4007 1893 4079 imperante

246 4093 470 4149 Othone
503 4110 655 4149 anno
689 4112 750 4148 11.

243 4181 571 4253 disciplina
599 4182 683 4238 sic
714 4187 969 4249 utere,ut
998 4185 1202 4256 culpas
1233 4184 1493 4252 ferias,et
1523 4203 1558 4241 a
1587 4184 1895 4242 dilectione

245 4287 651 4341 personarum,
677 4287 823 4342 quas
843 4273 1108 4344 corrigis,
1137 4291 1248 4328 non
1276 4278 1542 4340 recedas;
1565 4274 1893 4330 misericor-

245 4359 378 4414 dem
404 4363 554 4425 te,ut
574 4360 763 4415 virtus
786 4361 1006 4431 patitur
1029 4361 1386 4432 pauperibus
1409 4362 1896 4433 exhibe.0ppres-

244 4448 329 4503 sis
357 4448 616 4505 defensio
633 4453 736 4504 tua
764 4449 1071 4506 subveniat
1095 4467 1108 4516 ;
1137 4451 1608 4522 opprimentibus
1631 4452 1898 4507 modesta

1995 2069 2154 2125 untis
2186 2071 2245 2125 C.
2289 2073 2357 2124 64
2390 2071 2771 2143 signata,_ubi
2806 2076 2936 2141 post
2985 2071 3252 2143 notitiam
3288 2071 3357 2124 de
3399 2069 3641 2124 Adriani

1995 2143 2224 2197 decreto
2256 2148 2312 2196 et
2343 2141 2475 2197 ante
2507 2141 2807 2196 Nicolaiin
2829 2141 3303 2196 constitutionem
3326 2146 3383 2195 et
3414 2158 3655 2195 concor-

1993 2215 2197 2268 datum
2213 2214 2639 2268 Wormatiense
2663 2213 2936 2279 habetur;
2963 2214 3234 2284 quintum
3258 2213 3648 2284 Cantabrigia

1993 2285 2144 2339 inter
2173 2286 2342 2341 codd.
2376 2285 2600 2356 collegii
2624 2285 2892 2355 Corporis
2925 2283 3518 2356 Christi;sextumin
3554 2284 3651 2338 bi-

1993 2356 2280 2411 bliotheca
2313 2355 2561 2411 civitatis
2594 2357 2948 2427 Bruggensis
2980 2356 3039 2409 in
3073 2355 3365 2427 Flandria,
3398 2355 3497 2408 ubi
3531 2371 3651 2409 una

1991 2444 2128 2483 cum
2162 2427 2380 2482 Nicolai
2415 2446 2453 2482 II
2503 2429 2917 2482 constitutione
2965 2428 3036 2481 de
3068 2426 3348 2481 electione
3397 2443 3555 2497 papa
3589 2427 3646 2479 in

1993 2500 2190 2554 codice
2224 2500 2417 2553 sacnli
2447 2517 2547 2553 xm
2601 2501 2763 2553 Petro
2796 2500 2866 2553 de
2917 2498 3060 2567 Riga
3091 2514 3268 2568 super
3297 2503 3415 2551 tota
3468 2497 3653 2551 biblia

1994 2570 2326 2639 subjicitur.
2363 2573 2590 2625 Partem
2643 2572 2770 2640 ejus
2831 2572 2922 2624 lvo
2975 2571 3288 2624 l‘anormia
3335 2569 3396 2623 L.
3430 2572 3484 2628 8.
3517 2585 3648 2638 cap.

1996 2643 2117 2706 135,
2151 2646 2208 2695 ct
2258 2641 2569 2696 Gratianus
2617 2647 2853 2696 Decreto
2905 2658 3010 2695 suo
3044 2642 3181 2707 dist.
3214 2641 3305 2705 63,
3339 2657 3387 2694 c.
3431 2641 3521 2707 23,
3559 2639 3650 2693 in-

1995 2717 2335 2776 seruerunt;
2361 2713 2722 2783 integra,sed
2749 2718 2944 2782 aperte
2967 2712 3336 2783 interpolata,
3362 2728 3429 2765 ex
3453 2711 3653 2783 codice

1995 2729 2335 2776 seruerunt;
2361 2729 2477 2766 inte
2526 2729 2722 2779 ra,seu
2749 2729 2944 2782 aperte
2967 2729 3336 2783 interponam,
3362 2729 3429 2765 ex
3453 2729 3648 2765 cocuce

1994 2784 2326 2837 Florentino
2352 2783 2411 2836 in
2436 2729 2778 2837 Tgeodorici
2801 2785 2870 2836 de
2891 2783 3052 2836 Niem
3079 2787 3326 2837 tractatu
3351 2783 3429 2836 De
3454 2781 3648 2853 privil.

1994 2860 2048 2908 et
2072 2854 2310 2923 juribus
2337 2853 2564 2922 imperii
2593 2854 2747 2924 apud
2773 2853 3122 2908 Schardium
3148 2854 3290 2924 Coit.
3323 2870 3448 2924 opp.
3482 2853 3653 2924 deju-

1994 2925 2318 2978 risdictione
2348 2923 2640 2993 imperiali
2663 2925 2833 2978 Basil.
2869 2925 3026 2987 1566,
3062 2930 3118 2978 et
3139 2923 3481 2979 Goldastum
3517 2941 3653 2994 pro-

1995 2996 2120 3049 diit.
2155 2995 2429 3050 Notitiam
2455 2995 2534 3049 rei
2567 3000 2738 3065 gesta
2764 2995 3012 3064 legimus
3045 2995 3103 3048 in
3135 2995 3284 3049 libro
3307 2995 3476 3048 tertio
3509 2993 3647 3048 Col-

1996 3066 2262 3121 lectionis
2293 3083 2586 3120 canonum
2637 3066 2938 3137 tripertita
2985 3071 3042 3120 et
3072 3066 3130 3119 in
3185 3067 3424 3120 Decreto
3456 3065 3649 3120 Ivonis

1997 3139 2040 3192 Ι.
2074 3140 2126 3205 8,
2161 3153 2210 3192 c.
2245 3138 2347 3191 136
2378 3138 2581 3208 (1976).
2616 3136 2814 3192 Ιλὶείίίθ
2843 3137 3184 3192 auctoritate
3227 3137 3437 3190 charta
3471 3137 3647 3192 ratio-

1996 3209 2170 3264 nibus
2202 3208 2316 3263 huc
2347 3225 2533 3279 usque
2565 3208 2808 3280 prolatis
2864 3208 3463 3280 minimeconﬁcitur.
3497 3208 3646 3262 Nam

1996 3280 2196 3335 omnia
2219 3279 2320 3333 illa
2337 3278 2462 3350 qua
2481 3278 2829 3351 bicregibus
2847 3278 3223 3335 Theutonicis
3241 3279 3645 3351 conferuntur,

1998 3352 2218 3406 scilicet
2240 3353 2341 3422 jus
2358 3356 2578 3406 certum
2598 3350 2953 3422 infeligendo
2971 3350 3650 3423 pontiﬁce.patriciatum

1997 3427 2326 3478 Romanum
2377 3423 2556 3492 etjus
2602 3423 2894 3478 vestitura
2944 3423 3377 3494 episcoporum,
3406 3423 3542 3476 inde
3575 3423 3648 3477 ab

2001 3494 2260 3566 antiquis
2285 3493 2647 3566 temporibus
2672 3496 2742 3548 ad
2767 3511 2867 3550 eos
2898 3493 3249 3566 pertinuisse
3275 3498 3528 3559 constat;
3549 3495 3651 3564 jus

1999 3583 2133 3621 vero
2156 3565 2407 3637 eligendi
2431 3565 2540 3620 sibi
2565 3581 2965 3621 successorem
2991 3565 3255 3636 Ottojam
3278 3570 3404 3637 tum
3423 3569 3653 3637 tempe:

2000 3639 2102 3704 ris,
2163 3636 2663 3692 consentientibus
2720 3637 3042 3692 Germania
3121 3636 3479 3707 proceribus,
3540 3636 3657 3691 sibi

2000 3709 2646 3779 usurpaverat.rForma
2672 3712 2869 3764 tamen
2908 3708 3120 3762 charta
3153 3723 3220 3762 ea
3250 3712 3359 3776 est,
3391 3724 3517 3779 qua
3553 3725 3654 3762 su-

2001 3777 2322 3851 spicionem
2356 3778 2615 3849 aliquam
2666 3784 2821 3834 certe
2853 3783 3120 3851 moveat:
3153 3795 3287 3832 nam
3322 3783 3388 3832 ut
3417 3777 3534 3833 alia
3561 3783 3658 3851 ta-

2003 3850 2188 3916 ceam,
2214 3851 2347 3921 quis
2377 3867 2639 3921 unquam
2659 3867 2810 3922 papa
2840 3851 2910 3904 de
2929 3850 3352 3922 praedecessore
3380 3866 3486 3904 suo
3518 3850 3660 3905 scri-

2003 3922 2216 3994 psisset
2232 3919 2393 3994 eujys
2424 3919 2594 3976 vitam
2627 3919 2680 3976 et
2698 3919 2971 3994 (rationein
2999 3921 3134 3975 satis
3163 3919 3460 3975 discretam
3489 3921 3658 3994 audi:

2000 3992 2200 4060 bim-us,
2234 3998 2291 4047 et
2321 3993 2589 4047 Ottonem
2623 3993 2843 4047 omissa
2872 3995 3220 4062 imperatoris
3248 4009 3388 4047 voce
3418 3992 3658 4048 nonnisi

2004 4081 2185 4133 regem
2217 4066 2566 4118 Teutonicum
2595 4064 2909 4136 designari,
2931 4062 3278 4136 scrupulum
3297 4063 3539 4134 injicere
3563 4065 3658 4120 de-

2004 4137 2133 4202 bet;
2167 4139 2223 4189 et
2254 4137 2534 4205 temporis
2581 4135 2906 4207 designatio
2939 4135 3327 4207 desideratur.
3358 4136 3472 4207 sed,
3517 4151 3654 4190 cum

2004 4208 2273 4263 Ottonem
2305 4213 2361 4261 et
2393 4208 2643 4261 Leonem
2677 4205 2867 4261 foedus
2899 4206 3131 4263 Imperii
3162 4211 3219 4261 et
3261 4205 3529 4262 Ecclesia
3562 4223 3651 4261 re-

2006 4294 2252 4333 novasse
2283 4277 2437 4332 haud
2463 4279 2707 4332 dubium
2742 4279 2837 4343 sit,
2859 4277 3295 4332 conditionibus
3317 4277 3411 4332 hic
3441 4294 3658 4349 propo-

2006 4349 2136 4405 sitis
2169 4349 2311 4404 {ides
2341 4349 2498 4404 haud
2532 4350 2771 4404 omnino
2803 4349 3150 4420 abneganda
3176 4349 3306 4404 erit.

2351 4438 2720 4507 Privilegium
2750 4439 2946 4493 Leonis
2972 4439 3143 4508 Papa
3176 4439 3316 4493 VIII.

2077 4524 2358 4580 Convenit
2388 4525 2708 4596 apostolico
2741 4524 3143 4581 moderamine
3172 4523 3529 4596 pollentibus
3562 4523 3662 4580 be-

1832 4637 2060 4693 NOTAE.

320 4725 506 4794 (1975)
539 4723 699 4780 Unde
731 4729 790 4780 et
818 4725 878 4779 in
910 4724 1142 4780 Baronii
1173 4730 1324 4782 Ann.
1359 4725 1497 4780 edit.
1533 4730 1667 4780 Luc.
1701 4729 1895 4782 trans-

251 4798 328 4852 cri
341 4801 439 4852 ota
467 4800 574 4851 est.

325 4815 835 4939 [(‘ibggftiiopitario
879 4870 1074 4921 nostro
1126 4871 1348 4939 textum
1381 4867 1572 4922 Ivonis
1616 4868 1676 4922 in
1707 4869 1902 4924 codice

253 4937 509 4994 Casareo
534 4937 968 4994 Vindobonensi
987 4937 1901 5009 interSalisburgensesNro.323.

253 5012 403 5065 mbr.
430 5027 562 5065 sac.
595 5029 652 5064 x1
683 5011 946 5065 exeuntis
971 5017 1072 5063 aut
1100 5027 1177 5082 xu
1200 5011 1483 5082 debemus
1517 5027 1530 5063 :
1566 5033 1591 5059 ‹‹
1626 5018 1731 5065 Leo
1753 5029 1904 5082 papa

252 5087 624 5153 congregata.
658 5082 838 5153 Rome
870 5082 1089 5153 synodo
1121 5081 1179 5134 in
1206 5080 1451 5153 ecclesia
1481 5083 1668 5136 sancti
1702 5080 1901 5137 salva-

252 5151 417 5234 toris,
450 5151 521 5234 ad
554 5151 1070 5234 egeniplum.;beati
1119 5152 1348 5234 Adriani
1379 5153 1714 5234 apostolica
1736 5155 1904 5234 sedis

252 5224 509 5295 episcopi
529 5225 627 5296 qui
643 5221 858 5278 domno
877 5221 1081 5278 Karolo
1099 5221 1580 5296 victoriosissimo
1594 5225 1711 5296 regi
1735 5226 1906 5280 Fran-

252 5311 453 5349 corum
488 5302 544 5350 et
564 5296 1078 5366 Longobardorum
1105 5295 1443 5366 patriciatus
1462 5295 1808 5366 dignitatem
1838 5315 1903 5351 ac

251 5367 678 5421 ordinationem
713 5367 1041 5439 apostolica
1065 5366 1220 5420 sedis
1253 5371 1307 5420 et
1339 5367 1744 5439 investitnram
1780 5371 1900 5439 epi-

252 5454 560 5507 scoporum
593 5438 901 5492 concessit.
937 5439 1052 5508 Ego
1086 5454 1318 5507 quoque
1348 5437 1461 5492 Deo
1487 5454 1688 5493 servus
1707 5437 1904 5494 servo-

253 5527 384 5563 rum
417 5509 514 5563 Dei
547 5511 858 5581 episcopus
887 5526 1021 5581 cum
1051 5517 1260 5563 cuncto
1281 5509 1434 5564 clero
1466 5527 1531 5564 ac
1556 5511 1768 5581 populo
1801 5512 1905 5566 Ro-

255 5597 428 5634 mano
459 5579 900 5652 constituimus,
928 5580 1236 5634 firmamus
1266 5584 1322 5652 et
1352 5579 1820 5652 corroboramus,
1849 5588 1905 5637 et

253 5668 355 5722 per
387 5657 645 5707 nostram
680 5649 1059 5722 apostolicam
1094 5651 1498 5705 auctoritatem
1528 5649 1903 5709 concedimus

252 5721 431 5793 atque
453 5722 739 5794 largimur
764 5722 979 5776 domno
998 5721 1188 5776 Ottoni
1208 5723 1396 5794 primo
1420 5723 1541 5793 regi
1557 5725 1902 5779 Teutonico-

251 5812 382 5848 rum
429 5795 676 5865 ejusque
728 5794 1168 5865 successoribus
1217 5794 1397 5865 hujus
1428 5794 1588 5865 regni
1623 5795 1799 5850 Italia
1843 5797 1900 5849 in

252 5861 748 5937 perpetuum,tam
764 5862 876 5918 sibi
894 5861 1228 5918 facultatem
1240 5861 1902 5933 eligendi‘successorem

1979 4745 2015 4800 q
2043 4743 2180 4782 uam
2196 4745 2444 4783 summa
2465 4728 2622 4783 sedis
2635 4727 2961 4799 apostolica
2977 4726 3313 4800 pontiﬁcem
3326 4724 3662 4800 ordinandi.

2010 4797 2092 4871 Ac
2123 4816 2223 4871 per
2253 4800 2362 4853 hoc
2383 4797 2856 4871 archiepiscopos
2879 4797 2992 4853 seu’
3013 4797 3320 4871 episcopos
3344 4802 3409 4852 ut
3440 4798 3511 4851 ab
3535 4798 3663 4869 ipso

2009 4870 2068 4943 in
2077 4869 2285 4943 vestitu
2294 4888 2414 4925 ram
2429 4869 2647 4943 suscipi
2655 4869 3280 4943 ant’,consecrationem
3297 4873 3493 4943 autem
3507 4871 3667 4943 unde

2013 4942 2228 5014 debent
2257 4960 2268 5014 ;
2303 4944 2556 5014 exceptis
2596 4940 2700 4998 bis
2732 4959 2880 5014 quos
2927 4942 3260 5014 imperator,
3294 4940 3561 5014 pontifici
3597 4957 3666 4996 ex

2015 5012 2470 5085 archiepiscopis
2493 5012 2876 5085 concessitlﬁt
2895 5018 2959 5085 ut
2981 5028 3151 5085 nemo
3173 5012 3445 5085 deinceps
3469 5013 3666 5082 cujus-

2014 5101 2248 5155 cunque
2278 5083 2584 5156 dignitatis
2615 5085 2700 5139 vel
2751 5083 3053 5155 religionis
3081 5083 3333 5156 eligendi
3363 5083 3451 5156 vel
3483 5085 3664 5153 patri-

2015 5154 2170 5210 cium
2202 5156 2322 5210 sive
2351 5154 2687 5227 pontiﬁcem
2719 5154 2965 5211 summa
2997 5155 3152 5227 sedis
3181 5154 3533 5227 apostolica
3556 5158 3667 5227 aut

2013 5225 2426 5298 quemcunque
2457 5229 2797 5299 episcopum
2831 5225 3141 5299 ordinandi
3179 5225 3394 5299 habeat
3420 5225 3665 5281 faculta-

2011 5303 2129 5353 tem
2163 5299 2384 5369 absque
2415 5297 2702 5354 consens'u
2727 5299 2914 5370 ipsius
2942 5297 3316 5370 imperatoris
3346 5315 3360 5364 ;
3393 5299 3548 5370 quod
3583 5301 3666 5351 ta-

2015 5386 2146 5442 men
2183 5367 2305 5423 fiat'
2327 5371 2547 5441 absque
2581 5367 2765 5442 omni'
2788 5367 3055 5442 pecunia.
3087 5367 3158 5422 Et
3188 5372 3258 5442 ut
3282 5369 3406 5440 ipse
3429 5369 3532 5442 sit
3563 5385 3666 5440 pa-

2013 5441 2219 5496 tricius
2249 5446 2306 5496 et
2337 5440 2466 5498 rex.’
2488 5441 2705 5507 Quodsi
2737 5459 2769 5496 a
2790 5440 2952 5496 clero
2996 5445 3053 5495 et
3086 5440 3666 5512 populoiepiscopus

2014 5512 2151 5585 quis
2177 5512 2445 5583 eligatur,
2463 5515 2574 5568 nisi
2609 5531 2642 5568 a
2672 5512 3172 5585 supradictorege
3200 5511 3474 5567 laudetur
3496 5511 3663 5585 etin-

2011 5583 2314 5651 vestiatur,
2364 5602 2479 5640 non
2524 5583 2915 5640 consecretur.
2968 5583 3212 5651 Siquis
3258 5587 3464 5639 contra
3511 5583 3665 5639 hanc

2015 5655 2395 5724 apostolicam
2447 5657 2850 5712 auctoritatem
2901 5653 3122 5725 aliquid
3172 5654 3472 5723 moliatur,
3503 5655 3664 5710 hunc

2013 5728 2601 5783 excommunicationi
2649 5727 2951 5797 subjacere
3000 5726 3391 5793 decernimus,
3442 5730 3501 5782 et
3546 5726 3665 5782 nisi

2013 5797 2708 5878 resipueritinrevocabili
2737 5797 2910 5878 exilio
2926 5797 3123 5869 puniri
3153 5797 3240 5855 vel
3273 5797 3501 5856 ultimis
3523 5817 3667 5872 sup-

2013 5867 2202 5937 pliciis
2233 5869 2411 5925 feriri.
2445 5870 2692 5942 Explicit
2720 5867 3041 5927 decretum.
3076 5890 3104 5919 »
