3884 6472
256 474 372 533 999

1297 469 1750 533 PRIVlLEGlA
1791 469 1893 528 ET
1937 467 2088 530 GON
2097 468 2515 531 STITUTION
2523 471 2640 532 ES.

3518 475 3680 539 1000

255 606 561 678 subjaceat
587 607 700 680 legi
725 607 896 664 Juliaa
926 622 1061 662 reus
1092 606 1259 679 regia:
1290 603 1590 676 potestatis
1620 607 1678 658 et
1700 601 1780 656 rei
1805 618 1908 672 pu-
1935 602 1991 666 Α
2021 600 2208 656 senati
2240 602 2538 658 exconsul.
2571 603 2859 675 Propinus
2889 603 3402 677 exconsulpalacio
3417 607 3678 664 Luoiano

262 693 507 762 blice,ut
536 697 621 751 hii
667 697 767 768 qui
824 701 1030 752 contra
1088 693 1508 766 rempublicam
1565 691 1650 746 vel
1712 694 1914 745 contra

262 783 637 855 imperatoris
659 788 1041 858 magestatem
1073 783 1295 854 aliquid
1329 779 1516 834 moliti
1549 779 1913 846 fuerint,ani-

258 888 354 927 me
385 873 762 929 amissionem
785 874 1115 929 sustineant
1145 875 1202 926 et
1220 870 1373 924 bona
1397 884 1599 924 eorum
1632 867 1909 939 publcen-

258 963 376 1015 tur.
411 963 559 1028 Fiat,
583 963 702 1017 fiat.
728 964 791 1016 1n
821 961 916 1014 his
945 960 1090 1014 actis
1120 958 1434 1012 interfuere
1463 958 1568 1011 ⁶⁴⁴ε
1600 956 1910 1011 Eustasius

256 1047 610 1104 Albanensis
659 1051 745 1102 ⁸³⁵.
798 1047 1076 1117 Georgius
1135 1045 1539 1100 Portunensis.
1601 1045 1907 1100 Gratiosus

257 1139 636 1193 Prenestinus
666 1135 992 1206 episcopus.
1028 1134 1322 1188 Deodatus
1345 1132 1690 1188 Hostiensis.
1723 1133 1906 1188 Bene-

253 1225 450 1280 dictus
479 1223 842 1279 Tiburtinus.
872 1222 1210 1277 Cardinales
1240 1221 1335 1276 his
1366 1222 1514 1277 actis
1547 1221 1900 1277 interfuere:

253 1312 584 1368 Benenatus
615 1311 930 1366 cardinalis
960 1315 1175 1365 sanctae
1206 1309 1433 1366 Cecilie.
1465 1309 1739 1366 Julianus
1771 1325 1904 1382 pre-

250 1402 450 1472 sbyter
481 1399 765 1455 Laterani.
797 1402 1025 1454 Marcus
1047 1399 1349 1471 presbyter
1369 1399 1555 1454 sancti
1586 1399 1748 1453 Pauli
1773 1414 1903 1470 apo-

249 1487 405 1544 stoli.
442 1488 753 1560 Gregorius
812 1488 1129 1544 cardinalis
1186 1489 1259 1542 ad
1310 1487 1577 1543 Vincula.
1640 1488 1901 1542 Andreas

249 1577 551 1648 presbyter
580 1576 931 1648 patriarchio
955 1577 1572 1632 Laterani.Faustinus
1603 1577 1902 1648 presbyter

249 1667 436 1721 sancti
473 1666 644 1721 Petri.
673 1665 759 1720 Hii
791 1682 998 1721 omnes
1029 1664 1378 1720 cardinales.
1413 1666 1474 1720 In
1509 1665 1600 1719 his
1633 1665 1774 1719 actis
1805 1665 1900 1718 in-

246 1755 579 1810 terfuerunt
597 1753 1020 1826 archiepiscopi
1043 1759 1099 1809 et
1118 1753 1374 1825 episcopi
1395 1753 1467 1809 de
1495 1753 1703 1808 vicinis
1729 1753 1901 1808 :Cito-

244 1848 419 1900 natus
448 1842 922 1914 archiepiscopus
969 1842 1355 1898 Caralitanus.
1387 1842 1716 1898 Marcianus
1751 1842 1899 1898 Nar-

243 1932 787 1988 niensis.Gerardus
816 1931 1189 1988 Gastriensis.
1219 1930 1893 2003 GregoriusTudertinus

233 2021 496 2076 Andreas
527 2019 1306 2075 Nomentanus.Savinianus
1337 2019 1592 2074 Plerane.
1630 2017 1886 2074 Dalmia-

228 2115 346 2164 -nut
375 2107 902 2164 Altinus.Joannes
925 2109 1288 2163 Petrusinus.
1321 2108 1666 2163 Valentinus
1698 2108 1888 2162 Mera-

238 2198 459 2254 nensis.
489 2198 827 2253 Theodorus
859 2197 1067 2252 Mileto.
1101 2197 1368 2252 Alberius
1403 2197 1696 2253 Marceriaa
1726 2196 1887 2251 Hiim

2023 690 2242 745 Paulus
2275 691 2578 762 detemplo
2626 691 2907 748 Palatinis
2937 693 3026 748 ⁸³⁷.
3063 693 3171 748 Leo
3196 694 3266 748 de
3299 695 3393 749 via
3450 695 3682 753 Salaria

2022 778 2282 834 Stauﬂus
2312 780 2383 834 de
2413 781 2510 834 via
2532 781 3122 836 Mamertina.Gaidus
3143 783 3213 836 de
3241 783 3334 837 via
3355 783 3681 841 Flaminea.

2022 867 2265 923 Goibius
2299 869 2371 923 de
2401 870 2491 923 via
2519 869 2998 925 Latina.Savinus
3029 872 3101 926 de
3129 871 3225 926 via
3252 873 3682 943 Appia.Meria-

2020 972 2134 1010 nus
2167 957 2238 1011 de
2267 957 2360 1010 via
2389 956 2943 1013 Tiburtina.Raidus
2974 959 3046 1014 de
3078 959 3320 1015 macello
3341 961 3410 996 “3
3475 961 3676 1017 Lidiaa.

2017 1043 2162 1097 Item
2194 1045 2264 1098 de
2295 1045 2572 1099 omnibus
2587 1045 2678 1100 his
2701 1047 3041 1118 regionibus
3067 1047 3159 1102 his
3181 1050 3329 1104 actis
3352 1050 3677 1107 interfuere

2016 1132 2191 1204 Regio
2222 1133 2293 1187 de
2323 1134 2448 1188 vico
2484 1134 2734 1188 Patricii.
2769 1135 2945 1205 Regio
2999 1143 3177 1208 caput
3232 1138 3426 1193 Tauri.
3489 1139 3673 1211 Regio

2014 1220 2203 1275 rivum
2234 1221 2850 1294 Argentarium.Regio
2883 1225 2953 1278 ad
2979 1225 3093 1279 duo
3115 1227 3672 1300 adamantesRegio

2013 1313 2215 1364 octava
2244 1311 2354 1364 sub
2386 1309 2686 1381 Capitolio.
2707 1311 2884 1383 Regio
2918 1313 3256 1369 Liberatica.
3301 1315 3480 1387 Regio
3521 1316 3672 1372 Sici-

2013 1397 2116 1451 nii.
2153 1397 2325 1466 Regio
2356 1397 2451 1452 via
2482 1397 2618 1452 lata.
2653 1399 2830 1470 Regio
2860 1399 3013 1455 Celio
3045 1401 3450 1473 monte.Regio
3475 1403 3674 1473 prima

2008 1486 2498 1558 Aventino.Regio
2534 1487 2696 1542 urbis
2727 1488 3034 1543 Ravennae.
3067 1491 3245 1561 Regio
3274 1492 3344 1545 ad
3399 1491 3668 1548 Ga1linas

2009 1574 2379 1647 albas.Regio
2397 1575 2779 1648 Orrea.Regio
2805 1579 3064 1632 secunda
3087 1578 3667 1652 Marmertini.Regio

2009 1681 2180 1720 secus
2211 1667 2443 1718 Portam
2475 1665 2745 1719 Metrorii.
2778 1665 3114 1721 Janciarius
3143 1683 3213 1722 ex
3256 1672 3395 1722 nota
3449 1668 3666 1725 Greco-

2007 1770 2161 1809 rum.
2194 1752 2493 1808 Johannes
2523 1752 2726 1808 consul
2755 1754 2826 1808 de
2857 1753 3081 1826 palacio
3108 1755 3670 1812 Sosoritano.Jobia-

2006 1859 2120 1897 nus
2137 1842 2209 1896 de
2226 1842 2384 1895 fonte
2423 1848 2634 1896 Aureo.
2668 1841 2984 1913 Gregorius
3009 1842 3665 1901 deGellanova.Roma-

2006 1946 2118 1984 nus
2149 1931 2219 1984 de
2248 1930 2436 1983 forma
2463 1929 2732 2000 Trajana.
2765 1929 3066 1986 Johannes
3111 1932 3183 1986 de
3239 1932 3332 1985 via
3387 1932 3660 1989 Claudia.

2001 2018 2302 2090 Remigius
2324 2018 2395 2072 de
2425 2019 2518 2072 via
2547 2017 2805 2074 Aurelia.
2840 2018 3124 2074 Romulus
3154 2020 3224 2074 de
3253 2020 3344 2075 via
3387 2022 3660 2077 Ardeati-

1998 2124 2092 2161 na.
2127 2107 2356 2161 Marcus
2387 2107 2458 2161 de
2488 2108 2581 2162 via
2620 2107 2944 2163 Portuensi.
3008 2108 3296 2178 Trajanus
3344 2109 3417 2164 de
3476 2115 3661 2180 ponte

1998 2195 2230 2251 Molbio.
2265 2198 2506 2251 Amatus
2537 2195 2740 2251 consul
2774 2197 2845 2252 de
2876 2195 3095 2268 palacio
3128 2197 3408 2252 Vaticano
3441 2199 3530 2251 ⁶³⁰.
3559 2199 3658 2254 Pi-

239 2301 448 2342 omnes
476 2286 898 2358 archiepiscopi
940 2293 997 2341 et
1041 2285 1317 2358 episcopi.
1345 2286 1660 2341 Faustinus
1712 2289 1889 2357 caput
1995 2285 2213 2340 trosius
2238 2284 2306 2319 ⁶⁴⁰
2337 2289 2407 2340 de
2437 2284 2596 2338 Circo
2622 2286 2714 2340 5“.

1584 2491 1842 2547 VARL/E
1880 2490 2295 2548 LECTIONES.

304 2643 372 2677 53‘
401 2643 437 2696 i.
471 2643 890 2714 archiepiscopi
924 2647 979 2697 et
1007 2643 1264 2714 episcopi
1307 2643 1376 2696 de
1406 2642 1613 2696 vlcinis
1639 2658 1685 2695 c.
1738 2641 1776 2694 i.
1836 2659 1887 2696 a.
1921 2645 1978 2714 et
2007 2656 2058 2714 e7.
2091 2641 2192 2696 alii
2237 2642 2308 2714 de
2337 2642 2803 2714 v.gcomitatibus
2841 2644 2929 2698 Th.
2963 2643 3034 2698 de
3065 2644 3225 2701 Mem
3295 2643 3366 2678 6³⁵
3396 2642 3654 2700 Subscri-

227 2717 446 2786 ptiones
469 2712 782 2770 Theodoh’ci
811 2712 874 2769 de
903 2712 1058 2769 Niem
1075 2712 1303 2786 Ιιέεδῐιηι
1328 2713 1844 2786 :Arcbiepiscopus
1856 2712 2661 2786 Galar_itanen§is.Ciconatus
2675 2715 3004 2786 episcopus.
3022 2714 3327 2770 Eustasius
3350 2715 3650 2770 Albanen-

233 2783 320 2858 sis
346 2787 675 2858 episcopus.
710 2785 1492 2858 GratiosusPenestrinensis
1507 2783 2661 2858 episcopus._BenAedictusTudertinensis
2681 2783 3296 2858 episcopus,iBoardus
3316 2787 3652 2844 Castrensis

232 2852 572 2930 episcopus:
596 2857 850 2911 Joannes
881 2855 1246 2930 Perusicnsis
1275 2852 1610 2930 episcopus.
1641 2854 1923 2930 Georgius
1949 2852 2209 2930 Ortensis
2239 2852 2949 2930 episcopus.~Va-lentinu_s
2977 2856 3272 2930 Menensis
3303 2858 3643 2930 episcopus.

228 2923 488 3000 Andreas
521 2923 1376 3000 Momentanensisepiscopljs.
1419 2923 2144 3000 Theodosius'Miletensis
2192 2925 2520 3000 episcopus.
2573 2923 2869 3000 Savianus
2909 2925 3251 3000 Ferenensis
3309 2923 3646 3000 episcopus.

227 2998 504 3053 Albertus
538 2999 914 3053 Lucernensis
944 2994 1272 3067 episcopus“.
1295 2996 1615 3050 Damianus
1644 2995 1886 3067 Alanus.
1913 2995 1978 3067 Hi
2007 3011 2211 3067 omnes
2243 2994 2663 3067 archiepiscopi
2694 2999 2752 3049 et
2783 2995 3039 3067 episcOpi
3064 2998 3119 3050 in
3154 2998 3249 3052 his
3272 2994 3418 3056 actis
3452 2994 3643 3056 inter-

228 3071 409 3141 fuere.
444 3069 802 3136 Cardinales,
836 3064 1191 3141 presbyteri":
1224 3068 1550 3141 Geordinus
1581 3065 1983 3141 cardinalis‘in
2015 3064 2266 3141 vincula.
2303 3066 2647 3141 Benedictus
2677 3064 3000 3121 cardinalis
3021 3068 3380 3141 deprmsepe
3421 3077 3639 3127 sancta:

228 3140 441 3195 Mariae.
468 3141 791 3195 Cardinalis
822 3137 1123 3211 presbyter
1154 3139 1265 3194 Leo
1297 3137 3076 3211 sanctQJerusalem.Cardinalispresbyterjanuarumsanctae
3095 3137 3643 3210 Carqiliaéhndreas

222 3212 655 3284 patriarchatus
686 3208 1095 3284 Lateranen'sis
1124 3209 1459 3284 cardinalis.
1497 3209 1800 3284 Presbyter
1831 3209 2146 3284 Faustinus
2171 3209 2359 3284 sancti
2385 3209 2542 3284 Petri
2576 3208 2842 3284 apostoli.
2877 3209 3167 3284 Hiomnes
3190 3208 3518 3268 cardinales
3543 3214 3643 3271 his

225 3279 370 3338 actis
402 3284 735 3355 interfuere.
768 3286 984 3337 Omnes
1017 3281 1228 3355 schola:
1263 3281 1556 3355 Romanae,
1589 3280 1797 3335 deinde
1831 3279 2226 3352 proscrinarii,
2261 3279 2637 3355 satellariiex
2668 3280 2828 3334 omni
2851 3281 3051 3355 ordine
3075 3281 3428 3355 Romanensi
3462 3290 3644 3355 atque

227 3355 472 3408 minoris
502 3354 700 3425 populi
731 3355 1000 3408 Romani.
1027 3353 1167 3407 Item
1203 3353 1512 3425 Faustinus
1542 3358 1736 3421 caput,
1771 3350 2331 3425 senatusexconsul,
2356 3352 3052 3425 protribun_us,iexconsul
3078 3353 3310 3423 palatio.
3338 3350 3645 3413 Lucianus

225 3422 612 3480 Romanensis
639 3429 710 3480 de
731 3425 919 3480 forma
949 3423 1313 3490 Trojanensi.
1347 3423 1564 3478 Paulus
1595 3425 1664 3477 de
1697 3423 1915 3494 templo
1950 3422 2169 3493 palatii.
2203 3422 2501 3477 Johannes
2524 3423 2592 3477 de
2622 3423 2711 3476 via
2739 3423 3001 3477 Claudia.
3038 3422 3147 3478 Leo
3179 3425 3249 3479 de
3276 3426 3369 3478 via
3388 3426 3642 3484 Salaria.

227 3496 530 3568 Remigius
562 3499 631 3552 de
664 3497 754 3550 via
785 3495 1039 3568 Aurelia.
1069 3495 1395 3568 Scamphus
1417 3496 1487 3568 de
1509 3495 1599 3568 via
1620 3495 1983 3568 Mamertina.
2011 3494 2389 3568 Romulusde
2409 3494 2503 3548 via
2523 3494 2879 3568 Ardeatium.
2900 3495 3121 3568 Sardus
3137 3497 3208 3568 de
3223 3496 3315 3568 via
3333 3495 3642 3554 Flaminia.

224 3565 454 3647 {ferch
588 3569 677 3622 via
710 3567 1038 3647 Portuensi.
1073 3565 1301 3647 Garbus
1329 3567 1522 3647 devia
1554 3565 1795 3647 ‘Lantina.
1842 3565 2108 3647 ‘Savinusu
2143 3566 2212 3619 de
2261 3565 2353 3647 via
2396 3566 2618 3647 Appian
2652 3565 2937 3647 Menanus
2978 3567 3072 3647 de
3096 3567 3187 3621 via
3213 3567 3642 3647 Tib-urtinensi.

228 3638 457 3694 Gardus
488 3641 558 3694 de
591 3638 832 3712 macello
861 3637 1061 3712 Lydiae.
1092 3637 1152 3691 In
1184 3637 1455 3712 hisactis
1486 3638 1797 3712 interfuere
1826 3637 1896 3692 de
1930 3636 2205 3712 omnibus
2237 3636 2572 3712 regionibus
2606 3637 2772 3712 istis;
2801 3638 2983 3712 Regio
3006 3637 3146 3712 Vico
3181 3639 3429 3712 patricii.
3457 3639 3643 3712 Regio

221 3716 399 3782 caput
429 3711 626 3766 Dauri.
665 3711 840 3782 Regio
870 3708 1342 3782 viriiargentarii.
1380 3709 1556 3782 Regio
1578 3710 1658 3782 ad
1692 3709 1840 3762 duos
1867 3715 2122 3782 montes.
2151 3708 2336 3782 Regio
2363 3712 2566 3782 octava
2596 3709 2708 3782 s_ub
2738 3709 3045 3782 Capitolio.
3082 3708 3260 3780 Regio
3296 3708 3639 3782 Lybantica.

224 3779 403 3861 Bégio
435 3779 772 3861 Fundanm:
777 3781 955 3861 Regio
985 3780 1092 3834 Via
1121 3780 1258 3861 lata.
1289 3780 1469 3860 Regio
1498 3779 1838 3861 Celimonte.
1866 3779 2265 3861 Regiohprirna
2296 3779 2583 3861 Aventini.
2613 3780 2788 3861 Regio
2808 3781 2979 3861 urbis
3011 3779 3316 3861 Ravennae.
3347 3779 3532 3853 Regio
3563 3784 3640 3861 ad

224 3799 403 3906 ηθῆιο
435 3799 748 3837 r'unaanar
777 3799 955 3853 Iteglo
997 3799 1092 3834 νιξι
1121 3799 1258 3834 lata.
1289 3799 1469 3860 .uegio
1498 3799 1838 3834 υθιιωοῐιιθ.
1866 3799 2043 3861 11.9810
2076 3799 2265 3860 prima
2296 3799 2583 3833 Λνριηιηι.
2613 3799 2788 3905 ηεξῗο
2817 3799 2979 3836 ΠΓΟΙΒ
3011 3799 3316 3836 Ravennae.
3352 3799 3532 3853 neglo
3563 3799 3640 3839 αα

222 3853 322 3907 Gal
357 3854 482 3907 inas
513 3854 699 3908 albas.
727 3853 904 3923 Regio
935 3852 1127 3906 herea.
1163 3852 1340 3923 Regio
1373 3851 1628 3923 secunda
1654 3850 2218 3923 Mamertini._Regio
2250 3867 2418 3905 secus
2450 3857 2673 3919 portam
2742 3851 2997 3906 Ietronii.
3037 3852 3354 3907 Januarius
3399 3869 3467 3907 ex
3497 3859 3641 3910 nota

224 3923 580 3991 Graecorum,
613 3920 905 3994 Troianus
937 3925 1005 3977 de
1037 3929 1212 3992 ponte
1245 3920 1746 3994 lllilvionoannes
1777 3921 1981 3976 consul
2003 3921 2072 3974 de
2105 3920 2262 3994 Palio
2296 3922 2720 3994 Sosortanensi.
2756 3923 3022 3977 Amatius
3057 3923 3260 3978 consul
3319 3925 3388 3978 de
3420 3923 3638 3993 palatio

215 3995 612 4051 Vaticanensi.
638 3992 893 4050 Joannes
917 3995 986 4049 de
1010 3994 1203 4048 Monte
1229 4011 1422 4049 aureo.
1460 3992 1757 4047 Petrocius
1787 3995 1858 4047 de
1889 3993 2057 4047 circo.
2093 3992 2406 4062 Gregorius
2439 3993 2509 4047 de
2537 3992 2691 4047 Cella
2744 4011 2910 4048 nova.
2990 3995 3057 4028 ⁸³⁵
3107 3995 3179 4048 aii
3211 4012 3240 4049 ο
3311 3997 3378 4035 ⁶τ⁷

220 4067 312 4120 nis
346 4084 390 4121 ε.
467 4068 536 4102 ⁸³⁸
569 4067 744 4122 mallo
774 4083 820 4121 ε.
897 4067 966 4105 ⁶³⁹
993 4065 1256 4120 vatirano
1285 4082 1332 4119 c.
1411 4065 1482 4099 διο
1510 4065 1802 4119 Petrosius
1832 4081 1973 4119 corr.
2013 4063 2314 4119 Pitrosius.
2393 4065 2455 4097 ⁶⁴¹
2501 4064 2686 4118 Tbeod.
2733 4065 2797 4119 de
2845 4066 2999 4120 Niem
3039 4065 3150 4120 haec
3177 4066 3370 4121 addit:

222 4151 328 4210 per
359 4155 600 4194 manum
660 4136 918 4211 Gregorii
976 4136 1357 4211 archinotarii
1402 4137 1620 4211 nostri.
1674 4141 1827 4191 Datae
1863 4135 1940 4211 _in

3453 3995 3636 4050 alaci-

3445 4067 3522 4120 cri
3533 4072 3638 4138 pta

2031 4135 2344 4209 atriarchio
2377 4136 2750 4192 Lateranensi
2782 4137 2834 4191 3.
2869 4136 3106 4192 Calend.
3137 4138 3293 4209 Maii,
3341 4135 3550 4194 indict.
3574 4140 3632 4195 6.

221 4206 393 4266 Anno
424 4211 551 4282 ejus
582 4206 861 4281 secundo,
891 4211 949 4264 et
977 4207 1114 4264 dicti
1139 4207 1363 4265 domini
1392 4206 1638 4264 Othonis
1663 4208 1918 4264 secundo
1941 4206 2203 4262 feliciter.
