3884 6440
350 464 508 531 1005

1597 467 1701 527 DE
1745 465 1937 528 VITA
1985 466 2051 526 S.
2099 466 2546 530 ARBOGASTI

3622 465 3777 533 1006

348 600 535 660 sionis
557 599 709 657 facto
734 615 886 672 opus
909 596 1006 666 sit,
1031 603 1088 655 et
1115 599 1407 672 quomodo
1439 599 1593 674 regis
1616 600 1872 657 dolorem
1899 600 2008 656 mi-
2041 601 2092 667 Α
2198 603 2250 656 6.
2290 601 2474 674 Igitur
2494 601 2596 672 qui
2619 600 2713 657 hic
2733 599 2924 659 ofﬁcio
2947 601 3192 658 aderant
3219 598 3535 659 clamorem
3575 603 3772 677 gaudii

347 691 628 763 tigarent,
649 706 787 744 cum
811 706 1010 744 secum
1036 695 1384 761 quarerent,
1405 691 1642 746 tandem
1667 690 1908 746 consilio
1926 691 2009 744 in-

348 785 543 850 vento,
568 785 632 834 ut
663 778 980 850 episcopus
1003 778 1282 834 invitetur
1309 779 1428 851 regi
1462 785 1788 852 suggerunt
1816 796 1826 834 :
1853 780 2007 850 quod

348 871 447 928 ille
468 868 848 925 devotissimo
869 867 1251 940 amplectens,
1273 886 1405 924 mox
1419 870 1544 924 sine
1563 869 1838 924 dilatione
1860 868 2010 941 lega-

351 960 428 1016 tis
459 957 720 1026 directis,
757 963 822 1012 ut
859 958 928 1012 ad
961 974 1022 1013 se
1046 957 1358 1029 episcopus
1381 958 1539 1012 omni
1567 957 1908 1014 festinantia
1931 958 2011 1012 fa-

351 1050 538 1122 tigare
567 1063 630 1104 se
661 1047 941 1119 dignetur
982 1048 1262 1120 exposcit.

427 1139 476 1193 4.
511 1137 626 1192 Nec
660 1152 846 1204 mora,
882 1136 1340 1208 faciuntjussa:
1393 1137 1731 1209 episcopum
1767 1137 2008 1202 adeunt,

352 1243 591 1284 causam
623 1226 991 1281 invitationis
1024 1244 1138 1281 non
1171 1227 1298 1281 sine
1343 1225 1500 1280 luctu
1552 1232 1872 1298 exponunt.
1908 1225 2009 1280 Ille

350 1333 506 1384 vero,
539 1315 737 1371 audito
769 1332 907 1370 casu
943 1314 1136 1385 amici,
1173 1321 1334 1370 totus
1365 1316 1576 1388 spiritu
1601 1316 2006 1381 conturbatus,

351 1406 500 1461 ﬂens
533 1403 908 1476 multumque
937 1421 1201 1476 gemens,
1235 1410 1435 1460 vocato
1467 1405 1780 1474 comitatu,
1804 1404 2005 1458 statim

352 1509 661 1567 properare
692 1510 806 1548 non
839 1492 1092 1548 distulit.
1142 1494 1259 1550 Nec
1309 1494 1507 1549 minus
1558 1494 1782 1548 interea
1811 1510 1906 1547 rex
1936 1493 2006 1547 ad

351 1583 668 1638 adventum
684 1582 984 1654 pontiﬁcis
998 1582 1639 1654 impatiens,egrcssus,
1658 1599 1853 1637 senem
1871 1581 2010 1636 emi-

349 1687 465 1728 nus
489 1671 863 1727 festinantem
898 1671 1300 1743 conspicatus,
1343 1671 1488 1726 fusis
1513 1671 1809 1743 laerymis,
1826 1669 2010 1725 velato

352 1759 563 1833 capite,
591 1759 1014 1817 comitantibus
1075 1759 1280 1815 multis
1334 1765 1508 1831 atque
1552 1759 2011 1831 lacrymantibus

352 1849 611 1922 stipatus
632 1849 906 1905 occurrit.
927 1848 1188 1914 Quicum
1209 1865 1272 1903 se
1293 1848 1539 1904 invicem
1562 1848 1731 1904 solito
1754 1847 2010 1904 salutare

2121 692 2348 747 diutius
2371 691 2641 747 cohibere
2665 709 2781 747 non
2803 696 3104 764 poterant:
3128 693 3271 764 quin
3297 692 3476 749 libere
3497 699 3773 765 eruptum

2119 781 2361 852 atrium,
2391 797 2744 853 omnemque
2778 781 2973 837 aulam
3005 783 3159 855 regis
3179 783 3493 838 vociferatu
3516 784 3772 839 maximo

2119 870 2460 943 implebant.
2490 873 2612 936 Quo
2635 887 2840 926 omnes
2867 889 2900 926 a
2935 887 3143 928 somno
3173 872 3425 937 excussi,
3458 871 3572 928 huc
3603 872 3770 928 illuc-

2119 977 2231 1033 que
2262 960 2691 1026 discurrebant,
2724 976 2962 1016 causam
2990 961 3136 1016 tanti
3161 961 3392 1018 sonitus
3411 960 3771 1034 ignorantes.

2117 1049 2353 1126 Necnon
2376 1050 2500 1120 ipse
2519 1066 2637 1116 rex,
2661 1049 2760 1122 qui
2782 1054 2922 1104 tunc
2940 1049 3195 1119 primum
3211 1067 3418 1122 parum
3441 1050 3633 1107 somni
3651 1068 3772 1106 car-

2119 1138 2313 1210 pebat,
2339 1138 2672 1209 exterritus,
2699 1154 2835 1194 nam
2860 1139 3110 1193 nimium
3139 1139 3328 1194 tristis
3348 1143 3470 1196 tota
3491 1143 3657 1196 nocte
3675 1140 3770 1211 ja-

2119 1227 2976 1298 cebatinsomnis,cubiculum,
2997 1228 3095 1282 ubi
3110 1232 3312 1284 tantus
3329 1228 3772 1300 fragorexortus

2119 1320 2226 1381 est,
2257 1315 2507 1371 festinus
2532 1316 2796 1372 incurrit.
2821 1317 3050 1380 Quanta
3072 1316 3273 1372 lzetitia
3295 1333 3393 1372 cor
3421 1318 3550 1388 ejus
3572 1317 3774 1389 pulsa-

2117 1405 2284 1474 verit,
2310 1406 2451 1458 fusaa
2476 1422 2578 1476 pro
2601 1404 2814 1476 gaudio
2866 1404 3132 1476 lacrymae
3180 1409 3493 1476 testantur,
3518 1422 3650 1461 cum
3683 1421 3772 1460 re-

2118 1493 2400 1548 viviscere
2421 1494 2566 1548 vidit
2587 1511 2690 1565 pro
2718 1510 2855 1564 quo,
2888 1494 2937 1548 si
2971 1510 3104 1549 eum
3129 1497 3433 1567 reciperet,
3465 1493 3593 1566 ipse
3622 1493 3771 1550 mori

2119 1582 2476 1654 concupivit.
2499 1583 2712 1639 Vocata
2730 1587 2916 1638 mater
2933 1583 3002 1638 ad
3024 1583 3170 1638 tanti
3191 1584 3294 1639 viri
3313 1584 3490 1656 pedes
3511 1582 3773 1655 festinat,

2120 1671 2259 1744 quia
2288 1689 2386 1728 cor
2415 1674 2543 1743 ejus
2573 1673 2737 1727 triste
2781 1671 2939 1728 ﬁlius
2985 1672 3150 1728 vivus
3199 1671 3512 1740 mulcebat,
3545 1687 3771 1729 necnon

2121 1777 2326 1816 omnes
2344 1762 2445 1833 qui
2467 1762 2538 1816 ad
2563 1762 2740 1817 funus
2759 1761 3094 1818 deﬂendum
3118 1761 3536 1829 conﬂuxerant,
3555 1759 3770 1832 gaudio

2122 1849 2324 1920 repleti
2355 1852 2427 1906 ad
2463 1851 2910 1906 admirationem
2957 1850 3314 1921 resurgentis
3353 1850 3520 1920 pueri
3549 1849 3770 1920 quique

353 1943 650 2013 pararent,
677 1955 792 2010 pre
813 1939 994 1994 nimio
1017 1938 1216 1994 dolore
1239 1938 1433 1994 cordis
1467 1955 1574 1994 vox
1609 1939 1777 1994 haesit
1797 1939 1856 1993 in
1878 1942 2009 2010 gut-
2041 1974 2090 2039 B
2123 1954 2226 2010 pro
2258 1938 2389 1994 aliis
2420 1939 2500 1994 ire
2541 1939 2918 1994 festinabant.

360 2033 509 2084 ture.
525 2028 819 2092 Quantum
834 2028 1228 2101 lacrymarum
1252 2043 1321 2082 ex
1341 2032 1587 2098 utraque
1609 2032 1772 2100 parte
1786 2028 2009 2095 ﬂueret,

359 2116 508 2173 nulli
542 2116 844 2189 cognitum
889 2133 1019 2172 esse
1061 2115 1295 2189 poterit.
1349 2117 1608 2172 Tandem
1642 2116 1804 2172 luctu
1833 2116 2010 2171 satia-

358 2208 400 2261 ti
441 2208 517 2278 (9)
576 2211 872 2262 transacto
931 2206 1104 2278 longo
1165 2204 1375 2275 spatio,
1437 2205 1609 2261 tersis
1661 2205 2010 2276 luminibus,

357 2300 542 2351 ruunt
570 2295 626 2350 in
660 2295 861 2351 oscula
891 2294 1098 2350 amicis
1121 2295 1546 2351 salutantibus.
1573 2297 1659 2350 Ad
1685 2295 2010 2349 orationem

355 2385 620 2458 procedit
641 2385 952 2457 episcopus
997 2401 1093 2440 rex
1111 2401 1244 2440 cum
1268 2385 1393 2440 suis
1412 2383 1632 2456 alonge
1649 2387 2009 2440 estsecutus.

352 2474 468 2530 Nec
493 2475 694 2530 minus
715 2473 937 2546 regina,
962 2479 1261 2546 comperto
1285 2473 1472 2529 sancti
1507 2474 1612 2528 viri
1637 2474 1910 2540 adventu,
1947 2478 2011 2528 ut

352 2563 589 2619 Martha
607 2562 694 2619 vel
721 2563 905 2619 Maria
922 2579 1026 2635 pro
1053 2564 1250 2632 fratre,
1277 2565 1407 2619 fusa
1427 2563 1723 2635 lacrymis,
1745 2562 2010 2636 singultu

350 2658 558 2724 pe‘ctus
582 2652 902 2725 quatiente,
928 2652 1028 2707 sed
1072 2654 1399 2708 verecundo
1423 2653 1642 2724 pudore
1666 2651 1832 2707 vultu
1865 2653 2011 2707 sub-

350 2741 556 2808 misso,
582 2741 653 2797 ad
676 2741 931 2813 episcopi
957 2741 1212 2797 ﬂectitur
1232 2759 1442 2814 genua,
1461 2759 1563 2814 pro
1581 2741 1697 2796 ﬁlio
1715 2745 2008 2812 rogatura.

353 2831 542 2894 Quam
574 2830 673 2886 ille
705 2830 1042 2887 submissus
1071 2848 1250 2886 manu
1282 2831 1532 2903 erigens,
1563 2831 1702 2902 quid
1739 2830 1872 2885 velit
1895 2847 2009 2885 non

353 2923 542 2990 rogat,
576 2918 669 2992 pie
693 2920 1010 2975 admodum
1046 2919 1381 2992 intelligens
1404 2921 1541 2992 quid
1569 2919 1869 2992 singultus
1901 2919 2010 2973 im-

353 3008 562 3080 plorat.

425 3100 476 3152 4.
514 3097 772 3170 Denique
794 3098 1040 3170 jejunus
1071 3114 1204 3153 mox
1245 3097 1550 3154 ecclesiam
1594 3098 1918 3170 ingressus,
1952 3098 2010 3151 in

353 3186 616 3242 oratione
649 3186 1033 3258 pernoctavit,
1061 3187 1371 3242 Dominum
1398 3203 1498 3259 pro
1534 3203 1714 3258 puero
1735 3187 2007 3260 depreca-

352 3281 546 3332 turus.
580 3277 906 3342 Quomodo,
952 3279 1054 3330 aut
1103 3276 1322 3347 quibus
1369 3275 1562 3329 verbis
1590 3276 1860 3342 oraverit,
1897 3291 2009 3330 non

2191 2030 2246 2084 7.
2278 2029 2396 2084 Rex
2415 2044 2572 2100 ergo,
2603 2045 2676 2084 ne
2697 2044 2920 2084 moram
2953 2027 3166 2084 faceret
3209 2026 3482 2099 episcopo
3503 2027 3768 2098 domum,

2124 2117 2597 2174 nelaudaretura
2619 2117 2832 2190 populo
2855 2117 3176 2184 festinanti,
3199 2115 3514 2173 consilium
3537 2133 3671 2172 cum
3687 2133 3773 2171 re-

2122 2207 2260 2278 gina
2291 2206 2456 2262 duxit
2483 2207 2776 2278 quomodo
2801 2209 3071 2261 sanctum
3103 2209 3524 2272 remuneraret,
3555 2203 3655 2276 qui
3684 2204 3772 2260 eis

2123 2301 2287 2352 tanta
2320 2297 2602 2353 beneﬁcia
2630 2297 2773 2353 adeo
2806 2300 3124 2369 praestaret.
3160 2297 3405 2360 Aurum,
3437 2298 3768 2367 argentum,

2122 2402 2486 2458 quaecunque
2517 2384 2997 2458 concupiscibilia
3026 2389 3082 2442 et
3099 2384 3252 2458 regis
3273 2385 3448 2440 domo
3469 2383 3774 2440 honorabio

2123 2474 2265 2530 liora
2288 2475 2345 2529 in
2371 2475 2665 2530 thesauris
2689 2475 2948 2530 invenire
2965 2477 3250 2545 poterant,
3266 2472 3617 2545 gratissimae
3635 2487 3776 2543 prea-

2123 2565 2275 2634 cepit
2295 2564 2508 2629 offerri,
2539 2562 2842 2618 humiliter
2857 2563 3197 2634 deprecans,
3214 2565 3276 2615 ut
3297 2560 3776 2632 acciperedigna-

2123 2659 2320 2719 retur;
2357 2669 2485 2723 quae
2513 2657 2753 2707 sanctus
2801 2651 2888 2706 vir
2938 2651 3197 2722 accipere
3247 2650 3534 2714 devitans,
3567 2649 3683 2704 ait:
3716 2647 3774 2702 Si

2123 2741 2344 2812 aliquid
2369 2757 2470 2812 pro
2496 2741 2818 2812 gratiarum
2837 2740 3064 2795 actione
3079 2739 3196 2795 Deo
3213 2739 3418 2794 oﬂ'erre
3437 2741 3493 2794 te
3508 2737 3776 2806 delectet,

2123 2831 2192 2885 ad
2219 2830 2552 2902 augendum
2577 2829 2677 2884 Dei
2705 2829 2964 2884 officium
2984 2828 3044 2883 in
3085 2827 3341 2884 ecclesiis
3372 2828 3550 2883 beate
3575 2826 3775 2883 Matris

2123 2920 2362 2990 Christi,
2387 2919 2559 2989 cujus
2583 2918 2807 2973 meritis
2830 2917 3017 2972 filium
3039 2916 3234 2971 vivum
3257 2915 3546 2987 recepisti,
3570 2915 3772 2970 termi-

2124 3026 2230 3064 nos
2255 3010 2401 3078 ejus,
2427 3008 2528 3079 qui
2551 3007 2783 3079 angusti
2804 3010 2943 3063 sunt
2960 3006 3030 3060 ad
3051 3008 3282 3061 tantum
3306 3002 3607 3059 servitium
3631 3001 3772 3057 dila-

2122 3104 2249 3153 tare
2303 3098 2503 3169 aliqua
2533 3101 2696 3168 parte
2718 3097 2880 3168 regni
2910 3095 3017 3160 tui,
3049 3098 3112 3148 ut
3137 3093 3214 3148 sit
3243 3093 3301 3147 in
3334 3091 3776 3147 usut'ruetuario

2121 3186 2200 3241 ibi
2234 3184 2623 3241 servientibus
2655 3184 2922 3254 Domino,
2951 3182 3000 3238 si
3035 3180 3116 3237 ita
3142 3180 3312 3253 regie
3335 3180 3625 3251 majestati
3653 3178 3777 3250 pla-

2127 3281 2238 3340 cet,
2273 3274 2489 3347 poteris
2519 3291 2532 3328 :
2566 3273 2705 3345 quia
2733 3273 2961 3326 ﬁrmius
2991 3271 3101 3325 hoc
3159 3287 3225 3325 ac
3283 3268 3556 3324 stabilius
3586 3272 3675 3324 est
3704 3269 3776 3323 ad

351 3369 514 3438 patet
543 3383 556 3433 ;
582 3364 723 3436 quid
749 3370 947 3419 autem
972 3344 1391 3437 impetraverit,
1418 3381 1529 3419 non
1556 3363 1719 3418 latet.
1763 3364 1907 3418 Nam
1944 3365 2009 3418 ﬁ-
2045 3344 2087 3410 (ἶ
2127 3344 2551 3420 beatitudinem
2581 3344 2767 3432 tuam,
2799 3366 3156 3432 tuorumque
3205 3357 3645 3431 procedentium
3677 3373 3779 3428 pa-

353 3454 477 3510 nita
507 3454 769 3509 oratione
799 3456 914 3525 (10)
945 3454 1058 3508 diei
1105 3453 1473 3510 advenientis
1505 3453 1848 3524 crepusculo
1880 3470 2014 3507 cum

352 3559 530 3615 sopor
559 3541 947 3614 gravissimus
995 3543 1274 3597 mortales
1324 3541 1471 3597 solet
1521 3557 1827 3612 occupare,
1861 3543 2014 3595 lento

351 3633 500 3705 pede
523 3632 592 3687 ad
617 3648 864 3704 puerum
891 3631 1216 3702 ingressus,
1235 3631 1436 3703 ejectis
1458 3630 1735 3685 omnibus
1759 3630 1829 3684 ad
1853 3646 2013 3683 exse-

353 3721 527 3793 quias
551 3721 956 3794 vigilantibus,
979 3719 1142 3776 ﬂexis
1163 3720 1434 3792 genibus,
1464 3717 1775 3773 committit
1797 3735 1856 3772 se
1880 3718 2012 3772 bea-

354 3815 425 3865 tae
454 3809 646 3866 Maria:
663 3808 1000 3882 patrociniis
1015 3813 1079 3863 ut
1100 3809 1219 3877 illa,
1242 3825 1368 3881 quae
1389 3807 1566 3863 vitam
1591 3808 1813 3879 genuit,
1834 3807 2012 3860 vitam

357 3915 540 3972 puero
569 3899 913 3972 impetraret
945 3915 977 3952 a
1013 3898 1153 3953 Filio
1185 3900 1298 3968 (tt)
1328 3912 1342 3952 τ
1397 3915 1533 3953 nam
1584 3897 1753 3952 aliter
1783 3914 1894 3952 non
1927 3901 2016 3951 est

356 4005 541 4044 ausus
569 3987 682 4044 tale
705 3987 926 4060 aliquid
970 3992 1196 4043 tentare
1221 3987 1331 4041 nisi
1355 3986 1456 4041 illa
1478 4003 1580 4057 pro
1605 4003 1667 4040 se
1696 3986 2012 4040 Dominum

355 4077 701 4150 dignaretur
725 4076 1011 4133 invocare.
1036 4076 1183 4143 Quid
1211 4075 1367 4130 enim
1393 4074 1635 4147 ageret?
1667 4075 1818 4128 Inter
1849 4089 2011 4144 spem

357 4171 709 4238 metumque
740 4165 1025 4237 trepidus,
1059 4170 1326 4238 optatum
1362 4164 1610 4219 instanti
1640 4162 2012 4218 orationeex-

355 4261 586 4329 spectat
615 4254 922 4311 auxilium.
971 4256 1086 4311 Nec
1134 4253 1444 4326 suspendit
1489 4251 1713 4306 diutius
1745 4251 1877 4323 pius
1910 4259 2012 4305 Ar-

357 4345 584 4401 chiater
605 4344 894 4400 famulum
920 4361 1095 4399 suum
1121 4344 1222 4416 qui
1245 4343 1328 4398 ita
1359 4343 1732 4414 sperantibus
1756 4342 1811 4395 in
1839 4357 1900 4396 se
1920 4358 2011 4395 so-

352 4434 527 4491 litum
551 4435 777 4490 confert
800 4434 1147 4490 remedium.
1174 4434 1330 4488 Inter
1351 4432 1637 4487 orandum
1658 4429 1811 4485 enim
1848 4446 2011 4502 puer,

351 4523 529 4598 quasi
579 4524 649 4579 de
701 4524 862 4597 gravi
913 4539 1120 4579 somno
1179 4521 1490 4586 excitatus,
1549 4525 1718 4592 caput
1773 4519 2010 4585 extulit;

352 4613 629 4680 somniet,
664 4629 736 4668 an
770 4612 988 4686 vigilet,
1023 4612 1408 4684 stupefactus.
1443 4610 1697 4665 Sanctus
1719 4626 1855 4679 ergo
1879 4625 2011 4663 cum

2127 3458 2306 3519 trum,
2337 3457 2394 3505 et
2451 3449 2824 3522 sequentium
2887 3453 3254 3521 posterorum
3305 3445 3782 3520 promerendam,

2127 3558 2306 3614 quam
2340 3557 2572 3608 aurum,
2607 3538 2756 3610 quod
2793 3536 3016 3602 oculos,
3067 3553 3199 3592 cum
3230 3536 3483 3602 videtur,
3512 3533 3784 3600 delectat,

2129 3637 2184 3686 et
2215 3647 2332 3699 cor,
2366 3645 2497 3684 cum
2535 3627 2827 3699 perditum
2861 3625 3056 3691 fuerit,
3099 3623 3424 3680 contristat.

2198 3720 2252 3773 8.
2283 3719 2464 3781 Quam
2490 3715 2950 3789 propositionem
2978 3711 3270 3786 pontiﬁcis
3297 3728 3394 3767 rex
3415 3709 3782 3784 gratulanter

2125 3807 2484 3878 amplectens
2515 3831 2528 3871 ;
2561 3805 2684 3870 ubi,
2717 3803 2928 3874 inquit,
2958 3801 3218 3856 invenire
3241 3802 3564 3872 poterimus
3585 3798 3780 3854 locum

2124 3896 2300 3952 talem
2313 3941 2325 3964 ,
2343 3894 2442 3966 qui
2459 3897 2742 3967 congruat
2754 3894 2825 3948 ad
2843 3891 3213 3947 serviendum
3229 3889 3398 3945 Matri
3411 3889 3664 3944 scelestis
3679 3887 3784 3942 Re-

2126 3985 2236 4058 gis,
2273 3986 2443 4056 cujus
2474 3987 2615 4037 sunt
2645 3982 2917 4036 universa
2939 3980 2998 4034 in
3021 3978 3184 4034 cmlis
3205 3983 3262 4034 et
3281 3979 3339 4032 in
3363 3976 3536 4033 terris
3555 3975 3584 4030 7
3603 3976 3778 4032 Cum-

2127 4090 2240 4144 que
2271 4073 2392 4127 hrec
2424 4087 2623 4126 secum
2672 4069 2949 4137 volveret,
2997 4071 3373 4137 mentemque
3411 4081 3514 4137 per
3541 4079 3775 4120 omnem

2124 4161 2414 4216 Alsaciam
2449 4162 2769 4231 spargeret,
2799 4156 2983 4212 sicubi
3017 4155 3153 4210 talis
3186 4155 3331 4210 forte
3362 4153 3527 4209 locns
3557 4151 3779 4207 inveni-

2126 4255 2304 4316 retur,
2321 4248 2418 4320 qui
2435 4252 2608 4302 tanta:
2623 4245 2956 4301 donationis
2973 4249 3146 4316 aptus
3160 4239 3778 4308 haberetur;occurrit-

2125 4339 2318 4394 animo
2351 4337 2713 4392 Rubiacham
2773 4335 2885 4406 (t2)
2944 4332 3225 4404 oppidum
3285 4330 3512 4386 cunctis
3542 4329 3771 4395 usibus,

2125 4429 2180 4482 id
2207 4433 2316 4494 est,
2335 4431 2495 4500 agrts
2519 4424 2790 4492 amomis,
2812 4421 3057 4494 campis,
3078 4420 3261 4488 silvis,
3277 4419 3468 4491 aquis,
3489 4417 3774 4488 adiﬁciis,

2125 4517 2358 4590 populis
2389 4514 2930 4588 opulentissimum,
2963 4527 3210 4567 summa:
3243 4509 3454 4582 reginae
3489 4508 3548 4562 in
3581 4508 3778 4562 dotem

2125 4606 2454 4662 convenire.
2487 4605 2603 4658 Nec
2635 4601 2865 4657 distulit
2910 4617 3024 4667 rex,
3072 4605 3202 4654 voto
3250 4599 3488 4654 tandem
3520 4595 3778 4662 invento,

353 4703 482 4776 spei
503 4703 628 4757 fixis
649 4701 707 4756 in
739 4684 916 4757 Deum
941 4700 1207 4774 cognovit
1232 4697 1705 4767 eventum,laetus
1724 4698 2006 4764 accessit;
2039 4709 2086 4774 Ι)
2123 4695 2470 4752 cancellario
2503 4710 2635 4748 mox
2662 4692 2845 4747 accito
2877 4691 2990 4762 (13)
3025 4705 3218 4744 coram
3244 4685 3631 4759 optimatibus
3654 4684 3780 4742 suis

354 4808 609 4867 puerum
634 4791 827 4847 vivum
847 4790 1028 4847 erexit
1054 4805 1065 4844 :
1091 4789 1312 4846 vocatis
1334 4788 1704 4852 ofﬁcialibus,
1728 4786 1892 4842 illum
1916 4788 2007 4841 in-

355 4879 660 4935 dumentis
681 4879 810 4936 exui
826 4880 1000 4951 jubet
1021 4878 1387 4947 funebribus,
1410 4882 1467 4932 et
1483 4877 1699 4948 quibus
1717 4881 1852 4931 ante
1868 4893 2011 4931 usus

353 4975 447 5026 est
478 4968 842 5024 indumentis
873 4967 1038 5022 indui
1088 4965 1399 5037 regalibus.

429 5095 506 5166 (9)
540 5093 703 5166 Quod
736 5095 1021 5166 sequitur,
1062 5107 1247 5166 usque
1306 5091 1407 5166 ad_
1438 5090 1730 5166 Quomodo,
1764 5093 1859 5144 aut
1889 5091 2010 5160 qui-

355 5161 454 5222 bus
490 5161 674 5222 'verbis
705 5161 963 5227 orauerit,
996 5161 1364 5219 desideratur
1393 5163 1452 5216 in
1502 5161 1634 5216 Vita
1681 5161 2007 5232 impressa:

353 5237 714 5294 conveniunt
769 5241 968 5292 tamen
1032 5235 1125 5291 hic
1184 5235 1336 5289 inter
1401 5250 1464 5289 se
1521 5233 1860 5305 apographa
1916 5249 2012 5286 no-

354 5314 542 5451 £5nillil)
578 5381 662 5433 lta
691 5383 1021 5451 consonant
1050 5395 1196 5433 mss.
1230 5377 1331 5432 sed
1370 5376 1449 5451 _in
1510 5375 1818 5451 impressis
1851 5375 2012 5451 Actis

353 5447 533 5509 deest
556 5451 711 5522 quod
753 5450 1024 5523 sequitur
1083 5464 1271 5520 usque
1316 5447 1410 5502 ad.
1456 5490 1468 5502 .
1515 5488 1527 5500 .
1573 5488 1586 5503 .
1619 5447 1800 5517 ejectis
1829 5448 2014 5500 omni-

354 5527 718 5667 hfl‘zitﬂiinc
773 5605 961 5667 usque
1020 5593 1088 5667 ad
1148 5587 2015 5667 initium_sequentis_numeri

360 5659 643 5742 pleraque
669 5659 1112 5742 omittunturin
1146 5659 1451 5733 impressis
1478 5685 1491 5726 ;
1527 5659 1810 5742 nonnulla
1835 5659 2014 5742 etiam

358 5735 708 5808 variantur:
743 5735 1098 5808 exemplaria
1128 5740 1323 5790 tamen
1356 5749 1498 5808 mss.
1525 5735 1900 5808 conveniunt.

433 5810 548 5882 (12)
577 5807 765 5881 Vulgo
797 5800 1032 5879 Rufdch,
1065 5808 1136 5864 de
1175 5822 1290 5878 quo
1336 5805 1468 5861 vide
1516 5803 1784 5861 Coccium
1816 5802 1877 5858 in
1907 5800 2016 5858 Da-

2123 4801 2431 4842 assensum
2456 4788 2576 4838 tam
2603 4783 2752 4836 bono
2793 4776 3436 4850 consilioprmbentibus
3460 4778 3774 4830 testamen-

2120 4881 2246 4931 tum
2273 4875 2428 4943 facit,
2447 4877 2509 4927 ut
2524 4869 2968 4927 Rubiachacum
2984 4867 3260 4923 omnibus
3273 4863 3636 4937 appendiciis
3650 4863 3777 4919 suis

2122 4963 2570 5034 conﬁnibusque
2592 4960 2663 5015 ad
2689 4976 2750 5014 se
2773 4957 3219 5031 pertinentibus,
3243 4953 3418 5010 etiam
3441 4968 3574 5008 cum
3596 4950 3772 5021 villis,

2122 5089 2384 5161 goberto,
2411 5102 2546 5161 cap.
2577 5082 2812 5161 21,_ubi_
2829 5086 2887 5137 et
2916 5081 2988 5137 de
3007 5079 3225 5148 templo
3248 5075 3569 5149 parochiali
3591 5076 3649 5132 S.
3675 5077 3776 5130 Ar-

2121 5155 2877 5231 bogastitituloinsignito.
3015 5223 3043 5231 ,Α
3367 5219 3428 5231 ι,
3504 5217 3593 5231 ,Μ
3663 5216 3674 5227 ,

2196 5217 2308 5300 ὅξὲ)
2343 5217 2859 5300 ϐαηεειιανίονηιοεε
2907 5223 3096 5300 accito,
3148 5235 3263 5274 non
3296 5223 3386 5274 est
3416 5219 3475 5300 in
3504 5217 3772 5300 Vita‘im-

2125 5289 2364 5375 pressa;
2399 5305 2487 5355 est
2517 5304 2712 5354 tamen
2747 5295 2802 5348 in
2864 5289 3114 5375 utroque
3145 5289 3498 5375 .apographo
3531 5292 3732 5372 npstro
3759 5307 3772 5354 ;

2124 5365 2393 5444 quamvis
2440 5376 2639 5444 autem
2688 5384 2795 5421 vox
2847 5365 3219 5444 eaneethrius
3268 5365 3372 5442 vix
3399 5367 3540 5415 tunc
3569 5365 3629 5444 in
3663 5375 3775 5413 usu

2127 5433 2321 5507 fuerit,
2344 5441 2676 5497 communis
2700 5437 2890 5512 evenit
2909 5436 3144 5512 quando
3167 5433 3477 5512 scripsisse
3498 5436 3778 5512 putamus

2127 5504 2424 5570 auctorem
2458 5517 2723 5567 nostrum
2785 5509 2901 5583 qui,
2926 5504 3160 5583 imitata
3210 5522 3275 5583 ac
3308 5504 3598 5583 notansuis
3628 5504 3776 5583 tem:

2129 5568 2368 5658 ﬁeribUS
2401 5568 3071 5658 appellatione'olflclum
3103 5576 3247 5658 iung
3280 5573 3598 5658 gigniﬁcaiti
3614 5568 3776 5658 get-12:1

2129 5643 2240 5713 alio
2274 5643 2727 5726 prius-nomine,
2779 5651 2880 5707 sed
2933 5652 3059 5722 jam
3118 5643 3772 5708 exoleto'nuncupatum

2126 5730 2334 5786 fuerat.
