3884 6432
250 549 404 620 1009

1577 558 1836 627 LUDUS
1881 558 2361 627 CLERIGALIS.

3518 577 3673 644 1010

250 690 385 748 fidis
413 693 473 748 et
493 705 600 764 spe
624 688 766 750 boni
787 695 1121 757 carentibus
1143 698 1270 758 alea
1290 706 1518 775 reperta
1537 708 1713 776 atque
1737 723 1907 777 prave
1939 700 1993 765 Α
2023 701 2201 770 rium,
2229 702 2343 757 nisi
2368 704 2854 776 sanetificatricis,
2878 712 2936 765 et
2965 706 3025 766 in
3056 710 3340 784 ejusdem,
3368 712 3669 773 redeuntis

254 780 470 837 usitata
490 785 603 852 est)
631 787 697 839 ut
717 783 1095 861 discordiam,
1120 792 1378 864 perjuria
1402 799 1723 867 caeteraque
1747 796 1910 863 vitia,

252 879 494 936 clericos
514 880 814 938 interdicit
838 883 1123 946 aleatores
1146 891 1284 962 fore,
1310 893 1523 965 oppido
1552 896 1827 951 condecet
1847 900 1913 951 ut

254 967 473 1024 relictis
491 969 1025 1031 vitiis’examussim
1045 977 1157 1033 sibi
1177 979 1393 1052 quique
1411 983 1653 1039 virtutes
1672 985 1914 1039 sortian-

252 1061 368 1112 tur.
421 1058 587 1114 Libet
636 1060 837 1133 itaque
890 1079 958 1119 ex
1009 1068 1212 1123 eadem
1263 1086 1380 1141 qua
1427 1072 1649 1143 praefati
1703 1090 1911 1129 sumus

256 1148 400 1215 alea,
425 1149 746 1219 quemdam
780 1150 1129 1224 elericalem,
1164 1161 1220 1212 et
1250 1162 1316 1213 ut
1344 1160 1425 1214 ita
1455 1161 1794 1229 dixerimus,
1824 1179 1910 1217 re-

256 1235 541 1309 gularem,
567 1255 683 1293 non
715 1240 1029 1298 cavillandi
1060 1244 1315 1316 aliquem
1348 1265 1545 1314 causa,
1570 1251 1670 1305 sed
1701 1250 1912 1306 exerci-

254 1325 416 1380 tandi
469 1328 679 1398 gratia,
715 1345 943 1386 comere
992 1332 1222 1389 ludum.
1256 1336 1610 1393 Charitatem
1644 1339 1911 1394 omnium

257 1413 654 1486 principatum
708 1419 970 1476 obtinere
1017 1423 1324 1494 virtutum,
1368 1443 1540 1482 nemo
1587 1428 1689 1499 qui
1736 1429 1911 1484 verbo

261 1503 557 1575 Evangelii
582 1506 829 1562 dicentis
860 1526 873 1566 :
900 1512 961 1565 In
984 1510 1071 1567 his
1098 1512 1309 1570 duobus
1335 1518 1589 1571 universa
1610 1519 1699 1572 lea:
1720 1518 1913 1589 pendet

257 1597 310 1648 et
346 1594 630 1666 prophetae
676 1596 886 1668 (Matth.
919 1617 1057 1669 χχιι,
1091 1603 1201 1674 40),
1235 1605 1527 1677 Intelligit,
1563 1607 1767 1662 nescit.
1804 1607 1911 1661 Ubi

256 1698 393 1752 ergo
422 1687 586 1740 tanta
614 1688 984 1757 profunditas
1016 1696 1234 1756 manet,
1266 1698 1492 1749 vastam
1524 1695 1909 1751 uberrimam-

258 1788 374 1844 que
402 1774 685 1830 virtutum
720 1778 1100 1850 propaginem
1125 1781 1196 1836 de
1228 1800 1287 1836 se
1309 1784 1548 1855 profert.
1574 1789 1776 1856 Itaque
1807 1801 1907 1856 po—

258 1878 473 1919 namus
491 1863 835 1921 charitatem
859 1883 992 1922 cum
1009 1886 1118 1925 sua
1132 1870 1484 1927 multimoda
1503 1873 1700 1929 sobole
1717 1873 1908 1928 nomi-

258 1954 481 2021 natam,
516 1957 574 2008 et
615 1953 938 2027 singularis
977 1959 1312 2031 quibusque
1342 1978 1619 2017 numeros
1649 1963 1909 2018 sortibus

255 2039 357 2097 tali
376 2041 776 2100 moderamine
789 2061 1078 2119 congruos
1093 2053 1457 2122 aptemus,ut
1472 2051 1584 2107 isto
1599 2051 1905 2122 contineri,
1939 2079 1986 2143 Β

254 2139 413 2211 quod
444 2138 547 2195 illa
575 2141 930 2211 examinare,
963 2162 1152 2218 neque
1182 2146 1291 2203 hac
1321 2149 1572 2218 ostendi,
1607 2150 1763 2221 quod
1810 2149 1905 2204 hic

253 2226 344 2283 fas
364 2227 462 2297 sit,
486 2235 737 2302 nequeat
762 2231 1024 2291 invenire
1045 2235 1186 2307 (sic).
1211 2237 1251 2291 A
1282 2237 1591 2310 principali
1613 2238 1905 2311 siquidem

250 2315 603 2391 principalis
651 2319 1008 2393 principium
1058 2323 1303 2381 initians
1352 2342 1570 2399 perque
1609 2326 1909 2383 binarium

254 2421 323 2460 ac
354 2411 594 2464 ceteros
625 2425 815 2481 usque
840 2412 912 2467 ad
944 2412 1246 2470 senarium
1277 2431 1539 2485 currens,
1564 2416 1783 2473 suimet
1814 2434 1908 2473 eo-

250 2512 511 2568 rumque
531 2496 892 2556 revolutione
912 2502 1225 2574 tripertita,
1245 2505 1451 2577 viginti
1473 2510 1687 2562 sanctae
1706 2507 1912 2564 matris

253 2585 558 2643 contineat
606 2587 782 2660 ﬁlios,
836 2593 894 2645 et
939 2590 999 2647 in
1048 2592 1337 2665 sapientia
1382 2594 1616 2651 limitet.
1656 2602 1913 2669 Postque

250 2674 529 2732 binarius
560 2679 1011 2749 compunctione
1050 2680 1359 2751 inchoans,
1390 2684 1725 2755 quindecim
1758 2688 1911 2755 ejus-

250 2763 389 2819 dem
419 2766 779 2832 reverentiae,
803 2766 940 2823 hinc
970 2769 1262 2827 ternarias
1293 2789 1325 2826 a
1358 2773 1645 2845 principio
1675 2775 1913 2846 pietatis

245 2853 457 2909 decem
485 2854 987 2929 exomologeseos;
1014 2858 1215 2931 sicque
1236 2862 1647 2932 quaternarius
1673 2880 1707 2918 a
1728 2868 1914 2918 matu-

243 2942 425 2998 ritate
448 2960 510 2998 vx
540 2943 714 3000 ﬂetus
739 2960 752 2999 :
789 2946 862 3001 ab
892 2946 1186 3004 hilaritate
1210 2966 1445 3022 quoque
1464 2952 1772 3021 quinarius
1792 2957 1913 3009 tres

239 3031 670 3105 complectens,
705 3035 1080 3092 continentia
1128 3038 1243 3094 ﬁne
1274 3038 1598 3095 claudatur.
1633 3042 1911 3098 Senarius

235 3137 376 3177 vero
402 3120 696 3179 ultimus:
732 3128 798 3180 ut
820 3124 1071 3196 primus,
1094 3126 1469 3200 simplicitate
1493 3130 1781 3201 gaudens,
1805 3147 1911 3186 cu-

234 3211 482 3267 stodem
504 3210 791 3268 virtutum
814 3214 1117 3287 possideat
1138 3215 1558 3289 humilitatem,
1583 3236 1709 3289 quae
1733 3220 1912 3275 simul

224 3300 468 3371 juncta
521 3302 954 3374 quinquaginta
1000 3320 1101 3360 sex
1148 3305 1318 3362 ﬁunt.
1351 3307 1421 3361 Et
1468 3308 1518 3362 si
1574 3308 1912 3380 diligentius

230 3389 663 3462 respiciamus,
683 3391 1074 3462 intuebimur,
1100 3395 1255 3465 quod
1287 3395 1409 3451 haec
1430 3398 1763 3468 progressio
1795 3414 1907 3452 nu—

1970 3452 1982 3474 1

332 3447 350 3462 .
644 3447 663 3460 ,γ
1062 3447 1074 3462 ι
1116 3447 1873 3468 -η-τ-νο--π--π
1970 3452 1982 3474 ,

234 3494 576 3545 merorum,
595 3496 630 3534 a
653 3480 909 3536 ternario
931 3482 1307 3538 ocdenarium
1332 3485 1642 3555 scandens,
1662 3485 1908 3557 singulae
1941 3447 1982 3514 (⁸

229 3566 348 3623 sibi
366 3569 949 3635 virtutum,virtutes
969 3569 1348 3644 legat.Prima
1364 3573 1906 3644 quidem,seeunda,

230 3655 455 3713 ultima
488 3662 551 3713 et
581 3656 912 3729 penultima
932 3657 1218 3731 singulas.
1241 3660 1433 3717 Tertia
1453 3666 1513 3717 et
1542 3667 1678 3717 ante
1704 3663 1908 3735 penul-

227 3746 402 3816 tima,
421 3747 643 3803 trinas.
658 3746 914 3819 Quaque
930 3747 1087 3804 intra
1106 3748 1236 3821 ipsa
1252 3754 1394 3806 sunt
1409 3750 1684 3807 similiter
1701 3769 1735 3807 a
1754 3753 1910 3824 prin-

222 3836 381 3906 cipio
439 3840 505 3892 et
560 3835 675 3891 ﬁne
719 3851 910 3907 usque
958 3836 1031 3891 ad
1083 3842 1336 3909 quatuor
1365 3839 1708 3912 mediasque
1737 3858 1908 3897 senas

214 3925 450 3997 junctae
491 3929 718 3994 ternas,
755 3928 1092 3996 quaternas,
1115 3926 1206 3982 vel
1237 3926 1450 3998 quinas
1482 3928 1774 4000 recipiunt
1801 3930 1910 3985 vir-

218 4018 407 4086 tutes,
432 4019 498 4071 et
521 4013 873 4071 vicesimum
898 4013 1179 4085 primum,
1203 4016 1262 4070 in
1290 4031 1419 4071 sese
1443 4034 1456 4073 :
1487 4016 1734 4072 invicem
1759 4034 1908 4072 sem-

218 4120 329 4177 per
355 4104 720 4178 exprimunt
750 4119 1086 4159 numerum.
1122 4105 1271 4160 Sunt
1301 4105 1483 4177 igitur
1510 4123 1595 4171 III,
1632 4111 1904 4178 quatuor,

218 4194 434 4250 decem
453 4210 572 4260 vn,
587 4196 647 4248 et
667 4192 867 4248 decem
892 4195 950 4247 et
972 4196 1123 4259 octo,
1140 4191 1240 4263 qui
1261 4191 1530 4265 singulas
1552 4196 1905 4251 metiuntur:

215 4282 607 4339 Charitatem
630 4279 921 4349 videlicet,
944 4279 1141 4350 ﬁdem,
1168 4281 1611 4350 continentiam,
1635 4288 1693 4338 et
1713 4282 1906 4338 humi-

212 4372 478 4441 litatem,
505 4370 785 4443 quinque
807 4374 866 4425 et
884 4386 979 4425 xvx
1005 4370 1104 4442 qui
1127 4370 1299 4427 binas
1321 4387 1333 4425 :
1357 4387 1522 4442 spem
1545 4375 1599 4427 et
1624 4371 1909 4427 fortitudi-

214 4479 380 4532 nem,
415 4463 643 4521 ﬂetum
676 4464 735 4516 et
764 4459 1233 4530 compassionem
1262 4477 1275 4528 ;
1306 4478 1363 4515 v1
1414 4465 1470 4515 et
1510 4478 1583 4515 xv
1612 4479 1625 4528 ;
1658 4466 1856 4516 ternas
1893 4480 1905 4517 :

203 4553 561 4625 justitiam,
615 4564 849 4622 pacem,
892 4554 950 4604 et
997 4551 1507 4622 compunctionem
1537 4571 1551 4621 ς
1585 4550 1908 4606 confessio-

211 4657 376 4712 nem,
423 4638 908 4712 suspirationem
960 4642 1020 4695 et
1067 4637 1472 4695 hilaritatem:
1524 4656 1599 4695 vn
1652 4644 1709 4694 et
1762 4657 1905 4695 me.

208 4742 616 4805 Quaternas:
676 4736 1081 4805 Prudentiam,
1124 4737 1477 4804 castitatem,
1527 4738 1799 4793 timorem
1855 4734 1911 4792 et

2020 791 2289 863 principii
2315 793 2624 865 unitatem,
2648 799 2997 856 vocabulum
3020 802 3387 872 signabimus
3409 804 3665 860 Trinita-

2021 880 2145 935 tis?
2193 883 2339 946 Quid
2392 889 2588 941 autem
2640 904 2743 958 per
2784 891 3223 959 quaternarium
3260 893 3375 948 nisi
3409 899 3669 967 quatuor

2020 971 2510 1043 evangelistarum
2531 976 2743 1031 tubas?
2754 977 2822 1032 Hi
2840 978 3015 1033 simul
3034 979 3225 1036 collati
3245 981 3406 1037 illam
3427 983 3683 1041 sanctis-.

2022 1060 2233 1115 simam
2285 1062 2517 1131 plenam
2566 1064 2735 1120 donis
2786 1066 3230 1139 charismatum,
3265 1073 3667 1143 scptiformem

2022 1150 2295 1220 gratiam,
2311 1152 2715 1208 demonstrant
2736 1170 2748 1208 :
2768 1155 3144 1226 Septenarius
3164 1174 3296 1214 vero
3318 1160 3408 1215 bis
3431 1161 3667 1229 ductus,

2022 1250 2079 1301 et
2102 1253 2407 1319 assumpto
2424 1252 2678 1307 ternario
2694 1268 2832 1320 xvn,
2848 1258 3337 1329 quaternarioque
3352 1276 3510 1316 XVIII.
3526 1262 3670 1316 Ecce

2023 1334 2276 1407 qualiter
2298 1356 2359 1392 III
2390 1342 2447 1393 et
2476 1357 2598 1410 vm,
2629 1345 2803 1413 atque
2830 1361 2891 1398 III
2923 1344 2981 1399 in
3006 1360 3134 1401 sese
3160 1348 3423 1403 redeunt.
3447 1354 3667 1405 Possu-

2023 1440 2155 1480 mus
2187 1426 2361 1481 etiam
2394 1429 2616 1497 decem,
2648 1430 2915 1504 Decalogi
2956 1435 3319 1500 mandatum,
3353 1439 3509 1507 quod
3558 1440 3667 1494 sub

2022 1514 2148 1584 lege
2178 1517 2497 1586 quondam,
2533 1524 2588 1573 et
2619 1538 2774 1575 nunc
2806 1522 2916 1577 sub
2945 1523 3134 1593 gratia
3165 1528 3457 1595 operatur,
3481 1531 3538 1582 et
3564 1544 3666 1582 VIII

2021 1609 2303 1672 octavam,
2321 1623 2449 1677 quae
2471 1609 2718 1663 necdum
2739 1610 2951 1682 agitur,
2966 1615 3193 1668 aetatem
3211 1615 3670 1672 asscribere.Sed

2020 1692 2141 1747 haec
2173 1693 2286 1750 tria
2315 1697 2489 1751 modo
2512 1698 2767 1770 amplius
2791 1700 2983 1755 decuit
3012 1718 3491 1760 commemorare.
3522 1705 3668 1777 Ergo

2021 1781 2351 1853 clangorem
2385 1787 2569 1841 sancti
2593 1789 2888 1858 Evangelii
2912 1791 3212 1859 tubarum,
3241 1793 3341 1863 qui
3372 1809 3511 1849 aure
3531 1810 3663 1849 cor-

2020 1871 2110 1925 dis
2143 1878 2408 1928 sanctam
2439 1875 2781 1932 Trinitatem
2814 1878 3022 1932 intimo
3063 1896 3258 1934 amore
3290 1880 3502 1954 diligit,
3534 1898 3666 1953 gra-

2018 1958 2217 2031 tiaque
2245 1961 2571 2034 septiformi
2595 1965 2884 2021 finetenus
2915 1968 3064 2022 tueri
3095 1969 3274 2040 cupit,
3296 1969 3664 2041 charitatem,

2018 2046 2076 2102 in
2099 2065 2216 2119 qua
2236 2048 2506 2107 universa
2528 2050 2620 2107 lex
2638 2053 2938 2125 impletur,
2962 2055 3136 2111 {idem
3159 2055 3285 2113 sine
3306 2074 3423 2129 qua
3441 2057 3671 2130 impos-

2018 2136 2188 2193 sibile
2227 2142 2316 2193 est
2362 2139 2593 2211 placere
2623 2141 2761 2209 Deo,
2792 2143 3231 2210 continentiam,
3265 2150 3328 2201 ut
3376 2147 3667 2204 abstineat

2017 2243 2080 2282 se
2110 2244 2145 2284 a
2171 2228 2352 2299 vitiis,
2385 2246 2501 2301 quo
2530 2231 2779 2287 virtutes
2806 2232 3104 2289 continere
3129 2234 3341 2304 valeat,
3364 2235 3664 2293 humilita-

2019 2322 2159 2389 tem,
2183 2334 2301 2388 qua
2320 2318 2447 2374 sine
2472 2319 2574 2391 qui
2599 2319 2842 2376 virtutes
2865 2327 3201 2395 congregat,
3225 2324 3395 2393 quasi
3417 2325 3475 2380 in
3496 2332 3666 2383 vento

2019 2406 2317 2477 pulverem
2340 2408 2781 2479 portat,habere
2804 2416 3058 2481 quaerat:
3081 2411 3282 2468 habita
3301 2412 3667 2486 charitative,

2020 2496 2289 2567 ﬁdeliter,
2311 2497 2699 2565 continenter,
2724 2502 2901 2570 atque
2929 2499 3232 2556 humiliter
3254 2518 3517 2559 exercere
3546 2507 3664 2560 sat-

2021 2591 2176 2659 agat,
2210 2591 2275 2641 ut
2304 2587 2376 2641 ad
2408 2602 2610 2642 eorum
2641 2588 2946 2644 cumulum
2979 2590 3280 2661 pervenire
3309 2596 3504 2663 queat.
3532 2594 3669 2660 Qui-

2023 2676 2187 2731 nario
2218 2691 2485 2741 numero,
2517 2675 2778 2747 quinque
2808 2694 3019 2734 sensus
3056 2680 3411 2753 conjungere
3459 2698 3668 2753 possu-

2023 2763 2294 2833 mus,qui
2316 2764 2510 2819 ﬂuiter
2531 2764 2767 2831 ductus,
2782 2770 2839 2819 et
2859 2765 3083 2821 unitate
3104 2771 3341 2840 sumpta
3361 2769 3420 2824 in
3443 2774 3672 2826 sextum

2023 2852 2317 2908 decimum
2337 2853 2548 2924 surgit.
2566 2853 2627 2907 Si
2646 2856 2802 2909 enim
2825 2854 2932 2909 hos
2949 2855 3211 2927 quinque
3223 2873 3326 2928 per
3345 2858 3670 2930 physicam,

2021 2942 2296 3013 logicam,
2339 2946 2397 2997 et
2440 2941 2693 2998 ethicam
2743 2942 3124 3015 castigamus,
3155 2949 3221 3000 ut
3267 2946 3339 3001 ad
3387 2947 3671 3005 unitatem

2023 3030 2348 3097 charitatis,
2383 3047 2507 3099 quae
2553 3030 2709 3086 Deus
2757 3035 2865 3096 est,
2907 3048 3140 3102 semper
3185 3034 3533 3104 redeamus;
3565 3035 3674 3094 has

2025 3119 2281 3189 profecto
2304 3117 2570 3183 virtutes,
2596 3135 2723 3190 qua:
2757 3118 2814 3172 in
2845 3119 3075 3174 duobus
3097 3122 3359 3177 numeris
3381 3120 3672 3196 insignitae

2022 3216 2314 3281 videntur,
2339 3214 2701 3285 naturaliter,
2718 3214 3080 3271 rationaliter
3099 3216 3514 3291 moraliterque
3536 3237 3670 3292 pos-

2022 3304 2366 3359 sidebimus.
2400 3304 2699 3375 Senarius,
2732 3305 2903 3375 cujus
2936 3309 3100 3360 sexta
3128 3321 3285 3377 pars,
3320 3326 3355 3375 ι,
3396 3313 3454 3363 et
3501 3310 3673 3366 tertia

2023 3394 2332 3458 medietas,
2357 3410 2441 3461 ιιι,
2465 3392 2603 3464 quia
2623 3393 2915 3464 perfectus
2935 3398 3025 3449 est
3045 3411 3349 3465 numerus,
3372 3396 3497 3452 suis
3524 3398 3673 3454 bene

2024 3487 2304 3538 constans
2359 3481 2646 3553 partibus,
2703 3482 2981 3553 perfectio
3031 3483 3223 3555 operis
3275 3484 3326 3539 ei
3380 3485 3672 3556 deputarii

2021 3575 2232 3644 potest.
2257 3570 2359 3625 His
2380 3570 2562 3642 igitur
2585 3570 2694 3624 sibi
2723 3570 3035 3642 replicatis,
3060 3572 3314 3628 ternario
3346 3574 3567 3642 addito,
3599 3592 3673 3631 xv

2021 3661 2181 3716 facit.
2216 3659 2411 3714 Simus
2442 3675 2578 3730 ergo
2610 3658 2850 3730 perfecti
2881 3659 3156 3730 operibus
3186 3660 3355 3715 bona;
3399 3661 3668 3731 actionis,

2019 3755 2076 3805 et
2101 3750 2362 3805 nitamur
2382 3749 2772 3803 conscendere
2792 3765 2865 3802 xv
2889 3747 3331 3821 Psalmographi
3350 3751 3590 3822 gradus,
3606 3762 3673 3807 ut

2020 3844 2280 3896 sanctam
2315 3836 2660 3892 Trinitatem
2699 3837 2759 3891 in
2792 3837 2930 3892 Sion
2963 3853 3197 3892 cernere
3229 3854 3579 3907 mereamur,
3613 3845 3671 3896 et

2019 3928 2230 3983 horum
2260 3926 2463 3997 procul
2496 3925 2672 3981 dubio
2698 3942 3081 3980 numerorum
3103 3930 3364 3997 expertes
3384 3927 3669 3984 virtutum

2019 4034 2133 4072 non
2157 4016 2400 4070 erimus.
2424 4015 2603 4069 Adest
2622 4013 2833 4069 iterum
2855 4031 2933 4069 vn
2954 4013 3142 4086 gratia
3165 4014 3455 4086 spirituali
3488 4017 3671 4072 refer-

2018 4112 2133 4169 tus,
2167 4122 2264 4160 xxv
2294 4105 2643 4174 depromens
2675 4119 2778 4174 per
2807 4100 3124 4157 binarium.
3156 4102 3439 4158 Eumdem
3471 4102 3669 4174 itaque

2019 4210 2326 4268 precemur
2348 4191 2654 4264 Spiritum,
2681 4196 2746 4247 ut
2774 4208 2877 4264 per
2897 4190 3215 4263 practicam
3245 4191 3316 4247 ad
3348 4191 3668 4248 theoricam

2016 4285 2194 4340 vitam
2223 4284 2523 4355 pervenire
2552 4281 2857 4353 largiatur,
2881 4285 3173 4352 quatenus
3199 4280 3512 4336 virtutibus
3538 4282 3669 4353 ejus

2019 4379 2228 4436 ascisci
2253 4394 2605 4434 mereamur.
2634 4378 2741 4432 Sed
2766 4376 2907 4448 quia
2929 4392 3108 4447 supra
3128 4374 3439 4431 retulimus
3463 4394 3477 4444 ;
3510 4380 3667 4433 octa-

2018 4485 2151 4523 vam
2171 4472 2401 4523 aatatem
2422 4468 2493 4521 de
2510 4483 2626 4537 qua
2645 4464 2852 4519 titulus
2871 4463 3084 4535 psalmi
3103 4480 3157 4517 Iv
3174 4462 3367 4534 inquit
3384 4481 3400 4521 :
3420 4466 3483 4519 In
3501 4467 3668 4535 ﬁnem

2016 4574 2117 4629 pro
2158 4565 2366 4623 octava,
2400 4554 2698 4611 octonario
2748 4568 2921 4624 posse
2966 4551 3236 4619 conferri,
3269 4552 3423 4607 sicut
3467 4554 3668 4609 decem

2022 4646 2270 4701 inferius
2301 4645 2498 4699 adfore
2529 4642 2821 4698 indicatur
2850 4658 2863 4696 :
2897 4640 3034 4696 huic
3063 4640 3267 4711 utique
3296 4640 3347 4696 si
3377 4641 3671 4697 addantur

2018 4753 2072 4806 v,
2123 4751 2244 4797 xui,
2297 4731 2689 4804 explicabunt.
2724 4731 2872 4785 Bene
2917 4729 3099 4784 etiam
3147 4729 3410 4801 quinque
3458 4744 3670 4785 sensus

209 4829 517 4903 gaudium
550 4843 568 4882 :
606 4825 1022 4896 reverentiam,
1045 4826 1478 4893 contritionem,
1499 4826 1910 4893 constantiam,
1943 4822 1990 4886 D
2022 4828 2233 4879 octavae
2262 4822 2388 4877 vita:
2418 4824 2852 4893 supponuntur,
2877 4818 3016 4889 quia
3038 4834 3153 4873 non
3179 4817 3370 4873 solum
3394 4817 3669 4885 haec,nisi

212 4924 270 4975 et
290 4918 715 4975 intellectum.
739 4931 843 4971 vni
867 4921 925 4970 et
942 4931 1066 4970 xm.
1089 4932 1144 4970 v.
1161 4916 1656 4987 Temperantiam,
1682 4915 1909 4971 miseri-

220 5009 530 5076 cordiam,
568 5003 1025 5076 providentiam,
1062 5004 1434 5060 sobrietatem
1484 5008 1541 5059 et
1590 5004 1908 5072 astutiam;

207 5100 1616 5180 sapientiam,virginitatem,mortificationem,
1641 5102 1912 5158 innocen-

216 5195 365 5252 tiam
427 5198 494 5250 et
559 5188 1052 5248 sollicitudinem.
1107 5207 1165 5246 Ix
1211 5194 1269 5245 et
1312 5208 1369 5261 x,
1402 5208 1460 5245 x1
1508 5195 1564 5247 et
1607 5208 1685 5246 ιιι
1738 5208 1911 5247 senas

211 5288 595 5344 discernunt
619 5298 635 5337 :
663 5280 1080 5346 obedientiam,
1104 5280 1540 5347 discretionem,
1563 5281 1909 5350 bonitatem,

212 5373 730 5436 delectationem,
758 5369 1223 5441 simplicitatem,
1247 5374 1305 5424 et
1326 5369 1620 5440 pietatem,
1646 5385 1908 5442 perseve-

218 5466 512 5531 rantiam,
554 5457 943 5529 modestiam,
998 5458 1367 5527 suavitatem,
1423 5457 1909 5529 hospitalitatem,

208 5553 617 5629 patientiam,
648 5546 870 5602 scilicet
900 5550 956 5603 et
986 5546 1451 5619 indulgentiam:
1487 5546 1908 5620 longanimita-

205 5650 353 5713 tem,
369 5634 953 5709 mansuetudinem,
978 5635 1345 5709 parcitatem,
1361 5633 1545 5690 zelum
1558 5678 1571 5704 ,
1587 5637 1907 5692 orationem

210 5748 457 5808 quoque
516 5733 586 5785 et
629 5723 957 5797 judicium,
1004 5724 1449 5798 benignitatem,
1485 5729 1908 5796 paupertatem,

208 5824 559 5887 lenitatem,
599 5829 899 5881 amorem,
930 5813 1292 5888 vigilantiam
1326 5815 1529 5885 utique
1568 5831 1633 5870 ac
1665 5814 1909 5869 maturi-

204 5916 419 5971 tatem.
450 5910 527 5968 Et
559 5909 638 5963 ut
661 5917 770 5977 per
794 5902 1029 5976 singula
1050 5905 1379 5976 redeamus,
1402 5905 1573 5975 cujus
1594 5920 1698 5977 per
1717 5908 1911 5961 terna-

2020 4911 2407 4983 voluptuosus
2429 4925 2630 4964 eorum
2656 4907 2973 4980 appetitus,
2997 4905 3204 4962 chamo
3228 4910 3285 4961 et
3310 4905 3471 4961 freno
3494 4905 3666 4978 spiri-

2024 5000 2197 5056 tualis
2232 5000 2404 5055 modo
2427 4998 2749 5070 disciplinae
2773 4999 3141 5052 cocrceatur:
3175 4994 3276 5050 sed
3306 5010 3411 5049 nec
3440 5011 3507 5049 ea
3538 5010 3669 5066 quae

2021 5091 2093 5147 ab
2109 5089 2249 5145 Abel
2277 5087 2643 5160 singularum
2667 5086 2900 5141 datione
2921 5083 3415 5151 stolarum,donec
3433 5083 3669 5155 justitia

2021 5182 2393 5235 convertatur
2412 5177 2472 5231 in
2489 5176 2807 5245 judicium,
2830 5173 3135 5243 sanctique
3156 5173 3216 5227 in
3238 5175 3393 5228 terra
3412 5171 3672 5244 duplicia

2022 5278 2382 5350 possideant,
2416 5276 2634 5347 agitur,
2669 5277 2943 5328 meretur.
2979 5271 3142 5327 Nunc
3173 5274 3369 5325 autem
3413 5286 3491 5340 Ix,
3522 5286 3580 5338 x,
3610 5287 3669 5325 x1

2020 5373 2078 5424 et
2125 5385 2205 5422 x11
2257 5365 2517 5437 supremi
2557 5365 2881 5418 remanent.
2913 5360 3173 5425 Quorum
3205 5359 3431 5430 primus
3462 5373 3667 5414 novem

2021 5456 2412 5512 ccelicolarum
2446 5451 2775 5517 ordinibus,
2810 5449 3105 5504 secundus
3136 5449 3337 5503 decem
3383 5445 3670 5520 legalibus

2018 5545 2231 5612 verbis,
2256 5543 2465 5599 tertius
2488 5541 2683 5612 dignis
2708 5538 3060 5611 poenitentia
3084 5537 3400 5603 fructibus,
3423 5538 3669 5607 quartus

2020 5635 2163 5691 Novi
2196 5632 2483 5689 duodenis
2524 5629 2881 5686 Testamenti
2933 5628 3299 5700 praeconibus
3346 5623 3670 5682 consecrati

2020 5723 2323 5795 effulgent;
2351 5720 2621 5787 Quintus,
2657 5717 2959 5790 quoniam,
2994 5725 3059 5771 ut
3103 5716 3388 5809 scriptum
3437 5716 3526 5767 est
3558 5712 3670 5809 :“Irz

2020 5814 2211 5869 multis
2242 5810 2644 5883 delinquimus
2685 5824 2890 5864 omnes
2939 5807 3073 5877 (Jac.
3126 5821 3210 5874 III,
3260 5806 3316 5867 2,
3364 5802 3424 5855 in
3476 5798 3666 5853 multis

2020 5904 2349 5975 oﬂendz’mus
2378 5902 2628 5973 omnes),
2652 5897 2923 5970 quisquis
2951 5894 3221 5950 instituta
3248 5907 3285 5944 x
3303 5978 3307 5983 1
3325 5888 3665 5959 praetergre-
