3884 6462
178 625 330 691 1011

1191 619 1536 682 WlBOLDI
1580 617 2182 681 CAMERACENSIS
2226 617 2582 680 EPISCOPI

3435 613 3596 676 1012

178 759 368 831 diens,
392 758 452 816 in
474 777 529 816 x1
554 757 815 828 offendit,
841 755 1152 829 splendore
1170 771 1250 810 xu
1272 769 1642 825 gemmarum
1659 751 1828 822 juba-
1856 755 1910 820 Α
1943 767 2117 807 senas
2169 751 2346 808 facies
2392 751 2647 807 habeant
2682 748 2859 806 variis
2889 752 3123 806 notatas
3154 748 3438 806 numeris.
3470 748 3596 812 ouo

180 849 262 905 ris
292 848 620 914 redimitus,
655 852 720 902 ut
749 846 820 902 ad
854 844 1182 916 reparanda
1229 859 1286 896 1x
1335 841 1585 912 pristina
1613 842 1830 896 damna

181 942 575 1002 succrescant,
603 952 704 1007 per
725 934 946 988 denarii
972 933 1248 986 mandata
1271 930 1626 1002 regrediens,
1655 930 1832 985 unde—

183 1026 276 1080 nis
290 1023 555 1080 Ecclesie
577 1023 824 1078 cilicinis
844 1021 1143 1092 operiatur
1164 1019 1342 1089 sagis,
1360 1024 1422 1072 ut
1445 1019 1630 1089 possit
1650 1035 1830 1088 quan-

139 1095 150 1104 ’
183 1113 375 1184 doque
405 1112 594 1167 dicere
625 1127 757 1165 cum
791 1108 1106 1164 Psalmista
1141 1123 1152 1160 :
1189 1107 1520 1162 Convertz'sti
1543 1107 1830 1178 planctum

181 1216 364 1256 meum
394 1201 457 1255 in
484 1198 748 1268 gaudium
776 1197 937 1264 mihi,
971 1203 1029 1252 et
1067 1195 1294 1266 reliqua
1323 1195 1497 1266 (Psal.
1530 1212 1684 1262 xxxx,
1718 1197 1826 1266 12).

181 1289 368 1361 Igitur
387 1287 522 1358 quia
542 1287 806 1351 virtutes,
821 1300 1216 1356 numerosque
1234 1283 1628 1356 qualicunque
1656 1284 1827 1339 modo

178 1375 598 1439 ordinavimus,
620 1373 870 1445 qualiter
901 1391 1055 1430 nunc
1085 1373 1278 1430 sortiri
1304 1374 1557 1430 debeant
1587 1390 1828 1429 censea-

179 1481 332 1521 mus.
366 1465 508 1521 Tres
537 1464 734 1535 itaque
767 1479 1076 1521 sumamus
1107 1467 1381 1530 tesseras,
1415 1479 1542 1535 que
1587 1461 1828 1533 singulae

1940 841 2128 910 major
2151 840 2444 908 senarius,
2470 839 2569 894 alii
2603 840 2659 894 in
2692 838 2915 894 ceteris
2941 855 3054 894 uno
3076 854 3310 910 semper
3333 837 3595 893 minores

1941 947 2129 1001 usque
2150 930 2220 984 ad
2245 945 2462 997 assem,
2486 929 2588 999 qui
2611 927 2787 984 simul
2818 928 2968 982 ﬁunt
2993 944 3086 984 xxx
3107 932 3166 983 et
3190 927 3407 982 nostris
3429 942 3597 982 voca-

1939 1018 2095 1073 libus
2123 1035 2193 1084 v;
2227 1018 2493 1074 videlicet
2520 1019 2587 1082 A,
2620 1018 2682 1083 Ε,
2719 1017 2762 1082 1,
2795 1017 2859 1086 Ο,
2897 1016 2935 1072 U
2969 1015 3233 1088 singulas
3256 1016 3459 1072 eodem
3492 1032 3594 1070 or-

1941 1108 2074 1162 dino
2091 1107 2576 1178 depingamus,ut
2593 1110 2800 1176 quater
2816 1105 3106 1177 replicate
3124 1106 3396 1160 eumdem
3415 1105 3596 1176 equi-

1940 1201 2140 1267 parent
2169 1212 2182 1262 ;
2215 1211 2283 1250 eo
2306 1199 2501 1250 tamen
2523 1199 2746 1262 tenore,
2771 1200 2837 1248 ut
2855 1193 2915 1250 in
2940 1194 3132 1266 prima
3156 1200 3224 1265 Δ,
3249 1194 3308 1250 in
3333 1195 3594 1250 secunda

1941 1285 2002 1350 E,
2031 1283 2091 1338 in
2113 1284 2285 1339 tertia
2309 1283 2350 1350 ι,
2372 1284 2444 1338 ab
2472 1299 2602 1340 asse
2627 1282 3172 1354 incipiens,directo
3197 1299 3432 1355 semper
3451 1282 3594 1339 scri-

1937 1373 2113 1429 batur
2141 1372 2414 1441 tramine,
2443 1377 2500 1429 et
2529 1372 2735 1428 eodem
2763 1372 2928 1444 apice
2961 1372 3242 1430 ﬁniantur
3272 1372 3374 1429 ita.

1067 1684 1098 1734 Γ
1251 1714 1281 1748 0
1381 1717 1407 1750 δ
1482 1715 1510 1750 C
1870 1714 1900 1750 u
2000 1699 2113 1749 Ε]
2451 1701 2496 1747 'u
2601 1697 2736 1746 iuv

1137 1781 1166 1816 a
1285 1783 1314 1818 υ
1434 1767 1447 1817 i
1756 1781 1785 1818 e
1905 1781 1933 1819 a
2050 1780 2084 1818 ο
2361 1765 2374 1814 i
2503 1778 2533 1815 e
2651 1779 2680 1814 u

1320 1848 1506 1884 acu
1919 1849 2114 1887 .eua
2551 1833 2717 1883 iae

1088 1938 1117 1980 e
1248 1931 1509 1982 ciae
1703 1926 1719 1984 i
1872 1924 2114 1980 loci
2302 1940 2335 1977 υ
2472 1927 2726 1983 o_uio'

1383 1997 1512 2050 io
1995 2005 2115 2044 ou
2602 2006 2728 2069 ua-

1209 2065 1510 2115 iouua
1806 2073 2116 2114 ouaae
2407 2072 2716 2112 caeci

262 2288 359 2346 His
381 2289 578 2362 itaque
599 2289 1208 2363 dispositis,volumus
1233 2293 1298 2345 ut
1320 2306 1420 2362 per
1440 2289 1547 2345 has
1565 2289 1833 2356 tres,sic-
1865 2293 1914 2358 B
1947 2291 2270 2344 revertatur
2318 2289 2391 2343 ad
2439 2288 2756 2345 Dominum
2814 2288 2914 2363 qui
2965 2289 3127 2346 dedit
3182 2289 3351 2345 illum
3405 2291 3600 2362 (Eccli.

187 2382 254 2434 ut
284 2382 341 2434 et
370 2379 430 2434 in
462 2379 698 2450 prefeto
731 2379 877 2436 solet
905 2380 1067 2447 ludo,
1092 2379 1320 2436 numeri
1343 2380 1443 2451 qui
1476 2379 1835 2452 supputandi

188 2470 536 2540 sunt,prout
555 2485 681 2525 sors
706 2469 1025 2536 dictaverit,
1042 2486 1148 2524 suo
1174 2485 1406 2540 semper
1425 2469 1627 2524 ordine
1650 2467 1838 2539 requi-

189 2558 414 2612 rantur.
462 2557 510 2612 Y
557 2573 690 2612 vero
725 2563 948 2612 sextam
981 2557 1378 2628 Achivamque
1408 2558 1665 2613 vocalem
1699 2559 1836 2628 (non

191 2643 383 2700 solum
406 2646 561 2716 quod
587 2647 759 2701 modo
781 2647 981 2702 eadem
1007 2646 1252 2702 minime
1274 2646 1608 2716 indigemus
1639 2645 1840 2716 lingua

192 2737 251 2788 et
281 2737 607 2790 nostratum
640 2734 876 2806 regulas
905 2734 1435 2806 orthograpborum
1477 2736 1547 2789 ad
1598 2733 1837 2805 plenum

195 2837 309 2874 non
343 2822 852 2892 observamus,sed
883 2823 1022 2893 quia
1051 2823 1461 2894 compendiose
1491 2823 1683 2894 operis
1715 2828 1838 2878 stu-

194 2909 424 2972 demus,
468 2909 904 2982 vulgariterque
953 2911 1136 2965 nostri
1187 2911 1500 2965 ridiculum
1555 2912 1838 2983 exemere)

193 2997 693 3068 pretermisimus.
755 3001 1041 3055 Ceterum
1100 3005 1506 3068 consonantes,
1558 3002 1835 3072 quoniam

197 3085 484 3141 sexdecim
529 3087 585 3141 in
635 3087 947 3158 alphabetc
982 3093 1279 3144 remanent
1309 3094 1546 3161 excepta
1575 3107 1627 3161 q,
1661 3107 1837 3160 quam

194 3174 560 3242 grammatici
585 3191 1009 3246 supervacuam
1035 3177 1361 3242 nominant,
1383 3193 1683 3248 quamque
1710 3178 1839 3233 ideo

195 3279 308 3317 non
343 3264 881 3331 annumeravimus,
915 3264 1054 3336 quia
1082 3282 1151 3322 ex
1181 3271 1448 3321 currente
1494 3266 1605 3321 sibi
1659 3266 1837 3332 socia,

1947 2394 2049 2447 xu,
2070 2379 2148 2446 7).
2177 2377 2272 2432 Sic
2296 2377 2571 2449 projectis
2597 2378 2773 2433 simul
2805 2396 2836 2434 e
2861 2395 3039 2435 manu
3065 2379 3233 2434 cubis
3255 2395 3390 2434 cum
3421 2380 3604 2434 trian-

1948 2466 2110 2539 gulo,
2132 2482 2456 2537 eorumque
2482 2466 2825 2539 singillatim
2856 2466 3068 2523 litteris
3099 2468 3442 2540 perspectis,
3471 2485 3608 2525 mox

1949 2556 2368 2612 recurrendum
2393 2555 2501 2611 erit
2523 2557 2593 2611 ad
2620 2557 2942 2628 marginem
2968 2573 3246 2612 numeros
3271 2573 3403 2612 cum
3425 2557 3608 2614 virtu-

1947 2645 2106 2699 tibus
2128 2645 2549 2701 continentem.
2573 2646 2930 2717 Eodemque,
2955 2651 3020 2700 ut
3049 2646 3356 2716 prefatum
3379 2651 3491 2714 est,
3516 2648 3606 2702 di-

1951 2733 2301 2790 scretionem
2333 2733 2516 2790 vocali
2549 2734 2650 2789 uni
2682 2734 2954 2790 similiter
2993 2735 3302 2807 tripartite
3351 2741 3606 2807 reperto,

1948 2820 2222 2876 virtutem
2247 2838 2373 2892 que
2403 2821 2578 2896 latere
2598 2822 2858 2890 habebit,
2877 2827 3080 2879 notare
3100 2825 3383 2880 debemus
3405 2841 3419 2892 ς
3443 2841 3608 2880 voca-

1951 2907 2154 2978 lesque
2185 2908 2343 2965 illius
2374 2911 2816 2981 apparentibus,
2847 2911 2896 2966 si
2936 2910 3223 2981 valemus,
3254 2927 3607 2983 componere

1950 2995 2272 3063 vocalibus,
2306 3002 2362 3052 et
2413 2997 2495 3052 ita
2533 2999 2826 3069 privatim,
2859 3006 3160 3071 compotes
3196 3002 3326 3071 ejus
3354 3017 3504 3066 esse,
3541 3007 3608 3056 ut

1952 3101 2123 3155 pares
2147 3086 2454 3142 nobiscum
2480 3086 2749 3143 ludentes
2771 3105 3142 3160 nequaquam
3166 3090 3431 3146 eamdem
3464 3090 3608 3146 ulte-

1950 3173 2074 3230 rius
2101 3173 2159 3229 in
2187 3176 2388 3230 eodem
2421 3175 2559 3230 ludo
2593 3175 2701 3232 sibi
2737 3177 2966 3233 valeant
2986 3178 3301 3234 vindicem.
3326 3179 3453 3234 Tali
3483 3177 3606 3235 uti-

1951 3279 2063 3334 que
2093 3264 2515 3335 disceptatione
2547 3265 2809 3320 vicissim
2841 3265 3182 3322 alternando
3225 3269 3606 3340 gyrandoque

192 3349 464 3408 videlicet
510 3368 568 3420 u,
615 3351 740 3406 sine
772 3369 889 3424 qua
917 3355 1033 3408 vim
1068 3353 1270 3409 littere
1301 3355 1537 3419 amittit,
1571 3355 1842 3427 perfacile
1941 3354 2232 3422 jocantes,
2265 3353 2512 3409 virtutes
2544 3371 2749 3410 omnes
2781 3355 3039 3412 sortibus
3069 3355 3419 3427 partiuntur.
3453 3359 3523 3413 Et
3553 3358 3606 3414 si

193 3437 288 3494 hic
318 3440 731 3510 comprehendi
765 3446 974 3512 potest,
1006 3448 1063 3496 et
1114 3447 1393 3514 septenus
1436 3444 1698 3500 decimus
1733 3462 1839 3499 nu-

195 3542 395 3582 merus
423 3528 495 3582 ad
529 3530 925 3600 peragendum
950 3532 1105 3602 quod
1130 3531 1491 3601 volebamus,
1516 3533 1685 3605 quasi
1718 3549 1838 3589 em-

192 3614 481 3672 bolismus
503 3616 824 3673 videbatur.
850 3619 1034 3690 Igitur
1062 3620 1215 3674 sicut
1243 3620 1469 3675 vocales
1495 3623 1834 3695 tetragonis,

192 3701 274 3758 ita
294 3710 683 3761 consonantes
706 3706 805 3761 uni
829 3709 1240 3762 tantummodo
1263 3708 1504 3779 trigone
1528 3710 1836 3782 pyramidi,

192 3805 320 3862 que
351 3797 605 3864 quatuor
632 3796 971 3866 superficies
1009 3796 1268 3861 haberet,
1299 3796 1557 3853 inserere
1589 3803 1836 3870 oportet,

193 3879 278 3934 ita
309 3897 322 3934 :

1097 4580 1445 4595 ...ια’-νὴ..-

261 4844 395 4907 Quae
426 4847 622 4899 tamen
644 4844 746 4900 tali
770 4845 894 4918 lege
920 4847 1234 4915 tenebitur,
1263 4855 1329 4904 ut
1358 4851 1407 4906 si
1440 4850 1524 4906 vel
1559 4868 1676 4907 una
1697 4852 1835 4907 infe-

189 4931 407 4987 riorum
436 4935 564 5002 ejus
590 4936 1042 4990 consonantium
1074 4937 1130 4991 in
1166 4938 1402 4994 nomine
1428 4940 1680 5010 virtutis,
1705 4958 1834 5012 que

1951 3456 2068 3495 non
2101 3457 2269 3511 equa
2299 3440 2466 3497 lance
2496 3447 2702 3498 mutuo
2732 3443 3093 3511 dividuntur,
3129 3443 3187 3499 bi
3220 3445 3319 3516 qui
3350 3444 3436 3500 vel
3485 3463 3606 3503 una

1951 3528 2172 3585 ceteris
2229 3529 2485 3602 amplius
2537 3531 3055 3602 superabundavit,
3107 3532 3484 3604 prelaturam
3544 3551 3606 3590 in

1950 3618 2174 3673 ceteris
2195 3618 2308 3674 sibi
2338 3619 2587 3675 cessisse
2609 3621 2921 3692 gaudeant.
2949 3622 3034 3676 Ita
3063 3621 3349 3677 duntaxat
3380 3626 3443 3677 ut
3465 3623 3606 3678 cha-

1950 3705 2114 3773 ritas,
2145 3723 2272 3777 que
2305 3707 2540 3778 gemina
2583 3712 2689 3774 est,
2733 3708 2783 3763 si
2833 3709 3181 3779 oportuerit,
3213 3726 3316 3781 pro
3369 3711 3605 3768 duabus

1949 3799 2323 3865 computetur
2343 3795 2678 3864 virtutibus,
2705 3812 2834 3868 que
2857 3797 3028 3851 etiam
3054 3798 3126 3852 ob
3150 3799 3328 3853 unius
3346 3803 3609 3855 tantum-

1949 3884 2123 3937 modo
2142 3881 2350 3938 littere
2369 3882 2610 3955 eclysin,
2627 3885 2791 3950 IetA,
2808 3885 2948 3940 bina
2963 3891 3098 3958 post
3115 3887 3368 3958 primam
3386 3889 3609 3944 exami-

1947 3973 2122 4024 netur
2143 3971 2521 4041 proiectione,
2544 3973 2701 4044 quod
2734 3973 2806 4028 de
2835 3973 3057 4030 ceteris
3087 3975 3449 4032 omnimodis
3477 3978 3605 4034 fieri

1947 4057 2304 4115 inhibemus.
2341 4060 2412 4116 Et
2443 4076 2632 4131 usque
2663 4061 2733 4116 ad
2764 4061 2971 4117 horam
3002 4061 3162 4118 illius
3195 4063 3309 4118 diei
3353 4070 3603 4138 sextam,

1947 4145 2384 4213 eminentiores,
2427 4148 2732 4204 inferiores
2786 4150 2878 4205 sui
2933 4149 3257 4222 discipulos
3302 4159 3604 4223 vocantes,

1947 4235 2195 4290 suadere
2219 4236 2534 4304 debebunt,
2564 4241 2629 4292 ut
2657 4237 2904 4294 virtutes
2925 4254 3053 4308 que
3079 4238 3164 4294 eis
3184 4245 3342 4296 sorte
3362 4241 3602 4311 desunt,

1945 4324 2115 4378 bonis
2135 4324 2398 4381 moribus
2415 4331 2688 4398 satagant
2703 4325 3355 4397 impetrarelnfericres
3367 4346 3604 4402 quoque

1945 4413 2090 4468 niati
2121 4413 2246 4483 (sic)
2274 4418 2508 4470 tesserae
2538 4420 2978 4487 cognoscentes,
3001 4433 3066 4472 ac
3095 4417 3286 4482 veluti.
3309 4418 3421 4474 sibi
3453 4435 3602 4490 pre-

1947 4501 2100 4558 latis.
2147 4543 2158 4556 .
2209 4543 2222 4557 .
2270 4545 2282 4558 .
2331 4543 2341 4555 .
2390 4547 2402 4559 .
2453 4546 2464 4558 .
2507 4504 2842 4577 pedagogis
2872 4520 2988 4560 non
3019 4505 3188 4562 aliter
3226 4523 3326 4563 eos
3372 4524 3606 4566 nuncu-

1946 4606 2082 4661 pare
2113 4591 2388 4657 audeant,
2426 4609 2603 4664 quam
2637 4593 2976 4666 magistros.
2999 4597 3073 4650 At
3101 4595 3150 4652 si
3183 4596 3514 4669 contigerit,
3538 4604 3608 4656 ut

1946 4684 2152 4733 neuter
2183 4685 2458 4735 neutrum
2491 4697 2771 4752 superare
2804 4687 3000 4753 queat,
3025 4700 3231 4740 omnes
3255 4687 3604 4757 equanimi-

1944 4770 2032 4821 ter
2062 4767 2298 4839 utrique
2328 4769 2388 4823 in
2421 4768 2772 4826 alterutrum
2805 4771 3172 4842 possidentes
3192 4773 3459 4844 virtutes,
3483 4793 3606 4833 una

1945 4871 2178 4926 semper
2207 4856 2326 4910 sint
2357 4857 2643 4913 charitate
2667 4861 3002 4927 concordes,
3026 4866 3083 4918 et
3111 4863 3365 4923 fraterno
3394 4869 3603 4936 gratu-

1944 4943 2138 4998 lentur
2169 4944 2425 5000 nomine.
2458 4950 2652 5002 Potest
2679 4947 2833 5004 idem
2869 4955 2928 5003 et
2957 4948 3071 5004 alio
3105 4951 3278 5008 modo
3306 4952 3606 5009 efﬁcacior

185 5021 414 5077 vocales
437 5022 699 5087 secrevit,
724 5029 950 5094 reperta
974 5026 1166 5090 fuerit,
1192 5043 1293 5096 pro
1317 5028 1538 5083 ceteris
1560 5029 1836 5085 omnibus
1867 5023 1914 5088 D
1945 5029 2354 5104 lubentiorque
2384 5035 2630 5090 fortasse
2661 5035 2960 5106 aliquibus
3005 5038 3151 5108 ﬁeri,
3182 5055 3299 5110 quo
3345 5041 3601 5114 quisque

185 5115 576 5181 computetur,
600 5115 656 5166 et
687 5112 840 5182 quod
873 5114 1162 5185 tetragoni
1191 5116 1283 5169 sui
1318 5117 1626 5186 superficie
1659 5135 1830 5189 supc-

184 5197 342 5261 riori,
378 5198 486 5253 hoc
543 5199 656 5254 ista
702 5200 981 5268 inferiori,
1014 5201 1071 5256 id
1121 5207 1209 5258 est
1251 5203 1377 5258 basi
1424 5221 1552 5275 sua,
1586 5207 1830 5261 demon-

184 5286 415 5342 strabit.

255 5377 369 5428 Nec
387 5374 700 5441 immerito,
716 5377 931 5449 quippe
949 5394 1082 5432 cum
1101 5395 1334 5450 corpus,
1353 5381 1523 5452 cujus
1541 5381 1686 5447 iste,
1705 5401 1830 5454 que

185 5461 632 5518 similitudinem
684 5464 800 5519 illis
847 5465 1055 5520 anime
1101 5469 1490 5538 figurantibus
1523 5471 1829 5543 retineant,

184 5550 300 5605 sivo
336 5551 581 5606 naturali
616 5553 1041 5622 compositione
1088 5556 1176 5610 sui
1228 5558 1498 5613 decenter
1535 5567 1828 5627 ornatum,

184 5656 283 5693 seu
315 5643 510 5710 aliqua
535 5641 797 5712 portione
820 5641 1200 5710 diminutum,
1223 5647 1313 5701 sui
1343 5653 1716 5704 monstruosa
1739 5667 1833 5705 su-

182 5730 508 5798 perlluitule
541 5730 1011 5800 augmentatum,
1045 5731 1317 5800 spiritum
1361 5739 1460 5790 aut
1508 5737 1825 5809 integrum,

182 5822 282 5868 aut
312 5817 540 5871 nullum
572 5815 786 5868 habere
817 5813 1116 5870 videatur:
1151 5823 1206 5872 et
1236 5836 1300 5874 e0
1333 5823 1686 5893 discedente,
1721 5825 1828 5880 hoc

179 5900 388 5969 imum,
420 5904 572 5958 unde
603 5901 905 5968 sumptum
939 5906 1048 5966 est,
1081 5911 1300 5974 repetat
1327 5908 1706 5979 elementum,
1731 5912 1826 5966 ille

1945 5120 2220 5191 projectis
2253 5123 2438 5178 tribus
2471 5125 2883 5180 tantummodo
2912 5127 3176 5195 tesseris,
3208 5145 3324 5184 non
3356 5130 3432 5184 ad
3479 5131 3600 5186 vim

1944 5207 2389 5280 elementorum,
2405 5212 2502 5265 sed
2526 5213 2594 5265 ad
2617 5229 2915 5270 summam
2931 5215 3112 5270 simul
3129 5215 3399 5278 collatam
3421 5221 3603 5291 respi-

1942 5295 2120 5364 ciens,
2155 5303 2442 5370 quotquot
2490 5299 2590 5354 tali
2645 5303 2943 5372 repererit,
2977 5309 3042 5358 ut
3084 5304 3453 5376 prelibatum
3485 5315 3598 5376 est,

1941 5403 2185 5443 numero
2210 5388 2535 5454 redimitae,
2554 5388 2902 5460 gloriabitur
2924 5408 2986 5447 se
3009 5393 3307 5465 possidere
3328 5396 3600 5458 virtutes.

2013 5475 2142 5530 Haec
2171 5476 2367 5532 taliter
2399 5477 2530 5545 tibi,
2562 5477 2764 5547 lector,
2798 5480 3208 5553 proponimus,
3241 5487 3306 5538 ut
3354 5484 3414 5550 si,
3455 5485 3601 5556 quid

1941 5563 2124 5633 stylus
2154 5565 2349 5635 exigit,
2390 5565 2611 5620 utiliter
2645 5573 2944 5634 annectas,
2978 5575 3080 5624 aut
3121 5572 3466 5644 corrigendo
3499 5576 3601 5634 de-

1937 5652 2137 5707 trahas
2165 5677 2177 5718 ;
2211 5653 2356 5707 nihil
2381 5658 2578 5708 tamen
2606 5655 2987 5728 blasphemiae
3011 5659 3266 5727 inferas;
3299 5666 3355 5716 et
3385 5666 3434 5720 si
3468 5661 3598 5719 lau-

1939 5740 2075 5795 dare
2105 5739 2383 5807 nolueris,
2410 5758 2481 5796 ne
2513 5743 2838 5814 disperdas.
2867 5746 3030 5811 Quod
3060 5746 3109 5802 si
3140 5747 3320 5810 ludus
3346 5749 3596 5820 vilescit,

1939 5835 2040 5882 aut
2071 5828 2265 5884 animo
2288 5830 2523 5884 taedium
2549 5832 2756 5902 gignit,
2784 5832 2992 5890 saltem
3017 5853 3402 5894 numerorum
3428 5840 3598 5898 utilis

1939 5916 2211 5987 coaptatio
2225 5917 2625 5992 virtutumque
2638 5919 2944 5993 diligibilis
2958 5923 3394 5998 inquisitio,nec
3408 5929 3600 5996 otiosa
