3884 6406
1820 484 1839 541 Ἀ

1329 588 1534 635 ANNO
1583 588 1859 635 DOMINI
1909 587 2375 637 DCCCCLXVI.

854 728 2878 952 FLODOARDUS

1383 1018 1841 1086 CANONICUS
1890 1020 2321 1112 REMENSIS.

475 1281 1054 1372 NOTITIA
1149 1273 1898 1364 HISTORICA
1999 1275 2133 1363 IN
2235 1220 3222 1364 FLODOARDUM.

993 1426 1162 1492 (Apud
1190 1425 1379 1475 Mabill.
1417 1426 1538 1474 Acta
1567 1421 1651 1473 SS.
1677 1421 1786 1471 0rd.
1821 1420 1870 1472 S.
1899 1422 2104 1480 Bened.,
2142 1430 2262 1473 tom.
2293 1421 2400 1482 VII,
2437 1438 2550 1487 pag.
2574 1424 2712 1487 325.)

256 1691 625 1749 Flodoardum
657 1688 1043 1761 presbyterum
1084 1685 1433 1739 Remensem.
1468 1676 1807 1750 praecipuum
1830 1678 1883 1745 Α
1910 1676 2107 1732 vellem
2156 1678 2454 1750 proﬁcisci.
2500 1681 2763 1754 Fecitque
2810 1696 2898 1737 me
2939 1681 3042 1737 sub
3087 1681 3336 1738 custodia
3373 1681 3527 1737 deti-

188 1786 367 1845 saeculi
421 1800 456 1839 χ
519 1789 951 1845 ornamentum,
1016 1774 1304 1832 monachis
1360 1775 1654 1827 accensent
1702 1766 1867 1839 viri.‘

190 1878 329 1934 docti
374 1892 491 1932 non
529 1874 692 1946 pauci
734 1881 858 1944 post
886 1869 1260 1945 Sigebertum,
1309 1879 1449 1936 quos
1476 1862 1620 1917 inter
1656 1857 1808 1913 Guil-

190 1971 381 2025 lelmus
435 1968 697 2022 Marlotus
750 1965 808 2019 in
866 1962 1143 2031 Metropoli
1198 1958 1445 2014 Remensi
1499 1962 1555 2008 et
1606 1948 1811 2006 Natalis

191 2057 491 2113 Alexander
540 2055 597 2110 in
640 2055 887 2111 Historia
924 2053 1104 2107 saeculi
1128 2065 1179 2103 κ.
1235 2043 1602 2109 Flodoardus,
1641 2055 1808 2112 quem

187 2150 327 2205 idem
372 2149 699 2224 Sigebertus
736 2144 1075 2201 Flawaldum
1120 2147 1299 2205 vocat,
1357 2150 1638 2206 nunquam
1676 2132 1812 2224 satis

190 2220 461 2305 laudatus,
498 2253 604 2293 nec
631 2236 746 2291 scio
800 2251 871 2289 an
910 2233 1009 2287 ulli
1038 2240 1352 2301 temporum
1403 2225 1625 2279 illorum
1669 2220 1812 2276 scri-

191 2328 328 2399 ptori
384 2326 690 2386 secundus,
749 2325 1029 2395 Sparnaco
1095 2317 1304 2390 oppido
1356 2315 1427 2369 ad
1485 2314 1806 2373 Matronam,

189 2421 345 2493 vulgo
376 2424 656 2490 Epemay,
692 2424 855 2471 natus
886 2424 971 2469 est
1009 2427 1156 2468 anno
1193 2410 1318 2470 894,
1352 2406 1633 2479 siquidem
1664 2418 1810 2458 anno

190 2510 289 2564 963
337 2506 804 2580 septuagenarius
842 2510 979 2569 erat,
1043 2518 1112 2555 ex
1148 2500 1327 2570 ipsius
1365 2495 1655 2551 Chronico.
1703 2495 1807 2547 Ar-

186 2603 401 2657 chivnm
446 2598 705 2656 ecclesiae
751 2593 1041 2651 Remensis
1087 2592 1207 2660 ejus
1260 2605 1406 2645 curae
1454 2585 1808 2642 commissum

190 2697 302 2745 erat
328 2706 450 2746 cum
483 2694 679 2758 crypta
705 2701 804 2740 seu
834 2682 1049 2754 capella
1077 2678 1251 2735 sancti
1283 2675 1428 2732 Petri
1461 2691 1525 2729 ex
1558 2672 1810 2729 Historiae

191 2798 298 2838 suae
325 2782 423 2837 lib.
468 2799 534 2845 η,
565 2797 690 2850 cap.
724 2778 814 2841 19,
844 2774 942 2830 ubi
969 2774 1038 2828 de
1068 2772 1263 2827 Ebone
1305 2768 1439 2844 agit,
1474 2767 1563 2821 his
1586 2766 1807 2821 verbis:

196 2896 219 2927 α
258 2876 551 2930 Archivum
601 2869 852 2927 ecclesiae
884 2864 1177 2922 tutissimis
1222 2860 1494 2927 aediliciis,
1527 2875 1652 2914 cum
1680 2874 1807 2927 cry-

195 2976 279 3037 pta
308 2968 364 3023 in
392 2968 608 3023 honore
636 2961 814 3017 sancti
847 2956 989 3013 Petri
1017 2955 1377 3024 omniumque
1407 2949 1806 3065 apostolorum.
1833 2995 1889 3065 B

682 3052 703 3065 ι-
1126 3045 1361 3065 °_A,!A__-__
1404 3042 1647 3065 J-.)!-_s-
1714 3056 1744 3065 η
1770 3039 1806 3065 κζ

194 3066 510 3130 martyrum,
567 3052 949 3111 confessorum
989 3065 1053 3104 ac
1088 3045 1366 3119 virginum
1398 3042 1675 3108 dedicata,
1714 3038 1807 3095 ubi

198 3147 299 3202 Deo
322 3129 567 3218 propitio
599 3140 881 3197 deservire
912 3138 1185 3201 videmur,
1210 3148 1394 3205 opere
1421 3129 1641 3186 decenti
1671 3145 1811 3187 cono

192 3234 396 3290 struxit.
436 3258 454 3279 ι
497 3233 738 3292 Ibidem,
768 3228 1141 3290 Gundacrum,
1174 3222 1530 3285 Canonicum,
1569 3226 1629 3273 ut
1658 3220 1839 3288 puto,‘

197 3323 516 3378 Remensem
550 3365 563 3383 .
624 3318 950 3374 nutritorem
1002 3330 1160 3369 suum
1215 3318 1393 3375 vocat,
1450 3307 1639 3363 matris
1696 3306 1816 3374 ejus

196 3417 483 3471 avunculus
515 3420 637 3469 erat
661 3410 983 3466 Flawardus
1011 3408 1242 3470 nomine,
1278 3401 1373 3473 qui
1423 3401 1555 3455 duos
1585 3400 1725 3468 ﬁlios
1761 3397 1815 3450 in

196 3507 358 3561 sancti
411 3503 596 3560 Basoli
637 3500 974 3557 monasterio
1015 3495 1234 3562 habuit,
1265 3508 1435 3549 unum
1474 3490 1814 3555 Tetbertum,

198 3602 289 3669 qui
322 3600 607 3669 presbyter
653 3595 882 3656 dudum,
938 3589 1138 3661 inquit,
1186 3587 1336 3655 apud
1382 3600 1476 3639 nos
1521 3584 1675 3637 obiit.
1721 3583 1818 3634 Ar-

200 3688 339 3744 taldo
367 3684 793 3756 archiepisc0po
827 3681 1073 3741 Romam,
1109 3676 1295 3732 nescio
1324 3674 1483 3742 cujus
1526 3671 1602 3726 rei
1632 3686 1815 3739 causa,

204 3781 469 3852 profectus
496 3778 604 3835 sub
646 3791 853 3831 annum
882 3772 1008 3839 936,
1042 3787 1073 3825 a
1104 3770 1282 3824 Leone
1316 3783 1457 3838 papa
1497 3764 1583 3817 Vll
1618 3765 1818 3835 perho-

200 3871 417 3928 norifica
470 3875 739 3940 exceptus
782 3875 881 3920 est.
933 3865 1010 3919 ita
1059 3862 1205 3917 enim
1248 3861 1367 3931 ipse
1416 3859 1564 3913 canit
1604 3857 1656 3912 in
1711 3854 1820 3908 line

200 3960 320 4016 libri
374 3960 594 4016 metrici
660 3958 729 4012 de
799 3953 1060 4008 Romanis
1123 3948 1523 4022 pontificibus,
1585 3946 1678 4001 ubi
1751 3946 1819 4000 de

200 4051 369 4108 Leone
399 4054 512 4109 VII.

255 4180 345 4243 Qui
374 4194 450 4228 me
469 4179 720 4243 visentem
741 4173 942 4243 aetherei
968 4172 1052 4236 pia
1078 4171 1260 4243 limina
1283 4168 1415 4240 Petri

258 4233 474 4291 jucunde
496 4239 775 4301 excipiens,
800 4233 1201 4301 animo—quasue
1231 4233 1447 4301 benigno

259 4304 488 4361 Admisit,
511 4294 741 4364 favitque
775 4300 873 4363 pie,
898 4294 1190 4365 studuitque
1220 4294 1457 4365 modeste.

259 4359 627 4429 Femina—grata
656 4359 843 4429 aereus,
863 4361 1025 4429 epulis
1038 4359 1282 4429 recreavit
1315 4359 1540 4429 utrisque

260 4376 466 4415 r‘amina
483 4376 627 4429 grata
656 4376 843 4419 serens,
863 4376 890 4410 e
928 4376 1025 4410 uns
1044 4376 1282 4408 recreant
1315 4376 1540 4426 utrisque

256 4429 484 4492 Corporis
505 4436 666 4492 atque
680 4425 880 4479 animze,
894 4376 1169 4492 Benedixit,
1195 4430 1241 4469 et
1266 4419 1435 4492 oscula
1451 4418 1632 4489 libans,

260 4492 325 4540 Ac
349 4481 614 4551 geminans
637 4487 769 4537 dono
793 4486 1104 4551 cumulatum
1125 4482 1348 4551 muneris
1361 4481 1480 4529 almi

261 4545 461 4616 Periere
485 4554 743 4601 laetantem
766 4549 1001 4612 amplexu
1029 4545 1222 4596 dimisit
1246 4546 1451 4599 honoro,

272 4675 422 4730 Anno
472 4674 582 4729 940
636 4671 865 4747 Hugone
927 4668 1192 4725 Heriberti
1251 4664 1680 4722 Vermandensis
1733 4679 1827 4718 co-

207 4762 349 4816 mitis
395 4760 533 4830 filio,
574 4761 645 4817 ad
683 4760 872 4815 sedem
906 4757 1197 4813 Remensis
1238 4755 1495 4811 Ecclesiae
1543 4754 1595 4808 in
1643 4753 1825 4808 locum

206 4851 402 4905 Artaldi
456 4849 905 4922 superordinato,
960 4844 1301 4902 Flodoardus
1356 4844 1557 4899 factum
1616 4842 1828 4914 impro-

208 4941 356 5011 hans,
386 4940 897 5016 peregrinationem
926 4940 993 4995 ad
1022 4938 1213 4993 limina
1239 4938 1411 4991 sancti
1443 4934 1657 4990 Martini
1684 4952 1829 5006 prae-

208 5035 390 5102 texuit,
434 5036 533 5090 sed
568 5036 637 5091 ab
689 5034 979 5089 Heriberto
1020 5039 1270 5087 retentus
1315 5039 1417 5084 est.
1467 5029 1599 5084 Rem
1646 5037 1829 5084 narrat

208 5123 393 5181 iisdem
423 5143 569 5198 pene
597 5124 784 5180 verbis
821 5122 1158 5178 Flodoardus
1179 5120 1303 5191 ipse
1326 5127 1439 5175 tum
1466 5119 1521 5172 in
1554 5118 1827 5174 Chronico

209 5214 271 5268 ad
312 5215 460 5270 illum
493 5231 723 5278 annum,
766 5221 879 5267 tum
928 5213 983 5266 in
1037 5211 1273 5267 Historia
1320 5209 1602 5264 Remensi.
1651 5209 1828 5264 Verba

210 5305 321 5373 ejus
347 5306 640 5363 referenda
670 5314 820 5373 sunt,
868 5313 929 5360 ut
955 5311 1219 5377 appareat
1247 5304 1503 5387 eumdem
1543 5303 1828 5376 utriusque

209 5400 387 5467 operis
436 5415 558 5454 esse
588 5405 890 5453 auctorem.
949 5398 1039 5452 Sic
1067 5398 1253 5468 itaque
1286 5398 1341 5451 in
1380 5398 1666 5473 _Chronico
1722 5400 1826 5454 ha-

212 5486 335 5542 bet:
395 5511 423 5541 α
465 5490 579 5563 Ego
612 5489 855 5560 denique
897 5488 1202 5560 disponens
1231 5488 1498 5561 orationis
1525 5486 1701 5563 gratia
1741 5502 1828 5540 se-

213 5580 452 5648 pulcrum
513 5582 692 5636 sancti
745 5581 963 5636 Martini
1020 5582 1220 5645 visere,
1284 5590 1529 5637 retentus
1578 5598 1699 5636 sum
1758 5579 1829 5635 ab

1909 1768 2050 1831 neri,
2080 1768 2279 1824 ablatis
2304 1787 2337 1825 a
2387 1785 2475 1826 me
2502 1771 2688 1836 rebus,
2723 1787 2861 1844 quas
2890 1771 2960 1826 de
3008 1772 3331 1843 episcopatu
3362 1777 3527 1827 tene-

1910 1857 2059 1925 bam,
2112 1875 2237 1915 cum
2270 1860 2510 1915 ecclesia
2566 1876 2733 1933 quam
2763 1861 3028 1936 regebam
3057 1861 3116 1915 in
3168 1860 3531 1916 Culmiseiaco

1912 1948 2221 2019 (Cor-misy),
2250 1949 2445 2021 sicque
2475 1950 2658 2021 plenis
2685 1965 2934 2022 quinque
2960 1948 3251 2005 mensibus
3275 1965 3394 2005 sum
3427 1950 3531 2004 de-

1911 2047 2111 2096 tentus.
2145 2063 2172 2091 ιι
2205 2041 2359 2096 Idem
2384 2041 2442 2095 in
2473 2041 2748 2105 Historiae,
2783 2041 2879 2096 lib.
2925 2058 2997 2108 iv,
3026 2056 3148 2112 cap.
3179 2041 3290 2096 28:
3323 2064 3351 2089 α
3400 2041 3530 2096 Iihi

1910 2144 2134 2199 quoque
2162 2129 2458 2184 ecclesiam
2481 2128 2827 2185 Culmisciaci
2850 2129 2956 2184 vici
2982 2128 3212 2184 abstulit
3238 2144 3363 2184 cum
3389 2136 3534 2184 terra

1908 2222 2195 2289 beneﬁcii,
2239 2240 2404 2297 quam
2432 2233 2562 2281 tunc
2599 2225 2868 2297 temporis
2904 2224 3188 2280 tenebam.
3231 2224 3343 2299 Ego
3369 2224 3534 2280 deui-

1910 2328 2021 2387 que
2068 2316 2376 2387 disponens
2429 2317 2703 2372 orationis
2750 2316 2929 2391 gratia
2976 2316 3295 2388 sepulcrum
3353 2317 3535 2372 visere

1908 2406 2083 2460 sancti
2119 2405 2357 2474 Martini,
2389 2414 2637 2462 retentus
2674 2423 2795 2462 sum
2824 2406 2895 2461 ab
2924 2406 3070 2477 ipso,
3100 2406 3242 2460 clam
3280 2422 3373 2460 me
3400 2406 3532 2477 quis

1913 2497 2146 2552 busdam
2200 2500 2458 2570 personis
2487 2498 2948 2554 insimulantibus
3002 2499 3150 2570 apud
3177 2514 3324 2567 eum,
3386 2499 3536 2570 quod

1910 2588 1992 2643 sui
2036 2604 2203 2645 causa
2233 2590 2554 2646 nocumenti
2584 2590 2673 2645 vel
2722 2589 2824 2645 ﬁlii
2852 2591 2936 2645 sui
2966 2590 3164 2645 vellem
3216 2586 3534 2662 proficisci:

1912 2689 1967 2735 et
1988 2681 2121 2752 quia
2142 2681 2471 2737 renutabam
2497 2698 2589 2737 me
2606 2682 2736 2737 huic
2755 2681 2935 2738 electo
2956 2691 3146 2738 nostro
3169 2682 3537 2749 committere,

1912 2773 2173 2828 nesciens
2219 2781 2400 2829 utrum
2459 2775 2573 2829 Deo
2627 2774 2874 2845 placeret
2933 2775 3226 2845 priesulem
3286 2781 3537 2831 nostrum

1914 2863 2052 2919 fore.
2093 2864 2295 2936 Sicque
2325 2866 2511 2937 plenis
2538 2867 2787 2938 quinque
2830 2866 3121 2922 mensibus
3151 2867 3296 2939 apud
3340 2866 3540 2923 fratres

1914 2963 2134 3013 nostros
2163 2959 2240 3025 (id
2266 2964 2343 3012 est
2392 2963 2672 3015 canonicos
2701 2960 3023 3025 Remenses),
3056 2960 3179 3031 ipso
3205 2961 3408 3016 comite
3448 2961 3543 3029 ju-

1916 3048 2087 3105 bente
2115 3049 2220 3105 sub
2265 3051 2517 3107 custodia
2545 3051 2742 3123 partim
2796 3053 2991 3118 libera,
3025 3066 3144 3106 sum
3177 3051 3452 3107 detentus.
3512 3076 3537 3099 ιι

1915 3142 2048 3196 Tum
2080 3142 2189 3196 alia
2238 3143 2368 3197 inde
2397 3150 2701 3199 consecuta
2720 3142 2929 3209 subdit,
2969 3157 3169 3213 nempe
3196 3158 3258 3197 se
3305 3144 3537 3200 absolué

1918 3242 2030 3289 tum
2064 3250 2094 3287 a
2121 3235 2372 3289 custodia
2414 3255 2441 3283 α
2484 3235 2607 3305 ipsa
2632 3235 2724 3290 die
2751 3234 3139 3306 conceptionis
3179 3242 3233 3289 et
3265 3237 3542 3307 passionis

1918 3325 2134 3380 Domini
2169 3326 2337 3380 nostri
2366 3326 2494 3381 Jesu
2523 3326 2746 3393 Christi,
2773 3326 2842 3383 ad
2866 3326 3061 3381 urbem
3090 3326 3477 3384 Suessonicam
3515 3354 3540 3378 η

1917 3429 2039 3468 cum
2093 3428 2191 3469 suo
2220 3414 2399 3469 electo
2445 3415 2777 3485 perrexisse,
2818 3415 2914 3471 ubi
2963 3415 3213 3491 Hugonis
3265 3417 3542 3474 ordinatio

1916 3505 2240 3562 conﬁrmata
2272 3514 2356 3562 est
2383 3506 2439 3561 in
2464 3515 2739 3562 conventu
2771 3508 3185 3580 episcoporum.
3226 3533 3240 3556 ι
3282 3509 3363 3565 lbi
3384 3526 3539 3586 ergo,

1919 3598 2123 3670 inquit,
2171 3599 2325 3673 Hugo
2347 3600 2644 3672 qirinceps
2695 3609 2825 3656 tunc
2868 3618 2959 3659 me
3015 3621 3117 3677 per
3167 3618 3391 3661 manum
3449 3620 3544 3661 ac-

1916 3690 2152 3761 cipiens,
2180 3691 2313 3746 huic
2367 3692 2582 3767 Hugoni
2615 3695 2802 3764 nepoti
2833 3711 2932 3752 suo
2977 3696 3047 3751 ad
3078 3697 3541 3754 benefaciendum

1921 3785 2219 3845 commisit.
2248 3786 2455 3857 quique
2501 3786 2638 3841 mihi
2668 3788 2958 3843 ecclesiam
2990 3796 3196 3847 sancta:
3231 3790 3412 3845 Mariae
3446 3790 3546 3846 de-

1921 3872 2003 3927 dit
2029 3872 2087 3926 in
2119 3874 2340 3930 Colrido
2368 3877 2583 3943 (Cor-0y)
2620 3877 2779 3931 sitam
2813 3894 2827 3930 :
2884 3885 3083 3932 terram
3124 3893 3350 3951 quoque
3379 3895 3542 3952 quam

1923 3972 2080 4031 pater
2107 3979 2241 4018 suus
2267 3964 2402 4018 mihi
2422 3963 2727 4021 abstulerat
2754 3966 3021 4032 reddidit,
3052 3974 3107 4022 et
3136 3967 3299 4023 aliam
3326 3969 3383 4023 in
3412 3984 3548 4039 pra-2-

1922 4052 2068 4107 dicta
2097 4052 2231 4107 villa
2260 4052 2652 4123 superadjecit.
2692 4076 2712 4105 ι
2747 4056 2823 4111 Ex
2852 4056 2941 4110 his
2968 4064 3204 4118 constat,
3237 4055 3545 4114 Flodoardo
3629 4106 3633 4110 .

1924 4149 2050 4196 ante
2104 4156 2308 4195 annum
2349 4140 2457 4197 940
2483 4143 2833 4199 commissam
2880 4143 3052 4200 fuisse
3079 4159 3267 4201 curam
3296 4146 3547 4202 ecclesiae

1925 4229 2441 4286 Culmisciacensis:
2497 4248 2563 4287 ac
2599 4233 2837 4303 proinde
2885 4242 3011 4293 ante
3050 4235 3276 4309 Agapeti
3310 4233 3545 4306 pontiﬁ-

1847 4347 1900 4418 C
1928 4328 2132 4418 catum,
2157 4320 2301 4418 Aqui.
2329 4336 2478 4377 anno
2531 4322 2638 4418 94-6
2679 4324 2880 4379 sedere
2918 4324 3107 4395 coepit,
3162 4325 3547 4399 presbyterum
3586 4324 3597 4337 ’

1927 4409 2116 4465 fuisse.
2149 4410 2305 4475 Quod
2355 4426 2517 4482 quam
2548 4411 2621 4467 ob
2666 4428 2889 4468 causam
2919 4414 3011 4468 hic
3064 4424 3276 4483 notem,
3318 4415 3550 4475 inferius

1926 4499 2228 4563 videbitur.
2285 4500 2442 4555 Anno
2480 4500 2579 4554 9M
2637 4500 2975 4557 Flodoardus
3004 4502 3255 4579 Hugonis
3311 4528 3335 4556 ο
3389 4504 3546 4574 jussu

1927 4586 2163 4659 primum
2191 4588 2259 4642 de
2298 4587 2498 4644 exsilio
2537 4598 2815 4646 evocatur.
2850 4614 2876 4638 υ

2002 4677 2152 4731 Idem
2222 4676 2436 4747 synodo
2486 4677 2821 4733 Virdunensi
2876 4695 3022 4735 anno
3088 4682 3193 4736 947
3248 4682 3548 4753 interfuit,

1928 4773 1989 4821 ut
2028 4783 2092 4821 ex
2130 4781 2196 4821 eo
2226 4766 2525 4842 colligitur,
2556 4768 2707 4838 quod
2736 4775 2861 4839 post
2887 4770 3182 4840 synodum,
3222 4772 3547 4842 Mansimus,

1930 4855 2022 4920 ait,
2071 4871 2189 4910 cum
2217 4857 2469 4913 Botberto
2504 4859 2831 4926 Trevirensi,
2873 4874 3075 4931 nempe
3131 4860 3252 4932 ipse
3281 4869 3335 4917 et
3362 4863 3546 4919 Artol-

1930 4948 2051 5004 dus.
2086 4950 2217 5013 Quae
2264 4948 2434 5004 verba
2468 4949 2772 5021 utrobique
2817 4952 3011 5007 eadem
3040 4952 3300 5027 leguntur
3347 4962 3462 5010 tum
3495 4955 3548 5010 in

1931 5037 2203 5094 Chronico
2251 5039 2321 5094 ad
2367 5039 2690 5111 praedictum
2748 5057 2976 5109 annum,
3025 5051 3136 5098 tum
3187 5043 3241 5099 in
3288 5044 3549 5112 Historia,

1928 5130 2030 5186 lib.
2076 5147 2151 5199 IV,
2183 5146 2305 5203 cap.
2355 5131 2445 5187 25.
2480 5133 2555 5188 De
2583 5148 2650 5187 eo
2678 5133 2817 5187 nihil
2856 5133 3097 5204 amplius
3126 5136 3331 5210 legitur
3358 5139 3425 5193 ad
3455 5155 3556 5193 an-

1930 5236 2060 5274 num
2088 5221 2214 5288 962,
2245 5237 2356 5292 quo
2377 5237 2525 5277 anno
2557 5222 2710 5296 Hugo
2736 5222 3193 5296 archiepiscopus
3219 5227 3274 5281 in
3298 5228 3551 5284 ordinem

1933 5310 2208 5377 redactus,
2259 5318 2424 5381 atque
2474 5310 2759 5366 Odalricus
2802 5312 2924 5380 ejus
2965 5315 3086 5371 loco
3136 5314 3398 5372 suffectus
3448 5298 3551 5372 est.

1932 5400 2187 5456 Chronici
2220 5400 2337 5453 haec
2364 5399 2532 5456 verba
2559 5411 2722 5456 sunt:
2764 5426 2781 5451 ι
2816 5401 3098 5478 Elegimus
3130 5407 3199 5461 ad
3231 5408 3554 5479 episcopum

1931 5491 2262 5547 Remensem
2313 5488 2622 5545 Odalricum
2665 5490 2936 5549 illustrem
2987 5496 3273 5567 clericum,
3307 5498 3556 5572 Hugonis

1931 5584 2214 5653 cujusdam
2265 5582 2486 5639 comitis
2536 5581 2731 5651 filium,
2765 5606 2792 5638 »
2827 5596 2935 5643 etc.
2986 5589 3236 5663 Denique
3266 5607 3412 5647 anno
3463 5606 3554 5645 se-

213 5666 491 5727 Heriberto
519 5671 742 5733 comite.
773 5670 912 5725 clam
952 5687 1040 5726 me
1071 5666 1403 5744 quibusdam
1434 5671 1907 5776 accusantibusn
1930 5674 2122 5747 quenti
2161 5694 2183 5726 ι
2215 5672 2502 5728 Odalricus
2539 5672 2829 5730 Remensis
2857 5679 3319 5751 archiepiscopus
3354 5694 3556 5750 proce-

211 5762 352 5833 apud
398 5779 548 5829 eum,
591 5762 741 5834 quod
771 5763 856 5818 sui
904 5780 1068 5820 causa
1116 5763 1437 5820 nocumenti
1478 5761 1563 5817 vel
1612 5762 1708 5819 ﬁlii
1739 5765 1824 5820 sui

493 5865 776 5927 PATROL.
825 5863 1152 5928 CXXXV.

1931 5781 2017 5822 res
2072 5764 2338 5830 Francize,
2379 5763 2473 5836 qui
2527 5766 2912 5835 possessiones
2951 5770 3215 5840 quasdam
3267 5766 3559 5825 Bernensis

3262 5873 3296 5931 1
