3884 6410
352 346 415 402 Η
1066 332 1081 345 ’
1400 337 1838 396 FLODOARDUS
1877 336 2244 394 canemus
2285 340 2630 398 usususus.
2904 335 2925 351 '
3624 363 3692 417 η

351 484 758 550 occupaverant
795 473 1078 540 Ecclesiae,
1108 470 1290 528 vocari
1333 469 1484 524 fecit.
1513 468 1625 542 Ego
1663 483 1817 534 vero,
1839 468 1974 523 sub-
1987 465 2050 539 Α
2072 468 2271 525 melior
2299 470 2493 526 abbas.
2526 471 2601 525 Ab
2632 474 2861 547 Agapito
2900 493 3044 548 papa
3075 478 3251 534 factus
3284 482 3385 538 fuit
3411 488 3688 545 sacerdos.

353 570 434 625 dit
487 568 847 633 Flodoardus,
899 564 1104 621 fractus
1140 570 1325 627 aetate,
1358 569 1416 615 et
1466 559 1688 614 attritus
1739 558 1975 613 inlimi-

353 666 483 725 tate,
531 655 843 713 ministerio
872 671 963 711 me
1006 652 1258 707 abdicavi
1298 649 1606 722 praelatum
1658 664 1843 703 coram
1874 664 1975 703 eo-

351 749 478 803 dem
526 747 761 820 praesule
792 766 804 800 :
859 745 1065 817 quique
1092 757 1177 797 me
1204 741 1314 796 hoc
1364 738 1657 794 absolvens
1679 738 1835 812 jugo,
1869 739 1971 794 im-

353 838 537 911 posuit
578 839 715 894 illud
743 853 843 910 per
868 837 1196 892 electionem
1226 835 1455 890 fratrum
1485 846 1738 888 meorum
1780 831 1971 901 nepoti

350 948 477 988 meo
515 931 821 988 Flodoardo
875 929 1284 1002 septuagesimo
1323 926 1502 983 astatis
1552 941 1691 981 meae
1730 940 1897 980 anno.
1943 948 1968 972 ιο

353 1026 626 1081 Hactenus
651 1021 988 1079 Flodoardus
1029 1020 1099 1075 de
1128 1020 1339 1091 seipso.
1564 1098 1567 1101 _

421 1116 683 1180 Quaenam
708 1113 780 1169 sit
805 1112 899 1166 illa
921 1110 1243 1181 praelatum,
1284 1123 1450 1181 quam
1482 1106 1779 1175 abdicavit,
1809 1107 1971 1163 valde

348 1206 646 1262 obscurum
701 1213 803 1260 est.
848 1202 959 1259 Hoc
1002 1200 1230 1257 nomine
1254 1199 1376 1254 sine
1406 1198 1579 1255 dubio
1619 1199 1968 1274 intelligitur,

348 1316 460 1357 non
513 1300 750 1372 simplex
780 1296 1034 1356 canonici
1073 1295 1286 1363 titulus,
1337 1286 1437 1350 sed
1480 1288 1583 1350 vel‘
1606 1295 1972 1367 praepositum

348 1392 599 1448 ecclesiae
655 1392 946 1448 Remensis
1010 1392 1163 1462 (nam
1215 1400 1273 1448 et
1338 1391 1705 1463 praepositos,
1773 1391 1967 1447 saltem

346 1481 767 1549 monasterium,
814 1480 1115 1553 aliquando
1137 1481 1396 1551 pralatos
1448 1482 1755 1553 appellatos
1782 1483 1969 1557 legere

348 1572 623 1642 memini),
669 1574 755 1629 vel
784 1573 1026 1648 dignitas
1059 1572 1375 1630 abbatialis.
1417 1573 1686 1629 Abbatem
1733 1576 1965 1647 quippe,

344 1661 458 1721 imo
485 1670 543 1719 et
566 1663 898 1719 monachum
930 1662 1106 1719 fuisse
1130 1663 1499 1721 Flodoardum
1533 1664 1773 1736 probant
1798 1680 1966 1737 argu-

345 1758 529 1807 menta
558 1762 616 1810 et
638 1746 853 1810 indicia
881 1767 992 1807 non
1022 1768 1215 1823 pauca.
1247 1752 1429 1807 Primo
1460 1753 1516 1807 id
1547 1755 1777 1824 precise
1801 1753 1966 1809 tradit
1987 1786 2042 1857 Β

342 1846 578 1916 epistola
599 1846 826 1921 Adelagi
850 1862 952 1902 seu
971 1845 1234 1920 Adelgagi
1261 1846 1572 1901 Bremensis
1595 1847 1966 1919 archiepisco-

343 1937 398 2007 pi
414 1937 806 2009 etapostolicte
825 1937 977 1994 sedis
992 1938 1156 2009 legati
1169 1938 1238 1992 ad
1260 1937 1648 2005 Flodoardum,
1663 1954 1771 2009 qua
1783 1938 1964 2009 ipsum

339 2027 677 2092 consolatur,
721 2026 870 2098 quod
901 2027 969 2080 ad
997 2026 1316 2083 cathedram
1348 2027 1600 2083 ecclesiae
1628 2028 1968 2083 Noviomen—

340 2118 419 2173 sis
444 2118 682 2187 electus,
722 2119 1013 2175 Fulchcrio
1043 2120 1243 2175 cedere
1280 2127 1507 2176 coactus
1534 2122 1626 2177 sit.
1669 2121 1964 2193 Inscriptio

342 2210 593 2281 epistolis
636 2212 721 2268 sic
749 2212 915 2269 habet
944 2228 959 2267 :
992 2212 1301 2269 Frodoardo
1331 2215 1495 2269 Patri
1519 2216 1788 2283 Bemensi,
1846 2231 1967 2270 ver-

340 2302 467 2357 bum
490 2304 671 2372 pacis.
711 2303 963 2360 Fortasse
993 2303 1311 2379 legendum,
1346 2306 1661 2376 presbytero
1693 2309 1962 2363 Remensi.

342 2394 405 2447 ln
435 2392 541 2450 hac
567 2403 751 2450 autem
805 2395 1041 2466 epistola
1080 2411 1205 2467 que
1230 2397 1461 2454 omnino
1498 2398 1714 2454 sincera
1752 2407 1808 2454 et
1856 2415 1963 2474 ge-

341 2482 518 2538 nuina
565 2484 805 2553 videtur,
841 2486 1231 2555 Flodoardum,
1292 2510 1313 2539 ι
1357 2486 1637 2545 beneﬁcio
1688 2489 1965 2559 deposito,

342 2573 399 2629 in
428 2574 790 2632 solitudinem
821 2586 877 2633 et
907 2580 1228 2636 monasterii
1261 2579 1526 2636 latebram
1586 2600 1613 2632 ι
1662 2581 1967 2637 secessisse

341 2672 575 2722 testatur
623 2668 958 2744 Adelgagus,
1024 2672 1121 2742 qui
1184 2672 1329 2727 hanc
1387 2672 1681 2744 epistolam
1743 2673 1968 2744 scripsit

336 2771 481 2811 anno
528 2756 656 2824 951,
681 2761 830 2828 prid.
872 2760 1103 2815 Kalend.
1140 2761 1402 2816 Octobris.
1455 2764 1535 2817 An
1587 2769 1719 2818 tunc
1747 2771 1968 2834 pastore

338 2844 602 2900 destituta
628 2844 799 2903 fuerit
826 2849 1066 2905 ecclesia
1094 2849 1477 2909 Novomensis.
1519 2867 1630 2907 non
1657 2853 1793 2907 satis
1830 2868 1969 2908 con-

340 2939 447 2988 stat
472 2949 540 2989 ex
569 2933 860 2991 Flodoardi
906 2937 1199 3009 Chronico,
1231 2939 1288 2994 in
1321 2956 1433 3012 quo
1464 2940 1686 2997 Rodulii
1718 2939 1967 3014 episcOpi

2075 557 2154 612 Ex
2197 558 2318 627 ejus
2351 560 2588 615 Historia
2615 564 2788 617 multa
2825 581 2966 619 nova
2994 567 3157 631 scies,
3202 579 3258 624 et
3308 571 3364 625 in
3394 572 3487 628 illa
3527 583 3693 632 totam

2074 650 2460 721 antiquitatem
2492 653 2735 708 hauries.
2800 676 2819 705 ao
2881 657 3025 712 Belle
3071 660 3321 729 omnino,
3356 665 3454 717 sed
3511 672 3694 722 tamen

2073 742 2305 798 verbum
2347 746 2503 812 aube,
2537 746 2686 817 quod
2722 746 2778 800 in
2827 756 2983 804 sexto
3023 766 3184 805 versu
3218 752 3435 826 legitur,
3493 771 3605 810 non
3638 758 3691 812 id

2071 835 2387 911 significare
2444 847 2599 908 puto,
2644 839 2793 911 quod
2827 840 3166 897 Flodoardus
3210 847 3469 901 sacerdos
3514 846 3690 904 factus

2071 928 2144 983 sit
2187 928 2255 983 ab
2290 928 2542 1003 Agapito,
2592 928 2688 1000 qui
2726 945 2874 984 anno
2922 929 3029 985 9i6
3068 933 3265 987 sedere
3316 936 3500 1006 ccepit.
3556 937 3688 992 Nam

2072 1027 2199 1075 ante
2217 1036 2422 1076 annum
2442 1020 2548 1077 9ιο
2576 1021 2914 1077 Flodoardus
2946 1024 3193 1080 ecclesiae
3211 1024 3692 1084 Culmisciacensis

2071 1117 2254 1165 rector
2283 1119 2418 1177 erat,
2452 1128 2518 1165 ex
2557 1112 2722 1167 dictis
2761 1130 2891 1168 num
2955 1116 3007 1180 9,
3044 1131 3108 1169 ac
3138 1116 3373 1186 proinde
3411 1119 3689 1175 sacerdos.

2069 1204 2228 1257 Aubé
2255 1203 2374 1258 sine
2406 1204 2579 1260 dubio
2627 1205 2774 1260 idem
2821 1216 2908 1260 est
2945 1222 3009 1261 ac
3052 1207 3240 1262 Latine
3277 1210 3510 1263 albatus.
3552 1212 3690 1275 Quid

2067 1303 2251 1349 autem
2304 1295 2635 1352 vocabulum
2704 1296 2848 1353 istud
2909 1300 3014 1354 hoc
3068 1299 3191 1355 loco
3252 1301 3529 1374 signiﬁcet
3580 1321 3689 1360 non

2068 1382 2248 1453 capio.
2279 1384 2559 1456 Quidquid
2588 1387 2683 1453 sit,
2725 1402 2795 1441 ex
2822 1388 2907 1442 his
2931 1389 3207 1455 versibus,
3248 1392 3343 1462 qui
3385 1408 3494 1448 non
3528 1394 3689 1469 longe

2068 1474 2137 1528 ab
2189 1474 2297 1528 illis
2335 1475 2681 1546 temporibus
2724 1476 2913 1547 scripti
2956 1489 3102 1544 sunt,
3146 1481 3383 1549 elicitur,
3427 1484 3688 1539 Flodoar-

2068 1563 2221 1623 dum,
2291 1564 2542 1619 Historia:
2603 1566 2888 1620 Remensis
2948 1567 3294 1639 scriptorem,
3354 1574 3687 1629 monachum

2066 1650 2237 1706 fuisse
2277 1659 2332 1706 et
2380 1652 2660 1707 abbatem.
2695 1654 2753 1707 ld
2794 1656 2942 1725 quod
2973 1672 3082 1711 non
3122 1658 3302 1713 solum
3341 1660 3685 1732 Sigebertus,

2064 1744 2163 1798 sed
2202 1744 2368 1799 etiam
2407 1745 2667 1819 Adelgagi
2707 1747 2942 1817 epistola
2978 1759 3339 1819 contestatur,
3398 1768 3523 1824 qum
3562 1769 3688 1810 mox

2066 1831 2281 1905 integra
2312 1831 2604 1887 referenda
2634 1845 2737 1889 est.

2138 1942 2316 1998 Unum
2375 1950 2567 1997 contra
2632 1944 2773 1998 hanc
2828 1945 3118 2014 epistolam
3191 1950 3402 2018 opponi
3464 1957 3691 2020 potest,

2065 2045 2267 2101 nempe
2307 2031 2456 2101 quod
2507 2032 2563 2085 in
2602 2047 2669 2086 ea
2717 2032 2938 2107 legitur,
2990 2034 3354 2090 Flodoardum
3397 2037 3512 2104 jam
3558 2046 3693 2092 ante

2063 2134 2271 2174 annum
2309 2119 2405 2175 951
2441 2120 2769 2191 deposuisse
2823 2121 3200 2190 beneficium;
3241 2140 3365 2179 cum
3398 2141 3464 2179 ex
3515 2124 3699 2180 Chro-

2067 2211 2177 2266 nici
2210 2218 2491 2282 postremo
2522 2212 2644 2268 loco
2667 2214 2925 2283 superius
2954 2214 3127 2269 relato
3144 2224 3383 2283 constet,
3415 2231 3542 2270 eum
3577 2231 3693 2271 non

2066 2302 2172 2357 nisi
2225 2318 2372 2359 anno
2422 2303 2528 2359 964
2585 2306 2934 2374 praelaturam
2986 2305 3297 2361 abdicasse.
3342 2308 3450 2361 Sed
3491 2307 3691 2377 reponi

2064 2402 2270 2465 potest,
2304 2397 2539 2464 beneﬁcii
2567 2396 2793 2451 nomine
2821 2397 2891 2450 ab
2922 2397 3201 2470 Adelgago
3228 2398 3463 2472 intelligi
3496 2412 3687 2452 curam

2064 2483 2314 2538 ecclesiae
2345 2484 2848 2551 Culmisciacensis,
2883 2497 2937 2540 et
2967 2486 3187 2540 titulum
3214 2502 3380 2557 quem
3414 2489 3470 2542 in
3502 2488 3687 2542 eccle-

2065 2576 2150 2630 sia
2207 2576 2464 2631 Remensi
2514 2576 2837 2647 possidebat
2879 2594 2892 2629 :
2952 2587 3009 2631 at
3053 2580 3370 2647 praelaturos
3417 2580 3690 2635 vocabulo

2066 2664 2368 2739 significari
2418 2665 2754 2721 abbatialem
2809 2666 3135 2739 dignitatern
3189 2683 3353 2739 quam
3404 2669 3693 2723 Odalricns

2069 2778 2097 2805 α
2139 2774 2240 2829 per
2263 2758 2593 2814 electionem
2615 2760 2865 2826 fratrum,
2892 2784 2915 2805 -
2946 2760 2999 2812 id
3032 2768 3113 2814 est
3126 2763 3544 2828 monachorum,
3568 2762 3694 2817 Flo-

2068 2846 2262 2903 doardi
2294 2848 2484 2918 nepoti
2517 2846 2833 2922 cognomini
2865 2847 3213 2918 imposuerit.

2145 2956 2307 3025 Cujus
2345 2973 2498 3033 ergo,
2555 2958 2762 3029 inquis,
2802 2958 3148 3024 monasterii,
3198 2959 3244 3013 si
3297 2972 3528 3030 usquam
3569 2973 3691 3013 mo-

339 3022 620 3079 οτάίηαῑίο
667 3024 896 3095 Ponit“?
931 3042 1079 3082 anno
1118 3027 1244 3095 950,
1295 3039 1352 3084 et
1379 3030 1607 3096 deinde:
1662 3034 1812 3087 nulla
1841 3036 1962 3106 eius
2065 3022 2274 3105 nachus
2304 3057 2359 3105 et
2384 3022 2556 3103 abbas
2580 3022 2686 3105 fuit
2712 3022 3023 3104 iMarlotus
3054 3066 3119 3104 ex
3137 3022 3426 3106 communi
3452 3061 3689 3108 senten-

336 3116 526 3173 obitus
552 3119 839 3176 mentione
886 3119 1049 3190 facta,
1093 3143 1124 3173 (ι
1163 3124 1443 3180 Fulcarius
1485 3126 1733 3184 deoanus
1770 3145 1964 3186 mona-

2179 3141 2390 3208 scribit,
2418 3157 2543 3197 eum
2583 3143 2926 3197 monasticen
2959 3142 3207 3197 induisse
3245 3144 3391 3213 apud
3430 3152 3686 3198 sanctum

338 3209 494 3262 sterii
565 3209 741 3264 sancti
819 3209 1064 3265 Medardi
1136 3212 1590 3270 Noviomensinm
1663 3218 1963 3290 episcOpus

2144 3234 2398 3305 migium,
2472 3235 2827 3290 Colvcnerius
2897 3235 3107 3289 ibidem
3175 3209 3340 3289 etiam
3425 3235 3684 3290 abbatem

337 3299 526 3355 Remis
553 3300 842 3357 ordinatus
868 3321 899 3352 ν
927 3302 1132 3359 dicitur
1157 3320 1304 3361 anno
1340 3307 1468 3362 954.
1499 3309 1552 3362 δι
1581 3310 1786 3365 mendo
1813 3321 1963 3367 caret

337 3392 395 3446 in
422 3392 687 3463 praedicta
716 3394 952 3464 epistola
976 3395 1106 3450 anni
1153 3397 1487 3470 designatio,
1515 3399 1813 3457 dicendum
1854 3414 1958 3470 est,

338 3479 634 3537 Rodulfum
680 3497 827 3538 anno
869 3482 940 3539 ab
984 3484 1106 3553 ejus
1150 3486 1505 3543 ordinatione
1552 3491 1802 3560 proximo
1854 3494 1952 3550 951

334 3573 568 3643 obiisse,
598 3574 804 3631 deinde
834 3576 892 3630 in
921 3576 1183 3650 eligendo
1213 3594 1537 3637 succcsson
1582 3582 1761 3639 divisa
1789 3584 1959 3641 fuisse

335 3660 619 3737 suli'ragia,
663 3665 791 3719 aliis
819 3663 1124 3723 Flodoardo
1155 3668 1491 3736 faventibus,
1550 3672 1675 3726 aliis
1706 3675 1957 3731 Fulcario

334 3770 433 3809 seu
478 3754 792 3824 Fulcberio,
822 3758 923 3829 qui
952 3759 1174 3815 tandem
1213 3763 1470 3832 superior
1497 3766 1791 3821 exstiterit.
1847 3768 1958 3823 Nec

334 3842 538 3915 aliquis
583 3844 751 3916 dicat,
801 3846 972 3902 alium
1017 3865 1141 3904 esse
1186 3851 1353 3917 hunc,
1401 3852 1471 3906 de
1515 3868 1626 3924 quo
1678 3856 1860 3928 agitur
1900 3856 1956 3910 in

334 3935 569 4006 epistola
595 3937 879 4008 predicta,
907 3940 1315 3998 Flodoardum:
1357 3958 1482 3999 cum
1514 3955 1750 4017 tempus,
1782 3948 1952 4017 locus,

332 4035 640 4100 ceteraque
692 4030 882 4085 omnia
927 4033 1279 4088 conveniant.
1317 4034 1477 4091 Certe
1505 4038 1650 4108 apud
1695 4039 1959 4112 Sigeber-

331 4125 470 4186 tum,
493 4128 742 4177 antorem
772 4123 895 4191 ejus
937 4139 1259 4195 supparem,
1298 4126 1355 4180 in
1385 4143 1507 4198 cap.
1540 4130 1629 4184 131
1667 4130 1738 4184 de
1767 4132 1952 4203 scrip-

332 4212 549 4268 toribus
567 4214 985 4282 ecclesiasticis,
1016 4217 1330 4272 Flawaldus
1357 4221 1656 4287 Remensis,
1685 4224 1785 4292 qui
1802 4230 1954 4290 gesta

327 4306 645 4373 pontiﬁcum
668 4309 1010 4362 Remeusium
1033 4310 1274 4378 scripsit,
1299 4312 1591 4367 monachus
1616 4314 1948 4384 appellatur.

333 4393 395 4448 Et
447 4393 504 4448 in
545 4402 766 4452 vetusto
789 4396 1077 4468 epitaphio
1127 4399 1349 4455 Gallicis
1392 4400 1664 4472 rhythmis
1718 4403 1947 4475 scripto,

330 4485 479 4557 quod
523 4502 556 4541 a
584 4485 778 4544 Buteo
839 4490 1071 4545 relatum
1106 4501 1213 4558 est,
1252 4491 1399 4547 idem
1449 4494 1734 4561 asseritur,
1772 4497 1854 4550 uti
1895 4505 1951 4554 et

333 4566 626 4633 Flodoardi
665 4580 845 4651 patria
890 4590 947 4637 et
992 4582 1235 4658 dignitas
1289 4585 1607 4641 abbatialis.
1641 4586 1719 4641 En
1769 4590 1953 4660 epita-

331 4665 524 4738 phium
549 4684 565 4723 :

543 4757 608 4814 Si
633 4761 681 4814 ti
705 4774 805 4814 usu
831 4760 900 4815 de
925 4764 1060 4818 Rcin
1086 4767 1269 4820 savoir
1296 4769 1340 4821 li
1365 4770 1596 4839 anque,

543 4851 656 4919 Lyc
674 4852 725 4906 le
751 4856 1080 4923 temporaire
1114 4857 1183 4910 de
1207 4859 1445 4914 Fladoon
1474 4862 1521 4914 le
1549 4863 1719 4929 saige.

550 4942 595 4995 Y
611 4942 685 4996 les
712 4958 833 4997 mor
865 4944 943 4999 du
969 4948 1082 5001 tam
1101 4948 1364 5016 d’Odalry
1394 4952 1628 5021 Eaeque,

544 5034 613 5088 Et
638 5033 731 5102 fut
757 5036 1083 5107 d'Eparnay
1101 5042 1166 5093 ne
1190 5043 1299 5109 par
1318 5044 1658 5110 parentaige.

551 5125 750 5195 Vequit
787 5132 934 5183 caste
963 5129 1130 5198 Clerc,
1168 5130 1274 5185 bon
1296 5133 1499 5197 Moine,
1539 5134 1756 5191 meilleu
1784 5135 1948 5191 Abba.

544 5216 616 5270 Et
637 5216 908 5287 d‘Agapit
936 5218 993 5287 ly
1019 5219 1260 5275 Romain
1289 5220 1377 5288 fut
1400 5222 1556 5279 aubé.

544 5308 661 5361 Par
683 5323 780 5364 san
806 5311 1028 5367 histoire
1050 5316 1277 5368 maintes
1304 5316 1533 5371 novellas
1561 5330 1779 5381 sauras.

543 5398 614 5450 Et
631 5398 797 5451 cuiue
813 5403 984 5455 tondes
1001 5405 1273 5472 antiquité
1293 5419 1481 5460 aums.

328 5481 484 5547 Quod
514 5483 589 5539 ita
615 5485 862 5542 reddidit
904 5489 1122 5546 Bulaeus
1149 5509 1163 5545 :
1196 5519 1221 5540 ιι
1255 5492 1309 5548 Si
1338 5494 1420 5549 vis
1451 5509 1614 5551 nosse
1645 5495 1951 5553 Remenses

323 5575 798 5647 archiepiscopos,
845 5579 967 5654 lege
1005 5582 1316 5641 Chronicon
1360 5587 1649 5645 Flodoardi
1698 5591 1867 5649 docti.
1899 5595 1949 5650 ls

323 5667 437 5723 fato
463 5667 687 5724 functus
713 5675 799 5724 est
823 5676 1077 5743 tempore
1107 5674 1342 5732 Odalrici
1373 5680 1653 5750 praesulis,
1675 5684 1948 5743 oriundus

319 5771 388 5813 ex
407 5758 710 5832 Sparnsco.
738 5757 881 5813 Vixit
905 5768 1094 5816 castus
1115 5761 1372 5831 clericus,
1417 5767 1601 5825 bonus
1620 5774 1943 5843 monachus,

2061 3324 2249 3381 fuisse.
2285 3328 2438 3391 Quod
2474 3335 2769 3398 utrumque
2801 3342 2998 3382 vereor
3026 3333 3086 3381 ut
3115 3343 3307 3381 verum
3339 3326 3428 3380 sit.
3464 3326 3596 3380 Nam
3632 3327 3689 3380 in

2059 3426 2317 3473 accurato
2356 3435 2523 3490 quem
2574 3419 2842 3473 habemus
2881 3418 3066 3472 indice
3107 3427 3220 3472 tum
3261 3417 3521 3471 abbatum
3560 3418 3688 3472 illu-

2058 3507 2185 3562 stris
2242 3507 2400 3561 istius
2460 3506 2721 3572 coenobii,
2782 3514 2895 3561 tum
2952 3508 3373 3572 monachorum,
3434 3511 3528 3577 qui
3584 3506 3689 3559 sub

2059 3615 2397 3671 unoquoque
2424 3598 2626 3653 abbate
2657 3597 3001 3661 devixerunt,
3044 3597 3230 3652 nullus
3262 3597 3535 3668 reperitur
3564 3598 3692 3653 Flo-

2058 3690 2323 3756 doardus,
2356 3692 2419 3744 Et
2452 3690 2677 3761 quidem
2710 3706 2740 3743 a
2779 3689 3133 3743 restitutione
3167 3689 3479 3759 disciplinae
3522 3705 3691 3761 regu-

2060 3780 2193 3834 laris
2224 3778 2431 3833 ibidem
2473 3779 2635 3845 facta,
2671 3778 2883 3848 primus
2912 3778 3087 3832 abbas
3127 3776 3230 3833 fuit
3261 3778 3586 3832 Hincmarus
3615 3779 3685 3832 ab

2055 3882 2204 3926 anno
2233 3871 2340 3925 945
2372 3870 2427 3923 in
2459 3886 2636 3925 annos
2678 3887 2785 3924 xxxi
2819 3888 2831 3923 :
2874 3886 2984 3941 quo
3018 3886 3083 3924 ex
3128 3870 3339 3924 calculo
3376 3870 3689 3924 excluditur

2058 3962 2414 4020 Flodoardus.
2456 3963 2558 4016 Alii
2598 3979 2878 4017 secessum
2920 3961 2970 4017 ei
3018 3962 3269 4016 tribuunt
3310 3961 3364 4014 in
3404 3969 3685 4016 monaste-

2058 4056 2199 4110 rium
2243 4054 2418 4109 sancti
2472 4054 2670 4121 Basoli,
2718 4055 2812 4108 ubi
2866 4053 3040 4108 abbas
3086 4062 3279 4124 postea
3327 4062 3543 4108 creatus
3590 4055 3678 4109 sit.

2056 4146 2221 4201 Favet
2250 4145 2398 4217 quod
2430 4144 2508 4198 ibi
2540 4145 2679 4199 duos
2710 4144 2967 4199 habuerit
2994 4144 3475 4215 consanguineos,
3506 4162 3685 4199 avun-

2051 4234 2160 4288 culi
2202 4233 2285 4288 sui
2327 4232 2492 4299 ﬁlios,
2533 4241 2593 4287 ut
2632 4232 2751 4303 ipse
2791 4232 2867 4287 ait
2905 4232 2959 4285 in
3000 4232 3076 4285 lib
3120 4248 3178 4297 ιι,
3220 4248 3341 4303 cap.
3384 4232 3438 4288 3.
3481 4233 3680 4287 Verum

2049 4321 2189 4380 illud
2220 4324 2403 4380 obstat
2447 4324 2597 4395 quod
2627 4339 2774 4379 anno
2823 4324 2947 4390 952,
2980 4340 3047 4378 ex
3097 4323 3390 4391 Chronico,
3425 4325 3685 4380 Artoldus

2050 4418 2504 4488 archiepiscopus
2537 4437 2564 4465 ι»
2598 4416 2653 4470 in
2686 4418 3023 4473 monasterio
3053 4416 3228 4471 sancti
3263 4416 3437 4471 Basoli
3481 4433 3678 4472 mona-

2052 4510 2188 4565 chos
2218 4509 2478 4575 restituit,
2529 4509 2777 4580 expulsis
2818 4509 3038 4565 clericis
3068 4509 3161 4581 qui
3210 4508 3529 4565 serviebant
3578 4509 3678 4575 ibi,

2052 4599 2406 4654 committens
2426 4598 2561 4653 illud
2604 4597 2895 4653 Hincmaro
2921 4606 2977 4653 et
3001 4600 3258 4654 Rotmaro
3297 4598 3614 4654 abbatibus.
3651 4623 3676 4646 η

2054 4688 2218 4761 Atqui
2256 4699 2385 4744 ante
2432 4706 2638 4745 annum
2674 4691 2772 4745 951
2837 4690 3176 4746 Flodoardus
3215 4690 3331 4758 jam
3375 4691 3681 4746 monachus

2054 4788 2192 4849 erat,
2241 4798 2305 4836 ex
2346 4781 2608 4857 Adelgagi
2647 4783 2848 4838 litteris
2888 4784 2954 4852 (si
2998 4791 3181 4838 tamen
3227 4783 3422 4837 vitium
3464 4781 3518 4836 in
3563 4800 3677 4839 nu-

2054 4886 2237 4925 meros
2278 4886 2388 4926 non
2438 4871 2697 4942 irrepsit).
2750 4873 2865 4927 Non
2920 4889 3052 4947 ergo
3100 4872 3246 4943 apud
3298 4872 3353 4928 S.
3398 4872 3673 4935 Basolum,

2050 4962 2147 5017 sed
2188 4965 2373 5034 potius
2397 4966 2545 5037 apud
2568 4966 3024 5033 Altivillarenses,
3049 4967 3145 5021 ubi
3180 4967 3470 5023 liotmarus
3501 4967 3677 5023 abbas

2051 5063 2169 5107 erat
2234 5054 2382 5108 Inter
2419 5057 2721 5110 monachos
2759 5056 2882 5125 ejus
2923 5056 3190 5128 temporis
3249 5056 3678 5111 Altivillarenses

2051 5158 2221 5197 unum
2254 5141 2479 5201 invenio
2509 5146 2854 5203 Flodoldum.
2886 5148 2965 5201 An
2996 5148 3089 5203 hic
3117 5147 3455 5203 Flodoardus
3478 5146 3506 5201 ?
3533 5147 3675 5202 Sane

2053 5233 2107 5288 id
2137 5250 2307 5289 unum
2338 5234 2498 5292 nobis
2528 5237 2940 5305 conjiciendum
2973 5247 3160 5303 restat,
3195 5241 3419 5309 quando
3450 5238 3674 5310 quidem

2049 5323 2231 5378 serius
2258 5325 2406 5395 apud
2436 5335 2687 5381 sanctum
2722 5327 3122 5383 Theodericum
3155 5327 3410 5384 monachi
3443 5327 3672 5383 restitud

2048 5420 2196 5479 sunt,
2251 5420 2309 5467 ut
2367 5413 2603 5469 infer-ius
2659 5415 2996 5471 videbimus.
3043 5417 3183 5471 Poro
3234 5417 3289 5471 in
3347 5416 3672 5471 Altivarensi

2052 5505 2387 5561 monasterio
2440 5506 2699 5561 abbatem
2758 5506 2932 5562 fuisse
3004 5509 3340 5570 Rotmarum,
3407 5507 3497 5563 cui
3549 5524 3673 5564 cum

2050 5591 2341 5650 Hincmaro
2407 5595 2702 5650 commissa
2760 5604 2846 5650 est
2901 5612 3033 5652 cura
3063 5596 3471 5653 restitutendaa
3527 5599 3673 5668 apud

2049 5695 2296 5741 sanctum
2325 5687 2574 5743 Basolum
2596 5687 2907 5759 disciplinae
2932 5691 3271 5757 monasticae,
3296 5689 3503 5744 evincit
3535 5704 3676 5761 pras-

2048 5773 2233 5829 dictns
2284 5775 2449 5830 index
2490 5777 2975 5833 Altivillarensium
3026 5779 3448 5845 monachorum,
3508 5793 3671 5851 quem
