3884 6404
241 454 312 509 t3
1579 470 1842 530 NOTl’l‘IA
1882 473 2248 538 utsromm.
2893 564 2906 578 Α
3527 508 3596 564 u

241 587 516 644 na’bemus
544 604 608 642 ex
639 601 956 660 pervetusto
1010 597 1204 654 codice
1251 599 1597 675 Remigiano,
1655 606 1707 659 in
1762 607 1950 679 qqu
1973 613 2152 667 manis
2177 613 2414 673 edimus.
2442 618 2501 671 in
2533 619 2620 674 his
2648 619 2807 678 libris
2853 623 3069 698 integra
3111 635 3240 685 sunt
3269 639 3390 687 acta
3417 639 3592 693 sancti

240 679 534 738 Rotmarus
573 691 628 738 et
685 685 954 742 Rodulfus
1009 690 1244 747 abbates
1287 706 1662 754 recensentur.
1714 700 1867 759 Unde

238 775 522 843 conjicere
577 777 724 844 licet,
782 781 1100 839 Rotmarum
1157 789 1399 844 εαξηοῦἱί
1459 793 1632 848 sancti
1689 795 1864 852 Basoli

237 880 449 934 curam,
484 867 703 926 favente
760 871 1050 932 Hincmaro
1103 878 1322 945 abbate,
1379 883 1709 955 imposuisse
1741 887 1865 943 Flo-

237 957 450 1017 doardo
479 967 754 1022 monacho
783 985 904 1024 suo.
939 971 1045 1026 Sed
1070 973 1187 1029 hare
1209 975 1428 1050 longius
1457 996 1558 1036 nos
1591 979 1790 1038 ferunt.

311 1051 603 1110 Flodoardi
631 1058 846 1114 obitum
878 1078 1024 1118 anno
1056 1065 1161 1121 966
1211 1071 1511 1145 contigisse
1569 1075 1732 1131 docet
1759 1077 1867 1149 Ap-

235 1144 446 1211 pendix
467 1147 534 1200 ad
563 1149 685 1216 ejus
729 1151 1044 1210 Chronicon
1094 1158 1178 1213 his
1208 1144 1394 1218 verbis
1421 1185 1436 1218 :
1472 1187 1501 1216 (ι
1535 1169 1662 1238 Ipso
1694 1144 1863 1236 anno,

231 1234 498 1292 videlicet
526 1240 650 1307 966,
681 1243 765 1298 vir
793 1245 918 1301 vitae
977 1252 1314 1308 venerabilis
1355 1265 1408 1310 et
1439 1234 1731 1315 Bernensis
1762 1277 1861 1318 ec-

231 1327 419 1383 clesiae
445 1332 755 1403 presbyter,
802 1340 1027 1395 nomine
1083 1343 1443 1414 Flodoardus,
1493 1351 1702 1407 honore
1732 1370 1863 1409 san-

229 1419 439 1475 ctitatis
469 1428 842 1491 venerandus,
886 1434 1157 1491 castitatis
1195 1439 1496 1510 splendore
1558 1447 1860 1519 angelicus,

231 1511 450 1588 fulgore
476 1519 763 1588 sapientiae
810 1526 1057 1591 cmlicus,
1121 1517 1553 1608 caeterarumque
1602 1539 1861 1596 virtutum

230 1605 552 1703 insignibus
580 1611 931 1673 abundanter
960 1623 1220 1692 cppletus
1248 1605 1612 1697 praecedentis
1664 1634 1858 1703 libelli,

228 1694 584 1772 aliorumque
641 1703 876 1762 dictator
946 1694 1260 1788 egregius,
1337 1721 1532 1791 quinta
1590 1694 1862 1783 Kalendas

228 1791 450 1859 Apriles
500 1800 732 1853 terrenae
780 1806 1249 1878 peregrinationis
1293 1813 1617 1887 relinquens
1645 1820 1856 1889 exsilia,

1970 705 2142 763 Patris
2170 711 2342 765 nostri
2399 713 2683 769 Benedicti
2742 723 2797 771 et
2850 719 3026 774 sancti
3069 720 3394 781 Columbani
3452 729 3594 786 alio-

1970 817 2201 874 rumque
2267 812 2623 874 sanctorumt,
2692 825 2927 882 quorum
2996 814 3294 892 Gregorius
3365 819 3594 895 Magnus

1969 905 2023 953 et
2053 899 2109 954 in
2133 900 2376 977 Dialogis
2405 905 2674 961 meminit.
2713 905 3039 966 Columbani
3084 913 3264 970 Vitam
3293 916 3438 975 hanc
3466 935 3590 975 mea-

1968 993 2158 1048 tricam
2200 1003 2254 1049 et
2303 1013 2526 1052 carmen
2580 998 2649 1054 de
2705 998 2758 1054 S.
2813 1001 3112 1061 Benedicto
3175 1006 3372 1064 damus
3425 1010 3588 1072 infra.

1966 1082 2256 1140 Browerus
2284 1084 2339 1139 in
2393 1086 2698 1143 Annalibus
2744 1088 3169 1150 Trevirensibus
3219 1097 3586 1174 fragmentum

1967 1171 2034 1225 de
2065 1172 2331 1228 Pontifice
2358 1174 2543 1230 Leone
2574 1176 2664 1233 Vll
2696 1177 2862 1235 refert
2893 1197 2957 1235 ex
3002 1183 3195 1240 codice
3250 1171 3587 1260 Trwevirensi,

1966 1257 2113 1314 idem
2145 1261 2425 1316 mimirum
2458 1265 2604 1335 quod
2634 1283 2894 1338 superius
2942 1271 3312 1332 exhibuimus.
3337 1278 3588 1351 Denique

1967 1345 2305 1402 Flodoardus
2352 1351 2607 1407 versibus
2668 1355 2833 1410 etiam
2877 1358 3082 1415 cecinit
3117 1362 3381 1421 miracula
3435 1345 3592 1440 quae-

1965 1437 2091 1492 dam
2123 1439 2300 1495 beata),
2329 1441 2530 1512 Mariis,
2573 1446 2640 1500 de
2671 1447 2878 1519 quibus
2907 1451 3022 1526 agit
3065 1453 3120 1508 in
3151 1455 3406 1513 Historia:
3451 1437 3587 1528 suae,

1964 1529 2062 1587 lib.
2096 1550 2175 1599 ιιι,
2214 1551 2334 1606 cap.
2367 1535 2400 1591 6
2455 1537 2750 1595 Ratherius
2780 1541 3421 1622 VeronensisepiscOpus
3451 1554 3588 1608 tanti

1963 1640 2088 1678 cum
2118 1624 2264 1697 fecit,
2328 1638 2387 1685 ut
2425 1646 2597 1702 Opera
2644 1650 2744 1689 sua
2782 1633 2886 1706 ipsi
2929 1640 3278 1697 emendanda
3329 1644 3586 1711 traderet,

1965 1721 2104 1769 teste
2136 1717 2403 1774 Folcuino
2431 1719 2490 1774 in
2531 1721 2785 1779 Chronici
2819 1724 3167 1796 Laubiensis,
3201 1747 3325 1803 cap.
3357 1731 3448 1801 20,
3492 1734 3586 1790 ubi

1963 1808 2251 1878 epistolam
2284 1811 2591 1870 Flodoardo
2618 1815 2878 1873 Remensi
2908 1836 2940 1874 a
2966 1819 3228 1878 Ratherio
3249 1825 3505 1898 scriptam
3530 1828 3585 1883 in

1844 1878 1855 1889 1
3261 1878 3505 1898 κητω--

228 1878 426 1941 civica,
462 1889 521 1936 ut
551 1887 850 1955 credimus,
882 1893 1116 1965 adeptus
1165 1910 1248 1955 es;
1269 1900 1413 1970 jura,
1459 1878 1482 1955 ξ,
1519 1906 1856 1967 modem-dus
1881 1927 1938 1999 B
1962 1898 2292 1955 Laubiensis
2322 1904 2643 1960 monasterii
2673 1906 2894 1962 scriniis
2922 1924 3021 1966 suo
3054 1919 3303 1983 tempore
3332 1931 3586 1972 asserva-

229 1969 350 1999 ἔνη...
388 1972 474 1999 ιιι..
508 1975 756 1999 ι,.--.ι-.-η
793 1982 804 1992 ο
907 1986 947 1999 ι.
1085 1991 1097 1999 .
1182 1991 1193 1999 .
1362 1993 1375 1999 -
1451 1997 1460 1999 _
1553 1997 1568 1999 Α
1963 1996 1970 1999 .
2122 1991 2157 1999 ..
2202 1993 2212 1999 .

229 1969 354 2040 ipsa
386 1972 476 2064 die
508 1975 762 2034 laudatur
791 1982 846 2037 in
905 1986 1232 2064 Necrologio
1264 1969 1514 2054 ecclesiae
1542 1997 1853 2061 Remensis.

226 2064 374 2156 teste
405 2061 725 2156 Sirmundo,
759 2073 856 2126 sed
888 2073 1010 2131 sine
1042 2061 1186 2134 tituli
1218 2085 1488 2154 gradusve
1518 2085 1851 2156 adiectione.

225 2145 384 2202 Alius
415 2150 600 2246 itaque
629 2161 944 2246 censendus
989 2173 1074 2220 est
1127 2145 1465 2230 Hadoardus
1498 2145 1779 2246 presbyter

221 2240 537 2304 canonicus,
575 2243 668 2313 qui
718 2246 772 2299 in
805 2249 1150 2327 Necrologiis
1175 2259 1426 2316 ecclesiae
1481 2240 1769 2320 Hemensis
1800 2274 1856 2322 et

223 2321 552 2398 Remigiano
606 2340 827 2390 notatur
873 2356 958 2394 xvr
1013 2321 1121 2398 Kval
1174 2349 1345 2404 Junii.
1405 2350 1464 2405 ln
1498 2369 1600 2407 ms.
1658 2321 1852 2410 codice

216 2413 324 2513 PP.
357 2416 772 2482 Carmelitarum
797 2429 1243 2493 Excalceatorum
1298 2443 1444 2513 apud
1478 2443 1718 2501 Parisios
1749 2447 1852 2502 hoc

216 2505 343 2573 ejus
383 2510 725 2582 epitaphium
775 2525 1192 2591 quattuordecim
1238 2505 1397 2586 libris
1426 2535 1734 2589 carminum
1783 2536 1852 2591 ab

213 2596 418 2691 eodem
449 2601 672 2673 scriptis
719 2607 1076 2677 subiunctum
1109 2625 1211 2683 est,
1245 2618 1370 2688 ipso
1432 2621 1761 2691 Flodoardo,
1794 2633 1852 2680 ut

213 2685 455 2753 videtur,
488 2701 714 2750 auctore
744 2714 758 2750 :

280 2775 374 2856 Hic
390 2779 520 2856 jacet
546 2781 786 2847 indignus
808 2788 1120 2856 Flodoardus
1141 2793 1328 2845 honore
1350 2798 1596 2856 sacerdos.

342 2840 542 2912 Arbiter
564 2840 855 2912 exspectans
875 2840 1365 2908 calicuisvutﬁredcat:

279 2899 500 2983 Hoocsibi
527 2899 745 2983 confisus
766 2899 1263 2983 veniam—miserante
1290 2921 1563 2983 ferendam,

343 2965 434 3031 Sit]
459 2968 553 3031 icet
577 2971 811 3023 admissis
834 2975 1025 3026 obsitus
1050 2965 1348 3031 innumeris.

276 3025 500 3120 Quisque.
517 3030 636 3103 legis
658 3035 879 3120 titulum,
905 3025 1052 3089 sortis
1083 3057 1274 3120 memor
1294 3046 1401 3120 ipse
1427 3047 1628 3118 intui-.3,

342 3090 529 3172 Expete
559 3090 627 3143 sic
658 3090 925 3172 Dominum
958 3090 1592 3172 propiéE'iiHniiﬁoéﬁh'di;

274 3153 472 3235 Chgiste
497 3164 580 3228 tuo
599 3173 761 3235 servo.
775 3153 1066 3235 Flodoardo:
1092 3153 1501 3235 paris'eiién'igiid,‘

339 3215 400 3264 Et
425 3219 712 3281 projudicio
733 3223 796 3272 da
814 3227 1013 3275 veniam
1041 3215 1248 3280 famulo.

284 3296 361 3348 Ad
395 3299 599 3369 scripta
629 3302 748 3370 ejus
805 3307 952 3376 quod
1010 3310 1227 3377 attinet,
1285 3329 1393 3368 non
1453 3315 1587 3370 satis
1629 3317 1839 3373 laudari

1959 1996 2067 2047 tam
2104 1991 2258 2049 dicit.
2351 2043 2357 2050 .

2029 2097 2295 2174 Superest
2324 2111 2384 2159 ut
2413 2105 2675 2181 Adelgagi
2702 2108 2992 2180 epistolam
3045 2113 3227 2170 eidem
3277 2115 3584 2174 Flodoardo

1956 2191 2245 2258 directam,
2274 2210 2400 2265 quas
2433 2211 2464 2248 a
2494 2194 2818 2253 Colvenerio
2849 2199 3108 2270 primum,
3139 2200 3306 2261 deide
3336 2204 3407 2260 ab
3431 2207 3580 2275 aliis,

1956 2281 2123 2334 etiam
2154 2297 2186 2335 a
2209 2281 2368 2337 Binio
2398 2282 2454 2336 in
2489 2283 2831 2341 Bibliotheca
2850 2287 3070 2344 Patrum
3102 2291 3324 2365 vulgata
3353 2302 3459 2363 est,
3492 2297 3584 2353 hic

1956 2383 2443 2444 repraesentemus.
2479 2402 2502 2425 α
2528 2377 2826 2453 Adelagus,
2856 2381 3217 2440 miseratione
3230 2385 3420 2444 divina
3450 2388 3584 2445 Bre-

1955 2468 2166 2523 mensis
2187 2468 2440 2525 ecclesia:
2479 2487 2690 2538 servus,
2738 2473 3046 2530 Flodoardo
3098 2476 3236 2532 Patri
3293 2479 3579 2550 Remensi,

1954 2560 2184 2615 verbum
2219 2562 2388 2631 pacis.
2425 2563 2527 2628 Qui
2554 2565 2764 2620 dudum
2791 2566 3099 2638 deposuisti
3133 2568 3492 2641 beneﬁcium,
3523 2583 3582 2631 ut

1955 2656 2135 2703 tecum
2167 2651 2464 2707 mundanae
2515 2653 2710 2726 gloriae
2764 2663 3202 2728 contemptorem
3242 2661 3486 2717 animum
3521 2663 3578 2718 in

1950 2740 2309 2798 solitudinem
2373 2751 2428 2799 et
2483 2747 2805 2801 monasterii
2868 2747 3132 2804 latebram
3200 2750 3470 2820 deferres,
3511 2770 3577 2810 ex

1950 2838 2078 2887 voto
2118 2847 2230 2888 non
2280 2840 2409 2889 ante
2467 2834 2635 2891 ﬁnem
2667 2837 3036 2905 discessurus,
3087 2842 3222 2913 quid
3273 2843 3388 2912 jam
3419 2844 3579 2903 doles

1951 2921 2050 2976 tibi
2075 2922 2204 2979 inde
2222 2939 2334 2980 non
2353 2925 2522 2982 licere
2537 2927 2726 3000 egredi
2741 2929 2808 2983 ad
2827 2930 3176 3004 episcopium
3197 2936 3574 3005 ascendendo,

1948 3014 2098 3084 quod
2126 3015 2408 3087 subripuit
2438 3019 2760 3074 Fulcherius
2788 3020 2818 3074 ?
2847 3021 2966 3078 Stas
3018 3032 3073 3079 et
3104 3040 3214 3080 non
3259 3033 3373 3082 stas
3405 3027 3434 3081 τ
3462 3029 3575 3086 Deo

1949 3105 2251 3174 promisisti
2285 3106 2353 3160 de
2386 3107 2710 3175 stabilitate,
2745 3117 2804 3165 ut
2833 3111 2878 3165 si
2907 3113 3206 3184 aliquando
3237 3115 3397 3171 aliter
3425 3116 3576 3175 fece-

1946 3193 2039 3261 ris,
2074 3194 2144 3248 ab
2176 3211 2243 3249 eo
2273 3204 2326 3249 te
2345 3194 2723 3252 damnandum
2780 3201 2956 3256 scires
3001 3219 3169 3274 quem
3226 3205 3486 3274 irriseris,
3519 3217 3575 3265 et

1938 3283 2050 3351 jam
2080 3295 2265 3341 tamen
2303 3289 2531 3342 vacillas
2560 3289 2588 3342 *Ρ
2631 3289 2761 3345 Esto
2815 3290 3007 3348 ﬁrmus
3064 3295 3118 3350 in
3172 3297 3262 3352 via
3299 3299 3419 3365 Dei,
3443 3307 3500 3355 et
3539 3317 3570 3355 ι

209 3397 395 3460 potest
450 3390 739 3448 Remensis
790 3397 1048 3463 Historia,
1103 3414 1344 3474 quatuor
1374 3405 1534 3461 libris
1586 3408 1654 3463 ab
1716 3378 2212 3480 ipso(.‘u'ﬂatufirifI
2241 3380 2541 3480 υθξῖξξθθά
2598 3388 2995 3480 "oftem‘q'm
3046 3395 3181 3480 βωη
3241 3390 3469 3446 honoris
3515 3399 3570 3446 ⁸⁸

206 3490 366 3534 eruta
451 3492 506 3537 et
589 3495 842 3543 contexta
937 3509 1000 3545 ex
1082 3496 1311 3549 vetustis
1374 3495 1522 3553 illius
1589 3501 1839 3556 ecclesiae

207 3573 454 3627 archivis
497 3615 514 3641 ,
590 3579 953 3636 conciliorum
1023 3585 1161 3639 actis
1214 3628 1228 3649 ,
1297 3589 1468 3661 gestis
1537 3600 1836 3662 martyrum

207 3664 558 3738 aliorumque
676 3680 991 3729 sanctorum
1036 3717 1049 3742 ,
1157 3678 1408 3748 epistolis
1462 3682 1467 3687 ’
1511 3683 1834 3752 pontificum

205 3757 448 3829 aliisque
480 3765 858 3820 monumentis
890 3784 904 3833 ;
935 3784 1098 3840 quam
1159 3769 1442 3826 historiam
1481 3776 1543 3830 R.
1583 3778 1834 3844 prazsult',

207 3850 263 3903 id
297 3859 397 3912 est,
432 3859 490 3906 ut
520 3853 847 3912 Sirmundus
888 3859 1306 3931 interpretatur,
1354 3865 1583 3932 Rodulf'o
1610 3870 1837 3924 Lauda-

203 3943 360 3993 nensi
390 3945 752 4013 nuncupavit.
791 3947 1044 4016 Ejusdem
1101 3958 1184 4005 est
1243 3951 1364 4006 sine
1421 3953 1592 4010 dubio
1648 3959 1831 4032 magni

201 4031 822 4103 momentiChronicon,
844 4036 948 4091 sub
975 4039 1096 4107 ejus
1119 4041 1344 4095 nomine
1358 4031 1832 4118 primojvulgatum

201 4139 232 4175 a
257 4121 485 4188 Pithazo,
515 4123 610 4193 qui
641 4141 710 4178 an
769 4125 914 4180 idem
948 4137 1095 4184 esset
1123 4139 1313 4186 auctor
1343 4133 1621 4191 immerito
1670 4136 1834 4190 dubi-

203 4209 358 4274 tavit,
391 4218 448 4264 ut
509 4228 573 4264 cx
629 4221 817 4268 mutua
869 4209 1285 4288 comparatione
1329 4222 1620 4278 evidenter
1662 4241 1832 4296 supra

199 4297 551 4371 collegimus,
587 4301 654 4355 de
686 4319 796 4374 quo
839 4304 952 4359 haec
981 4306 1241 4380 leguntur
1262 4309 1317 4363 in
1350 4309 1620 4366 Chronico
1648 4313 1833 4369 Ande-

198 4390 454 4463 gavensi,
489 4400 636 4448 torno
671 4395 687 4447 Ι
742 4395 1100 4453 Bibliotheca:
1152 4399 1481 4470 Lahbeanze,
1515 4420 1638 4478 pag.
1673 4405 1779 4461 ξ.)Βὸ
1814 4425 1827 4461 :

198 4491 357 4535 Anno
386 4483 490 4537 9l7
520 4488 737 4542 initium
770 4490 1050 4545 Chronica?
1071 4493 1371 4548 Flodoardi
1399 4515 1415 4560 ;
1451 4503 1505 4550 et
1530 4497 1695 4552 Anno
1724 4499 1831 4555 963

194 4576 326 4642 finis
361 4574 636 4632 Chronico?
663 4580 976 4636 Flodoardi.
1014 4583 1239 4639 Duobus
1271 4587 1433 4641 annis
1459 4588 1714 4644 mutilum
1748 4599 1831 4646 est

197 4663 511 4721 Cbronicon
532 4668 586 4722 in
600 4670 782 4726 editis.
806 4673 1073 4729 Henricus
1092 4675 1400 4733 Bunderius
1435 4679 1830 4737 Dominicanus

1942 3468 2231 3537 dignitatis
2277 3470 2630 3526 obliviscere.
2667 3474 2844 3529 Orasti
2882 3494 2896 3530 :
2931 3478 3004 3546 (a)
3035 3479 3270 3551 Suscipe
3319 3497 3429 3546 me,
3459 3484 3569 3539 Do-

1942 3562 2112 3628 mine,
2143 3564 2450 3618 secundum
2472 3565 2755 3638 eloquium
2789 3576 2943 3624 tuum
2974 3579 3030 3626 et
3058 3572 3566 3645 vivam.Eloquium

1939 3651 2034 3706 Dei
2069 3659 2152 3707 est
2185 3670 2198 3707 :
2229 3653 2414 3708 Omnis
2447 3670 2512 3709 ex
2537 3655 2696 3710 vobis
2726 3658 2821 3728 qui
2853 3673 2962 3713 non
2995 3661 3277 3717 renuntiat
3306 3664 3568 3720 omnibus

1939 3757 2064 3812 qua}
2088 3742 2358 3813 possidet,
2383 3759 2494 3799 non
2524 3751 2706 3815 potest
2736 3762 2894 3801 meus
2925 3764 3048 3802 esse
3079 3749 3408 3822 discipulus.
3447 3753 3565 3808 Sal-

1937 3833 2216 3888 vabuntur
2245 3835 2339 3906 qui
2378 3834 2620 3910 fugerint
2646 3837 2716 3891 ab
2747 3838 2850 3905 eis,
2883 3846 2938 3893 et
2966 3847 3130 3895 erunt
3168 3841 3226 3895 in
3279 3843 3566 3899 montibus

1937 3926 2082 3981 sicut
2130 3927 2404 3982 columbae
2457 3928 2811 3986 convallium.
2845 3931 2990 3986 Vidit
3040 3932 3184 3988 Deus
3211 3933 3346 3990 boni
3377 3936 3564 4006 operis

1937 4016 1992 4068 in
2023 4023 2074 4070 te
2115 4014 2394 4082 affectum,
2423 4017 2742 4086 exercendi,
2785 4020 3042 4089 praestitit
3093 4020 3430 4087 facultatem,
3466 4040 3563 4080 ex-

1935 4104 2148 4159 audivit
2195 4121 2430 4176 preces:
2479 4121 2550 4160 ne
2603 4106 2815 4174 dubita,
2867 4111 3290 4166 consummandi
3341 4110 3564 4168 afferret

1934 4196 2216 4253 auxilium.
2271 4197 2378 4252 Sed
2433 4197 2613 4253 dicis:
2647 4198 2927 4273 Negotiari
2985 4202 3192 4258 volenti
3245 4205 3560 4260 commodat

1933 4286 2076 4340 Deus
2107 4287 2393 4353 talentum,
2446 4287 2724 4342 lucrantes
2783 4289 2932 4346 beat.
2982 4291 3061 4345 An
3113 4292 3296 4347 nescis
3350 4301 3558 4364 quanto

1933 4380 2058 4452 quis
2078 4381 2242 4436 altius
2258 4389 2485 4436 evectus
2521 4388 2625 4447 est,
2659 4389 2812 4436 tanto
2843 4382 3074 4453 propius
3100 4399 3222 4439 esse
3247 4399 3319 4438 ne
3347 4385 3506 4440 cadat
3531 4384 3559 4438 ?

1935 4476 2159 4550 Ignoras
2188 4476 2421 4532 honoris
2449 4475 2678 4549 gradum
2737 4475 3020 4547 superbia;
3074 4492 3196 4532 esse
3236 4477 3558 4533 irritamen-

1931 4573 2068 4632 tum,
2098 4581 2223 4621 esse
2266 4565 2450 4620 inanis
2490 4565 2684 4640 gloriae
2740 4565 3026 4620 materiam
3058 4565 3086 4620 ?
3125 4565 3269 4621 Cave
3324 4583 3394 4622 ne
3454 4565 3553 4622 tibi

1930 4653 2256 4722 blandiaris,
2290 4669 2361 4709 ne
2385 4653 2657 4722 justitiam
2710 4662 2860 4708 tuam
2894 4655 3072 4710 facere
3124 4655 3413 4711 desideres
3461 4671 3556 4711 co-

194 4752 530 4823 Gandensis,
561 4758 652 4828 qui
684 4775 828 4815 anno
861 4761 1001 4816 1555
1031 4762 1186 4832 vixit,
1218 4765 1272 4819 in
1305 4783 1404 4822 suo
1437 4767 1622 4824 indice
1653 4741 1908 4827 iibro--D
1930 4762 2043 4801 ram
2078 4745 2421 4812 hom'mbus’
2455 4753 2515 4800 ω
2568 4746 2811 4802 V'dear's
2865 4747 2933 4800 ab
2988 4762 3089 4802 e's-
3139 4747 3243 4802 Fac
3281 4755 3334 4802 ιθ
3366 4755 3552 4818 ⁸Ρί¹¹η¹

196 4862 320 4900 rum
385 4863 518 4902 mss.
587 4851 930 4926 Belgicorum
1000 4856 1106 4910 alia
1187 4869 1477 4917 enumerat
1535 4861 1820 4920 Flodoardi

193 4939 467 5009 Opuscula
495 4941 579 4997 his
607 4945 825 5000 verbis:
852 4971 875 4994 «
910 4946 1250 5005 Flodoardus
1282 4952 1573 5025 presbyter
1599 4957 1824 5028 scripsit

193 5031 264 5085 de
323 5033 622 5104 triumphis
685 5037 890 5093 Italicis
955 5049 1252 5112 martyrum
1323 5052 1377 5099 et
1438 5045 1820 5104 confessorum

193 5125 429 5178 metrice
494 5123 666 5181 libros
705 5127 1049 5197 quindecim,
1105 5133 1515 5204 manuscriptos
1569 5135 1822 5194 Treveris

194 5213 249 5266 in
296 5229 514 5268 summo
561 5215 768 5286 templo
827 5217 895 5272 de
962 5220 1262 5292 triumphis
1303 5221 1506 5277 Christi
1559 5233 1612 5280 et
1656 5243 1819 5282 sanc-

193 5313 374 5358 torum
425 5302 731 5361 Palaestinae
773 5308 1002 5363 metrice
1032 5308 1205 5364 libros
1252 5318 1363 5366 tres
1405 5315 1817 5386 manuscriptos

187 5395 463 5459 ibidem;
519 5397 682 5452 tertio
751 5397 820 5452 de
880 5399 1179 5470 triumphis
1244 5401 1442 5458 Christi
1505 5412 1558 5460 et
1626 5407 1816 5463 Antio-

183 5486 329 5541 chia:
387 5488 559 5561 gestis
626 5488 854 5542 metrice
912 5489 1085 5544 libros
1143 5491 1283 5546 duos
1348 5509 1448 5546 ms.
1510 5493 1742 5551 ibidem.
1789 5518 1812 5548 υ

182 5580 427 5648 Priores,
499 5594 609 5635 non
675 5579 1040 5652 quindecim,
1105 5582 1203 5636 sed
1269 5591 1479 5639 tantum
1545 5595 1816 5657 quatuor-

180 5669 366 5725 decim
427 5667 552 5722 libri
612 5678 829 5724 exstant
884 5669 940 5724 in
1001 5680 1340 5742 pervetusto,
1401 5681 1460 5729 ut
1504 5675 1618 5744 jam
1677 5677 1815 5746 dixi,

179 5762 400 5830 codice,
428 5761 522 5832 qui
558 5761 724 5816 modo
758 5769 844 5816 est
883 5762 984 5816 PP.
1017 5762 1430 5820 Carmelitarum
1461 5765 1816 5826 Exealceato-

183 5865 304 5904 rum
341 5867 354 5903 :
385 5850 592 5922 quibus
622 5866 687 5904 ex
719 5850 880 5906 libris
910 5853 1176 5909 nonnulla
1208 5853 1276 5908 de
1309 5853 1672 5911 Pontificihus
1702 5857 1818 5913 Ro-

253 5966 338 6039 (a)
378 5966 754 6023 Beuedictinaa
778 5949 1144 6038 professionis
1176 5968 1440 6031 formula.

1927 4849 2100 4911 regno
2132 4835 2251 4900 Dei,
2280 4835 2589 4910 negotiare.
2632 4835 2849 4891 lucrare
2893 4852 3062 4907 super
3107 4836 3386 4892 destinato
3416 4836 3551 4892 bra-

1925 4927 2146 4981 viotuze
2169 4926 2477 4982 vocationis
2526 4929 2582 4980 in
2626 4926 2844 4983 Christo
2901 4926 3050 4981 Jesu.
3109 4927 3208 4992 Qui
3252 4937 3304 4983 te
3361 4935 3552 4998 aptum

1925 5018 2116 5073 dicunt
2143 5017 2398 5091 dignitati
2434 5018 2650 5087 majori,
2686 5019 2792 5090 ipsi
2824 5028 2898 5083 te,
2932 5017 3124 5083 frater,
3157 5019 3464 5090 decipiunt,
3498 5028 3553 5075 et

1923 5111 2067 5165 viam
2094 5125 2386 5182 gressuum
2410 5120 2629 5166 tuorum
2655 5111 2972 5166 consultore
3011 5110 3238 5166 diabolo
3281 5121 3554 5166 conantur

1922 5201 2215 5272 dissipare.
2253 5202 2446 5257 Fateor
2473 5202 2620 5256 enim
2682 5203 2776 5274 qui
2811 5202 3075 5273 prodesse
3132 5217 3244 5257 non
3290 5217 3549 5273 praeesse,

1921 5291 2507 5364 quicontradictiones
2563 5306 2673 5347 non
2735 5292 2997 5358 honores,
3048 5291 3141 5363 qui
3189 5291 3410 5346 labores
3440 5307 3550 5347 non

1921 5381 2169 5449 delicias,
2203 5381 2296 5453 qui
2329 5395 2472 5451 opus
2501 5395 2609 5437 non
2629 5395 2767 5452 Opes
2797 5379 3096 5451 episcopus
3124 5379 3426 5448 desiderat,
3450 5378 3554 5435 bo-

1922 5487 2052 5528 num
2093 5487 2235 5544 opus
2261 5471 2628 5527 desiderare:
2660 5472 2758 5526 sed
2803 5472 2859 5526 in
2900 5471 3164 5528 omnibus
3224 5472 3549 5528 interiorem

1918 5563 2134 5618 discute
2166 5562 2438 5630 animum,
2471 5571 2527 5618 et
2555 5561 2710 5617 disce
2739 5561 3014 5617 Christum
3044 5576 3155 5617 non
3186 5563 3550 5634 semetipsum

1918 5655 2250 5712 clarificasse
2278 5663 2337 5712 ut
2384 5653 2631 5727 pontifex
2667 5652 2847 5709 fieret.
2883 5653 3138 5710 Officium
3171 5654 3396 5726 quidem
3423 5654 3550 5724 epi-

1916 5745 2138 5817 scopale
2168 5745 2560 5817 suscepimus;
2590 5745 2690 5800 sed
2719 5759 2861 5815 opus
2886 5743 3058 5801 ofﬁcii
3092 5759 3204 5800 non
3230 5742 3547 5813 implemus.

1919 5839 1977 5892 ln
2010 5835 2258 5892 affectata
2315 5836 2738 5907 praeeminentia
2788 5837 2923 5894 latet
2970 5838 3299 5910 periculum.
3347 5834 3549 5887 Horrec
