3884 6466
326 531 402 588 45
1172 507 1179 512 Ι
1389 527 1817 584 FLODOARDUS
1859 529 2229 587 CANONICUS
2271 532 2612 588 REMENSIS.
3608 547 3678 604 16

333 666 523 714 notare
576 657 727 732 quod
777 657 914 713 dixit
964 665 1204 723 sanctus,
1275 658 1558 730 rescripsit
1611 665 1835 714 sanctus
1869 675 1882 712 :
1920 681 1942 709 ι»
1973 664 2022 735 Α
2049 659 2270 717 dinatus
2306 670 2662 717 memoratur.
2691 661 2932 717 Jacobus
2963 663 3162 720 Vassor
3192 667 3246 721 in
3282 669 3511 726 historia
3561 674 3675 728 No-

329 749 487 818 Nunc
515 764 695 808 essem
721 749 789 805 de
833 765 1067 808 numero
1099 751 1504 818 damnatorum,
1538 751 1585 806 si
1620 750 1850 806 fuissem
1880 751 1948 806 de

331 852 563 894 numero
599 838 1012 909 episcoporum.
1052 861 1072 888 ι
1111 841 1234 896 Ilaec
1263 840 1453 912 accipe
1483 840 1552 895 ab
1584 856 1651 896 eo
1681 843 1776 913 qui
1821 849 1948 896 tuus

328 936 433 993 est,
478 935 533 983 et
563 928 712 996 jacta
753 936 904 984 tuum
935 929 991 983 in
1021 929 1254 984 Domino
1302 930 1600 1004 cogitatum
1637 948 1649 984 :
1683 930 1950 1002 patientia

328 1027 421 1075 tua
451 1038 562 1076 non
589 1020 798 1092 peribit
825 1021 880 1075 in
910 1018 1098 1076 finem.
1132 1021 1288 1076 Fient
1319 1022 1374 1074 in
1405 1021 1827 1087 desolationem,
1854 1038 1950 1076 su-

325 1108 445 1165 bito
475 1109 759 1178 deﬁcient,
789 1109 1056 1182 peribunt
1084 1118 1311 1182 prepter
1338 1111 1663 1183 iniquitates
1693 1128 1820 1167 suas
1852 1113 1944 1184 qui

327 1207 379 1254 te
411 1199 670 1256 oderunt.
705 1201 1079 1278 Cognoscetur
1107 1202 1374 1257 Dominus
1398 1202 1613 1271 judicia
1639 1203 1868 1272 faciens,
1892 1212 1947 1260 et

324 1289 382 1343 in
412 1290 677 1361 operibus
707 1308 970 1347 manuum
1001 1308 1223 1347 suarum
1277 1291 1786 1364 comprehendetur
1809 1309 1944 1364 pec-

323 1389 494 1438 cator.
555 1382 657 1438 Ora
700 1398 798 1454 pro
854 1399 963 1440 me.
1017 1384 1293 1455 Scriptum
1351 1384 1533 1456 pridie
1584 1385 1698 1442 Kal.
1750 1385 1940 1442 Octob.

322 1489 468 1529 anno
496 1473 622 1530 951.
672 1498 688 1520 ι

395 1561 668 1617 Hactenus
689 1561 950 1634 epistola,
982 1563 1039 1618 in
1085 1581 1194 1636 qua
1225 1563 1440 1620 Bulaeus
1491 1581 1590 1636 pro
1638 1582 1785 1622 anno
1834 1567 1929 1621 951

320 1667 526 1708 annum
547 1652 653 1705 955
675 1653 1055 1724 reponendum
1087 1661 1264 1724 putat,
1299 1670 1499 1726 nempe
1527 1665 1586 1710 ut
1618 1655 1674 1712 id
1703 1656 1939 1730 quadret

320 1759 444 1798 cum
470 1759 618 1800 anno
643 1744 768 1808 954,
798 1760 909 1818 quo
939 1745 1221 1802 Fulcarius
1245 1747 1392 1819 apud
1439 1747 1804 1805 Flodoardum
1847 1767 1940 1806 or-

2048 748 2352 804 viomensis
2383 750 2640 806 Ecclesize
2662 750 2865 805 retinet
2895 755 3382 825 annum'priorem.
3405 761 3676 818 Caeterum

2049 854 2234 908 nemo,
2267 849 2327 896 ut
2374 858 2562 912 spero,
2592 843 2822 898 moleste
2865 843 3020 907 feret,
3052 848 3199 917 quod
3260 850 3329 904 de
3378 851 3672 909 Flodoardi

2047 933 2377 988 monachatu
2408 933 2529 988 fuse
2585 933 2967 1002 disseruerim,
3000 952 3111 991 non
3143 946 3252 993 tam
3309 940 3562 1000 absolute
3601 945 3673 1001 de

2047 1034 2114 1075 eo
2152 1022 2543 1091 pronuntians,
2584 1039 2750 1095 quam
2782 1023 2874 1078 alii
2912 1034 3182 1092 auctores,
3241 1044 3474 1099 quorum
3529 1033 3673 1087 nihil

2048 1109 2298 1168 interest.
2314 1113 2586 1185 Equidem
2600 1113 2806 1169 Natalis
2821 1115 3150 1185 Alexander,
3170 1119 3254 1173 vir
3266 1119 3478 1188 doctus,
3501 1124 3674 1179 relata

2045 1201 2306 1279 Adelgagi
2332 1205 2568 1276 epistola
2600 1205 2742 1276 (tom.
2774 1207 2877 1275 XV,
2907 1224 3039 1277 pag.
3075 1209 3221 1280 308).
3263 1233 3287 1262 α
3316 1213 3387 1268 Ex
3418 1216 3519 1270 hac
3549 1217 3675 1287 epi-

2044 1293 2207 1362 stola,
2270 1296 2470 1368 inquit,
2522 1297 2839 1368 perspicum
2894 1307 2974 1354 est
3033 1300 3401 1360 Flodoardum
3469 1323 3669 1363 mona-

2044 1383 2206 1437 chum
2245 1383 2432 1440 fuisse.
2469 1410 2494 1432 υ
2528 1387 2717 1458 Itaque
2769 1403 2880 1442 non
2932 1389 3208 1447 immerito
3262 1409 3526 1469 arguerer
3567 1413 3674 1452 ne-

2043 1473 2236 1549 glectae
2262 1476 2474 1531 ordinis
2503 1478 2674 1534 nostri
2708 1479 3016 1552 dignitatis,
3049 1481 3095 1536 si
3136 1482 3350 1551 saltem,
3393 1502 3517 1557 qum
3574 1505 3668 1542 ar-

2039 1571 2302 1633 gumenta
2364 1571 2577 1620 tantum
2643 1566 2820 1620 virum
2879 1567 3042 1622 nobis
3101 1569 3386 1626 vindicare
3443 1591 3675 1647 quoquo

2038 1654 2204 1709 modo
2269 1663 2519 1724 possunt,
2577 1673 2686 1712 non
2746 1657 3001 1714 afferrem
3060 1660 3118 1715 in
3149 1663 3420 1732 medium,
3476 1667 3676 1724 relicto

2037 1745 2213 1817 aequis
2240 1747 2542 1804 lectoribus
2581 1749 2892 1808 decretorio
2925 1752 3162 1820 judicio.

315 1915 3646 1952 .___.._______________________________________________

1350 2049 1960 2181 Nornut

1985 2063 2614 2186 'ALTERA

435 2249 540 2312 Ea:
571 2247 752 2314 libris
779 2249 1086 2316 Historia:
1116 2250 1432 2317 Bernensis
1463 2253 1761 2318 Ecclesiae
1787 2265 1845 2320 et
1874 2254 2137 2322 aliunde
2165 2258 2525 2344 conscripta
2559 2277 2679 2344 per
2711 2259 3051 2344 Georg-ium
3083 2263 3540 2334 Colvener-ium.

1117 2397 1209 2458 (Ex
1237 2405 1370 2449 tomo
1390 2395 1526 2450 XVII
1550 2397 1868 2449 Bibliotheca)
1896 2398 2103 2451 Patrum
2134 2401 2253 2451 edit.
2285 2401 2536 2466 Lugdnn.,
2574 2417 2685 2466 pag.
2713 2404 2848 2466 5(1).)

1771 2572 2188 2604 -ο-εο-οα-

380 2707 448 2764 Ut
473 2725 508 2764 a
537 2707 764 2765 nomine
792 2707 1098 2776 ordiamur,
1129 2708 1406 2782 integrum
1455 2709 1698 2786 auctoris
1723 2724 1926 2766 nomen
1950 2713 2003 2781 Β
2030 2708 2221 2765 Fuisse
2248 2710 2416 2766 etiam
2445 2712 2745 2786 aliquando
2783 2724 3048 2770 rectorem
3077 2734 3173 2772 seu
3226 2725 3502 2789 pastorem
3539 2721 3672 2776 Col-

307 2798 436 2864 fuit,
458 2805 516 2853 ut
547 2797 900 2864 arbitramur,
933 2797 1331 2859 Flodohardus,
1365 2813 1465 2853 seu
1488 2799 1931 2869 Flodoardus,ex

307 2903 422 2959 quo
438 2903 537 2957 per
560 2901 862 2957 syncopem
880 2885 1083 2942 factum
1103 2894 1187 2940 est
1217 2885 1542 2953 Flohardus,
1567 2897 1621 2943 et
1643 2889 1927 2950 Floardus.

309 2980 463 3045 Quod
494 2980 771 3050 posterius
800 2979 858 3032 in
889 2979 1096 3034 nostris
1133 2978 1251 3035 fere
1284 2980 1693 3050 exemplaribus
1720 2986 1933 3055 reperi-

307 3077 414 3134 tur,
433 3069 714 3139 quomodo
737 3067 869 3124 item
897 3068 1034 3142 legit
1060 3069 1303 3124 Joannes
1329 3069 1531 3125 Savaro
1559 3070 1614 3126 in
1640 3073 1786 3129 notis
1815 3075 1932 3130 suis

297 3158 378 3212 ad
411 3158 706 3214 Sidonium
761 3159 1173 3234 Appolinarem.
1209 3158 1532 3233 Sigebertus
1573 3161 1929 3233 Flawaldum,

301 3256 640 3312 Trithemius
682 3258 996 3313 Flavaldum
1035 3258 1305 3313 nominat.
1350 3259 1545 3314 Petrus
1591 3260 1840 3316 Pithaaus
1874 3261 1930 3314 in

305 3347 602 3402 duodecim
625 3347 942 3403 auctoribus
966 3347 1334 3414 simuleditis,
1353 3347 1606 3419 Papirius
1622 3349 1925 3417 Massonus,

302 3453 514 3509 eosque
561 3443 785 3492 secutus
825 3437 1228 3494 illustrissimus
1261 3437 1562 3492 cardinalis
1611 3436 1788 3494 Caesar
1817 3440 1926 3494 Ba-

304 3528 497 3584 ronius
518 3527 891 3584 Frodoard-um
931 3527 1232 3598 appellant.
1260 3526 1369 3580 Sed
1400 3541 1500 3596 pro
1532 3525 1712 3582 littera
1742 3529 1780 3593 ι,
1816 3544 1924 3584 non

302 3638 350 3684 r,
386 3621 441 3674 in
473 3621 652 3692 prima
671 3619 883 3691 syllaba
904 3617 1056 3686 facit,
1085 3619 1234 3690 quod
1265 3618 1363 3673 lib.
1397 3637 1433 3676 ιι
1464 3619 1630 3688 hujus
1654 3619 1921 3686 Historiae,

302 3725 427 3780 cap.
447 3709 505 3775 3,
536 3709 858 3765 meminerit
906 3707 1194 3773 Flawardi,
1255 3707 1392 3772 sive,
1445 3716 1505 3764 ut
1554 3708 1720 3764 habet
1771 3709 1922 3764 aliud

300 3801 604 3873 exemplar,
630 3800 876 3856 Flavardi
898 3799 1155 3856 avunculi
1183 3798 1372 3854 matris
1409 3815 1543 3865 suae,
1579 3809 1632 3857 et
1664 3800 1722 3854 in
1753 3798 1925 3855 Chro-

300 3893 428 3949 nico
449 3909 573 3956 suo,
607 3907 756 3950 anno
788 3893 894 3949 953
927 3909 941 3958 ;
974 3891 1195 3962 nepotis
1242 3891 1327 3947 sui
1386 3891 1699 3959 Flodoardi,
1758 3901 1816 3946 ut
1842 3893 1919 3946 ibi

298 3985 434 4060 legit
463 3985 765 4042 correctius
793 3982 1074 4054 exemplar
1102 3983 1458 4040 Divionense.
1509 3983 1664 4038 Unde
1695 3991 1750 4039 et
1779 4000 1923 4055 prae-

298 4075 486 4130 dictus
533 4075 778 4129 Pithoeus
843 4073 899 4127 in
965 4072 1240 4128 Glossario
1298 4072 1695 4142 Capitularium
1735 4072 1916 4128 Karoli

295 4164 477 4238 Magni
505 4171 562 4218 et
589 4162 851 4218 Ludovici
885 4161 986 4228 Pii,
1014 4162 1164 4232 quod
1191 4169 1410 4218 auctum
1445 4162 1720 4232 posterius
1751 4161 1808 4216 in
1830 4163 1916 4216 lu-

295 4274 416 4313 cem
479 4256 686 4322 emisit,
743 4262 1015 4326 perpetuo
1065 4254 1430 4309 Flodoardum
1500 4253 1772 4316 nominat,
1837 4255 1916 4309 uti

291 4355 353 4402 et
405 4347 585 4401 .Iosias
649 4344 920 4400 Simlerus
999 4343 1054 4396 in
1133 4341 1455 4412 pmfatione
1514 4357 1614 4396 seu
1681 4340 1915 4412 epistola

294 4439 638 4494 dedicatoria
666 4436 1111 4510 Cosmographiae
1139 4434 1361 4499 XEthici,
1403 4433 1553 4504 quod
1592 4441 1648 4488 et
1698 4449 1798 4489 nos
1825 4451 1916 4489 se-

293 4545 545 4600 quemur.
598 4527 776 4583 Patria
813 4526 865 4581 ei
918 4524 1024 4580 fuit
1083 4525 1423 4594 Sparnacum
1478 4522 1746 4594 oppidum
1802 4540 1911 4579 non

293 4620 488 4691 procul
535 4619 718 4674 Remis
771 4618 1048 4672 dissitum.
1118 4616 1263 4671 Vixit
1318 4615 1418 4670 sub
1475 4615 1914 4687 archiepiscOpis

295 4711 662 4768 Remensibus
693 4711 962 4777 Heariveo,
993 4709 1200 4774 Seulfo,
1243 4708 1466 4764 Artoldo
1524 4716 1580 4763 et
1636 4707 1908 4766 Odalrico.

289 4805 404 4860 Sub
439 4803 662 4859 Artoldo
693 4819 819 4858 eum
851 4802 956 4857 hoc
986 4817 1129 4872 opus
1149 4800 1550 4870 conscripsisse
1572 4807 1724 4871 patet
1753 4817 1821 4854 ex
1841 4800 1911 4855 li-

289 4893 391 4948 bro
425 4909 504 4959 m,
531 4907 654 4964 cap.
682 4891 739 4944 6.
767 4889 910 4944 Vixit
949 4889 1052 4944 sub
1076 4889 1301 4964 regibus
1331 4888 1658 4944 Francorum
1692 4887 1908 4957 Carolo,

287 4981 573 5052 Simplice,
625 4979 902 5034 Ludovico
938 4977 1325 5033 Transmarino
1371 4975 1708 5032 etLothario
1757 4977 1910 5047 ejus-

285 5071 413 5124 dem
447 5068 706 5124 Ludovici
753 5066 889 5133 filio,
909 5083 1074 5138 quem
1109 5066 1164 5120 in
1197 5082 1382 5138 regem
1416 5065 1745 5120 Francorum
1775 5081 1910 5122 con-

284 5161 522 5217 secravit
559 5160 818 5216 Artoldus
844 5175 992 5214 anno
1034 5159 1141 5214 954
1216 5157 1406 5212 Fuisse
1438 5157 1822 5228 presbyterum
1855 5168 1910 5214 et

283 5250 615 5305 canonicum
675 5247 935 5304 Ecclesiae
1003 5247 1289 5304 Remensis
1357 5255 1626 5302 testantur
1685 5247 1907 5304 codices

2032 2797 2278 2852 misciaci
2310 2799 2415 2854 vici
2448 2808 2679 2856 testatur
2701 2803 2819 2873 ipse
2847 2803 2991 2858 libro
3023 2823 3094 2876 IV,
3123 2823 3244 2877 cap.
3277 2807 3367 2861 28.
3418 2813 3483 2863 At
3511 2820 3672 2880 post-

2032 2889 2257 2944 modum
2281 2890 2403 2948 vitae
2433 2909 2609 2965 genus
2659 2901 2923 2962 mutasse,
2982 2905 3036 2951 et
3077 2897 3266 2954 relicto
3331 2901 3668 2956 canonicatu

2032 2981 2351 3036 monasticae
2379 2985 2585 3059 regulaz
2617 3001 2739 3040 sese
2789 2986 3126 3056 subdidisse,
3161 2995 3216 3044 ct
3245 2990 3454 3046 deinde
3485 2991 3667 3047 abba-

2031 3078 2141 3126 tem
2178 3071 2380 3128 factum
2412 3091 2554 3143 esse,
2595 3085 2743 3133 certa
2795 3085 2924 3132 sunt.
2956 3079 3291 3136 documenta
3329 3098 3392 3137 cx
3421 3083 3666 3154 epistola

2029 3165 2256 3236 Adelagi
2287 3167 2600 3224 Bremeusis
2632 3169 3060 3243 archiepiscOpi,
3095 3190 3259 3244 quam
3293 3174 3465 3230 habes
3493 3175 3657 3230 infra.

2031 3255 2165 3311 Item
2190 3273 2255 3312 ex
2288 3273 2354 3312 eo
2385 3260 2534 3330 quod
2562 3259 2630 3314 de
2661 3276 2720 3314 se
2747 3261 2942 3316 scribit
2968 3262 3025 3315 in
3060 3261 3329 3319 Chronico
3361 3279 3507 3320 anno
3531 3265 3660 3328 963,

2029 3349 2118 3404 his
2147 3350 2334 3405 verbis
2363 3369 2376 3404 :
2411 3376 2436 3397 α
2473 3352 2584 3423 Ego
2613 3368 2746 3407 vero
2799 3351 3002 3408 fractus
3026 3362 3210 3421 aetate,
3243 3363 3302 3410 et
3326 3357 3546 3412 attritus
3575 3357 3664 3411 in-

2030 3435 2311 3506 firmitate,
2340 3449 2394 3494 et
2424 3440 2732 3496 ministerio
2783 3459 2872 3496 me
2904 3443 3156 3499 abdicari
3190 3445 3498 3515 praelatum
3558 3461 3660 3501 co-

2030 3543 2143 3582 ram
2177 3529 2375 3583 eodcm
2403 3530 2635 3600 praesule
2679 3530 2913 3600 (scilicet
2955 3532 3227 3599 Odalrico,
3289 3535 3495 3589 Artoldi
3530 3551 3662 3590 suc—

2029 3620 2263 3687 cessore)
2293 3617 2502 3690 quique
2534 3635 2620 3673 me
2679 3619 2784 3674 hoc
2840 3619 3136 3675 absolvens
3190 3621 3347 3694 jugo,
3391 3622 3663 3693 imposuit

2027 3707 2165 3762 illud
2213 3725 2312 3779 per
2353 3708 2683 3764 electionem
2736 3708 2963 3763 fratrum
3004 3725 3274 3778 meorum,
3309 3711 3497 3782 nepoti
3534 3728 3663 3767 meo

2025 3799 2354 3867 Flodoardo,
2388 3800 2799 3875 septuagesimo
2825 3802 2999 3856 aetatis
3018 3819 3154 3857 mea
3185 3819 3348 3858 anno.
3392 3823 3417 3854 »
3451 3804 3541 3858 Sic
3558 3804 3661 3858 ibi.

2026 3890 2176 3944 Idem
2207 3889 2535 3945 confirmant
2576 3907 2768 3944 versus
2825 3891 3036 3957 Gallici,
3072 3893 3127 3945 in
3157 3893 3349 3947 codice
3408 3893 3665 3962 peranti-

2023 3995 2132 4051 quo
2164 3996 2266 4034 ms.
2304 3981 2532 4052 reperti,
2557 3997 2585 4035 a
2615 3981 2778 4035 nobis
2827 3981 2881 4034 in
2912 3979 3260 4052 frontispicio
3289 3982 3476 4052 positi,
3510 3999 3658 4054 quo-

2022 4083 2141 4122 rum
2175 4070 2292 4124 haec
2322 4079 2403 4124 est
2435 4069 2818 4140 interpretatio
2846 4087 2858 4123 :
2893 4090 2921 4120 ν)
2967 4070 3022 4124 Si
3055 4071 3137 4124 vis
3167 4071 3307 4126 scire
3351 4072 3657 4126 Remenses

2023 4157 2340 4229 episcopos,
2371 4159 2492 4233 lege
2525 4159 2833 4214 Chronicon
2865 4158 3156 4214 Flodoardi
3212 4160 3380 4215 docti.
3417 4162 3466 4215 Is
3504 4177 3658 4216 mor-

2021 4252 2146 4300 tuus
2197 4257 2280 4303 est
2328 4257 2576 4320 tempore
2643 4249 2876 4304 Odalrici
2917 4249 3189 4320 episc0pi,
3251 4250 3519 4305 oriundus
3581 4268 3646 4305 ex

2017 4337 2315 4409 Sparnaco.
2363 4340 2512 4396 Vixit
2542 4349 2724 4396 castus
2766 4341 3023 4407 clericus,
3077 4341 3258 4395 bonus
3313 4343 3645 4408 monachus,

2015 4434 2213 4489 melior
2239 4434 2431 4501 abbas,
2465 4434 2532 4488 ab
2564 4434 2798 4507 Agapito
2827 4450 2969 4505 papa
3007 4433 3116 4488 fuit
3145 4433 3322 4488 factus
3360 4435 3642 4489 sacerdos.

2019 4527 2089 4580 Ex
2121 4527 2239 4595 ejus
2269 4526 2499 4581 historia
2552 4526 2721 4581 multa
2763 4542 2902 4580 nova
2951 4527 3176 4592 scies,et
3239 4524 3294 4579 in
3347 4527 3440 4580 illa
3473 4533 3644 4582 totam

2013 4617 2399 4689 antiquitatem
2443 4618 2685 4672 hauries.
2731 4641 2751 4669 »
2816 4619 2965 4673 Idem
3006 4619 3248 4689 denique
3281 4618 3549 4689 probatur
3577 4635 3645 4673 ex

2012 4707 2330 4761 testimonio
2362 4707 2632 4763 Dominici
2658 4707 2899 4762 Grimani
2931 4707 3248 4773 cardinalis,
3285 4707 3434 4778 quod
3469 4707 3646 4762 infra-

2013 4796 2318 4865 posuimus.
2352 4796 2476 4852 Fuit
2507 4806 2690 4852 autem
2741 4797 3044 4852 monachus
3090 4805 3144 4852 et
3211 4796 3380 4850 abbas
3425 4797 3647 4852 ordinis

2011 4883 2065 4938 S.
2109 4885 2393 4940 Benedicti
2445 4885 2631 4940 Remis
2675 4887 2727 4940 in
2779 4885 3114 4941 monasterio
3162 4886 3334 4940 sancti
3377 4886 3641 4960 Remigii.

2011 4976 2187 5040 Quare
2219 4991 2328 5030 non
2352 4974 2580 5036 fallitur.
2613 4991 2717 5029 nec
2743 4975 2948 5045 injuste
2980 4975 3137 5030 illum
3175 4991 3277 5030 suo
3298 4975 3481 5030 ordini
3517 4977 3644 5030 vin-

2010 5067 2156 5121 dicat
2202 5067 2536 5122 Trithemius
2580 5067 2929 5141 Sigebertum
2985 5075 3230 5134 secutus,
3284 5067 3427 5121 libro
3487 5085 3523 5120 ιι
3567 5068 3642 5122 De

2008 5155 2151 5209 Viris
2181 5155 2492 5210 illustribus
2539 5157 2752 5212 ordinis
2796 5155 2971 5212 sancti
3005 5155 3314 5222 Benedicti,
3371 5172 3493 5226 cap.
3546 5157 3641 5224 68,

2009 5253 2061 5299 et
2105 5243 2161 5297 in
2217 5244 2473 5318 Catalogo
2528 5246 2861 5319 scriptorum
2921 5245 3453 5308 ecclesiasticorum,
3512 5261 3637 5300 cum

285 5337 572 5392 Remensis
623 5345 679 5391 et
732 5337 1088 5409 lgniaceusis,
1152 5337 1243 5408 qui
1282 5335 1431 5390 illum
1466 5336 1553 5390 his
1583 5335 1756 5390 titulis
1813 5352 1906 5391 or-
1931 5383 1982 5409 η
2007 5333 2144 5387 dicit
2175 5349 2299 5387 eum
2330 5333 2501 5387 fuisse
2529 5335 2859 5390 monachum
2893 5335 3220 5389 Remensem
3260 5334 3476 5389 ordinis
3499 5351 3636 5388 san-

286 5383 572 5392 -------..---
628 5383 678 5391 --
732 5383 1088 5409 -,,--...--..-.-,
1154 5383 1243 5408 ην.
1282 5383 1431 5390 .--_-_-
1467 5383 1551 5390 .-._
1585 5383 1756 5390 ---_---
1816 5383 1863 5391 ν.
2181 5383 2299 5387 -_-_-
2331 5383 2497 5387 --ηπ
2531 5383 2859 5390 ---ν----ν---η
2893 5383 3220 5389 ---η----ηη-
3265 5383 3472 5389 ---η-η-
3502 5383 3600 5388 ----

286 5437 438 5494 nant,
486 5427 597 5482 imo
626 5429 814 5482 omnia
844 5437 1030 5484 nostra
1076 5428 1412 5498 exemplaria
1443 5444 1608 5482 manu
1663 5437 1902 5496 exarata,
1924 5383 1982 5451 D
2007 5422 2079 5476 cti
2104 5421 2404 5476 Benedicti.
2442 5424 2587 5487 Quos
2642 5423 2775 5478 item
2803 5424 3054 5495 sequitur
3105 5423 3388 5478 Conradus
3426 5423 3639 5497 Gesne-

283 5517 336 5570 in
364 5531 601 5588 quorum
626 5519 776 5572 calce
805 5517 1007 5589 legitur
1033 5536 1047 5571 ε
1081 5519 1322 5588 Explica
1373 5518 1636 5573 Ftoardus
1671 5519 1752 5572 υει
1779 5520 1905 5574 mo-
2008 5526 2100 5564 rus
2129 5511 2185 5564 in
2219 5527 2317 5566 sua
2347 5511 2711 5577 Bibliotheca,
2745 5521 2799 5567 et
2821 5513 3096 5568 Arnoldus
3112 5513 3272 5568 \Vion
3307 5512 3448 5566 libro
3470 5530 3507 5566 ιι
3538 5513 3634 5567 Li-

279 5611 488 5664 hurdus
539 5609 819 5678 presbyter
872 5614 920 5662 et
948 5613 1222 5665 Bernensis
1279 5612 1587 5664 canonicus,
1638 5609 1904 5665 Similiter
2004 5601 2097 5674 gni
2126 5603 2280 5670 VittB,
2311 5604 2490 5673 capite
2515 5605 2582 5660 67
2619 5622 2632 5658 ε
2666 5606 2764 5660 sed
2806 5606 2896 5660 hic
2927 5606 2984 5658 in
3032 5613 3191 5660 aetate
3252 5606 3372 5672 ejus
3428 5605 3639 5660 fallitur

278 5699 462 5756 dictus
479 5697 656 5754 .losias
685 5695 1072 5768 presbyterum
1102 5709 1281 5761 vocat,
1335 5707 1390 5752 et
1415 5698 1659 5754 Joannes
1696 5698 1901 5753 Filesa-
2003 5699 2225 5745 centum
2256 5707 2431 5762 prope
2489 5693 2672 5760 annis,
2727 5693 2980 5748 scribens
3009 5709 3135 5747 eum
3179 5693 3434 5748 floruisse
3488 5709 3635 5749 anno

274 5809 374 5848 cus
400 5790 728 5847 Parisiensis
759 5789 1049 5862 theologus
1089 5791 1144 5846 in
1171 5790 1378 5845 veteris
1431 5791 1691 5846 Ecclesiae
1721 5791 1892 5846 Galli-
1997 5781 2123 5835 870·
2155 5780 2380 5836 Fallitur
2405 5797 2630 5852 quoque
2679 5782 2951 5836 Αηῑοηίιιδ
2979 5783 3314 5837 Ροδδθνῖιλυε
3353 5783 3408 5836 in
3451 5785 3637 5854 APP3‘

271 5895 426 5937 θεηω
475 5879 709 5946 Quem];
735 5878 1064 5934 canonicum
1121 5881 1472 5947 Remensem,
1515 5880 1593 5934 uti
1645 5888 1700 5934 οι
1725 5880 1896 5935 Joan-
1997 5879 2116 5924 ratu
2147 5886 2326 5938 sacro,
2361 5870 2416 5924 in
2447 5887 2515 5926 eo
2574 5871 2722 5942 quod
2783 5871 3098 5927 Flavaldum
3158 5887 3189 5926 a
3239 5871 3550 5927 Flodoardo
3581 5879 3635 5927 et

275 5984 375 6023 nes
403 5969 651 6025 Molanus
681 5968 737 6022 in
768 5967 890 6022 Nat.
922 5967 1014 6023 SS.
1068 5968 1243 6037 Belgii
1269 5967 1359 6020 die
1402 5967 1597 6037 quinta
1639 5968 1888 6040 Augusti.
1993 5965 2310 6021 Frodoardo
2349 5966 2674 6038 distinguat,
2723 5973 2984 6039 tanquam
3040 5965 3289 6024 diversos
3345 5974 3627 6021 auctoresv
