3884 6420
287 375 357 428 17
1686 365 1912 422 ΝΟΤΙἸῚ

2088 365 2246 423 I‘BRA
3583 385 3650 445 18

284 502 607 558 Frodoardo
636 500 988 556 solummodo
1025 499 1280 554 tribuens
1337 497 1670 564 Chronicon,
1697 495 1768 550 de
1798 510 1910 567 quo
1930 497 1986 567 Α
2013 502 2104 550 tur
2123 495 2274 555 dicto
2313 516 2402 556 an.
2437 501 2564 570 845,
2597 519 2895 563 recensens
2937 509 3146 566 ibidem
3198 513 3448 585 diploma
3473 515 3651 576 Caroli

284 591 454 660 infra,
481 590 790 646 Flodoardo
839 597 1024 644 autem
1054 589 1198 642 hanc
1227 585 1912 659 Remensium'episcopo-

286 701 410 739 rum
434 683 734 739 Historiam
765 699 778 738 :
796 682 894 736 sed
913 697 1038 752 quae
1062 681 1117 734 in
1136 679 1448 751 appendice
1469 681 1724 736 nonnihil
1746 681 1921 736 corri-

285 776 387 850 git.
414 775 683 830 Similiter
712 775 894 830 dictus
934 773 1098 828 Wion
1129 773 1186 826 in
1227 772 1506 840 adjunctis
1556 772 1624 825 ad
1687 771 1920 845 Lignum

285 867 443 932 Vitae,
469 883 596 941 pag.
636 866 764 930 909,
814 864 1182 921 Flodoardum
1242 880 1272 918 a
1313 865 1569 919 Flavaldo
1616 879 1725 919 non
1776 873 1921 920 recte

285 960 603 1033 distinguit.
639 959 910 1014 Praeterea
968 955 1176 1012 fallitur
1218 957 1472 1028 Papirius
1520 957 1805 1013 Massonus
1863 957 1920 1011 in

284 1048 550 1121 Catalogo
575 1055 882 1103 auctorum.
919 1046 1124 1118 quibus
1151 1062 1285 1100 usus
1331 1055 1416 1101 est
1459 1047 1516 1100 in
1547 1047 1664 1101 suis
1691 1041 1930 1101 Annali}

286 1137 415 1201 bus,
441 1137 573 1191 dum
623 1144 784 1191 vocat
841 1152 969 1190 eum
1022 1135 1354 1191 Remensem
1387 1136 1729 1208 pontiﬁcem.
1764 1137 1919 1202 Quod

283 1235 515 1280 secutus
568 1235 652 1280 est
710 1225 976 1280 Baronius
1028 1240 1176 1280 anno
1223 1225 1352 1292 983,
1411 1225 1520 1280 nisi
1573 1225 1628 1280 in
1686 1227 1920 1282 Baronio

285 1318 554 1372 mendum
575 1319 667 1384 sit,
692 1326 746 1372 et
778 1333 876 1388 pro
904 1320 1140 1374 Remensi
1158 1319 1577 1388 archiepiscopo,
1620 1319 1916 1392 legendum

281 1411 376 1476 sit,
408 1414 682 1467 Remensis
711 1412 1168 1481 archiepiscopus,
1229 1420 1286 1465 ut
1337 1413 1406 1464 ad
1461 1411 1742 1466 Artaldum
1775 1413 1920 1468 refe-

281 1507 458 1554 ratur.
493 1499 624 1552 Nam
647 1515 794 1554 anno
814 1499 919 1553 948
947 1509 1108 1554 vocat
1155 1516 1282 1554 eum
1339 1500 1626 1555 Remensis
1658 1501 1916 1556 Ecclesiae

280 1595 692 1666 presbyterum,
724 1595 868 1650 sicut
891 1603 944 1650 et
976 1595 1094 1665 ipse
1126 1595 1402 1666 Papirius,
1433 1596 1527 1650 lib.
1554 1613 1614 1662 ιι,
1635 1596 1690 1648 in
1721 1595 1914 1651 Carolo

277 1685 569 1755 Simplice,
610 1692 669 1740 ut
698 1702 799 1755 per
827 1685 1288 1741 inadverteutiam
1339 1686 1658 1758 pontiﬁcem
1690 1702 1915 1742 vocasse

278 1777 560 1832 videatur.

357 1868 496 1923 lllud
528 1867 748 1922 interim
778 1885 966 1924 verum
983 1879 1087 1936 est,
1120 1878 1338 1927 mortuo
1371 1871 1624 1940 Rodolfo,
1657 1873 1726 1927 ab
1760 1883 1914 1928 utro-

278 1974 392 2030 que
461 1957 727 2028 capitulo,
793 1959 1166 2028 Noviomeasi,
1225 1969 1280 2015 et
1338 1962 1788 2028 Tornacensi,die
1842 1963 1914 2018 20

275 2048 412 2103 Julii
447 2050 712 2104 ann0950
761 2051 998 2105 electum
1041 2052 1214 2107 fuisse
1263 2054 1317 2107 in
1351 2054 1678 2125 episcopum
1709 2055 1914 2111 Novio-

273 2157 529 2196 mensem
562 2150 617 2197 et
643 2143 1066 2200 Tornacensem.
1100 2146 1215 2202 Non
1249 2146 1354 2202 fuit
1381 2155 1564 2202 tamen
1607 2148 1909 2204 confirma-

272 2246 386 2302 tus,
420 2237 553 2308 quia
612 2238 918 2294 Ludovicus
963 2241 1384 2296 Transmarinus
1437 2259 1529 2296 rex
1576 2241 1908 2297 Francorum

269 2327 534 2392 subdole,
566 2328 704 2383 clam
735 2336 789 2384 et
807 2329 896 2385 via
927 2331 1366 2387 extraordinaria
1389 2333 1444 2386 in
1468 2333 1670 2387 sedem
1702 2333 1912 2388 utrius-

270 2426 418 2490 que'
447 2419 704 2475 Ecclesiae
762 2421 986 2477 intrusit
1036 2423 1417 2478 etintroduxit
1466 2425 1744 2495 impurum
1793 2438 1914 2477 mo-

272 2510 518 2566 nachum
565 2519 621 2566 et
660 2512 1029 2568 simoniacum
1089 2515 1352 2569 clericum
1408 2515 1759 2579 Fulcherum,
1823 2514 1910 2569 sui

269 2603 635 2678 archimagiri
685 2605 866 2680 lientii
915 2599 1092 2660 ﬁlium
1129 2608 1386 2662 nothum.
1449 2606 1603 2671 Quod
1665 2606 1910 2661 resciens

269 2697 570 2769 Adclagus,
618 2698 726 2764 vel,
783 2706 841 2753 ut
895 2707 1053 2754 vocat
1103 2699 1356 2753 Albertus
1399 2699 1690 2754 Krantzius
1724 2699 1781 2753 in
1813 2716 1913 2754 sua

270 2791 618 2862 metrOpoli,
674 2792 988 2866 Adaldagus
1044 2791 1357 2848 Bremensis
1420 2791 1911 2862 archiepiscopus,

273 2883 598 2954 apostolica:
648 2882 800 2937 sedis
855 2883 1091 2957 legatus,
1125 2882 1182 2936 in
1239 2883 1354 2936 haec
1385 2880 1557 2934 verba
1614 2881 1911 2951 prorupit:

270 2974 631 3040 Cognoscetur
659 2973 1134 3042 Dominusjudicia
1161 2974 1393 3039 faciens.
1457 2971 1669 3025 Deinde
1707 2986 1912 3026 conso-

271 3065 528 3119 latoriam
555 3063 845 3133 epistolam
903 3065 1083 3119 eidem
1117 3063 1426 3119 transmisit
1457 3064 1598 3119 (vide
1651 3079 1820 3132 supra
1852 3067 1914 3118 in

271 3157 478 3209 notitia
518 3170 586 3208 ea:
632 3154 1000 3218 Mabillonto.)
1050 3154 1174 3208 Haec
1203 3169 1267 3208 ex
1297 3169 1428 3207 mss.
1459 3152 1673 3218 Quibus
1703 3151 1911 3254 habent
1935 3186 1987 3256 Ο

269 3262 520 3301 consona
550 3245 619 3300 de
671 3245 942 3301 Fulchero
975 3245 1214 3301 Jacobus
1257 3245 1509 3315 Meyerus
1555 3251 1611 3298 et
1640 3243 1912 3299 Antonius

274 3335 652 3388 Demochares
702 3333 758 3387 in
814 3333 1020 3388 tabulis
1059 3333 1450 3405 episcoporum
1481 3334 1909 3388 Tornacensium

275 3425 362 3479 his
385 3423 574 3478 verbis
608 3441 620 3476 :
656 3449 677 3469 -
717 3424 805 3477 Η.
858 3423 1158 3478 Fulcharus
1217 3423 1333 3476 sive
1385 3422 1685 3479 Fulcherus
1715 3437 1910 3476 mona-

270 3519 412 3572 chus
437 3515 856 3571 Suessionensis
884 3515 1057 3570 sancti
1086 3515 1354 3579 Medardi,
1385 3514 1638 3585 sepultus
1679 3514 1735 3567 in
1771 3521 1912 3569 tem-

276 3611 372 3682 plo
403 3609 580 3664 sancti
611 3608 788 3680 Elegii
832 3616 983 3662 extra
1028 3623 1214 3662 muros
1255 3606 1493 3662 civitatis
1525 3606 1910 3661 Noviomensis

272 3703 345 3758 de
369 3717 482 3774 quo
513 3701 706 3756 scribit
732 3700 983 3772 Meyerus
1034 3715 1179 3756 anno
1207 3699 1332 3754 955.
1391 3699 1692 3754 Fulcharus
1738 3699 1907 3756 homo

269 3794 520 3866 spurius,
544 3793 693 3849 ﬁlius
720 3793 1066 3849 existimatus
1094 3793 1366 3864 principis
1388 3808 1692 3863 coquorum
1725 3792 1909 3848 Ludo-

270 3889 379 3945 vici
414 3889 586 3963 regis,
647 3887 1144 3961 Noviomagensem
1198 3885 1361 3941 malis
1409 3885 1624 3940 artibus
1669 3885 1908 3955 adeptus

269 3982 682 4053 episcopatum.
733 3979 920 4034 omnia
972 3978 1104 4034 fecit
1132 3978 1430 4042 deteriora,
1463 3977 1904 4033 administravit-

269 4088 381 4143 que
405 4086 627 4124 menses
656 4069 888 4124 omnino
924 4069 992 4122 18
1024 4088 1039 4122 :
1074 4067 1629 4147 morbooabsumptus
1674 4067 1909 4138 pedicu-

269 4159 370 4214 lari
412 4167 467 4213 et
490 4157 806 4228 phthiriasi,
833 4174 1094 4230 magnum
1123 4158 1437 4229 exemplum
1465 4157 1643 4229 puniti
1662 4157 1907 4214 ambitus

266 4257 326 4303 et
347 4248 626 4312 simoniae,
646 4246 690 4300 si
715 4263 816 4301 nos
836 4246 1042 4317 posteri
1067 4246 1392 4301 timeremus
1421 4247 1594 4302 Deum
1629 4268 1650 4296 ι

347 4341 472 4396 Fuit
493 4355 658 4410 porro
674 4339 1015 4394 Flodoardus
1043 4339 1130 4394 vir
1157 4339 1359 4394 litteris
1389 4347 1445 4394 et
1465 4339 1716 4396 moribus
1746 4355 1910 4415 egre-

268 4430 363 4504 gie
403 4435 722 4492 exornatus,
775 4436 833 4483 ut
885 4427 1170 4482 declarant
1214 4428 1552 4495 testimonia,
1603 4445 1726 4500 quae
1766 4429 1909 4484 infra

266 4519 699 4592 subjungemus,
728 4525 783 4572 et
832 4517 982 4588 quod
1015 4517 1070 4571 in
1095 4517 1362 4574 historico
1406 4519 1749 4590 praecipuum
1801 4529 1904 4588 est,

1937 1817 1992 1886 B

2020 589 2191 658 Calvi,
2223 607 2334 662 quo
2361 593 2533 649 edicit
2591 605 2649 651 ut
2712 597 3004 656 Hincmaro
3053 599 3416 660 restituantur
3464 609 3651 665 omnia

2021 681 2168 736 bona
2197 681 2556 753 episcopatus
2618 684 2930 752 Remensis,
2963 691 3112 760 quod
3159 690 3395 748 habetur
3421 694 3524 751 lib.
3566 715 3647 764 ιι,

2021 786 2070 824 c.
2097 771 2149 824 6.
2184 772 2260 827 De
2285 787 2398 844 quo
2441 790 2554 830 non
2601 777 2721 830 sine
2753 779 2963 834 ratione
2993 780 3068 835 ait
3117 781 3360 839 Pithoeus
3413 785 3470 841 in
3500 786 3648 844 dicto

2022 859 2318 927 Glossario,
2376 863 2548 920 verbo
2605 867 2957 936 Beneficiario
3007 870 3187 940 jure:
3245 872 3424 929 Nolim
3469 875 3648 930 virum

2021 954 2209 1009 multae
2245 954 2499 1011 lectionis
2547 973 2612 1012 ex
2668 958 3124 1030 interpretatione
3171 962 3394 1033 Gallica,
3453 965 3649 1022 alienis

2021 1059 2052 1096 a
2107 1058 2275 1098 sensu
2335 1046 2542 1113 verbis,
2606 1048 2712 1103 hoc
2751 1048 2897 1104 idem
2947 1050 3192 1121 diploma
3221 1054 3496 1111 retulisse.
3550 1056 3649 1112 Ve-

2023 1152 2142 1190 rum
2173 1137 2244 1191 ab
2275 1153 2366 1192 an.
2399 1139 2505 1194 865
2564 1141 2756 1212 incipit
2788 1143 2905 1213 ipsa
2932 1144 3102 1200 verba
3137 1146 3327 1201 Latina
3355 1145 3647 1204 Flodoardi

2020 1226 2282 1302 allegare,
2305 1229 2405 1283 sed
2436 1246 2502 1285 ex
2521 1231 2689 1288 unico
2722 1233 3042 1305 exemplari,
3077 1250 3257 1308 eoque
3287 1253 3434 1308 saape
3461 1239 3647 1293 incor-

2021 1326 2170 1372 recto
2210 1325 2265 1372 et
2296 1319 2616 1390 depravato,
2654 1331 2713 1377 ut
2745 1324 2942 1378 eodem
2990 1340 3156 1392 anno,
3209 1325 3340 1381 item
3359 1325 3485 1396 871,
3516 1329 3644 1398 877,

2018 1406 2144 1472 892,
2173 1406 2300 1474 893,
2323 1416 2379 1464 et
2407 1409 2540 1465 alibi
2568 1411 2757 1467 videre
2774 1420 2876 1468 est.
2903 1412 3170 1469 Caeterum
3202 1431 3313 1471 non
3336 1417 3456 1472 sine
3481 1421 3644 1476 lande

2019 1494 2478 1569 ipsiusmeminit,
2510 1509 2572 1557 ut
2622 1519 2712 1557 an.
2759 1502 2888 1569 933,
2917 1521 3121 1560 vocans
3150 1517 3467 1564 accuratum
3500 1509 3645 1566 illius

2018 1589 2286 1660 temporis
2325 1575 2674 1662 scriptorem,
2732 1594 2820 1648 cui
2877 1603 3087 1650 tantam
3145 1595 3311 1652 fidem
3342 1598 3554 1668 tribuit,
3585 1611 3645 1656 ut

2015 1695 2164 1736 anno
2193 1682 2300 1738 954
2348 1699 2414 1738 ex
2471 1699 2539 1740 eo
2587 1685 2726 1741 alios
2779 1701 2974 1741 omnes
3020 1689 3293 1744 mendacii
3327 1692 3640 1767 redarguat.

2016 1770 2244 1834 Quantae
2297 1788 2428 1829 vero
2478 1775 2819 1832 auctoritatis
2872 1777 3074 1845 fuerit,
3135 1797 3200 1836 ex
3257 1798 3325 1836 eo
3379 1783 3644 1840 discimus

2015 1861 2164 1933 quod
2187 1863 2257 1916 ad
2284 1863 2592 1938 legationes
2648 1872 2704 1920 et
2725 1867 2949 1937 publica
2981 1869 3203 1944 negotia
3233 1871 3510 1929 interdum
3541 1874 3644 1929 ad-

2017 1955 2226 2010 hibitus
2257 1956 2345 2012 sit.
2400 1958 2555 2013 Unde
2587 1959 2728 2016 libro
2764 1961 2966 2032 primo,
2998 1962 3179 2034 capite
3229 1965 3322 2026 20.
3354 1981 3414 2021 se
3451 1967 3644 2023 scribit

2014 2044 2082 2097 ab
2111 2046 2332 2102 Artaldo
2382 2048 2649 2120 episcOpo
2679 2051 2910 2107 missum
2965 2063 3194 2125 pr0pter
3223 2070 3312 2111 res
3376 2059 3641 2128 quasdam

2015 2134 2590 2194 Remensis‘Ecclesize
2619 2139 2688 2194 ab
2721 2139 3015 2197 Otthonem
3038 2158 3226 2220 regem
3250 2154 3304 2200 et
3329 2143 3641 2203 Conradum

2014 2223 2236 2279 ducem.

2088 2314 2152 2369 Ut
2173 2331 2305 2371 vero
2335 2317 2405 2370 ad
2461 2319 2668 2388 scripta
2708 2319 2832 2388 ejus
2874 2321 3180 2378 veniamus.
3209 2325 3453 2391 Quatuor
3477 2327 3643 2397 hujus

2011 2407 2200 2476 operis
2228 2408 2399 2465 libros
2429 2425 2552 2466 esse
2593 2411 2936 2468 demonstrat
2973 2417 3214 2472 auctoris
3245 2418 3527 2493 prologus,
3585 2421 3640 2476 in

2013 2513 2124 2568 quo
2143 2510 2300 2557 vocat
2329 2503 2712 2572 quadriﬁdam
2760 2506 2962 2561 laboris
2992 2493 3262 2581 sut‘opus.
3295 2511 3643 2584 Quapropter

2013 2591 2156 2646 male
2185 2591 2540 2658 Trithemius,
2569 2600 2625 2648 et
2653 2593 2748 2666 qui
2776 2610 2904 2650 eum
2931 2607 3262 2669 sequuntur,
3297 2610 3408 2658 tres
3428 2603 3640 2659 solum-

2014 2683 2181 2739 modo
2203 2693 2516 2740 numerant.
2545 2685 2749 2742 Pmter
2779 2689 2882 2743 hos
2926 2697 3166 2760 quatuor
3189 2691 3360 2749 libros
3391 2694 3640 2751 Historiae

2016 2775 2305 2831 Remensis
2334 2776 2611 2844 Ecclesiaé,
2660 2780 2776 2837 sive
2839 2787 2901 2836 ut
2929 2782 3020 2836 alii
3085 2793 3304 2853 vocant,
3345 2787 3419 2842 De
3465 2788 3642 2845 Gestis

2018 2864 2372 2922 Remensium
2430 2867 2775 2939 pontificum,
2829 2870 2886 2925 in
2942 2871 3147 2943 quibus
3198 2875 3370 2930 multa
3425 2875 3531 2932 alia
3570 2879 3640 2934 de

2015 2963 2221 3020 sanctis
2251 2969 2308 3018 et
2340 2961 2692 3017 monasteriis
2730 2963 2984 3033 ejusdem
3033 2965 3268 3022 civitatis
3297 2975 3352 3023 et
3382 2968 3640 3026 diwcesis

2014 3052 2315 3108 interserit.
2385 3051 2615 3122 Scripsit
2675 3052 2840 3108 etiam
2908 3053 3217 3110 Cbronicon
3284 3057 3460 3112 aetatis
3524 3075 3638 3115 sua:

2013 3146 2423 3203 exactissimum
2469 3145 2538 3200 ab
2596 3161 2742 3202 anno
2785 3146 3002 3202 Domini
3037 3146 3144 3202 919
3181 3164 3356 3220 usque
3385 3149 3454 3205 ad
3509 3150 3637 3220 966,

2009 3239 2162 3311 quod
2191 3239 2246 3293 in
2295 3239 2475 3293 lucem
2523 3236 2755 3309 protulit
2783 3236 2977 3293 Petrus
3027 3237 3276 3295 Pithoeus
3322 3238 3467 3295 inter
3495 3240 3639 3298 duo-

2013 3329 2194 3386 decim
2220 3328 2521 3399 scriptores
2566 3335 2880 3384 coastaneos
2935 3329 3229 3385 Annalium
3283 3338 3341 3386 et
3395 3329 3638 3387 historiae

2011 3419 2368 3475 Francorum.
2401 3415 2673 3472 Excusum
2734 3425 2819 3473 est
2865 3433 3010 3490 opus
3059 3418 3115 3474 in
3167 3427 3360 3476 octavo
3417 3419 3640 3476 Parisiis

2013 3509 2170 3575 1588,
2221 3514 2275 3562 et
2307 3505 2648 3563 Francofurti
2703 3509 2864 3564 1594.
2910 3509 3149 3566 Tametsi
3211 3511 3268 3567 in
3312 3510 3638 3583 praefatione

2010 3599 2228 3655 dubitet
2257 3598 2404 3653 idem
2455 3597 2701 3652 Pithoeus
2743 3597 2888 3653 sitne
2945 3599 3197 3670 ejusdem
3254 3600 3515 3657 auctoris.
3550 3601 3638 3657 Sic

2010 3690 2156 3745 enim
2180 3689 2255 3744 ait
2289 3707 2302 3742 :
2335 3712 2358 3735 α
2392 3687 2511 3743 Jam
2544 3685 2611 3742 de
2642 3687 2940 3744 Frodoardi
2973 3687 3244 3748 Chronico
3277 3690 3409 3764 (sive
3441 3689 3488 3745 is
3515 3687 3639 3748 Fla-

2009 3782 2204 3838 valdus
2233 3781 2321 3837 vel
2347 3779 2614 3836 Floardus
2657 3781 2728 3836 sit
2778 3781 3070 3837 Remensis
3108 3782 3366 3839 Ecclesia;
3399 3783 3638 3855 presby-

2009 3881 2112 3938 ter,
2145 3871 2241 3945 qui
2270 3870 2816 3942 archiepiscopornm
2847 3885 3074 3926 suorum
3106 3871 3254 3927 Vitas
3281 3889 3312 3927 a
3359 3875 3415 3928 Β.
3452 3873 3635 3930 Remi-

2007 3963 2099 4038 gio
2115 3963 2185 4016 ad
2232 3962 2536 4022 Artaldum,
2587 3960 2808 4017 diverso
2839 3961 3003 4032 plane
3037 3962 3182 4032 stylo
3239 3961 3550 4034 descripsit)
3582 3975 3637 4020 et

2009 4057 2117 4111 hoc
2147 4070 2375 4111 monere
2396 4054 2574 4110 visum
2611 4061 2713 4120 est,
2753 4069 2819 4109 ea
2863 4070 2988 4124 quae
3031 4053 3100 4108 ad
3120 4053 3638 4127 Virduuensesepi-

2009 4163 2209 4220 scapos
2226 4147 2528 4218 pertinent,
2552 4147 2649 4202 sed
2675 4154 2730 4202 et
2750 4147 2857 4202 alia
2877 4147 3132 4218 quaedam
3152 4148 3380 4220 virgulis
3398 4149 3631 4216 inclusa,

2010 4255 2078 4292 ex
2109 4239 2289 4294 tribus
2315 4237 2483 4293 unius
2513 4253 2634 4293 esse
2666 4238 2817 4310 quod
2843 4238 3173 4294 Divionense
3213 4239 3632 4312 appellavimus,

2011 4341 2328 4403 quanquam
2394 4329 2647 4384 Viriduni
2711 4329 2896 4400 potius
2959 4329 3298 4399 descriptum
3366 4328 3633 4385 videatur.

2011 4423 2267 4496 Quisquis
2309 4423 2398 4478 ille
2421 4422 2524 4477 fuit
2555 4421 2812 4494 scriptor,
2853 4422 3055 4478 multas
3085 4421 3332 4494 profecto
3361 4421 3527 4478 nobis
3545 4423 3631 4479 sui

2009 4514 2198 4571 saeculi
2227 4513 2470 4568 historia
2503 4513 2762 4568 tenebras
2807 4511 3085 4580 discutiet,
3137 4531 3166 4564 ι
3195 4521 3302 4568 etc.
3346 4511 3421 4567 De
3443 4513 3546 4568 hac
3577 4527 3636 4568 rc

268 4610 439 4664 variae
473 4607 743 4670 lectionis,
779 4624 992 4682 magnae
1022 4608 1329 4682 diligentiae
1369 4617 1425 4665 et
1451 4609 1714 4666 indefessi
1747 4611 1904 4668 labo—
1926 4603 2281 4675 DPithoeum
2340 4621 2450 4661 non
2504 4606 2603 4661 abs
2658 4623 2714 4662 re
2746 4606 3030 4662 dubitasse
3092 4605 3169 4661 ait
3225 4605 3280 4660 in
3311 4604 3635 4679 prtefatione

270 4699 367 4753 ris.
404 4697 542 4752 llinc
559 4697 635 4751 ait
657 4697 712 4750 in
746 4697 1068 4769 praefatione
1086 4698 1252 4766 hujus
1280 4699 1551 4765 Historiae,
1588 4724 1610 4745 «
1640 4715 1781 4770 opus
1801 4701 1906 4756 hoc

267 4792 650 4861 undecunque
668 4790 997 4846 collectume
1014 4807 1103 4845 sse
1123 4808 1170 4844 ει
1189 4791 1528 4846 videlicetex
1539 4791 1907 4864 scriptoribus

266 4880 446 4934 sacris
475 4888 530 4932 et
564 4879 832 4949 profanis,
867 4879 1041 4954 gestis
1070 4890 1370 4952 martyrum
1403 4888 1464 4936 et
1505 4881 1642 4937 Vitis
1670 4882 1905 4938 aliorum

265 4979 612 5037 sanctorum,
663 4971 800 5026 actis
833 4972 1222 5042 conciliorum,
1280 4983 1334 5028 et
1391 4974 1642 5046 epistolis
1671 4973 1906 5047 pontiﬁ-

265 5079 418 5124 cum,
455 5061 759 5131 przesertim
811 5062 1187 5120 Remensium.
1251 5081 1390 5135 quas
1444 5081 1508 5119 ex
1540 5064 1779 5121 archivis
1807 5065 1910 5120 Ec-

267 5151 460 5206 clcsia:
479 5167 592 5205 sua:
622 5151 988 5221 deprompsit.
1046 5153 1187 5208 Sane
1217 5169 1248 5208 a
1281 5154 1561 5224 praedictis
1591 5171 1716 5210 eum
1749 5169 1910 5211 com-

272 5244 544 5299 mendant
574 5244 747 5297 nostri
779 5245 968 5298 saeculi
997 5244 1303 5300 doctissimi
1351 5247 1644 5301 Annalium
1672 5247 1911 5320 scripto-

271 5356 363 5393 res
395 5336 664 5391 Baronius
696 5345 749 5390 et
781 5337 1033 5408 Papirius
1085 5338 1393 5406 Massonus,
1428 5339 1520 5412 qui
1562 5356 1692 5396 suos
1721 5342 1910 5398 Anna-

264 5428 351 5481 les
382 5442 448 5480 ex
497 5426 675 5497 ipsius
707 5426 929 5496 scriptis
968 5425 1268 5497 plurimum
1307 5437 1734 5486 exornaverunt.
1788 5430 1910 5489 Me-

267 5519 431 5574 minit
477 5519 657 5590 ipsius
711 5519 1163 5589 frequentissime
1215 5520 1482 5574 Baronius
1532 5530 1665 5576 tom.
1730 5523 1794 5589 X,
1840 5523 1909 5578 ab

266 5627 416 5665 anno
443 5612 554 5666 845
584 5627 764 5680 usque
811 5611 878 5664 ad
906 5628 1035 5664 ann.
1105 5611 1228 5665 962.
1265 5613 1370 5664 Sed
1407 5614 1552 5684 quod
1583 5613 1907 5684 dolendum,

265 5718 331 5754 ea
349 5700 603 5773 allegans
626 5716 750 5771 qua:
779 5717 844 5753 ex
893 5700 1100 5759 Gallico
1136 5702 1437 5772 exemplari
1488 5703 1685 5759 mutilo
1717 5714 1773 5760 et
1804 5706 1910 5761 im-

270 5790 520 5860 perfecto
543 5789 757 5844 curavit
793 5787 847 5841 in
895 5789 1144 5844 Latinum
1175 5789 1480 5858 transferri,
1517 5799 1577 5846 ut
1611 5791 1732 5862 ipse
1766 5793 1909 5849 fate-

2007 4697 2354 4762 Sirmondus,
2377 4695 2629 4753 adhibito
2660 4696 2824 4754 etiam
2871 4699 2980 4754 hoc
3017 4706 3365 4774 argumento.
3397 4693 3548 4767 quod
3580 4695 3633 4751 in

2008 4797 2194 4845 vetere
2221 4788 2550 4843 Kalendario
2599 4790 2652 4844 S.
2686 4789 2866 4844 Mariae
2912 4789 3200 4845 Remenais
3249 4787 3545 4842 adnotatas
3565 4785 3637 4841 sit

2009 4881 2196 4937 obitus
2241 4879 2328 4934 his
2353 4880 2577 4935 verbis:
2609 4895 2696 4936 xvr
2747 4881 3018 4936 Kalendas
3047 4881 3242 4934 Iunias
3300 4874 3636 4934 Hadoardus

2005 4977 2288 5048 presbyter
2319 4981 2367 5030 et
2397 4978 2687 5031 canonicus
2720 4993 2733 5040 ;
2770 4991 2896 5030 cum
2926 4981 3207 5028 auctorem
3230 4967 3484 5026 Chronici
3514 4967 3637 5026 Flo-

2011 5065 2281 5121 doardum
2313 5081 2344 5120 v
2372 5065 2643 5121 Kalendas
2670 5053 2887 5135 Apriles
2910 5062 3019 5119 vita
3049 5060 3300 5117 functum
3317 5073 3439 5114 esse
3466 5058 3638 5114 Chro—

2017 5157 2124 5212 niei
2147 5155 2426 5227 appendix
2445 5155 2659 5209 doceat.
2683 5153 2883 5208 Verum
2895 5152 3039 5208 scire
3064 5159 3287 5224 Oportet
3312 5163 3424 5206 non
3439 5149 3636 5204 iisdem

2012 5249 2232 5313 diebus,
2260 5247 2465 5320 quibus
2482 5246 2758 5317 aliquisex
2771 5246 2874 5299 hac
2894 5244 3003 5298 vita
3033 5242 3288 5310 discedit,
3322 5241 3638 5296 anniversa-

2012 5343 2145 5399 riam
2199 5336 2783 5397 commemorationem
2823 5336 3010 5392 obitus
3073 5336 3248 5409 ipsius
3277 5333 3549 5392 celebrari
3579 5333 3636 5390 in

2015 5432 2289 5501 Ecclesiis,
2319 5440 2380 5487 ut
2427 5431 2630 5502 passim
2689 5437 2922 5485 tertatur
2979 5446 3132 5495 usus,
3179 5429 3347 5502 idque
3385 5426 3458 5484 ob
3489 5425 3639 5482 varia

2015 5526 2410 5598 impedimenta
2440 5532 2494 5577 et
2539 5521 2884 5593 potissimum
2930 5521 3075 5578 circa
3105 5532 3326 5592 tempus
3358 5518 3636 5592 paschale,

2013 5632 2124 5688 quo
2154 5617 2254 5669 iste
2304 5613 2555 5688 migravit
2587 5628 2615 5665 c
2672 5611 2802 5666 vita.
2847 5616 3194 5683 Quapropter
3223 5610 3481 5666 eumdem
3516 5621 3638 5661 esse

2016 5705 2304 5777 utriusque
2335 5703 2518 5774 Operis
2543 5709 2825 5758 auctorem
2874 5719 2984 5758 non
3013 5701 3194 5758 solum
3234 5701 3434 5757 fatetur
3467 5695 3635 5766 Papi—

2017 5793 2150 5861 rius,
2185 5793 2282 5848 lib.
2319 5791 2664 5847 "Annalium
2693 5791 3026 5848 Francorum
3053 5791 3107 5846 in
3134 5791 3327 5845 Carolo
3356 5783 3638 5855 Simplice,
