  <div class='ocr_page' id='page_1' title='image "/cluster/home/n/w/nwhite01/storage/ocr_20150623/134-135/uc1.31175013627537/529.png"; bbox 0 0 3884 6408; ppageno 0'>
   <div class='ocr_carea' id='block_1_1' title="bbox 284 336 3653 407">
    <p class='ocr_par' dir='ltr' id='par_1_1' title="bbox 284 336 3653 407">
     <span class='ocr_line' id='line_1_1' title="bbox 284 336 3653 407; baseline -0.005 0"><span class='ocrx_word' id='word_1_1' title='bbox 284 352 352 407; x_wconf 76' lang='grc'><strong>19</strong></span> <span class='ocrx_word' id='word_1_2' title='bbox 1318 344 1403 399; x_wconf 88' lang='lat' dir='ltr'><strong>DE</strong></span> <span class='ocrx_word' id='word_1_3' title='bbox 1442 343 1831 401; x_wconf 74' lang='lat' dir='ltr'><strong>FLODOARDG</strong></span> <span class='ocrx_word' id='word_1_4' title='bbox 1871 342 2196 401; x_wconf 75' lang='lat' dir='ltr'><strong>CANOMCO</strong></span> <span class='ocrx_word' id='word_1_5' title='bbox 2236 340 2585 397; x_wconf 75' lang='lat' dir='ltr'><strong>REMENSIS.</strong></span> <span class='ocrx_word' id='word_1_6' title='bbox 3576 336 3653 390; x_wconf 81' lang='lat' dir='ltr'><strong>2O</strong></span> 
     </span>
    </p>
   </div>
   <div class='ocr_carea' id='block_1_2' title="bbox 286 462 3659 562">
    <p class='ocr_par' dir='ltr' id='par_1_2' title="bbox 286 462 3659 562">
     <span class='ocr_line' id='line_1_2' title="bbox 286 462 3659 562; baseline -0.003 -29"><span class='ocrx_word' id='word_1_7' title='bbox 286 478 388 562; x_wconf 81' lang='lat' dir='ltr'><strong>sed</strong></span> <span class='ocrx_word' id='word_1_8' title='bbox 425 485 592 550; x_wconf 64' lang='lat' dir='ltr'><strong>etiam</strong></span> <span class='ocrx_word' id='word_1_9' title='bbox 621 477 967 550; x_wconf 75' lang='lat' dir='ltr'><strong>apertissime</strong></span> <span class='ocrx_word' id='word_1_10' title='bbox 991 474 1341 533; x_wconf 75' lang='lat' dir='ltr'><strong>convincitur</strong></span> <span class='ocrx_word' id='word_1_11' title='bbox 1366 490 1433 529; x_wconf 88' lang='lat' dir='ltr'><strong>ex</strong></span> <span class='ocrx_word' id='word_1_12' title='bbox 1464 474 1669 546; x_wconf 72' lang='lat' dir='ltr'><strong>iisqute</strong></span> <span class='ocrx_word' id='word_1_13' title='bbox 1700 474 1915 530; x_wconf 82' lang='lat' dir='ltr'><strong>haben-</strong></span> <span class='ocrx_word' id='word_1_14' title='bbox 1942 481 1988 548; x_wconf 75' lang='grc' dir='ltr'>Α</span> <span class='ocrx_word' id='word_1_15' title='bbox 2014 475 2072 529; x_wconf 92' lang='lat' dir='ltr'><strong>in</strong></span> <span class='ocrx_word' id='word_1_16' title='bbox 2099 472 2333 529; x_wconf 82' lang='lat' dir='ltr'><strong>ecclesia</strong></span> <span class='ocrx_word' id='word_1_17' title='bbox 2358 471 2418 525; x_wconf 83' lang='grc' dir='ltr'>Β.</span> <span class='ocrx_word' id='word_1_18' title='bbox 2445 468 2628 524; x_wconf 67' lang='lat' dir='ltr'><strong>Mariae</strong></span> <span class='ocrx_word' id='word_1_19' title='bbox 2664 466 2735 522; x_wconf 91' lang='lat' dir='ltr'><strong>ab</strong></span> <span class='ocrx_word' id='word_1_20' title='bbox 2789 467 3080 522; x_wconf 84' lang='lat' dir='ltr'><strong>Hincmaro</strong></span> <span class='ocrx_word' id='word_1_21' title='bbox 3110 462 3404 530; x_wconf 61' lang='lat' dir='ltr'><strong>aediﬁcata,</strong></span> <span class='ocrx_word' id='word_1_22' title='bbox 3441 471 3504 520; x_wconf 91' lang='lat' dir='ltr'><strong>ut</strong></span> <span class='ocrx_word' id='word_1_23' title='bbox 3530 466 3659 537; x_wconf 86' lang='lat' dir='ltr'><strong>ipse</strong></span> 
     </span>
    </p>
   </div>
   <div class='ocr_carea' id='block_1_3' title="bbox 289 556 3660 631">
    <p class='ocr_par' dir='ltr' id='par_1_3' title="bbox 289 556 3660 631">
     <span class='ocr_line' id='line_1_3' title="bbox 289 556 3660 631; baseline -0.004 -4"><span class='ocrx_word' id='word_1_24' title='bbox 289 558 378 629; x_wconf 83' lang='lat' dir='ltr'><strong>tur</strong></span> <span class='ocrx_word' id='word_1_25' title='bbox 406 572 463 629; x_wconf 93' lang='lat' dir='ltr'><strong>in</strong></span> <span class='ocrx_word' id='word_1_26' title='bbox 490 571 688 626; x_wconf 90' lang='lat' dir='ltr'><strong>eodem</strong></span> <span class='ocrx_word' id='word_1_27' title='bbox 721 568 992 627; x_wconf 87' lang='lat' dir='ltr'><strong>Chronico</strong></span> <span class='ocrx_word' id='word_1_28' title='bbox 1043 582 1207 624; x_wconf 73' lang='lat' dir='ltr'><strong>anno.</strong></span> <span class='ocrx_word' id='word_1_29' title='bbox 1237 566 1362 631; x_wconf 69' lang='grc'>940,</span> <span class='ocrx_word' id='word_1_30' title='bbox 1404 565 1622 622; x_wconf 80' lang='lat' dir='ltr'><strong>collatis</strong></span> <span class='ocrx_word' id='word_1_31' title='bbox 1674 582 1799 622; x_wconf 91' lang='lat' dir='ltr'><strong>cum</strong></span> <span class='ocrx_word' id='word_1_32' title='bbox 1846 566 1913 622; x_wconf 92' lang='lat' dir='ltr'><strong>iis</strong></span> <span class='ocrx_word' id='word_1_33' title='bbox 2016 565 2176 621; x_wconf 89' lang='lat' dir='ltr'><strong>testis</strong></span> <span class='ocrx_word' id='word_1_34' title='bbox 2207 573 2291 619; x_wconf 91' lang='lat' dir='ltr'><strong>est</strong></span> <span class='ocrx_word' id='word_1_35' title='bbox 2320 561 2417 618; x_wconf 88' lang='lat' dir='ltr'><strong>lib.</strong></span> <span class='ocrx_word' id='word_1_36' title='bbox 2454 578 2534 626; x_wconf 79' lang='grc' dir='ltr'><strong>ιιι,</strong></span> <span class='ocrx_word' id='word_1_37' title='bbox 2588 576 2712 629; x_wconf 85' lang='lat' dir='ltr'><strong>cap.</strong></span> <span class='ocrx_word' id='word_1_38' title='bbox 2757 558 2813 615; x_wconf 89' lang='lat'><strong>6.</strong></span> <span class='ocrx_word' id='word_1_39' title='bbox 2847 557 3011 612; x_wconf 90' lang='lat' dir='ltr'><strong>Plura</strong></span> <span class='ocrx_word' id='word_1_40' title='bbox 3059 572 3188 611; x_wconf 89' lang='lat' dir='ltr'><strong>eum</strong></span> <span class='ocrx_word' id='word_1_41' title='bbox 3238 556 3529 627; x_wconf 82' lang='lat' dir='ltr'><strong>scripsisse</strong></span> <span class='ocrx_word' id='word_1_42' title='bbox 3585 558 3660 613; x_wconf 91' lang='lat' dir='ltr'><strong>de</strong></span> 
     </span>
    </p>
   </div>
   <div class='ocr_carea' id='block_1_4' title="bbox 291 647 3661 734">
    <p class='ocr_par' dir='ltr' id='par_1_4' title="bbox 291 647 3661 734">
     <span class='ocr_line' id='line_1_4' title="bbox 291 647 3661 734; baseline -0.004 -17"><span class='ocrx_word' id='word_1_43' title='bbox 291 677 416 734; x_wconf 66' lang='lat' dir='ltr'><strong>quae</strong></span> <span class='ocrx_word' id='word_1_44' title='bbox 448 659 724 717; x_wconf 82' lang='lat' dir='ltr'><strong>habentur</strong></span> <span class='ocrx_word' id='word_1_45' title='bbox 752 658 851 714; x_wconf 89' lang='lat' dir='ltr'><strong>lib.</strong></span> <span class='ocrx_word' id='word_1_46' title='bbox 888 674 941 714; x_wconf 77' lang='lat' dir='ltr'><strong>iv</strong></span> <span class='ocrx_word' id='word_1_47' title='bbox 995 656 1243 715; x_wconf 67' lang='lat' dir='ltr'><strong>Historiae</strong></span> <span class='ocrx_word' id='word_1_48' title='bbox 1292 655 1599 711; x_wconf 85' lang='lat' dir='ltr'><strong>Remensis.</strong></span> <span class='ocrx_word' id='word_1_49' title='bbox 1648 670 1771 726; x_wconf 85' lang='lat' dir='ltr'><strong>cap.</strong></span> <span class='ocrx_word' id='word_1_50' title='bbox 1819 657 1912 712; x_wconf 88' lang='lat'><strong>28.</strong></span> <span class='ocrx_word' id='word_1_51' title='bbox 2013 657 2148 712; x_wconf 87' lang='lat' dir='ltr'><strong>Vitis</strong></span> <span class='ocrx_word' id='word_1_52' title='bbox 2171 662 2487 711; x_wconf 89' lang='lat' dir='ltr'><strong>sanctorum</strong></span> <span class='ocrx_word' id='word_1_53' title='bbox 2545 651 2774 706; x_wconf 90' lang='lat' dir='ltr'><strong>metrice</strong></span> <span class='ocrx_word' id='word_1_54' title='bbox 2817 648 2971 705; x_wconf 92' lang='lat' dir='ltr'><strong>testis</strong></span> <span class='ocrx_word' id='word_1_55' title='bbox 3021 655 3107 703; x_wconf 88' lang='lat' dir='ltr'><strong>est</strong></span> <span class='ocrx_word' id='word_1_56' title='bbox 3135 647 3382 704; x_wconf 80' lang='lat' dir='ltr'><strong>Joannes</strong></span> <span class='ocrx_word' id='word_1_57' title='bbox 3427 649 3661 705; x_wconf 87' lang='lat' dir='ltr'><strong>Bunde-</strong></span> 
     </span>
    </p>
   </div>
   <div class='ocr_carea' id='block_1_5' title="bbox 295 739 3663 824">
    <p class='ocr_par' dir='ltr' id='par_1_5' title="bbox 295 739 3663 824">
     <span class='ocr_line' id='line_1_5' title="bbox 295 739 3663 824; baseline -0.004 -16"><span class='ocrx_word' id='word_1_58' title='bbox 295 753 539 824; x_wconf 88' lang='lat' dir='ltr'><strong>Utroque</strong></span> <span class='ocrx_word' id='word_1_59' title='bbox 568 752 718 808; x_wconf 90' lang='lat' dir='ltr'><strong>enim</strong></span> <span class='ocrx_word' id='word_1_60' title='bbox 746 751 870 808; x_wconf 88' lang='lat' dir='ltr'><strong>loco</strong></span> <span class='ocrx_word' id='word_1_61' title='bbox 894 750 1148 806; x_wconf 84' lang='lat' dir='ltr'><strong>eamdem</strong></span> <span class='ocrx_word' id='word_1_62' title='bbox 1206 764 1321 805; x_wconf 88' lang='lat' dir='ltr'><strong>rem</strong></span> <span class='ocrx_word' id='word_1_63' title='bbox 1359 756 1570 824; x_wconf 81' lang='lat' dir='ltr'><strong>gestam</strong></span> <span class='ocrx_word' id='word_1_64' title='bbox 1604 756 1787 804; x_wconf 87' lang='lat' dir='ltr'><strong>narrat</strong></span> <span class='ocrx_word' id='word_1_65' title='bbox 1815 765 1914 804; x_wconf 86' lang='lat' dir='ltr'><strong>au-</strong></span> <span class='ocrx_word' id='word_1_66' title='bbox 2016 749 2132 804; x_wconf 86' lang='lat' dir='ltr'><strong>rius</strong></span> <span class='ocrx_word' id='word_1_67' title='bbox 2156 745 2533 803; x_wconf 84' lang='lat' dir='ltr'><strong>Gandavensis</strong></span> <span class='ocrx_word' id='word_1_68' title='bbox 2561 741 2775 799; x_wconf 84' lang='lat' dir='ltr'><strong>ordinis</strong></span> <span class='ocrx_word' id='word_1_69' title='bbox 2803 740 3257 803; x_wconf 69' lang='lat' dir='ltr'><strong>Prmdicatorum,</strong></span> <span class='ocrx_word' id='word_1_70' title='bbox 3302 740 3398 811; x_wconf 88' lang='lat' dir='ltr'><strong>qui</strong></span> <span class='ocrx_word' id='word_1_71' title='bbox 3433 739 3663 797; x_wconf 85' lang='lat' dir='ltr'><strong>vivebat</strong></span> 
     </span>
    </p>
   </div>
   <div class='ocr_carea' id='block_1_6' title="bbox 293 828 3655 914">
    <p class='ocr_par' dir='ltr' id='par_1_6' title="bbox 293 828 3655 914">
     <span class='ocr_line' id='line_1_6' title="bbox 293 828 3655 914; baseline -0.004 -16"><span class='ocrx_word' id='word_1_72' title='bbox 293 851 413 899; x_wconf 92' lang='lat' dir='ltr'><strong>ctor</strong></span> <span class='ocrx_word' id='word_1_73' title='bbox 430 842 500 896; x_wconf 91' lang='lat' dir='ltr'><strong>de</strong></span> <span class='ocrx_word' id='word_1_74' title='bbox 543 839 749 914; x_wconf 82' lang='lat' dir='ltr'><strong>seipso,</strong></span> <span class='ocrx_word' id='word_1_75' title='bbox 798 839 1058 895; x_wconf 87' lang='lat' dir='ltr'><strong>videlicet</strong></span> <span class='ocrx_word' id='word_1_76' title='bbox 1096 839 1167 896; x_wconf 90' lang='lat' dir='ltr'><strong>de</strong></span> <span class='ocrx_word' id='word_1_77' title='bbox 1204 854 1307 894; x_wconf 88' lang='lat' dir='ltr'><strong>sua</strong></span> <span class='ocrx_word' id='word_1_78' title='bbox 1361 838 1685 895; x_wconf 89' lang='lat' dir='ltr'><strong>detentione</strong></span> <span class='ocrx_word' id='word_1_79' title='bbox 1714 838 1769 893; x_wconf 92' lang='lat' dir='ltr'><strong>in</strong></span> <span class='ocrx_word' id='word_1_80' title='bbox 1818 854 1919 894; x_wconf 88' lang='lat' dir='ltr'><strong>cu-</strong></span> <span class='ocrx_word' id='word_1_81' title='bbox 2017 853 2147 893; x_wconf 88' lang='lat' dir='ltr'><strong>ann.</strong></span> <span class='ocrx_word' id='word_1_82' title='bbox 2180 834 2322 892; x_wconf 82' lang='grc'><strong>1550</strong></span> <span class='ocrx_word' id='word_1_83' title='bbox 2353 835 2409 889; x_wconf 91' lang='lat' dir='ltr'><strong>in</strong></span> <span class='ocrx_word' id='word_1_84' title='bbox 2440 832 2626 888; x_wconf 91' lang='lat' dir='ltr'><strong>indice</strong></span> <span class='ocrx_word' id='word_1_85' title='bbox 2645 847 2777 886; x_wconf 86' lang='lat' dir='ltr'><strong>mss.</strong></span> <span class='ocrx_word' id='word_1_86' title='bbox 2811 828 3067 886; x_wconf 89' lang='lat' dir='ltr'><strong>codicum</strong></span> <span class='ocrx_word' id='word_1_87' title='bbox 3111 829 3167 884; x_wconf 92' lang='lat' dir='ltr'><strong>in</strong></span> <span class='ocrx_word' id='word_1_88' title='bbox 3197 829 3387 902; x_wconf 79' lang='lat' dir='ltr'><strong>Belgio</strong></span> <span class='ocrx_word' id='word_1_89' title='bbox 3418 837 3655 885; x_wconf 85' lang='lat' dir='ltr'><strong>exstan-</strong></span> 
     </span>
    </p>
   </div>
   <div class='ocr_carea' id='block_1_7' title="bbox 296 919 3658 993">
    <p class='ocr_par' dir='ltr' id='par_1_7' title="bbox 296 919 3658 993">
     <span class='ocr_line' id='line_1_7' title="bbox 296 919 3658 993; baseline -0.002 -8"><span class='ocrx_word' id='word_1_90' title='bbox 296 930 476 987; x_wconf 84' lang='lat' dir='ltr'><strong>stodia</strong></span> <span class='ocrx_word' id='word_1_91' title='bbox 521 930 591 984; x_wconf 88' lang='lat' dir='ltr'><strong>ab</strong></span> <span class='ocrx_word' id='word_1_92' title='bbox 641 927 928 984; x_wconf 82' lang='lat' dir='ltr'><strong>Heriberto</strong></span> <span class='ocrx_word' id='word_1_93' title='bbox 983 927 1185 983; x_wconf 87' lang='lat' dir='ltr'><strong>comite</strong></span> <span class='ocrx_word' id='word_1_94' title='bbox 1241 935 1299 984; x_wconf 90' lang='lat' dir='ltr'><strong>et</strong></span> <span class='ocrx_word' id='word_1_95' title='bbox 1347 927 1629 984; x_wconf 90' lang='lat' dir='ltr'><strong>ablatione</strong></span> <span class='ocrx_word' id='word_1_96' title='bbox 1660 926 1918 982; x_wconf 76' lang='lat' dir='ltr'><strong>Ecclesiae</strong></span> <span class='ocrx_word' id='word_1_97' title='bbox 2020 930 2156 985; x_wconf 91' lang='lat' dir='ltr'><strong>tium</strong></span> <span class='ocrx_word' id='word_1_98' title='bbox 2188 925 2510 982; x_wconf 90' lang='lat' dir='ltr'><strong>hisverbis:</strong></span> <span class='ocrx_word' id='word_1_99' title='bbox 2550 945 2573 974; x_wconf 73' lang='grc' dir='ltr'>ι</span> <span class='ocrx_word' id='word_1_100' title='bbox 2608 922 2951 979; x_wconf 86' lang='lat' dir='ltr'><strong>Flodoardus</strong></span> <span class='ocrx_word' id='word_1_101' title='bbox 2996 921 3287 993; x_wconf 84' lang='lat' dir='ltr'><strong>presbyter</strong></span> <span class='ocrx_word' id='word_1_102' title='bbox 3317 919 3539 991; x_wconf 83' lang='lat' dir='ltr'><strong>scripsit</strong></span> <span class='ocrx_word' id='word_1_103' title='bbox 3583 922 3658 977; x_wconf 92' lang='lat' dir='ltr'><strong>de</strong></span> 
     </span>
    </p>
   </div>
   <div class='ocr_carea' id='block_1_8' title="bbox 297 1008 3662 1095">
    <p class='ocr_par' dir='ltr' id='par_1_8' title="bbox 297 1008 3662 1095">
     <span class='ocr_line' id='line_1_8' title="bbox 297 1008 3662 1095; baseline -0.004 -17"><span class='ocrx_word' id='word_1_104' title='bbox 297 1039 463 1095; x_wconf 80' lang='lat' dir='ltr'><strong>quam</strong></span> <span class='ocrx_word' id='word_1_105' title='bbox 482 1020 713 1094; x_wconf 85' lang='lat' dir='ltr'><strong>regebat</strong></span> <span class='ocrx_word' id='word_1_106' title='bbox 746 1019 804 1075; x_wconf 90' lang='lat' dir='ltr'><strong>in</strong></span> <span class='ocrx_word' id='word_1_107' title='bbox 862 1018 1240 1075; x_wconf 80' lang='lat' dir='ltr'><strong>Colmisciaco.</strong></span> <span class='ocrx_word' id='word_1_108' title='bbox 1286 1020 1479 1092; x_wconf 83' lang='lat' dir='ltr'><strong>Neque</strong></span> <span class='ocrx_word' id='word_1_109' title='bbox 1534 1036 1667 1076; x_wconf 90' lang='lat' dir='ltr'><strong>sane</strong></span> <span class='ocrx_word' id='word_1_110' title='bbox 1717 1020 1771 1075; x_wconf 88' lang='lat' dir='ltr'><strong>id</strong></span> <span class='ocrx_word' id='word_1_111' title='bbox 1830 1017 1922 1073; x_wconf 82' lang='lat' dir='ltr'><strong>Pi-</strong></span> <span class='ocrx_word' id='word_1_112' title='bbox 2018 1010 2318 1087; x_wconf 76' lang='lat' dir='ltr'><strong>triumphis</strong></span> <span class='ocrx_word' id='word_1_113' title='bbox 2348 1012 2551 1069; x_wconf 90' lang='lat' dir='ltr'><strong>Italicis</strong></span> <span class='ocrx_word' id='word_1_114' title='bbox 2578 1019 2881 1083; x_wconf 83' lang='lat' dir='ltr'><strong>martyrum</strong></span> <span class='ocrx_word' id='word_1_115' title='bbox 2909 1017 2965 1066; x_wconf 93' lang='lat' dir='ltr'><strong>et</strong></span> <span class='ocrx_word' id='word_1_116' title='bbox 2994 1008 3375 1066; x_wconf 80' lang='lat' dir='ltr'><strong>confessorum</strong></span> <span class='ocrx_word' id='word_1_117' title='bbox 3424 1011 3662 1065; x_wconf 90' lang='lat' dir='ltr'><strong>metrice</strong></span> 
     </span>
    </p>
   </div>
   <div class='ocr_carea' id='block_1_9' title="bbox 299 1107 1923 1180">
    <p class='ocr_par' dir='ltr' id='par_1_9' title="bbox 299 1107 1923 1180">
     <span class='ocr_line' id='line_1_9' title="bbox 299 1107 1923 1180; baseline -0.001 -13"><span class='ocrx_word' id='word_1_118' title='bbox 299 1112 485 1169; x_wconf 73' lang='lat' dir='ltr'><strong>thueus</strong></span> <span class='ocrx_word' id='word_1_119' title='bbox 514 1124 761 1180; x_wconf 90' lang='lat' dir='ltr'><strong>unquam</strong></span> <span class='ocrx_word' id='word_1_120' title='bbox 812 1107 1146 1178; x_wconf 87' lang='lat' dir='ltr'><strong>scripsisset,</strong></span> <span class='ocrx_word' id='word_1_121' title='bbox 1194 1107 1243 1163; x_wconf 88' lang='lat' dir='ltr'><strong>si</strong></span> <span class='ocrx_word' id='word_1_122' title='bbox 1299 1109 1441 1164; x_wconf 86' lang='lat' dir='ltr'><strong>hanc</strong></span> <span class='ocrx_word' id='word_1_123' title='bbox 1497 1110 1701 1180; x_wconf 88' lang='lat' dir='ltr'><strong>pariter</strong></span> <span class='ocrx_word' id='word_1_124' title='bbox 1748 1108 1923 1165; x_wconf 87' lang='lat' dir='ltr'><strong>histo-</strong></span> 
     </span>
    </p>
   </div>
   <div class='ocr_carea' id='block_1_10' title="bbox 301 1196 1926 1274">
    <p class='ocr_par' dir='ltr' id='par_1_10' title="bbox 301 1196 1926 1274">
     <span class='ocr_line' id='line_1_10' title="bbox 301 1196 1926 1274; baseline -0.001 -20"><span class='ocrx_word' id='word_1_125' title='bbox 301 1199 437 1255; x_wconf 88' lang='lat' dir='ltr'><strong>riam</strong></span> <span class='ocrx_word' id='word_1_126' title='bbox 476 1198 724 1274; x_wconf 84' lang='lat' dir='ltr'><strong>legisset,</strong></span> <span class='ocrx_word' id='word_1_127' title='bbox 782 1212 907 1268; x_wconf 66' lang='lat' dir='ltr'><strong>quae</strong></span> <span class='ocrx_word' id='word_1_128' title='bbox 955 1212 1068 1251; x_wconf 91' lang='lat' dir='ltr'><strong>non</strong></span> <span class='ocrx_word' id='word_1_129' title='bbox 1132 1213 1164 1250; x_wconf 93' lang='lat' dir='ltr'><strong>a</strong></span> <span class='ocrx_word' id='word_1_130' title='bbox 1222 1197 1281 1252; x_wconf 86' lang='grc' dir='ltr'>Β.</span> <span class='ocrx_word' id='word_1_131' title='bbox 1342 1196 1615 1270; x_wconf 81' lang='lat' dir='ltr'><strong>Remigio,</strong></span> <span class='ocrx_word' id='word_1_132' title='bbox 1667 1198 1765 1269; x_wconf 86' lang='lat' dir='ltr'><strong>qui</strong></span> <span class='ocrx_word' id='word_1_133' title='bbox 1820 1197 1926 1253; x_wconf 87' lang='lat' dir='ltr'><strong>fuit</strong></span> 
     </span>
    </p>
   </div>
   <div class='ocr_carea' id='block_1_11' title="bbox 301 1283 1924 1358">
    <p class='ocr_par' dir='ltr' id='par_1_11' title="bbox 301 1283 1924 1358">
     <span class='ocr_line' id='line_1_11' title="bbox 301 1283 1924 1358; baseline 0 -16"><span class='ocrx_word' id='word_1_134' title='bbox 301 1286 554 1343; x_wconf 90' lang='lat' dir='ltr'><strong>decimus</strong></span> <span class='ocrx_word' id='word_1_135' title='bbox 570 1284 800 1358; x_wconf 89' lang='lat' dir='ltr'><strong>quintus</strong></span> <span class='ocrx_word' id='word_1_136' title='bbox 824 1283 1116 1339; x_wconf 86' lang='lat' dir='ltr'><strong>llemensis</strong></span> <span class='ocrx_word' id='word_1_137' title='bbox 1140 1284 1291 1343; x_wconf 90' lang='lat' dir='ltr'><strong>sedis</strong></span> <span class='ocrx_word' id='word_1_138' title='bbox 1318 1287 1793 1358; x_wconf 86' lang='lat' dir='ltr'><strong>archiepiscOpus,</strong></span> <span class='ocrx_word' id='word_1_139' title='bbox 1823 1287 1924 1342; x_wconf 89' lang='lat' dir='ltr'><strong>sed</strong></span> 
     </span>
    </p>
   </div>
   <div class='ocr_carea' id='block_1_12' title="bbox 304 1372 1926 1448">
    <p class='ocr_par' dir='ltr' id='par_1_12' title="bbox 304 1372 1926 1448">
     <span class='ocr_line' id='line_1_12' title="bbox 304 1372 1926 1448; baseline -0.001 -16"><span class='ocrx_word' id='word_1_140' title='bbox 304 1393 337 1432; x_wconf 89' lang='lat' dir='ltr'><strong>a</strong></span> <span class='ocrx_word' id='word_1_141' title='bbox 373 1376 429 1431; x_wconf 85' lang='grc' dir='ltr'>Β.</span> <span class='ocrx_word' id='word_1_142' title='bbox 468 1375 639 1438; x_wconf 83' lang='lat' dir='ltr'><strong>Sixto,</strong></span> <span class='ocrx_word' id='word_1_143' title='bbox 664 1373 847 1445; x_wconf 84' lang='lat' dir='ltr'><strong>primo</strong></span> <span class='ocrx_word' id='word_1_144' title='bbox 876 1372 1127 1442; x_wconf 89' lang='lat' dir='ltr'><strong>ejusdem</strong></span> <span class='ocrx_word' id='word_1_145' title='bbox 1147 1375 1299 1432; x_wconf 88' lang='lat' dir='ltr'><strong>sedis</strong></span> <span class='ocrx_word' id='word_1_146' title='bbox 1316 1376 1600 1448; x_wconf 84' lang='lat' dir='ltr'><strong>episcOpo,</strong></span> <span class='ocrx_word' id='word_1_147' title='bbox 1622 1376 1926 1448; x_wconf 84' lang='lat' dir='ltr'><strong>primisque</strong></span> 
     </span>
    </p>
   </div>
   <div class='ocr_carea' id='block_1_13' title="bbox 306 1461 1928 1539">
    <p class='ocr_par' dir='ltr' id='par_1_13' title="bbox 306 1461 1928 1539">
     <span class='ocr_line' id='line_1_13' title="bbox 306 1461 1928 1539; baseline 0 -18"><span class='ocrx_word' id='word_1_148' title='bbox 306 1464 438 1522; x_wconf 84' lang='lat' dir='ltr'><strong>ﬁdei</strong></span> <span class='ocrx_word' id='word_1_149' title='bbox 466 1463 723 1521; x_wconf 86' lang='lat' dir='ltr'><strong>Patribus</strong></span> <span class='ocrx_word' id='word_1_150' title='bbox 748 1470 806 1518; x_wconf 93' lang='lat' dir='ltr'><strong>et</strong></span> <span class='ocrx_word' id='word_1_151' title='bbox 833 1461 1222 1520; x_wconf 85' lang='lat' dir='ltr'><strong>fundatoribus</strong></span> <span class='ocrx_word' id='word_1_152' title='bbox 1258 1466 1563 1523; x_wconf 85' lang='lat' dir='ltr'><strong>exorditur.</strong></span> <span class='ocrx_word' id='word_1_153' title='bbox 1587 1468 1928 1539; x_wconf 83' lang='lat' dir='ltr'><strong>Tantumque</strong></span> 
     </span>
    </p>
   </div>
   <div class='ocr_carea' id='block_1_14' title="bbox 306 1552 1933 1626">
    <p class='ocr_par' dir='ltr' id='par_1_14' title="bbox 306 1552 1933 1626">
     <span class='ocr_line' id='line_1_14' title="bbox 306 1552 1933 1626; baseline -0.001 -14"><span class='ocrx_word' id='word_1_154' title='bbox 306 1554 488 1623; x_wconf 87' lang='lat' dir='ltr'><strong>abest,</strong></span> <span class='ocrx_word' id='word_1_155' title='bbox 502 1563 563 1610; x_wconf 87' lang='lat' dir='ltr'><strong>ut</strong></span> <span class='ocrx_word' id='word_1_156' title='bbox 575 1552 751 1624; x_wconf 86' lang='lat' dir='ltr'><strong>stylus</strong></span> <span class='ocrx_word' id='word_1_157' title='bbox 768 1552 840 1608; x_wconf 90' lang='lat' dir='ltr'><strong>sit</strong></span> <span class='ocrx_word' id='word_1_158' title='bbox 857 1552 1129 1620; x_wconf 87' lang='lat' dir='ltr'><strong>diversus,</strong></span> <span class='ocrx_word' id='word_1_159' title='bbox 1142 1555 1295 1626; x_wconf 93' lang='lat' dir='ltr'><strong>quod</strong></span> <span class='ocrx_word' id='word_1_160' title='bbox 1320 1557 1488 1613; x_wconf 89' lang='lat' dir='ltr'><strong>etiam</strong></span> <span class='ocrx_word' id='word_1_161' title='bbox 1519 1557 1615 1613; x_wconf 91' lang='lat' dir='ltr'><strong>ubi</strong></span> <span class='ocrx_word' id='word_1_162' title='bbox 1633 1574 1720 1614; x_wconf 90' lang='lat' dir='ltr'><strong>res</strong></span> <span class='ocrx_word' id='word_1_163' title='bbox 1737 1557 1933 1613; x_wconf 88' lang='lat' dir='ltr'><strong>eadem</strong></span> 
     </span>
    </p>
   </div>
   <div class='ocr_carea' id='block_1_15' title="bbox 309 1643 1940 1715">
    <p class='ocr_par' dir='ltr' id='par_1_15' title="bbox 309 1643 1940 1715">
     <span class='ocr_line' id='line_1_15' title="bbox 309 1643 1940 1715; baseline 0.001 -12"><span class='ocrx_word' id='word_1_164' title='bbox 309 1646 567 1712; x_wconf 83' lang='lat' dir='ltr'><strong>refertur,</strong></span> <span class='ocrx_word' id='word_1_165' title='bbox 627 1643 824 1699; x_wconf 89' lang='lat' dir='ltr'><strong>iisdem</strong></span> <span class='ocrx_word' id='word_1_166' title='bbox 888 1658 1035 1715; x_wconf 89' lang='lat' dir='ltr'><strong>pene</strong></span> <span class='ocrx_word' id='word_1_167' title='bbox 1080 1645 1265 1702; x_wconf 87' lang='lat' dir='ltr'><strong>verbis</strong></span> <span class='ocrx_word' id='word_1_168' title='bbox 1324 1656 1528 1705; x_wconf 89' lang='lat' dir='ltr'><strong>utatur.</strong></span> <span class='ocrx_word' id='word_1_169' title='bbox 1574 1650 1940 1707; x_wconf 86' lang='lat' dir='ltr'><strong>Conferantur</strong></span> 
     </span>
    </p>
   </div>
   <div class='ocr_carea' id='block_1_16' title="bbox 313 1738 1934 1817">
    <p class='ocr_par' dir='ltr' id='par_1_16' title="bbox 313 1738 1934 1817">
     <span class='ocr_line' id='line_1_16' title="bbox 313 1738 1934 1817; baseline 0.003 -22"><span class='ocrx_word' id='word_1_170' title='bbox 313 1756 439 1795; x_wconf 91' lang='lat' dir='ltr'><strong>cum</strong></span> <span class='ocrx_word' id='word_1_171' title='bbox 470 1739 577 1796; x_wconf 88' lang='lat' dir='ltr'><strong>hoc</strong></span> <span class='ocrx_word' id='word_1_172' title='bbox 606 1738 879 1796; x_wconf 87' lang='lat' dir='ltr'><strong>Chronico</strong></span> <span class='ocrx_word' id='word_1_173' title='bbox 910 1757 977 1797; x_wconf 91' lang='lat' dir='ltr'><strong>ea</strong></span> <span class='ocrx_word' id='word_1_174' title='bbox 1005 1760 1131 1816; x_wconf 64' lang='lat' dir='ltr'><strong>qua)</strong></span> <span class='ocrx_word' id='word_1_175' title='bbox 1160 1743 1435 1800; x_wconf 84' lang='lat' dir='ltr'><strong>habentur</strong></span> <span class='ocrx_word' id='word_1_176' title='bbox 1467 1746 1563 1801; x_wconf 91' lang='lat' dir='ltr'><strong>lib.</strong></span> <span class='ocrx_word' id='word_1_177' title='bbox 1594 1762 1667 1807; x_wconf 82' lang='lat' dir='ltr'><strong>IV,</strong></span> <span class='ocrx_word' id='word_1_178' title='bbox 1698 1761 1821 1817; x_wconf 85' lang='lat' dir='ltr'><strong>cap.</strong></span> <span class='ocrx_word' id='word_1_179' title='bbox 1851 1746 1934 1811; x_wconf 75' lang='grc'><strong>15,</strong></span> 
     </span>
    </p>
   </div>
   <div class='ocr_carea' id='block_1_17' title="bbox 315 1828 1939 1906">
    <p class='ocr_par' dir='ltr' id='par_1_17' title="bbox 315 1828 1939 1906">
     <span class='ocr_line' id='line_1_17' title="bbox 315 1828 1939 1906; baseline 0.002 -21"><span class='ocrx_word' id='word_1_180' title='bbox 315 1846 493 1903; x_wconf 89' lang='lat' dir='ltr'><strong>usque</strong></span> <span class='ocrx_word' id='word_1_181' title='bbox 520 1828 591 1886; x_wconf 90' lang='lat' dir='ltr'><strong>ad</strong></span> <span class='ocrx_word' id='word_1_182' title='bbox 620 1830 706 1887; x_wconf 76' lang='lat'><strong>35.</strong></span> <span class='ocrx_word' id='word_1_183' title='bbox 744 1831 933 1887; x_wconf 89' lang='lat' dir='ltr'><strong>Utrum</strong></span> <span class='ocrx_word' id='word_1_184' title='bbox 981 1847 1115 1889; x_wconf 88' lang='lat' dir='ltr'><strong>vero</strong></span> <span class='ocrx_word' id='word_1_185' title='bbox 1146 1834 1301 1905; x_wconf 90' lang='lat' dir='ltr'><strong>prius</strong></span> <span class='ocrx_word' id='word_1_186' title='bbox 1340 1834 1411 1889; x_wconf 91' lang='lat' dir='ltr'><strong>ab</strong></span> <span class='ocrx_word' id='word_1_187' title='bbox 1456 1851 1525 1891; x_wconf 90' lang='lat' dir='ltr'><strong>eo</strong></span> <span class='ocrx_word' id='word_1_188' title='bbox 1577 1834 1845 1906; x_wconf 87' lang='lat' dir='ltr'><strong>scriptum</strong></span> <span class='ocrx_word' id='word_1_189' title='bbox 1867 1834 1939 1889; x_wconf 89' lang='lat' dir='ltr'><strong>sit</strong></span> 
     </span>
    </p>
   </div>
   <div class='ocr_carea' id='block_1_18' title="bbox 317 1896 2016 1999">
    <p class='ocr_par' dir='ltr' id='par_1_18' title="bbox 317 1896 2016 1999">
     <span class='ocr_line' id='line_1_18' title="bbox 317 1896 2016 1999; baseline 0.002 -18"><span class='ocrx_word' id='word_1_190' title='bbox 317 1940 430 1981; x_wconf 92' lang='lat' dir='ltr'><strong>non</strong></span> <span class='ocrx_word' id='word_1_191' title='bbox 449 1933 603 1981; x_wconf 90' lang='lat' dir='ltr'><strong>certo</strong></span> <span class='ocrx_word' id='word_1_192' title='bbox 646 1934 879 1982; x_wconf 88' lang='lat' dir='ltr'><strong>constat.</strong></span> <span class='ocrx_word' id='word_1_193' title='bbox 909 1896 1219 1983; x_wconf 77' lang='lat' dir='ltr'><strong>Chronicon</strong></span> <span class='ocrx_word' id='word_1_194' title='bbox 1250 1944 1317 1982; x_wconf 79' lang='lat' dir='ltr'><strong>ex</strong></span> <span class='ocrx_word' id='word_1_195' title='bbox 1361 1944 1429 1984; x_wconf 90' lang='lat' dir='ltr'><strong>eo</strong></span> <span class='ocrx_word' id='word_1_196' title='bbox 1490 1896 1709 1983; x_wconf 74' lang='lat' dir='ltr'><strong>videtur</strong></span> <span class='ocrx_word' id='word_1_197' title='bbox 1752 1896 2016 1999; x_wconf 86' lang='lat' dir='ltr'><strong>poste-B</strong></span> 
     </span>
    </p>
   </div>
   <div class='ocr_carea' id='block_1_19' title="bbox 319 2018 1943 2091">
    <p class='ocr_par' dir='ltr' id='par_1_19' title="bbox 319 2018 1943 2091">
     <span class='ocr_line' id='line_1_19' title="bbox 319 2018 1943 2091; baseline 0.002 -19"><span class='ocrx_word' id='word_1_198' title='bbox 319 2019 455 2084; x_wconf 91' lang='lat' dir='ltr'><strong>rius,</strong></span> <span class='ocrx_word' id='word_1_199' title='bbox 486 2018 618 2091; x_wconf 89' lang='lat' dir='ltr'><strong>quia</strong></span> <span class='ocrx_word' id='word_1_200' title='bbox 647 2020 765 2076; x_wconf 67' lang='lat' dir='ltr'><strong>haec</strong></span> <span class='ocrx_word' id='word_1_201' title='bbox 789 2019 1017 2075; x_wconf 89' lang='lat' dir='ltr'><strong>historia</strong></span> <span class='ocrx_word' id='word_1_202' title='bbox 1046 2020 1251 2075; x_wconf 90' lang='lat' dir='ltr'><strong>desinit</strong></span> <span class='ocrx_word' id='word_1_203' title='bbox 1296 2020 1355 2074; x_wconf 91' lang='lat' dir='ltr'><strong>in</strong></span> <span class='ocrx_word' id='word_1_204' title='bbox 1382 2022 1519 2076; x_wconf 87' lang='lat' dir='ltr'><strong>actis</strong></span> <span class='ocrx_word' id='word_1_205' title='bbox 1549 2019 1780 2088; x_wconf 84' lang='lat' dir='ltr'><strong>Artoldi,</strong></span> <span class='ocrx_word' id='word_1_206' title='bbox 1813 2035 1943 2091; x_wconf 88' lang='lat' dir='ltr'><strong>per-</strong></span> 
     </span>
    </p>
   </div>
   <div class='ocr_carea' id='block_1_20' title="bbox 321 2112 1943 2185">
    <p class='ocr_par' dir='ltr' id='par_1_20' title="bbox 321 2112 1943 2185">
     <span class='ocr_line' id='line_1_20' title="bbox 321 2112 1943 2185; baseline 0.001 -18"><span class='ocrx_word' id='word_1_207' title='bbox 321 2112 544 2185; x_wconf 83' lang='lat' dir='ltr'><strong>tingens</strong></span> <span class='ocrx_word' id='word_1_208' title='bbox 561 2113 631 2168; x_wconf 91' lang='lat' dir='ltr'><strong>ad</strong></span> <span class='ocrx_word' id='word_1_209' title='bbox 659 2129 868 2170; x_wconf 91' lang='lat' dir='ltr'><strong>annum</strong></span> <span class='ocrx_word' id='word_1_210' title='bbox 888 2130 1067 2185; x_wconf 91' lang='lat' dir='ltr'><strong>usque</strong></span> <span class='ocrx_word' id='word_1_211' title='bbox 1088 2114 1194 2167; x_wconf 60' lang='lat'><strong>9&amp;8</strong></span> <span class='ocrx_word' id='word_1_212' title='bbox 1212 2114 1525 2170; x_wconf 90' lang='lat' dir='ltr'><strong>Chronicon</strong></span> <span class='ocrx_word' id='word_1_213' title='bbox 1554 2113 1788 2169; x_wconf 88' lang='lat' dir='ltr'><strong>ulterius</strong></span> <span class='ocrx_word' id='word_1_214' title='bbox 1814 2128 1943 2183; x_wconf 86' lang='lat' dir='ltr'><strong>pro-</strong></span> 
     </span>
    </p>
   </div>
   <div class='ocr_carea' id='block_1_21' title="bbox 322 2201 1949 2275">
    <p class='ocr_par' dir='ltr' id='par_1_21' title="bbox 322 2201 1949 2275">
     <span class='ocr_line' id='line_1_21' title="bbox 322 2201 1949 2275; baseline -0.001 -18"><span class='ocrx_word' id='word_1_215' title='bbox 322 2202 540 2275; x_wconf 86' lang='lat' dir='ltr'><strong>geditur</strong></span> <span class='ocrx_word' id='word_1_216' title='bbox 576 2218 755 2273; x_wconf 90' lang='lat' dir='ltr'><strong>usque</strong></span> <span class='ocrx_word' id='word_1_217' title='bbox 775 2201 843 2257; x_wconf 90' lang='lat' dir='ltr'><strong>ad</strong></span> <span class='ocrx_word' id='word_1_218' title='bbox 896 2203 1022 2260; x_wconf 88' lang='lat'><strong>966.</strong></span> <span class='ocrx_word' id='word_1_219' title='bbox 1064 2203 1220 2268; x_wconf 88' lang='lat' dir='ltr'><strong>Quod</strong></span> <span class='ocrx_word' id='word_1_220' title='bbox 1268 2203 1346 2258; x_wconf 87' lang='lat' dir='ltr'><strong>ait</strong></span> <span class='ocrx_word' id='word_1_221' title='bbox 1369 2202 1723 2269; x_wconf 89' lang='lat' dir='ltr'><strong>Trithemius,</strong></span> <span class='ocrx_word' id='word_1_222' title='bbox 1748 2210 1949 2274; x_wconf 69' lang='lat' dir='ltr'><strong>praeter</strong></span> 
     </span>
    </p>
   </div>
   <div class='ocr_carea' id='block_1_22' title="bbox 324 2294 1948 2370">
    <p class='ocr_par' dir='ltr' id='par_1_22' title="bbox 324 2294 1948 2370">
     <span class='ocr_line' id='line_1_22' title="bbox 324 2294 1948 2370; baseline 0 -20"><span class='ocrx_word' id='word_1_223' title='bbox 324 2302 481 2370; x_wconf 85' lang='lat' dir='ltr'><strong>gesta</strong></span> <span class='ocrx_word' id='word_1_224' title='bbox 524 2294 878 2352; x_wconf 79' lang='lat' dir='ltr'><strong>Remensium</strong></span> <span class='ocrx_word' id='word_1_225' title='bbox 939 2296 1284 2366; x_wconf 81' lang='lat' dir='ltr'><strong>pontificum,</strong></span> <span class='ocrx_word' id='word_1_226' title='bbox 1343 2312 1471 2353; x_wconf 89' lang='lat' dir='ltr'><strong>eum</strong></span> <span class='ocrx_word' id='word_1_227' title='bbox 1523 2296 1670 2352; x_wconf 83' lang='lat' dir='ltr'><strong>Vitas</strong></span> <span class='ocrx_word' id='word_1_228' title='bbox 1726 2310 1948 2367; x_wconf 92' lang='lat' dir='ltr'><strong>quoque</strong></span> 
     </span>
    </p>
   </div>
   <div class='ocr_carea' id='block_1_23' title="bbox 328 2387 1950 2460">
    <p class='ocr_par' dir='ltr' id='par_1_23' title="bbox 328 2387 1950 2460">
     <span class='ocr_line' id='line_1_23' title="bbox 328 2387 1950 2460; baseline 0.001 -19"><span class='ocrx_word' id='word_1_229' title='bbox 328 2387 624 2442; x_wconf 89' lang='lat' dir='ltr'><strong>multorum</strong></span> <span class='ocrx_word' id='word_1_230' title='bbox 653 2396 971 2445; x_wconf 88' lang='lat' dir='ltr'><strong>sanctorum</strong></span> <span class='ocrx_word' id='word_1_231' title='bbox 1001 2388 1144 2445; x_wconf 91' lang='lat' dir='ltr'><strong>libro</strong></span> <span class='ocrx_word' id='word_1_232' title='bbox 1191 2405 1302 2446; x_wconf 88' lang='lat' dir='ltr'><strong>uno</strong></span> <span class='ocrx_word' id='word_1_233' title='bbox 1324 2390 1633 2460; x_wconf 87' lang='lat' dir='ltr'><strong>scripsisse,</strong></span> <span class='ocrx_word' id='word_1_234' title='bbox 1675 2405 1802 2444; x_wconf 87' lang='lat' dir='ltr'><strong>cum</strong></span> <span class='ocrx_word' id='word_1_235' title='bbox 1827 2388 1950 2457; x_wconf 88' lang='lat' dir='ltr'><strong>ejus</strong></span> 
     </span>
    </p>
   </div>
   <div class='ocr_carea' id='block_1_24' title="bbox 328 2476 1952 2549">
    <p class='ocr_par' dir='ltr' id='par_1_24' title="bbox 328 2476 1952 2549">
     <span class='ocr_line' id='line_1_24' title="bbox 328 2476 1952 2549; baseline 0.001 -18"><span class='ocrx_word' id='word_1_236' title='bbox 328 2476 517 2547; x_wconf 88' lang='lat' dir='ltr'><strong>operis</strong></span> <span class='ocrx_word' id='word_1_237' title='bbox 544 2493 816 2549; x_wconf 86' lang='lat' dir='ltr'><strong>nusquam</strong></span> <span class='ocrx_word' id='word_1_238' title='bbox 846 2478 1180 2540; x_wconf 85' lang='lat' dir='ltr'><strong>meminerit.</strong></span> <span class='ocrx_word' id='word_1_239' title='bbox 1202 2479 1342 2535; x_wconf 85' lang='lat' dir='ltr'><strong>forte</strong></span> <span class='ocrx_word' id='word_1_240' title='bbox 1374 2493 1487 2535; x_wconf 86' lang='lat' dir='ltr'><strong>non</strong></span> <span class='ocrx_word' id='word_1_241' title='bbox 1508 2478 1681 2545; x_wconf 91' lang='lat' dir='ltr'><strong>aliud,</strong></span> <span class='ocrx_word' id='word_1_242' title='bbox 1714 2477 1814 2534; x_wconf 93' lang='lat' dir='ltr'><strong>sed</strong></span> <span class='ocrx_word' id='word_1_243' title='bbox 1847 2478 1952 2533; x_wconf 90' lang='lat' dir='ltr'><strong>hoc</strong></span> 
     </span>
    </p>
   </div>
   <div class='ocr_carea' id='block_1_25' title="bbox 332 2566 1952 2645">
    <p class='ocr_par' dir='ltr' id='par_1_25' title="bbox 332 2566 1952 2645">
     <span class='ocr_line' id='line_1_25' title="bbox 332 2566 1952 2645; baseline 0.001 -23"><span class='ocrx_word' id='word_1_244' title='bbox 332 2566 514 2638; x_wconf 89' lang='lat' dir='ltr'><strong>ipsum</strong></span> <span class='ocrx_word' id='word_1_245' title='bbox 545 2576 647 2636; x_wconf 89' lang='lat' dir='ltr'><strong>est,</strong></span> <span class='ocrx_word' id='word_1_246' title='bbox 676 2576 737 2624; x_wconf 94' lang='lat' dir='ltr'><strong>ut</strong></span> <span class='ocrx_word' id='word_1_247' title='bbox 775 2568 1098 2645; x_wconf 88' lang='lat' dir='ltr'><strong>Sigebertus</strong></span> <span class='ocrx_word' id='word_1_248' title='bbox 1147 2570 1410 2638; x_wconf 86' lang='lat' dir='ltr'><strong>insinuat,</strong></span> <span class='ocrx_word' id='word_1_249' title='bbox 1458 2571 1515 2626; x_wconf 92' lang='lat' dir='ltr'><strong>in</strong></span> <span class='ocrx_word' id='word_1_250' title='bbox 1555 2584 1667 2642; x_wconf 90' lang='lat' dir='ltr'><strong>quo</strong></span> <span class='ocrx_word' id='word_1_251' title='bbox 1720 2571 1833 2643; x_wconf 92' lang='lat' dir='ltr'><strong>agit</strong></span> <span class='ocrx_word' id='word_1_252' title='bbox 1882 2568 1952 2623; x_wconf 92' lang='lat' dir='ltr'><strong>de</strong></span> 
     </span>
    </p>
   </div>
   <div class='ocr_carea' id='block_1_26' title="bbox 331 2659 1951 2719">
    <p class='ocr_par' dir='ltr' id='par_1_26' title="bbox 331 2659 1951 2719">
     <span class='ocr_line' id='line_1_26' title="bbox 331 2659 1951 2719; baseline 0.001 -6"><span class='ocrx_word' id='word_1_253' title='bbox 331 2659 521 2714; x_wconf 88' lang='lat' dir='ltr'><strong>Vitaet</strong></span> <span class='ocrx_word' id='word_1_254' title='bbox 560 2660 842 2718; x_wconf 90' lang='lat' dir='ltr'><strong>miraculis</strong></span> <span class='ocrx_word' id='word_1_255' title='bbox 888 2662 1187 2719; x_wconf 90' lang='lat' dir='ltr'><strong>multorum</strong></span> <span class='ocrx_word' id='word_1_256' title='bbox 1243 2669 1581 2719; x_wconf 86' lang='lat' dir='ltr'><strong>sanctorum.</strong></span> <span class='ocrx_word' id='word_1_257' title='bbox 1616 2662 1782 2719; x_wconf 87' lang='lat' dir='ltr'><strong>Porro</strong></span> <span class='ocrx_word' id='word_1_258' title='bbox 1842 2677 1951 2716; x_wconf 92' lang='lat' dir='ltr'><strong>non</strong></span> 
     </span>
    </p>
   </div>
   <div class='ocr_carea' id='block_1_27' title="bbox 333 2753 1952 2822">
    <p class='ocr_par' dir='ltr' id='par_1_27' title="bbox 333 2753 1952 2822">
     <span class='ocr_line' id='line_1_27' title="bbox 333 2753 1952 2822; baseline 0.001 -16"><span class='ocrx_word' id='word_1_259' title='bbox 333 2767 495 2822; x_wconf 84' lang='lat' dir='ltr'><strong>prosa</strong></span> <span class='ocrx_word' id='word_1_260' title='bbox 523 2759 758 2818; x_wconf 90' lang='lat' dir='ltr'><strong>tantum,</strong></span> <span class='ocrx_word' id='word_1_261' title='bbox 813 2753 912 2809; x_wconf 86' lang='lat' dir='ltr'><strong>sed</strong></span> <span class='ocrx_word' id='word_1_262' title='bbox 970 2761 1027 2809; x_wconf 91' lang='lat' dir='ltr'><strong>et</strong></span> <span class='ocrx_word' id='word_1_263' title='bbox 1073 2756 1319 2810; x_wconf 89' lang='lat' dir='ltr'><strong>carmine</strong></span> <span class='ocrx_word' id='word_1_264' title='bbox 1368 2755 1540 2811; x_wconf 87' lang='lat' dir='ltr'><strong>valuit</strong></span> <span class='ocrx_word' id='word_1_265' title='bbox 1593 2753 1952 2810; x_wconf 82' lang='lat' dir='ltr'><strong>Flodoardus.</strong></span> 
     </span>
    </p>
   </div>
   <div class='ocr_carea' id='block_1_28' title="bbox 332 2839 1958 2914">
    <p class='ocr_par' dir='ltr' id='par_1_28' title="bbox 332 2839 1958 2914">
     <span class='ocr_line' id='line_1_28' title="bbox 332 2839 1958 2914; baseline 0.001 -19"><span class='ocrx_word' id='word_1_266' title='bbox 332 2839 563 2912; x_wconf 75' lang='lat' dir='ltr'><strong>Scripsit</strong></span> <span class='ocrx_word' id='word_1_267' title='bbox 617 2841 766 2897; x_wconf 91' lang='lat' dir='ltr'><strong>enim</strong></span> <span class='ocrx_word' id='word_1_268' title='bbox 814 2842 1069 2898; x_wconf 86' lang='lat' dir='ltr'><strong>versibus</strong></span> <span class='ocrx_word' id='word_1_269' title='bbox 1097 2843 1357 2899; x_wconf 89' lang='lat' dir='ltr'><strong>miracula</strong></span> <span class='ocrx_word' id='word_1_270' title='bbox 1410 2859 1512 2900; x_wconf 91' lang='lat' dir='ltr'><strong>suo</strong></span> <span class='ocrx_word' id='word_1_271' title='bbox 1545 2852 1793 2914; x_wconf 91' lang='lat' dir='ltr'><strong>tempore</strong></span> <span class='ocrx_word' id='word_1_272' title='bbox 1818 2842 1958 2897; x_wconf 81' lang='lat' dir='ltr'><strong>facta</strong></span> 
     </span>
    </p>
   </div>
   <div class='ocr_carea' id='block_1_29' title="bbox 2022 1101 3662 1172">
    <p class='ocr_par' dir='ltr' id='par_1_29' title="bbox 2022 1101 3662 1172">
     <span class='ocr_line' id='line_1_29' title="bbox 2022 1101 3662 1172; baseline -0.005 -8"><span class='ocrx_word' id='word_1_273' title='bbox 2022 1109 2120 1164; x_wconf 90' lang='lat' dir='ltr'><strong>lib.</strong></span> <span class='ocrx_word' id='word_1_274' title='bbox 2148 1126 2218 1164; x_wconf 82' lang='lat' dir='ltr'><strong>xv</strong></span> <span class='ocrx_word' id='word_1_275' title='bbox 2244 1123 2374 1163; x_wconf 90' lang='lat' dir='ltr'><strong>mss.</strong></span> <span class='ocrx_word' id='word_1_276' title='bbox 2422 1104 2675 1160; x_wconf 83' lang='lat' dir='ltr'><strong>Treveris</strong></span> <span class='ocrx_word' id='word_1_277' title='bbox 2716 1104 2773 1159; x_wconf 92' lang='lat' dir='ltr'><strong>in</strong></span> <span class='ocrx_word' id='word_1_278' title='bbox 2811 1117 3031 1158; x_wconf 91' lang='lat' dir='ltr'><strong>summo</strong></span> <span class='ocrx_word' id='word_1_279' title='bbox 3060 1101 3290 1172; x_wconf 91' lang='lat' dir='ltr'><strong>templo.</strong></span> <span class='ocrx_word' id='word_1_280' title='bbox 3345 1101 3420 1156; x_wconf 88' lang='lat' dir='ltr'><strong>De</strong></span> <span class='ocrx_word' id='word_1_281' title='bbox 3450 1101 3662 1157; x_wconf 89' lang='lat' dir='ltr'><strong>trium-</strong></span> 
     </span>
    </p>
   </div>
   <div class='ocr_carea' id='block_1_30' title="bbox 2024 1192 3666 1271">
    <p class='ocr_par' dir='ltr' id='par_1_30' title="bbox 2024 1192 3666 1271">
     <span class='ocr_line' id='line_1_30' title="bbox 2024 1192 3666 1271; baseline -0.004 -17"><span class='ocrx_word' id='word_1_282' title='bbox 2024 1200 2151 1271; x_wconf 88' lang='lat' dir='ltr'><strong>phis</strong></span> <span class='ocrx_word' id='word_1_283' title='bbox 2175 1198 2376 1254; x_wconf 85' lang='lat' dir='ltr'><strong>Christi</strong></span> <span class='ocrx_word' id='word_1_284' title='bbox 2405 1206 2461 1252; x_wconf 92' lang='lat' dir='ltr'><strong>et</strong></span> <span class='ocrx_word' id='word_1_285' title='bbox 2483 1204 2796 1252; x_wconf 89' lang='lat' dir='ltr'><strong>sanctorum</strong></span> <span class='ocrx_word' id='word_1_286' title='bbox 2828 1194 3134 1250; x_wconf 67' lang='lat' dir='ltr'><strong>Palaestinas</strong></span> <span class='ocrx_word' id='word_1_287' title='bbox 3183 1192 3438 1259; x_wconf 92' lang='lat' dir='ltr'><strong>metrice,</strong></span> <span class='ocrx_word' id='word_1_288' title='bbox 3466 1192 3564 1248; x_wconf 93' lang='lat' dir='ltr'><strong>lib.</strong></span> <span class='ocrx_word' id='word_1_289' title='bbox 3604 1199 3666 1248; x_wconf 83' lang='lat' dir='ltr'><strong>nl</strong></span> 
     </span>
    </p>
   </div>
   <div class='ocr_carea' id='block_1_31' title="bbox 2025 1282 3665 1354">
    <p class='ocr_par' dir='ltr' id='par_1_31' title="bbox 2025 1282 3665 1354">
     <span class='ocr_line' id='line_1_31' title="bbox 2025 1282 3665 1354; baseline -0.004 -10"><span class='ocrx_word' id='word_1_290' title='bbox 2025 1305 2156 1344; x_wconf 91' lang='lat' dir='ltr'><strong>mss.</strong></span> <span class='ocrx_word' id='word_1_291' title='bbox 2188 1288 2418 1344; x_wconf 90' lang='lat' dir='ltr'><strong>ibidem.</strong></span> <span class='ocrx_word' id='word_1_292' title='bbox 2444 1285 2626 1341; x_wconf 86' lang='lat' dir='ltr'><strong>Tertio</strong></span> <span class='ocrx_word' id='word_1_293' title='bbox 2676 1285 2744 1339; x_wconf 93' lang='lat' dir='ltr'><strong>de</strong></span> <span class='ocrx_word' id='word_1_294' title='bbox 2804 1282 3099 1354; x_wconf 86' lang='lat' dir='ltr'><strong>triumphis</strong></span> <span class='ocrx_word' id='word_1_295' title='bbox 3131 1282 3329 1337; x_wconf 87' lang='lat' dir='ltr'><strong>Christi</strong></span> <span class='ocrx_word' id='word_1_296' title='bbox 3362 1288 3419 1337; x_wconf 90' lang='lat' dir='ltr'><strong>et</strong></span> <span class='ocrx_word' id='word_1_297' title='bbox 3462 1283 3665 1338; x_wconf 81' lang='lat' dir='ltr'><strong>Antio-</strong></span> 
     </span>
    </p>
   </div>
   <div class='ocr_carea' id='block_1_32' title="bbox 2027 1370 3669 1452">
    <p class='ocr_par' dir='ltr' id='par_1_32' title="bbox 2027 1370 3669 1452">
     <span class='ocr_line' id='line_1_32' title="bbox 2027 1370 3669 1452; baseline -0.003 -19"><span class='ocrx_word' id='word_1_298' title='bbox 2027 1378 2166 1433; x_wconf 73' lang='lat' dir='ltr'><strong>chiae</strong></span> <span class='ocrx_word' id='word_1_299' title='bbox 2196 1376 2390 1452; x_wconf 85' lang='lat' dir='ltr'><strong>gestis,</strong></span> <span class='ocrx_word' id='word_1_300' title='bbox 2425 1374 2656 1431; x_wconf 90' lang='lat' dir='ltr'><strong>metrice</strong></span> <span class='ocrx_word' id='word_1_301' title='bbox 2680 1373 2855 1429; x_wconf 91' lang='lat' dir='ltr'><strong>libros</strong></span> <span class='ocrx_word' id='word_1_302' title='bbox 2876 1373 3017 1427; x_wconf 90' lang='lat' dir='ltr'><strong>duos</strong></span> <span class='ocrx_word' id='word_1_303' title='bbox 3044 1387 3175 1426; x_wconf 91' lang='lat' dir='ltr'><strong>mss.</strong></span> <span class='ocrx_word' id='word_1_304' title='bbox 3214 1370 3445 1427; x_wconf 90' lang='lat' dir='ltr'><strong>ibidem.</strong></span> <span class='ocrx_word' id='word_1_305' title='bbox 3476 1392 3503 1421; x_wconf 74' lang='grc' dir='ltr'><strong>ιν</strong></span> <span class='ocrx_word' id='word_1_306' title='bbox 3530 1373 3669 1437; x_wconf 62' lang='lat' dir='ltr'><strong>Quae</strong></span> 
     </span>
    </p>
   </div>
   <div class='ocr_carea' id='block_1_33' title="bbox 2028 1463 3665 1541">
    <p class='ocr_par' dir='ltr' id='par_1_33' title="bbox 2028 1463 3665 1541">
     <span class='ocr_line' id='line_1_33' title="bbox 2028 1463 3665 1541; baseline -0.004 -16"><span class='ocrx_word' id='word_1_307' title='bbox 2028 1470 2233 1541; x_wconf 89' lang='lat' dir='ltr'><strong>scripta</strong></span> <span class='ocrx_word' id='word_1_308' title='bbox 2252 1468 2299 1523; x_wconf 77' lang='lat' dir='ltr'><strong>si</strong></span> <span class='ocrx_word' id='word_1_309' title='bbox 2322 1468 2503 1524; x_wconf 88' lang='lat' dir='ltr'><strong>adhuc</strong></span> <span class='ocrx_word' id='word_1_310' title='bbox 2530 1473 2765 1530; x_wconf 88' lang='lat' dir='ltr'><strong>exstent,</strong></span> <span class='ocrx_word' id='word_1_311' title='bbox 2797 1464 3011 1520; x_wconf 89' lang='lat' dir='ltr'><strong>utinam</strong></span> <span class='ocrx_word' id='word_1_312' title='bbox 3038 1464 3404 1541; x_wconf 83' lang='lat' dir='ltr'><strong>Treverenses</strong></span> <span class='ocrx_word' id='word_1_313' title='bbox 3432 1463 3665 1534; x_wconf 91' lang='lat' dir='ltr'><strong>publico</strong></span> 
     </span>
    </p>
   </div>
   <div class='ocr_carea' id='block_1_34' title="bbox 2037 1539 3662 1632">
    <p class='ocr_par' dir='ltr' id='par_1_34' title="bbox 2037 1539 3662 1632">
     <span class='ocr_line' id='line_1_34' title="bbox 2037 1539 3662 1632; baseline -0.005 -14"><span class='ocrx_word' id='word_1_314' title='bbox 2037 1539 2295 1618; x_wconf 67' lang='lat' dir='ltr'><strong>Ecclesiae</strong></span> <span class='ocrx_word' id='word_1_315' title='bbox 2316 1561 2465 1617; x_wconf 88' lang='lat' dir='ltr'><strong>bono</strong></span> <span class='ocrx_word' id='word_1_316' title='bbox 2494 1559 2776 1632; x_wconf 80' lang='lat' dir='ltr'><strong>evulgent.</strong></span> <span class='ocrx_word' id='word_1_317' title='bbox 2835 1558 2910 1612; x_wconf 90' lang='lat' dir='ltr'><strong>De</strong></span> <span class='ocrx_word' id='word_1_318' title='bbox 2934 1539 3152 1612; x_wconf 63' lang='lat' dir='ltr'><strong>caeteris</strong></span> <span class='ocrx_word' id='word_1_319' title='bbox 3191 1555 3367 1626; x_wconf 90' lang='lat' dir='ltr'><strong>ipsius</strong></span> <span class='ocrx_word' id='word_1_320' title='bbox 3389 1554 3662 1624; x_wconf 90' lang='lat' dir='ltr'><strong>operibus</strong></span> 
     </span>
    </p>
   </div>
   <div class='ocr_carea' id='block_1_35' title="bbox 2037 1646 3660 1725">
    <p class='ocr_par' dir='ltr' id='par_1_35' title="bbox 2037 1646 3660 1725">
     <span class='ocr_line' id='line_1_35' title="bbox 2037 1646 3660 1725; baseline -0.004 -16"><span class='ocrx_word' id='word_1_321' title='bbox 2037 1662 2381 1725; x_wconf 89' lang='lat' dir='ltr'><strong>compertum</strong></span> <span class='ocrx_word' id='word_1_322' title='bbox 2406 1651 2543 1708; x_wconf 90' lang='lat' dir='ltr'><strong>nihil</strong></span> <span class='ocrx_word' id='word_1_323' title='bbox 2567 1651 2767 1706; x_wconf 91' lang='lat' dir='ltr'><strong>habeo.</strong></span> <span class='ocrx_word' id='word_1_324' title='bbox 2794 1648 2940 1705; x_wconf 90' lang='lat' dir='ltr'><strong>Obiit</strong></span> <span class='ocrx_word' id='word_1_325' title='bbox 2968 1655 3153 1703; x_wconf 87' lang='lat' dir='ltr'><strong>autem</strong></span> <span class='ocrx_word' id='word_1_326' title='bbox 3189 1646 3387 1718; x_wconf 91' lang='lat' dir='ltr'><strong>plenus</strong></span> <span class='ocrx_word' id='word_1_327' title='bbox 3412 1647 3660 1714; x_wconf 89' lang='lat' dir='ltr'><strong>dierum,</strong></span> 
     </span>
    </p>
   </div>
   <div class='ocr_carea' id='block_1_36' title="bbox 2037 1735 3659 1806">
    <p class='ocr_par' dir='ltr' id='par_1_36' title="bbox 2037 1735 3659 1806">
     <span class='ocr_line' id='line_1_36' title="bbox 2037 1735 3659 1806; baseline -0.005 -8"><span class='ocrx_word' id='word_1_328' title='bbox 2037 1744 2214 1798; x_wconf 67' lang='lat' dir='ltr'><strong>aetatis</strong></span> <span class='ocrx_word' id='word_1_329' title='bbox 2257 1742 2520 1797; x_wconf 92' lang='lat' dir='ltr'><strong>videlicet</strong></span> <span class='ocrx_word' id='word_1_330' title='bbox 2550 1756 2664 1795; x_wconf 63' lang='lat' dir='ltr'><strong>suae</strong></span> <span class='ocrx_word' id='word_1_331' title='bbox 2717 1753 2863 1793; x_wconf 90' lang='lat' dir='ltr'><strong>anno</strong></span> <span class='ocrx_word' id='word_1_332' title='bbox 2892 1738 2985 1806; x_wconf 86' lang='lat'><strong>73,</strong></span> <span class='ocrx_word' id='word_1_333' title='bbox 3034 1735 3430 1792; x_wconf 90' lang='lat' dir='ltr'><strong>incarnationis</strong></span> <span class='ocrx_word' id='word_1_334' title='bbox 3460 1736 3659 1791; x_wconf 89' lang='lat' dir='ltr'><strong>Domi-</strong></span> 
     </span>
    </p>
   </div>
   <div class='ocr_carea' id='block_1_37' title="bbox 2040 1827 3665 1907">
    <p class='ocr_par' dir='ltr' id='par_1_37' title="bbox 2040 1827 3665 1907">
     <span class='ocr_line' id='line_1_37' title="bbox 2040 1827 3665 1907; baseline -0.007 -14"><span class='ocrx_word' id='word_1_335' title='bbox 2040 1838 2177 1894; x_wconf 70' lang='lat' dir='ltr'><strong>nicaa</strong></span> <span class='ocrx_word' id='word_1_336' title='bbox 2198 1836 2324 1900; x_wconf 89' lang='lat'><strong>966,</strong></span> <span class='ocrx_word' id='word_1_337' title='bbox 2352 1834 2548 1907; x_wconf 90' lang='lat' dir='ltr'><strong>quinto</strong></span> <span class='ocrx_word' id='word_1_338' title='bbox 2592 1831 2864 1887; x_wconf 86' lang='lat' dir='ltr'><strong>Kalendas</strong></span> <span class='ocrx_word' id='word_1_339' title='bbox 2911 1828 3135 1900; x_wconf 85' lang='lat' dir='ltr'><strong>Aprilis,</strong></span> <span class='ocrx_word' id='word_1_340' title='bbox 3187 1828 3294 1882; x_wconf 92' lang='lat' dir='ltr'><strong>hoc</strong></span> <span class='ocrx_word' id='word_1_341' title='bbox 3346 1833 3432 1881; x_wconf 92' lang='lat' dir='ltr'><strong>est</strong></span> <span class='ocrx_word' id='word_1_342' title='bbox 3477 1827 3548 1881; x_wconf 89' lang='lat'><strong>28</strong></span> <span class='ocrx_word' id='word_1_343' title='bbox 3571 1829 3665 1882; x_wconf 91' lang='lat' dir='ltr'><strong>die</strong></span> 
     </span>
    </p>
   </div>
   <div class='ocr_carea' id='block_1_38' title="bbox 2042 1917 3667 1995">
    <p class='ocr_par' dir='ltr' id='par_1_38' title="bbox 2042 1917 3667 1995">
     <span class='ocr_line' id='line_1_38' title="bbox 2042 1917 3667 1995; baseline -0.007 -13"><span class='ocrx_word' id='word_1_344' title='bbox 2042 1926 2241 1994; x_wconf 75' lang='lat' dir='ltr'><strong>Martii,</strong></span> <span class='ocrx_word' id='word_1_345' title='bbox 2274 1940 2383 1980; x_wconf 92' lang='lat' dir='ltr'><strong>non</strong></span> <span class='ocrx_word' id='word_1_346' title='bbox 2407 1924 2602 1995; x_wconf 91' lang='lat' dir='ltr'><strong>quinta</strong></span> <span class='ocrx_word' id='word_1_347' title='bbox 2631 1922 2723 1977; x_wconf 91' lang='lat' dir='ltr'><strong>die</strong></span> <span class='ocrx_word' id='word_1_348' title='bbox 2756 1920 2980 1990; x_wconf 83' lang='lat' dir='ltr'><strong>Aprilis,</strong></span> <span class='ocrx_word' id='word_1_349' title='bbox 3026 1926 3087 1973; x_wconf 92' lang='lat' dir='ltr'><strong>ut</strong></span> <span class='ocrx_word' id='word_1_350' title='bbox 3108 1917 3518 1972; x_wconf 89' lang='lat' dir='ltr'><strong>inadvertenter</strong></span> <span class='ocrx_word' id='word_1_351' title='bbox 3558 1918 3667 1972; x_wconf 88' lang='lat' dir='ltr'><strong>ad-</strong></span> 
     </span>
    </p>
   </div>
   <div class='ocr_carea' id='block_1_39' title="bbox 2045 2007 3674 2070">
    <p class='ocr_par' dir='ltr' id='par_1_39' title="bbox 2045 2007 3674 2070">
     <span class='ocr_line' id='line_1_39' title="bbox 2045 2007 3674 2070; baseline -0.005 0"><span class='ocrx_word' id='word_1_352' title='bbox 2045 2014 2257 2070; x_wconf 86' lang='lat' dir='ltr'><strong>notavit</strong></span> <span class='ocrx_word' id='word_1_353' title='bbox 2285 2013 2540 2070; x_wconf 85' lang='lat' dir='ltr'><strong>Nicolaus</strong></span> <span class='ocrx_word' id='word_1_354' title='bbox 2570 2011 2855 2067; x_wconf 89' lang='lat' dir='ltr'><strong>Chesneau</strong></span> <span class='ocrx_word' id='word_1_355' title='bbox 2886 2018 2942 2064; x_wconf 90' lang='lat' dir='ltr'><strong>et</strong></span> <span class='ocrx_word' id='word_1_356' title='bbox 2990 2008 3344 2064; x_wconf 90' lang='lat' dir='ltr'><strong>Possevinus.</strong></span> <span class='ocrx_word' id='word_1_357' title='bbox 3398 2007 3489 2061; x_wconf 91' lang='lat' dir='ltr'><strong>Sic</strong></span> <span class='ocrx_word' id='word_1_358' title='bbox 3518 2007 3674 2062; x_wconf 90' lang='lat' dir='ltr'><strong>enim</strong></span> 
     </span>
    </p>
   </div>
   <div class='ocr_carea' id='block_1_40' title="bbox 2047 2098 3677 2174">
    <p class='ocr_par' dir='ltr' id='par_1_40' title="bbox 2047 2098 3677 2174">
     <span class='ocr_line' id='line_1_40' title="bbox 2047 2098 3677 2174; baseline -0.003 -17"><span class='ocrx_word' id='word_1_359' title='bbox 2047 2103 2103 2158; x_wconf 89' lang='lat' dir='ltr'><strong>in</strong></span> <span class='ocrx_word' id='word_1_360' title='bbox 2134 2104 2527 2174; x_wconf 89' lang='lat' dir='ltr'><strong>supplemento</strong></span> <span class='ocrx_word' id='word_1_361' title='bbox 2554 2101 2798 2159; x_wconf 87' lang='lat' dir='ltr'><strong>chronici</strong></span> <span class='ocrx_word' id='word_1_362' title='bbox 2860 2099 3035 2171; x_wconf 91' lang='lat' dir='ltr'><strong>ipsius</strong></span> <span class='ocrx_word' id='word_1_363' title='bbox 3065 2098 3334 2171; x_wconf 82' lang='lat' dir='ltr'><strong>legimus:</strong></span> <span class='ocrx_word' id='word_1_364' title='bbox 3373 2098 3493 2167; x_wconf 90' lang='lat' dir='ltr'><strong>lpso</strong></span> <span class='ocrx_word' id='word_1_365' title='bbox 3524 2112 3677 2152; x_wconf 87' lang='lat' dir='ltr'><strong>anno</strong></span> 
     </span>
    </p>
   </div>
   <div class='ocr_carea' id='block_1_41' title="bbox 2050 2185 3707 2263">
    <p class='ocr_par' dir='ltr' id='par_1_41' title="bbox 2050 2185 3707 2263">
     <span class='ocr_line' id='line_1_41' title="bbox 2050 2185 3707 2263; baseline -0.002 -16"><span class='ocrx_word' id='word_1_366' title='bbox 2050 2192 2462 2263; x_wconf 80' lang='lat' dir='ltr'><strong>(videlicet966)</strong></span> <span class='ocrx_word' id='word_1_367' title='bbox 2490 2190 2575 2245; x_wconf 86' lang='lat' dir='ltr'><strong>vir</strong></span> <span class='ocrx_word' id='word_1_368' title='bbox 2607 2191 2733 2245; x_wconf 71' lang='lat' dir='ltr'><strong>vitae</strong></span> <span class='ocrx_word' id='word_1_369' title='bbox 2793 2187 3129 2244; x_wconf 82' lang='lat' dir='ltr'><strong>venerabilis</strong></span> <span class='ocrx_word' id='word_1_370' title='bbox 3160 2194 3214 2243; x_wconf 91' lang='lat' dir='ltr'><strong>et</strong></span> <span class='ocrx_word' id='word_1_371' title='bbox 3246 2185 3534 2241; x_wconf 85' lang='lat' dir='ltr'><strong>Remensis</strong></span> <span class='ocrx_word' id='word_1_372' title='bbox 3586 2202 3707 2243; x_wconf 89' lang='lat' dir='ltr'><strong>ec-.</strong></span> 
     </span>
    </p>
   </div>
   <div class='ocr_carea' id='block_1_42' title="bbox 2048 2276 3681 2351">
    <p class='ocr_par' dir='ltr' id='par_1_42' title="bbox 2048 2276 3681 2351">
     <span class='ocr_line' id='line_1_42' title="bbox 2048 2276 3681 2351; baseline -0.004 -15"><span class='ocrx_word' id='word_1_373' title='bbox 2048 2282 2210 2337; x_wconf 69' lang='lat' dir='ltr'><strong>cesiaa</strong></span> <span class='ocrx_word' id='word_1_374' title='bbox 2242 2280 2548 2351; x_wconf 86' lang='lat' dir='ltr'><strong>presbyter)</strong></span> <span class='ocrx_word' id='word_1_375' title='bbox 2580 2277 2805 2334; x_wconf 90' lang='lat' dir='ltr'><strong>nomine</strong></span> <span class='ocrx_word' id='word_1_376' title='bbox 2845 2276 3209 2341; x_wconf 89' lang='lat' dir='ltr'><strong>Flodoardus,</strong></span> <span class='ocrx_word' id='word_1_377' title='bbox 3269 2276 3480 2332; x_wconf 90' lang='lat' dir='ltr'><strong>honore</strong></span> <span class='ocrx_word' id='word_1_378' title='bbox 3542 2292 3681 2330; x_wconf 91' lang='lat' dir='ltr'><strong>san-</strong></span> 
     </span>
    </p>
   </div>
   <div class='ocr_carea' id='block_1_43' title="bbox 2050 2365 3678 2441">
    <p class='ocr_par' dir='ltr' id='par_1_43' title="bbox 2050 2365 3678 2441">
     <span class='ocr_line' id='line_1_43' title="bbox 2050 2365 3678 2441; baseline -0.004 -16"><span class='ocrx_word' id='word_1_379' title='bbox 2050 2369 2256 2425; x_wconf 88' lang='lat' dir='ltr'><strong>ctitatis</strong></span> <span class='ocrx_word' id='word_1_380' title='bbox 2278 2368 2650 2433; x_wconf 86' lang='lat' dir='ltr'><strong>venerandus,</strong></span> <span class='ocrx_word' id='word_1_381' title='bbox 2693 2367 2961 2422; x_wconf 90' lang='lat' dir='ltr'><strong>castitatis</strong></span> <span class='ocrx_word' id='word_1_382' title='bbox 3012 2365 3311 2437; x_wconf 88' lang='lat' dir='ltr'><strong>splendore</strong></span> <span class='ocrx_word' id='word_1_383' title='bbox 3358 2366 3678 2441; x_wconf 88' lang='lat' dir='ltr'><strong>angelicus,</strong></span> 
     </span>
    </p>
   </div>
   <div class='ocr_carea' id='block_1_44' title="bbox 2051 2456 3677 2533">
    <p class='ocr_par' dir='ltr' id='par_1_44' title="bbox 2051 2456 3677 2533">
     <span class='ocr_line' id='line_1_44' title="bbox 2051 2456 3677 2533; baseline -0.002 -20"><span class='ocrx_word' id='word_1_384' title='bbox 2051 2458 2265 2533; x_wconf 85' lang='lat' dir='ltr'><strong>fulgore</strong></span> <span class='ocrx_word' id='word_1_385' title='bbox 2295 2457 2583 2530; x_wconf 66' lang='lat' dir='ltr'><strong>sapientiae</strong></span> <span class='ocrx_word' id='word_1_386' title='bbox 2634 2457 2881 2523; x_wconf 73' lang='lat' dir='ltr'><strong>emlicus,</strong></span> <span class='ocrx_word' id='word_1_387' title='bbox 2934 2464 3367 2526; x_wconf 72' lang='lat' dir='ltr'><strong>caeterarumque</strong></span> <span class='ocrx_word' id='word_1_388' title='bbox 3405 2456 3677 2509; x_wconf 89' lang='lat' dir='ltr'><strong>virtutum</strong></span> 
     </span>
    </p>
   </div>
   <div class='ocr_carea' id='block_1_45' title="bbox 2054 2543 3683 2623">
    <p class='ocr_par' dir='ltr' id='par_1_45' title="bbox 2054 2543 3683 2623">
     <span class='ocr_line' id='line_1_45' title="bbox 2054 2543 3683 2623; baseline -0.002 -22"><span class='ocrx_word' id='word_1_389' title='bbox 2054 2546 2373 2623; x_wconf 82' lang='lat' dir='ltr'><strong>insignibus</strong></span> <span class='ocrx_word' id='word_1_390' title='bbox 2399 2546 2750 2603; x_wconf 89' lang='lat' dir='ltr'><strong>abundanter</strong></span> <span class='ocrx_word' id='word_1_391' title='bbox 2773 2546 3055 2617; x_wconf 87' lang='lat' dir='ltr'><strong>Oppletus,</strong></span> <span class='ocrx_word' id='word_1_392' title='bbox 3106 2544 3472 2617; x_wconf 76' lang='lat' dir='ltr'><strong>praecedentis</strong></span> <span class='ocrx_word' id='word_1_393' title='bbox 3498 2543 3683 2598; x_wconf 87' lang='lat' dir='ltr'><strong>libelli</strong></span> 
     </span>
    </p>
   </div>
   <div class='ocr_carea' id='block_1_46' title="bbox 2054 2633 3685 2710">
    <p class='ocr_par' dir='ltr' id='par_1_46' title="bbox 2054 2633 3685 2710">
     <span class='ocr_line' id='line_1_46' title="bbox 2054 2633 3685 2710; baseline -0.004 -17"><span class='ocrx_word' id='word_1_394' title='bbox 2054 2638 2402 2710; x_wconf 91' lang='lat' dir='ltr'><strong>aliorumque</strong></span> <span class='ocrx_word' id='word_1_395' title='bbox 2443 2636 2707 2692; x_wconf 90' lang='lat' dir='ltr'><strong>librorum</strong></span> <span class='ocrx_word' id='word_1_396' title='bbox 2767 2634 3003 2690; x_wconf 85' lang='lat' dir='ltr'><strong>dictator</strong></span> <span class='ocrx_word' id='word_1_397' title='bbox 3042 2634 3322 2709; x_wconf 85' lang='lat' dir='ltr'><strong>egregius,</strong></span> <span class='ocrx_word' id='word_1_398' title='bbox 3354 2633 3548 2704; x_wconf 90' lang='lat' dir='ltr'><strong>quinta</strong></span> <span class='ocrx_word' id='word_1_399' title='bbox 3575 2633 3685 2687; x_wconf 80' lang='lat' dir='ltr'><strong>Ka-</strong></span> 
     </span>
    </p>
   </div>
   <div class='ocr_carea' id='block_1_47' title="bbox 2055 2725 3691 2801">
    <p class='ocr_par' dir='ltr' id='par_1_47' title="bbox 2055 2725 3691 2801">
     <span class='ocr_line' id='line_1_47' title="bbox 2055 2725 3691 2801; baseline -0.004 -14"><span class='ocrx_word' id='word_1_400' title='bbox 2055 2732 2248 2787; x_wconf 88' lang='lat' dir='ltr'><strong>lendas</strong></span> <span class='ocrx_word' id='word_1_401' title='bbox 2284 2729 2498 2801; x_wconf 78' lang='lat' dir='ltr'><strong>Apriles</strong></span> <span class='ocrx_word' id='word_1_402' title='bbox 2548 2739 2779 2783; x_wconf 70' lang='lat' dir='ltr'><strong>terrenaa</strong></span> <span class='ocrx_word' id='word_1_403' title='bbox 2834 2726 3297 2800; x_wconf 78' lang='lat' dir='ltr'><strong>peregrinationis</strong></span> <span class='ocrx_word' id='word_1_404' title='bbox 3359 2725 3691 2797; x_wconf 89' lang='lat' dir='ltr'><strong>relinquens</strong></span> 
     </span>
    </p>
   </div>
   <div class='ocr_carea' id='block_1_48' title="bbox 2058 2815 3441 2897">
    <p class='ocr_par' dir='ltr' id='par_1_48' title="bbox 2058 2815 3441 2897">
     <span class='ocr_line' id='line_1_48' title="bbox 2058 2815 3441 2897; baseline -0.004 -23"><span class='ocrx_word' id='word_1_405' title='bbox 2058 2819 2270 2897; x_wconf 77' lang='lat' dir='ltr'><strong>exsilia,</strong></span> <span class='ocrx_word' id='word_1_406' title='bbox 2296 2818 2490 2885; x_wconf 90' lang='lat' dir='ltr'><strong>civica,</strong></span> <span class='ocrx_word' id='word_1_407' title='bbox 2513 2816 2888 2882; x_wconf 87' lang='lat' dir='ltr'><strong>utcredimus,</strong></span> <span class='ocrx_word' id='word_1_408' title='bbox 2922 2816 3158 2887; x_wconf 88' lang='lat' dir='ltr'><strong>adeptus</strong></span> <span class='ocrx_word' id='word_1_409' title='bbox 3182 2822 3272 2879; x_wconf 75' lang='lat' dir='ltr'><strong>est</strong></span> <span class='ocrx_word' id='word_1_410' title='bbox 3294 2815 3441 2885; x_wconf 87' lang='lat' dir='ltr'><strong>jura.</strong></span> 
     </span>
    </p>
   </div>
   <div class='ocr_carea' id='block_1_49' title="bbox 1240 3179 2827 3274">
    <p class='ocr_par' dir='ltr' id='par_1_49' title="bbox 1240 3179 2827 3274">
     <span class='ocr_line' id='line_1_49' title="bbox 1240 3179 2827 3274; baseline -0.003 0"><span class='ocrx_word' id='word_1_411' title='bbox 1240 3181 1741 3274; x_wconf 90' lang='lat' dir='ltr'><strong>NOTITIA</strong></span> <span class='ocrx_word' id='word_1_412' title='bbox 1814 3179 2827 3273; x_wconf 63' lang='lat' dir='ltr'><strong>BIBLIOGHAPHICA</strong></span> 
     </span>
    </p>
   </div>
   <div class='ocr_carea' id='block_1_50' title="bbox 1429 3356 2632 3424">
    <p class='ocr_par' dir='ltr' id='par_1_50' title="bbox 1429 3356 2632 3424">
     <span class='ocr_line' id='line_1_50' title="bbox 1429 3356 2632 3424; baseline -0.003 -14"><span class='ocrx_word' id='word_1_413' title='bbox 1429 3358 1600 3424; x_wconf 85' lang='lat' dir='ltr'><strong>(Apud</strong></span> <span class='ocrx_word' id='word_1_414' title='bbox 1628 3358 1825 3410; x_wconf 80' lang='lat' dir='ltr'><strong>Fabric.</strong></span> <span class='ocrx_word' id='word_1_415' title='bbox 1854 3357 2093 3409; x_wconf 89' lang='lat' dir='ltr'><strong>Biblioth.</strong></span> <span class='ocrx_word' id='word_1_416' title='bbox 2128 3356 2260 3407; x_wconf 87' lang='lat' dir='ltr'><strong>med.</strong></span> <span class='ocrx_word' id='word_1_417' title='bbox 2290 3364 2340 3408; x_wconf 89' lang='lat' dir='ltr'><strong>et</strong></span> <span class='ocrx_word' id='word_1_418' title='bbox 2374 3356 2467 3407; x_wconf 76' lang='lat' dir='ltr'><strong>inf.</strong></span> <span class='ocrx_word' id='word_1_419' title='bbox 2498 3357 2632 3420; x_wconf 89' lang='lat' dir='ltr'><strong>Lat.)</strong></span> 
     </span>
    </p>
   </div>
   <div class='ocr_carea' id='block_1_51' title="bbox 1823 3510 2240 3542">
    <p class='ocr_par' dir='ltr' id='par_1_51' title="bbox 1823 3510 2240 3542">
     <span class='ocr_line' id='line_1_51' title="bbox 1823 3510 2240 3542; baseline -0.002 -10"><span class='ocrx_word' id='word_1_420' title='bbox 1823 3510 2240 3542; x_wconf 58' lang='grc' dir='ltr'><strong>-οοεεοηση-</strong></span> 
     </span>
    </p>
   </div>
   <div class='ocr_carea' id='block_1_52' title="bbox 417 3634 3711 3722">
    <p class='ocr_par' dir='ltr' id='par_1_52' title="bbox 417 3634 3711 3722">
     <span class='ocr_line' id='line_1_52' title="bbox 417 3634 3711 3722; baseline 0.001 -32"><span class='ocrx_word' id='word_1_421' title='bbox 818 3637 935 3693; x_wconf 91' lang='lat' dir='ltr'><strong>sive</strong></span> <span class='ocrx_word' id='word_1_422' title='bbox 965 3639 1620 3722; x_wconf 55' lang='lat' dir='ltr'><strong>_Erodoardm_$igeberto</strong></span> <span class='ocrx_word' id='word_1_423' title='bbox 1643 3649 1717 3722; x_wconf 57' lang='lat' dir='ltr'><strong>et.</strong></span> <span class='ocrx_word' id='word_1_424' title='bbox 1740 3642 1959 3722; x_wconf 79' lang='lat' dir='ltr'><strong>Trithe-</strong></span> <span class='ocrx_word' id='word_1_425' title='bbox 1988 3648 2038 3717; x_wconf 59' lang='grc' dir='ltr'><strong>(ζ</strong></span> <span class='ocrx_word' id='word_1_426' title='bbox 2063 3640 2185 3722; x_wconf 87' lang='lat' dir='ltr'><strong>l_aus</strong></span> <span class='ocrx_word' id='word_1_427' title='bbox 2210 3640 2516 3722; x_wconf 41' lang='lat' dir='ltr'><strong>.Chesnau,</strong></span> <span class='ocrx_word' id='word_1_428' title='bbox 2547 3638 2665 3722; x_wconf 75' lang='lat' dir='ltr'><strong>sive</strong></span> <span class='ocrx_word' id='word_1_429' title='bbox 2689 3639 3038 3722; x_wconf 69' lang='lat' dir='ltr'><strong>_Querculus_2</strong></span> <span class='ocrx_word' id='word_1_430' title='bbox 3096 3640 3341 3721; x_wconf 82' lang='lat' dir='ltr'><strong>decanus</strong></span> <span class='ocrx_word' id='word_1_431' title='bbox 3383 3639 3711 3722; x_wconf 77' lang='lat' dir='ltr'><strong>Remensis,</strong></span> 
     </span>
    </p>
   </div>
   <div class='ocr_carea' id='block_1_53' title="bbox 346 3704 1959 3778">
    <p class='ocr_par' dir='ltr' id='par_1_53' title="bbox 346 3704 1959 3778">
     <span class='ocr_line' id='line_1_53' title="bbox 346 3704 1959 3778; baseline 0.004 -17"><span class='ocrx_word' id='word_1_432' title='bbox 346 3704 457 3778; x_wconf 10' lang='lat' dir='ltr'><strong>miio</strong></span> <span class='ocrx_word' id='word_1_433' title='bbox 484 3707 841 3778; x_wconf 77' lang='lat' dir='ltr'><strong>Flauvaldus,</strong></span> <span class='ocrx_word' id='word_1_434' title='bbox 881 3709 1095 3765; x_wconf 88' lang='lat' dir='ltr'><strong>ordinis</strong></span> <span class='ocrx_word' id='word_1_435' title='bbox 1149 3704 1431 3767; x_wconf 71' lang='lat' dir='ltr'><strong>Benedicti</strong></span> <span class='ocrx_word' id='word_1_436' title='bbox 1484 3710 1959 3776; x_wconf 87' lang='lat' dir='ltr'><strong>Culminiacensis.</strong></span> 
     </span>
    </p>
   </div>
   <div class='ocr_carea' id='block_1_54' title="bbox 351 3777 1966 3859">
    <p class='ocr_par' dir='ltr' id='par_1_54' title="bbox 351 3777 1966 3859">
     <span class='ocr_line' id='line_1_54' title="bbox 351 3777 1966 3859; baseline 0 0"><span class='ocrx_word' id='word_1_437' title='bbox 351 3777 636 3859; x_wconf 54' lang='lat' dir='ltr'><strong>tomis!)</strong></span> <span class='ocrx_word' id='word_1_438' title='bbox 685 3780 1086 3859; x_wconf 48' lang='lat' dir='ltr'><strong>praebuerat.</strong></span> <span class='ocrx_word' id='word_1_439' title='bbox 1134 3783 1438 3859; x_wconf 57' lang='grc' dir='ltr'><strong>ομμρξιίοιιξ</strong></span> <span class='ocrx_word' id='word_1_440' title='bbox 1501 3784 1966 3859; x_wconf 51' lang='lat' dir='ltr'><strong>sanctiﬁcata“</strong></span> 
     </span>
    </p>
   </div>
   <div class='ocr_carea' id='block_1_55' title="bbox 350 3849 1968 3977">
    <p class='ocr_par' dir='ltr' id='par_1_55' title="bbox 350 3849 1968 3977">
     <span class='ocr_line' id='line_1_55' title="bbox 350 3849 1968 3931; baseline 0.004 -27"><span class='ocrx_word' id='word_1_441' title='bbox 350 3849 660 3931; x_wconf 76' lang='lat' dir='ltr'><strong>Remensis,</strong></span> <span class='ocrx_word' id='word_1_442' title='bbox 688 3849 833 3909; x_wconf 85' lang='lat' dir='ltr'><strong>obiit</strong></span> <span class='ocrx_word' id='word_1_443' title='bbox 859 3849 952 3908; x_wconf 81' lang='lat' dir='ltr'><strong>an.</strong></span> <span class='ocrx_word' id='word_1_444' title='bbox 981 3854 1111 3920; x_wconf 84' lang='lat'><strong>966,</strong></span> <span class='ocrx_word' id='word_1_445' title='bbox 1148 3855 1221 3909; x_wconf 87' lang='lat'><strong>28</strong></span> <span class='ocrx_word' id='word_1_446' title='bbox 1261 3854 1458 3921; x_wconf 68' lang='lat' dir='ltr'><strong>Martii,</strong></span> <span class='ocrx_word' id='word_1_447' title='bbox 1482 3853 1661 3910; x_wconf 70' lang='lat' dir='ltr'><strong>etatis</strong></span> <span class='ocrx_word' id='word_1_448' title='bbox 1692 3855 1781 3912; x_wconf 89' lang='lat'><strong>73.</strong></span> <span class='ocrx_word' id='word_1_449' title='bbox 1839 3849 1968 3925; x_wconf 57' lang='lat' dir='ltr'><strong>Ej&#39;us</strong></span> 
     </span>
     <span class='ocr_line' id='line_1_56' title="bbox 350 3927 751 3977; baseline 0 0"><span class='ocrx_word' id='word_1_450' title='bbox 350 3927 557 3977; x_wconf 82' lang='lat' dir='ltr'><strong>scripta</strong></span> <span class='ocrx_word' id='word_1_451' title='bbox 584 3929 751 3977; x_wconf 90' lang='lat' dir='ltr'><strong>sunt:</strong></span> 
     </span>
    </p>
   </div>
   <div class='ocr_carea' id='block_1_56' title="bbox 349 3937 751 3992">
    <p class='ocr_par' dir='ltr' id='par_1_56' title="bbox 349 3937 751 3992">
     <span class='ocr_line' id='line_1_57' title="bbox 349 3937 751 3992; baseline 0 -15"><span class='ocrx_word' id='word_1_452' title='bbox 349 3937 557 3992; x_wconf 78' lang='lat' dir='ltr'><strong>scripta</strong></span> <span class='ocrx_word' id='word_1_453' title='bbox 584 3937 751 3977; x_wconf 85' lang='lat' dir='ltr'><strong>sunt:</strong></span> 
     </span>
    </p>
   </div>
   <div class='ocr_carea' id='block_1_57' title="bbox 419 3991 1970 4073">
    <p class='ocr_par' dir='ltr' id='par_1_57' title="bbox 419 3991 1970 4073">
     <span class='ocr_line' id='line_1_58' title="bbox 419 3991 1970 4073; baseline 0.004 -26"><span class='ocrx_word' id='word_1_454' title='bbox 419 3991 818 4073; x_wconf 41' lang='grc' dir='ltr'><strong>ἔφηέκ-ξομ</strong></span> <span class='ocrx_word' id='word_1_455' title='bbox 846 3995 1154 4073; x_wconf 38' lang='grc' dir='ltr'><strong>(ξιιςιῃιὶοοη,</strong></span> <span class='ocrx_word' id='word_1_456' title='bbox 1172 3996 1473 4073; x_wconf 66' lang='lat' dir='ltr'><strong>tetatissua:</strong></span> <span class='ocrx_word' id='word_1_457' title='bbox 1500 3996 1570 4052; x_wconf 90' lang='lat' dir='ltr'><strong>ab</strong></span> <span class='ocrx_word' id='word_1_458' title='bbox 1602 4011 1746 4073; x_wconf 84' lang='lat' dir='ltr'><strong>anno</strong></span> <span class='ocrx_word' id='word_1_459' title='bbox 1774 3994 1852 4073; x_wconf 83' lang='lat' dir='ltr'><strong>9i_</strong></span> <span class='ocrx_word' id='word_1_460' title='bbox 1848 3996 1882 4049; x_wconf 91' lang='lat'><strong>9</strong></span> <span class='ocrx_word' id='word_1_461' title='bbox 1900 3991 1970 4073; x_wconf 77' lang='lat' dir='ltr'><strong>ad</strong></span> 
     </span>
    </p>
   </div>
   <div class='ocr_carea' id='block_1_58' title="bbox 349 4063 1973 4144">
    <p class='ocr_par' dir='ltr' id='par_1_58' title="bbox 349 4063 1973 4144">
     <span class='ocr_line' id='line_1_59' title="bbox 349 4063 1973 4144; baseline 0 0"><span class='ocrx_word' id='word_1_462' title='bbox 349 4063 658 4144; x_wconf 50' lang='lat'><strong>996291?-</strong></span> <span class='ocrx_word' id='word_1_463' title='bbox 691 4063 890 4144; x_wconf 68' lang='lat' dir='ltr'><strong>PiLhoei</strong></span> <span class='ocrx_word' id='word_1_464' title='bbox 919 4064 1012 4144; x_wconf 69' lang='lat' dir='ltr'><strong>XI!</strong></span> <span class='ocrx_word' id='word_1_465' title='bbox 1050 4067 1420 4144; x_wconf 58' lang='lat' dir='ltr'><strong>ssrimribqs</strong></span> <span class='ocrx_word' id='word_1_466' title='bbox 1472 4069 1793 4144; x_wconf 59' lang='lat' dir='ltr'><strong>comesis</strong></span> <span class='ocrx_word' id='word_1_467' title='bbox 1820 4066 1973 4144; x_wconf 64' lang='lat' dir='ltr'><strong>P.er-</strong></span> 
     </span>
    </p>
   </div>
   <div class='ocr_carea' id='block_1_59' title="bbox 349 4134 1968 4215">
    <p class='ocr_par' dir='ltr' id='par_1_59' title="bbox 349 4134 1968 4215">
     <span class='ocr_line' id='line_1_60' title="bbox 349 4134 1968 4215; baseline 0.003 -27"><span class='ocrx_word' id='word_1_468' title='bbox 349 4134 1103 4215; x_wconf 41' lang='lat' dir='ltr'><strong>siis1‘588,.etFrancofurti</strong></span> <span class='ocrx_word' id='word_1_469' title='bbox 1149 4134 1310 4215; x_wconf 67' lang='lat'><strong>{594,</strong></span> <span class='ocrx_word' id='word_1_470' title='bbox 1356 4140 1434 4206; x_wconf 83' lang='lat'><strong>8°,</strong></span> <span class='ocrx_word' id='word_1_471' title='bbox 1483 4134 1789 4215; x_wconf 71' lang='lat' dir='ltr'><strong>pag.__109,</strong></span> <span class='ocrx_word' id='word_1_472' title='bbox 1844 4139 1968 4215; x_wconf 68' lang='lat' dir='ltr'><strong>l9§.</strong></span> 
     </span>
    </p>
   </div>
   <div class='ocr_carea' id='block_1_60' title="bbox 352 4204 1968 4289">
    <p class='ocr_par' dir='ltr' id='par_1_60' title="bbox 352 4204 1968 4289">
     <span class='ocr_line' id='line_1_61' title="bbox 352 4204 1968 4289; baseline 0 0"><span class='ocrx_word' id='word_1_473' title='bbox 352 4221 478 4289; x_wconf 62' lang='lat'><strong>2991</strong></span> <span class='ocrx_word' id='word_1_474' title='bbox 506 4204 663 4289; x_wconf 60' lang='lat' dir='ltr'><strong>brevi</strong></span> <span class='ocrx_word' id='word_1_475' title='bbox 690 4208 1002 4289; x_wconf 51' lang='lat' dir='ltr'><strong>stipendia?</strong></span> <span class='ocrx_word' id='word_1_476' title='bbox 1026 4225 1205 4289; x_wconf 59' lang='lat' dir='ltr'><strong>usque</strong></span> <span class='ocrx_word' id='word_1_477' title='bbox 1228 4204 1303 4265; x_wconf 65' lang='lat' dir='ltr'><strong>ad</strong></span> <span class='ocrx_word' id='word_1_478' title='bbox 1324 4204 1535 4289; x_wconf 53' lang='grc' dir='ltr'><strong>θεμείυῷ</strong></span> <span class='ocrx_word' id='word_1_479' title='bbox 1556 4204 1968 4289; x_wconf 53' lang='grc' dir='ltr'><strong>Ξηβνρδαιβθε-</strong></span> 
     </span>
    </p>
   </div>
   <div class='ocr_carea' id='block_1_61' title="bbox 350 4276 1973 4347">
    <p class='ocr_par' dir='ltr' id='par_1_61' title="bbox 350 4276 1973 4347">
     <span class='ocr_line' id='line_1_62' title="bbox 350 4276 1973 4347; baseline 0.004 -17"><span class='ocrx_word' id='word_1_480' title='bbox 350 4276 495 4347; x_wconf 15' lang='grc' dir='ltr'><strong>201ίς</strong></span> <span class='ocrx_word' id='word_1_481' title='bbox 520 4282 576 4331; x_wconf 92' lang='lat' dir='ltr'><strong>et</strong></span> <span class='ocrx_word' id='word_1_482' title='bbox 604 4276 1022 4337; x_wconf 81' lang='lat' dir='ltr'><strong>continuatione</strong></span> <span class='ocrx_word' id='word_1_483' title='bbox 1047 4276 1131 4335; x_wconf 58' lang='lat' dir='ltr'><strong>ab&#39;</strong></span> <span class='ocrx_word' id='word_1_484' title='bbox 1151 4296 1298 4338; x_wconf 90' lang='lat' dir='ltr'><strong>anno</strong></span> <span class='ocrx_word' id='word_1_485' title='bbox 1320 4281 1425 4338; x_wconf 81' lang='lat'><strong>977</strong></span> <span class='ocrx_word' id='word_1_486' title='bbox 1455 4283 1525 4337; x_wconf 91' lang='lat' dir='ltr'><strong>ad</strong></span> <span class='ocrx_word' id='word_1_487' title='bbox 1552 4283 1681 4347; x_wconf 88' lang='lat'><strong>990,</strong></span> <span class='ocrx_word' id='word_1_488' title='bbox 1704 4276 1973 4337; x_wconf 60' lang='lat' dir='ltr'><strong>&#39;ex&#39;Chro-</strong></span> 
     </span>
    </p>
   </div>
   <div class='ocr_carea' id='block_1_62' title="bbox 353 4346 1969 4428">
    <p class='ocr_par' dir='ltr' id='par_1_62' title="bbox 353 4346 1969 4428">
     <span class='ocr_line' id='line_1_63' title="bbox 353 4346 1969 4428; baseline 0.004 -27"><span class='ocrx_word' id='word_1_489' title='bbox 353 4346 495 4428; x_wconf 62' lang='lat' dir='ltr'><strong>picis</strong></span> <span class='ocrx_word' id='word_1_490' title='bbox 817 4351 1052 4428; x_wconf 50' lang='lat' dir='ltr'><strong>ﬂangzji,</strong></span> <span class='ocrx_word' id='word_1_491' title='bbox 1076 4353 1346 4428; x_wconf 64' lang='lat' dir='ltr'><strong>monachi</strong></span> <span class='ocrx_word' id='word_1_492' title='bbox 1361 4353 1536 4428; x_wconf 85' lang='lat' dir='ltr'><strong>sancti</strong></span> <span class='ocrx_word' id='word_1_493' title='bbox 1559 4353 1827 4428; x_wconf 80' lang='lat' dir='ltr'><strong>Dionysii,</strong></span> <span class='ocrx_word' id='word_1_494' title='bbox 1842 4369 1969 4428; x_wconf 82' lang='lat' dir='ltr'><strong>pag.</strong></span> 
     </span>
    </p>
   </div>
   <div class='ocr_carea' id='block_1_63' title="bbox 350 4418 1975 4486">
    <p class='ocr_par' dir='ltr' id='par_1_63' title="bbox 350 4418 1975 4486">
     <span class='ocr_line' id='line_1_64' title="bbox 350 4418 1975 4486; baseline 0.004 -14"><span class='ocrx_word' id='word_1_495' title='bbox 350 4418 479 4486; x_wconf 70' lang='lat'><strong>207,</strong></span> <span class='ocrx_word' id='word_1_496' title='bbox 508 4418 618 4473; x_wconf 75' lang='grc'><strong>214</strong></span> <span class='ocrx_word' id='word_1_497' title='bbox 670 4420 783 4477; x_wconf 78' lang='lat' dir='ltr'><strong>Hoc</strong></span> <span class='ocrx_word' id='word_1_498' title='bbox 810 4418 1121 4480; x_wconf 80' lang='lat' dir='ltr'><strong>Chronicon</strong></span> <span class='ocrx_word' id='word_1_499' title='bbox 1148 4423 1280 4480; x_wconf 90' lang='lat' dir='ltr'><strong>licet</strong></span> <span class='ocrx_word' id='word_1_500' title='bbox 1308 4424 1626 4482; x_wconf 83' lang='lat' dir='ltr'><strong>Frodoardo</strong></span> <span class='ocrx_word' id='word_1_501' title='bbox 1656 4418 1768 4480; x_wconf 79' lang='lat' dir='ltr'><strong>non</strong></span> <span class='ocrx_word' id='word_1_502' title='bbox 1806 4418 1975 4479; x_wconf 64' lang='lat' dir='ltr'><strong>audiit</strong></span> 
     </span>
    </p>
   </div>
   <div class='ocr_carea' id='block_1_64' title="bbox 353 4490 1975 4572">
    <p class='ocr_par' dir='ltr' id='par_1_64' title="bbox 353 4490 1975 4572">
     <span class='ocr_line' id='line_1_65' title="bbox 353 4490 1975 4572; baseline 0 0"><span class='ocrx_word' id='word_1_503' title='bbox 353 4498 507 4572; x_wconf 66' lang='grc' dir='ltr'><strong>ρετιο</strong></span> <span class='ocrx_word' id='word_1_504' title='bbox 530 4490 780 4572; x_wconf 53' lang='lat' dir='ltr'><strong>Etim”</strong></span> <span class='ocrx_word' id='word_1_505' title='bbox 805 4493 1074 4572; x_wconf 52' lang='lat' dir='ltr'><strong>Pithoeus.</strong></span> <span class='ocrx_word' id='word_1_506' title='bbox 1096 4502 1284 4572; x_wconf 62' lang='lat' dir='ltr'><strong>tame}!</strong></span> <span class='ocrx_word' id='word_1_507' title='bbox 1313 4496 1592 4571; x_wconf 68' lang='lat' dir='ltr'><strong>egregiam</strong></span> <span class='ocrx_word' id='word_1_508' title='bbox 1622 4498 1811 4572; x_wconf 59' lang='lat'><strong>109$&quot;!</strong></span> <span class='ocrx_word' id='word_1_509' title='bbox 1838 4511 1975 4572; x_wconf 57' lang='lat' dir='ltr'><strong>pre:</strong></span> 
     </span>
    </p>
   </div>
   <div class='ocr_carea' id='block_1_65' title="bbox 354 4560 1975 4643">
    <p class='ocr_par' dir='ltr' id='par_1_65' title="bbox 354 4560 1975 4643">
     <span class='ocr_line' id='line_1_66' title="bbox 354 4560 1975 4643; baseline 0.004 -28"><span class='ocrx_word' id='word_1_510' title='bbox 354 4560 505 4643; x_wconf 74' lang='lat' dir='ltr'><strong>ferre</strong></span> <span class='ocrx_word' id='word_1_511' title='bbox 532 4560 640 4617; x_wconf 92' lang='lat' dir='ltr'><strong>illis</strong></span> <span class='ocrx_word' id='word_1_512' title='bbox 653 4564 1000 4635; x_wconf 85' lang='lat' dir='ltr'><strong>temporibus</strong></span> <span class='ocrx_word' id='word_1_513' title='bbox 1029 4560 1143 4624; x_wconf 87' lang='lat' dir='ltr'><strong>non</strong></span> <span class='ocrx_word' id='word_1_514' title='bbox 1170 4560 1535 4643; x_wconf 54' lang='lat' dir='ltr'><strong>diffite&#39;t&#39;ur:et</strong></span> <span class='ocrx_word' id='word_1_515' title='bbox 1553 4569 1657 4624; x_wconf 92' lang='lat' dir='ltr'><strong>sub</strong></span> <span class='ocrx_word' id='word_1_516' title='bbox 1683 4560 1975 4643; x_wconf 78' lang='lat' dir='ltr'><strong>Flodoardi</strong></span> 
     </span>
    </p>
   </div>
   <div class='ocr_carea' id='block_1_66' title="bbox 356 4638 1973 4716">
    <p class='ocr_par' dir='ltr' id='par_1_66' title="bbox 356 4638 1973 4716">
     <span class='ocr_line' id='line_1_67' title="bbox 356 4638 1973 4716; baseline 0.003 -28"><span class='ocrx_word' id='word_1_517' title='bbox 356 4638 583 4716; x_wconf 70' lang='lat' dir='ltr'><strong>nomine</strong></span> <span class='ocrx_word' id='word_1_518' title='bbox 605 4644 1068 4716; x_wconf 65' lang='lat' dir='ltr'><strong>recusum_est_et</strong></span> <span class='ocrx_word' id='word_1_519' title='bbox 1097 4655 1164 4694; x_wconf 88' lang='lat' dir='ltr'><strong>ex</strong></span> <span class='ocrx_word' id='word_1_520' title='bbox 1209 4638 1413 4716; x_wconf 75' lang='lat' dir='ltr'><strong>codice</strong></span> <span class='ocrx_word' id='word_1_521' title='bbox 1441 4639 1973 4716; x_wconf 81' lang='lat' dir='ltr'><strong>Thuanoemenda-</strong></span> 
     </span>
    </p>
   </div>
   <div class='ocr_carea' id='block_1_67' title="bbox 356 4705 1979 4785">
    <p class='ocr_par' dir='ltr' id='par_1_67' title="bbox 356 4705 1979 4785">
     <span class='ocr_line' id='line_1_68' title="bbox 356 4705 1979 4785; baseline 0.005 -28"><span class='ocrx_word' id='word_1_522' title='bbox 356 4705 466 4785; x_wconf 76' lang='lat' dir='ltr'><strong>tius</strong></span> <span class='ocrx_word' id='word_1_523' title='bbox 494 4705 553 4759; x_wconf 89' lang='lat' dir='ltr'><strong>in</strong></span> <span class='ocrx_word' id='word_1_524' title='bbox 590 4705 823 4785; x_wconf 56' lang='lat' dir='ltr'><strong>Andreae</strong></span> <span class='ocrx_word' id='word_1_525' title='bbox 855 4706 931 4763; x_wconf 91' lang='lat' dir='ltr'><strong>du</strong></span> <span class='ocrx_word' id='word_1_526' title='bbox 961 4707 1197 4778; x_wconf 86' lang='lat' dir='ltr'><strong>Chesne,</strong></span> <span class='ocrx_word' id='word_1_527' title='bbox 1224 4711 1341 4767; x_wconf 92' lang='lat' dir='ltr'><strong>sive</strong></span> <span class='ocrx_word' id='word_1_528' title='bbox 1362 4712 1709 4785; x_wconf 82' lang='lat' dir='ltr'><strong>Quercetani,</strong></span> <span class='ocrx_word' id='word_1_529' title='bbox 1740 4711 1979 4785; x_wconf 85' lang='lat' dir='ltr'><strong>scripto-</strong></span> 
     </span>
    </p>
   </div>
   <div class='ocr_carea' id='block_1_68' title="bbox 356 4773 1976 4856">
    <p class='ocr_par' dir='ltr' id='par_1_68' title="bbox 356 4773 1976 4856">
     <span class='ocr_line' id='line_1_69' title="bbox 356 4773 1976 4856; baseline 0.004 -26"><span class='ocrx_word' id='word_1_530' title='bbox 356 4773 516 4856; x_wconf 71' lang='lat' dir='ltr'><strong>ribus</strong></span> <span class='ocrx_word' id='word_1_531' title='bbox 532 4790 721 4856; x_wconf 83' lang='lat' dir='ltr'><strong>rerum</strong></span> <span class='ocrx_word' id='word_1_532' title='bbox 769 4777 1135 4856; x_wconf 54' lang='lat' dir='ltr'><strong>Francorum,</strong></span> <span class='ocrx_word' id='word_1_533' title='bbox 1183 4773 1334 4838; x_wconf 79' lang='lat' dir='ltr'><strong>tomo</strong></span> <span class='ocrx_word' id='word_1_534' title='bbox 1370 4773 1457 4856; x_wconf 57' lang='grc' dir='ltr'><strong>λῖι,</strong></span> <span class='ocrx_word' id='word_1_535' title='bbox 1509 4800 1565 4856; x_wconf 77' lang='lat' dir='ltr'><strong>p,</strong></span> <span class='ocrx_word' id='word_1_536' title='bbox 1773 4773 1976 4856; x_wconf 70' lang='lat' dir='ltr'><strong>Novam</strong></span> 
     </span>
    </p>
   </div>
   <div class='ocr_carea' id='block_1_69' title="bbox 358 4846 1976 4928">
    <p class='ocr_par' dir='ltr' id='par_1_69' title="bbox 358 4846 1976 4928">
     <span class='ocr_line' id='line_1_70' title="bbox 358 4846 1976 4928; baseline 0.004 -26"><span class='ocrx_word' id='word_1_537' title='bbox 358 4846 666 4928; x_wconf 74' lang='lat' dir='ltr'><strong>editionem</strong></span> <span class='ocrx_word' id='word_1_538' title='bbox 695 4849 861 4928; x_wconf 80' lang='lat' dir='ltr'><strong>hujus</strong></span> <span class='ocrx_word' id='word_1_539' title='bbox 883 4849 1139 4928; x_wconf 75' lang='lat' dir='ltr'><strong>Chronici</strong></span> <span class='ocrx_word' id='word_1_540' title='bbox 1158 4864 1216 4908; x_wconf 91' lang='lat' dir='ltr'><strong>et</strong></span> <span class='ocrx_word' id='word_1_541' title='bbox 1238 4846 1491 4928; x_wconf 84' lang='lat' dir='ltr'><strong>omnium</strong></span> <span class='ocrx_word' id='word_1_542' title='bbox 1510 4846 1810 4928; x_wconf 61' lang='lat' dir='ltr'><strong>&#39;Elodoardi</strong></span> <span class='ocrx_word' id='word_1_543' title='bbox 1841 4869 1976 4925; x_wconf 88' lang='lat' dir='ltr'><strong>ope-</strong></span> 
     </span>
    </p>
   </div>
   <div class='ocr_carea' id='block_1_70' title="bbox 360 4916 1978 5000">
    <p class='ocr_par' dir='ltr' id='par_1_70' title="bbox 360 4916 1978 5000">
     <span class='ocr_line' id='line_1_71' title="bbox 360 4916 1978 5000; baseline 0.004 -28"><span class='ocrx_word' id='word_1_544' title='bbox 360 4916 797 5000; x_wconf 57' lang='lat' dir='ltr'><strong>rummelioreni</strong></span> <span class='ocrx_word' id='word_1_545' title='bbox 834 4920 1173 5000; x_wconf 80' lang='lat' dir='ltr'><strong>jampridem</strong></span> <span class='ocrx_word' id='word_1_546' title='bbox 1213 4926 1393 5000; x_wconf 63' lang='lat' dir='ltr'><strong>parari</strong></span> <span class='ocrx_word' id='word_1_547' title='bbox 1458 4942 1491 5000; x_wconf 71' lang='grc' dir='ltr'><strong>ξι</strong></span> <span class='ocrx_word' id='word_1_548' title='bbox 1540 4926 1611 5000; x_wconf 80' lang='lat' dir='ltr'><strong>D._</strong></span> <span class='ocrx_word' id='word_1_549' title='bbox 1644 4926 1712 4982; x_wconf 92' lang='lat' dir='ltr'><strong>de</strong></span> <span class='ocrx_word' id='word_1_550' title='bbox 1741 4916 1978 5000; x_wconf 78' lang='lat' dir='ltr'><strong>Targny,</strong></span> 
     </span>
    </p>
   </div>
   <div class='ocr_carea' id='block_1_71' title="bbox 359 4988 1983 5053">
    <p class='ocr_par' dir='ltr' id='par_1_71' title="bbox 359 4988 1983 5053">
     <span class='ocr_line' id='line_1_72' title="bbox 359 4988 1983 5053; baseline 0.006 -10"><span class='ocrx_word' id='word_1_551' title='bbox 359 4988 1229 5051; x_wconf 45' lang='lat' dir='ltr'><strong>Noviodumensiﬁthe&#39;saurario&#39;</strong></span> <span class='ocrx_word' id='word_1_552' title='bbox 1272 4995 1532 5052; x_wconf 62' lang='lat' dir='ltr'><strong>Ecclesiae</strong></span> <span class='ocrx_word' id='word_1_553' title='bbox 1585 4988 1879 5053; x_wconf 67' lang='lat' dir='ltr'><strong>Remensi§</strong></span> <span class='ocrx_word' id='word_1_554' title='bbox 1923 4988 1983 5052; x_wconf 69' lang='lat' dir='ltr'><strong>et</strong></span> 
     </span>
    </p>
   </div>
   <div class='ocr_carea' id='block_1_72' title="bbox 360 5037 2059 5146">
    <p class='ocr_par' dir='ltr' id='par_1_72' title="bbox 360 5037 2059 5146">
     <span class='ocr_line' id='line_1_73' title="bbox 360 5037 2059 5146; baseline 0.002 0"><span class='ocrx_word' id='word_1_555' title='bbox 360 5037 1231 5146; x_wconf 37' lang='lat' dir='ltr'><strong>suasumsesama</strong></span> <span class='ocrx_word' id='word_1_556' title='bbox 1249 5037 1983 5146; x_wconf 52' lang='lat' dir='ltr'><strong>.§§&quot;&#39;35539§%&quot;j3&quot;55§g_{5</strong></span> <span class='ocrx_word' id='word_1_557' title='bbox 2007 5037 2059 5106; x_wconf 76' lang='grc' dir='ltr'><strong>ί)</strong></span> 
     </span>
    </p>
   </div>
   <div class='ocr_carea' id='block_1_73' title="bbox 350 5130 1982 5205">
    <p class='ocr_par' dir='ltr' id='par_1_73' title="bbox 350 5130 1982 5205">
     <span class='ocr_line' id='line_1_74' title="bbox 350 5130 1982 5205; baseline 0.006 -20"><span class='ocrx_word' id='word_1_558' title='bbox 350 5130 705 5205; x_wconf 66' lang='lat' dir='ltr'><strong>bibliotheca</strong></span> <span class='ocrx_word' id='word_1_559' title='bbox 730 5130 1127 5205; x_wconf 67' lang='lat' dir='ltr'><strong>Historicorum</strong></span> <span class='ocrx_word' id='word_1_560' title='bbox 1169 5138 1376 5205; x_wconf 62' lang='lat' dir='ltr'><strong>Gallias,</strong></span> <span class='ocrx_word' id='word_1_561' title='bbox 1430 5155 1486 5194; x_wconf 94' lang='lat' dir='ltr'><strong>n.</strong></span> <span class='ocrx_word' id='word_1_562' title='bbox 1532 5140 1698 5204; x_wconf 72' lang='lat'><strong>3746,</strong></span> <span class='ocrx_word' id='word_1_563' title='bbox 1731 5148 1787 5195; x_wconf 91' lang='lat' dir='ltr'><strong>et</strong></span> <span class='ocrx_word' id='word_1_564' title='bbox 1822 5130 1982 5195; x_wconf 57' lang='lat'><strong>6870.</strong></span> 
     </span>
    </p>
   </div>
   <div class='ocr_carea' id='block_1_74' title="bbox 362 5200 1987 5284">
    <p class='ocr_par' dir='ltr' id='par_1_74' title="bbox 362 5200 1987 5284">
     <span class='ocr_line' id='line_1_75' title="bbox 362 5200 1987 5284; baseline 0.005 -27"><span class='ocrx_word' id='word_1_565' title='bbox 362 5200 746 5284; x_wconf 54' lang='lat' dir='ltr'><strong>Cpnfeqendus</strong></span> <span class='ocrx_word' id='word_1_566' title='bbox 776 5204 951 5263; x_wconf 83' lang='lat' dir='ltr'><strong>codex</strong></span> <span class='ocrx_word' id='word_1_567' title='bbox 1006 5208 1278 5284; x_wconf 81' lang='lat' dir='ltr'><strong>integrior</strong></span> <span class='ocrx_word' id='word_1_568' title='bbox 1324 5200 1696 5284; x_wconf 44' lang='lat' dir='ltr'><strong>Cottonianus&#39;</strong></span> <span class='ocrx_word' id='word_1_569' title='bbox 1729 5212 1797 5265; x_wconf 91' lang='lat' dir='ltr'><strong>ab</strong></span> <span class='ocrx_word' id='word_1_570' title='bbox 1826 5212 1987 5267; x_wconf 88' lang='lat' dir='ltr'><strong>Octa-</strong></span> 
     </span>
    </p>
   </div>
   <div class='ocr_carea' id='block_1_75' title="bbox 362 5281 1984 5353">
    <p class='ocr_par' dir='ltr' id='par_1_75' title="bbox 362 5281 1984 5353">
     <span class='ocr_line' id='line_1_76' title="bbox 362 5281 1984 5353; baseline 0.007 -28"><span class='ocrx_word' id='word_1_571' title='bbox 362 5281 527 5353; x_wconf 59' lang='lat' dir='ltr'><strong>viam}</strong></span> <span class='ocrx_word' id='word_1_572' title='bbox 558 5281 913 5353; x_wconf 73' lang='lat' dir='ltr'><strong>imperatore,</strong></span> <span class='ocrx_word' id='word_1_573' title='bbox 943 5281 1516 5353; x_wconf 9' lang='lat' dir='ltr'><strong>cumgcontinuatione</strong></span> <span class='ocrx_word' id='word_1_574' title='bbox 1542 5284 1853 5353; x_wconf 79' lang='lat' dir='ltr'><strong>Reginaldi.</strong></span> <span class='ocrx_word' id='word_1_575' title='bbox 1889 5299 1984 5337; x_wconf 86' lang='lat' dir='ltr'><strong>ar-</strong></span> 
     </span>
    </p>
   </div>
   <div class='ocr_carea' id='block_1_76' title="bbox 362 5341 1984 5425">
    <p class='ocr_par' dir='ltr' id='par_1_76' title="bbox 362 5341 1984 5425">
     <span class='ocr_line' id='line_1_77' title="bbox 362 5341 1984 5425; baseline 0.009 -30"><span class='ocrx_word' id='word_1_576' title='bbox 362 5341 678 5425; x_wconf 60' lang='lat' dir='ltr'><strong>chidiaconi</strong></span> <span class='ocrx_word' id='word_1_577' title='bbox 719 5341 1151 5425; x_wconf 75' lang='lat' dir='ltr'><strong>Andegavensis,</strong></span> <span class='ocrx_word' id='word_1_578' title='bbox 1197 5369 1388 5425; x_wconf 71' lang='lat' dir='ltr'><strong>usque</strong></span> <span class='ocrx_word' id='word_1_579' title='bbox 1435 5355 1504 5408; x_wconf 89' lang='lat' dir='ltr'><strong>ad</strong></span> <span class='ocrx_word' id='word_1_580' title='bbox 1553 5341 1757 5409; x_wconf 60' lang='lat' dir='ltr'><strong>animm</strong></span> <span class='ocrx_word' id='word_1_581' title='bbox 1824 5341 1984 5409; x_wconf 61' lang='lat'><strong>{277.</strong></span> 
     </span>
    </p>
   </div>
   <div class='ocr_carea' id='block_1_77' title="bbox 363 5413 1630 5489">
    <p class='ocr_par' dir='ltr' id='par_1_77' title="bbox 363 5413 1630 5489">
     <span class='ocr_line' id='line_1_78' title="bbox 363 5413 1630 5489; baseline 0.009 -23"><span class='ocrx_word' id='word_1_582' title='bbox 363 5413 508 5489; x_wconf 76' lang='lat' dir='ltr'><strong>Vid_e</strong></span> <span class='ocrx_word' id='word_1_583' title='bbox 531 5415 843 5489; x_wconf 83' lang='lat' dir='ltr'><strong>catalogum</strong></span> <span class='ocrx_word' id='word_1_584' title='bbox 873 5413 977 5475; x_wconf 75' lang='lat' dir='ltr'><strong>ins.</strong></span> <span class='ocrx_word' id='word_1_585' title='bbox 1012 5413 1151 5477; x_wconf 75' lang='lat' dir='ltr'><strong>bibl.</strong></span> <span class='ocrx_word' id='word_1_586' title='bbox 1184 5413 1422 5489; x_wconf 64' lang='lat' dir='ltr'><strong>Cotton.,</strong></span> <span class='ocrx_word' id='word_1_587' title='bbox 1455 5441 1509 5482; x_wconf 92' lang='lat' dir='ltr'><strong>n.</strong></span> <span class='ocrx_word' id='word_1_588' title='bbox 1539 5426 1630 5481; x_wconf 91' lang='lat'><strong>69.</strong></span> 
     </span>
    </p>
   </div>
   <div class='ocr_carea' id='block_1_78' title="bbox 433 5486 1966 5569">
    <p class='ocr_par' dir='ltr' id='par_1_78' title="bbox 433 5486 1966 5569">
     <span class='ocr_line' id='line_1_79' title="bbox 433 5486 1966 5569; baseline 0.005 -26"><span class='ocrx_word' id='word_1_589' title='bbox 433 5486 686 5569; x_wconf 56' lang='grc' dir='ltr'><strong>Ηίερρςὶα</strong></span> <span class='ocrx_word' id='word_1_590' title='bbox 717 5486 987 5569; x_wconf 55' lang='grc' dir='ltr'><strong>Ἑοᾷοεερ</strong></span> <span class='ocrx_word' id='word_1_591' title='bbox 1022 5489 1313 5569; x_wconf 65' lang='lat' dir='ltr'><strong>Bernensis,</strong></span> <span class='ocrx_word' id='word_1_592' title='bbox 1370 5486 1505 5563; x_wconf 85' lang='lat' dir='ltr'><strong>sive,</strong></span> <span class='ocrx_word' id='word_1_593' title='bbox 1537 5506 1598 5551; x_wconf 93' lang='lat' dir='ltr'><strong>ut</strong></span> <span class='ocrx_word' id='word_1_594' title='bbox 1642 5494 1966 5569; x_wconf 84' lang='lat' dir='ltr'><strong>Sigebertus</strong></span> 
     </span>
    </p>
   </div>
   <div class='ocr_carea' id='block_1_79' title="bbox 364 5537 1986 5636">
    <p class='ocr_par' dir='ltr' id='par_1_79' title="bbox 364 5537 1986 5636">
     <span class='ocr_line' id='line_1_80' title="bbox 434 5537 1983 5569; baseline 0.006 -24"><span class='ocrx_word' id='word_1_595' title='bbox 434 5537 603 5540; x_wconf 39' lang='lat'><strong>-_----.</strong></span> <span class='ocrx_word' id='word_1_596' title='bbox 733 5537 983 5547; x_wconf 66' lang='lat'><strong>_-----...</strong></span> <span class='ocrx_word' id='word_1_597' title='bbox 1022 5537 1313 5561; x_wconf 67' lang='lat'><strong>..-..--...,..,,</strong></span> <span class='ocrx_word' id='word_1_598' title='bbox 1370 5537 1505 5563; x_wconf 64' lang='grc' dir='ltr'><strong>ουν,</strong></span> <span class='ocrx_word' id='word_1_599' title='bbox 1541 5537 1598 5551; x_wconf 64' lang='grc' dir='ltr'>ς..</span> <span class='ocrx_word' id='word_1_600' title='bbox 1643 5537 1983 5569; x_wconf 44' lang='lat' dir='ltr'><strong>uacuum&quot;,</strong></span> 
     </span>
     <span class='ocr_line' id='line_1_81' title="bbox 364 5553 1986 5636; baseline 0.006 -26"><span class='ocrx_word' id='word_1_601' title='bbox 364 5568 487 5636; x_wconf 70' lang='lat' dir='ltr'><strong>cap.</strong></span> <span class='ocrx_word' id='word_1_602' title='bbox 521 5553 648 5636; x_wconf 59' lang='lat'><strong>132,</strong></span> <span class='ocrx_word' id='word_1_603' title='bbox 697 5566 877 5626; x_wconf 88' lang='lat' dir='ltr'><strong>vocat,</strong></span> <span class='ocrx_word' id='word_1_604' title='bbox 920 5562 1083 5636; x_wconf 77' lang='lat' dir='ltr'><strong>Gesta</strong></span> <span class='ocrx_word' id='word_1_605' title='bbox 1132 5570 1453 5636; x_wconf 74' lang='lat' dir='ltr'><strong>pontiﬁcum</strong></span> <span class='ocrx_word' id='word_1_606' title='bbox 1510 5570 1868 5633; x_wconf 73' lang='lat' dir='ltr'><strong>Remensium,</strong></span> <span class='ocrx_word' id='word_1_607' title='bbox 1910 5566 1986 5620; x_wconf 90' lang='lat' dir='ltr'><strong>li-</strong></span> 
     </span>
    </p>
   </div>
   <div class='ocr_carea' id='block_1_80' title="bbox 366 5624 1987 5721">
    <p class='ocr_par' dir='ltr' id='par_1_80' title="bbox 366 5624 1987 5721">
     <span class='ocr_line' id='line_1_82' title="bbox 366 5624 1987 5721; baseline 0.007 -42"><span class='ocrx_word' id='word_1_608' title='bbox 366 5624 749 5721; x_wconf 52' lang='lat' dir='ltr'><strong>quatuor</strong></span> <span class='ocrx_word' id='word_1_609' title='bbox 765 5624 1029 5721; x_wconf 51' lang='lat' dir='ltr'><strong>usquead</strong></span> <span class='ocrx_word' id='word_1_610' title='bbox 1050 5624 1258 5715; x_wconf 72' lang='lat' dir='ltr'><strong>annum</strong></span> <span class='ocrx_word' id='word_1_611' title='bbox 1282 5624 1407 5720; x_wconf 55' lang='lat'><strong>9&amp;8,</strong></span> <span class='ocrx_word' id='word_1_612' title='bbox 1424 5655 1658 5721; x_wconf 69' lang='lat' dir='ltr'><strong>quorum</strong></span> <span class='ocrx_word' id='word_1_613' title='bbox 1671 5624 1987 5721; x_wconf 55' lang='lat' dir='ltr'><strong>versionem</strong></span> 
     </span>
    </p>
   </div>
   <div class='ocr_carea' id='block_1_81' title="bbox 362 5694 1989 5771">
    <p class='ocr_par' dir='ltr' id='par_1_81' title="bbox 362 5694 1989 5771">
     <span class='ocr_line' id='line_1_83' title="bbox 362 5694 1989 5771; baseline 0.009 -22"><span class='ocrx_word' id='word_1_614' title='bbox 362 5694 624 5752; x_wconf 81' lang='lat' dir='ltr'><strong>Gallicam</strong></span> <span class='ocrx_word' id='word_1_615' title='bbox 649 5698 747 5753; x_wconf 88' lang='lat' dir='ltr'><strong>sed</strong></span> <span class='ocrx_word' id='word_1_616' title='bbox 778 5694 1034 5770; x_wconf 77' lang='lat' dir='ltr'><strong>pluribus</strong></span> <span class='ocrx_word' id='word_1_617' title='bbox 1065 5704 1268 5771; x_wconf 89' lang='lat' dir='ltr'><strong>passim</strong></span> <span class='ocrx_word' id='word_1_618' title='bbox 1298 5694 1519 5765; x_wconf 71' lang='lat' dir='ltr'><strong>omissis</strong></span> <span class='ocrx_word' id='word_1_619' title='bbox 1557 5709 1808 5764; x_wconf 85' lang='lat' dir='ltr'><strong>ediderat</strong></span> <span class='ocrx_word' id='word_1_620' title='bbox 1838 5709 1989 5764; x_wconf 87' lang='lat' dir='ltr'><strong>Nico-</strong></span> 
     </span>
    </p>
   </div>
   <div class='ocr_carea' id='block_1_82' title="bbox 2068 3709 3705 3787">
    <p class='ocr_par' dir='ltr' id='par_1_82' title="bbox 2068 3709 3705 3787">
     <span class='ocr_line' id='line_1_84' title="bbox 2068 3709 3705 3787; baseline 0.001 -21"><span class='ocrx_word' id='word_1_621' title='bbox 2068 3711 2254 3787; x_wconf 67' lang='lat' dir='ltr'><strong>Bemis</strong></span> <span class='ocrx_word' id='word_1_622' title='bbox 2317 3709 2470 3787; x_wconf 50' lang='lat'><strong>[580,</strong></span> <span class='ocrx_word' id='word_1_623' title='bbox 2536 3710 3117 3787; x_wconf 68' lang='lat' dir='ltr'><strong>4_integros__Latine</strong></span> <span class='ocrx_word' id='word_1_624' title='bbox 3171 3711 3394 3787; x_wconf 73' lang='lat' dir='ltr'><strong>primus</strong></span> <span class='ocrx_word' id='word_1_625' title='bbox 3455 3711 3705 3787; x_wconf 87' lang='lat' dir='ltr'><strong>vulgavit</strong></span> 
     </span>
    </p>
   </div>
   <div class='ocr_carea' id='block_1_83' title="bbox 2066 3781 3710 3853">
    <p class='ocr_par' dir='ltr' id='par_1_83' title="bbox 2066 3781 3710 3853">
     <span class='ocr_line' id='line_1_85' title="bbox 2066 3781 3710 3853; baseline -0.001 -15"><span class='ocrx_word' id='word_1_626' title='bbox 2066 3783 2308 3838; x_wconf 80' lang='lat' dir='ltr'><strong>Jacobus</strong></span> <span class='ocrx_word' id='word_1_627' title='bbox 2338 3781 2685 3847; x_wconf 89' lang='lat' dir='ltr'><strong>Sirmondus,</strong></span> <span class='ocrx_word' id='word_1_628' title='bbox 2717 3781 2940 3853; x_wconf 76' lang='lat' dir='ltr'><strong>Parisiis</strong></span> <span class='ocrx_word' id='word_1_629' title='bbox 2972 3782 3132 3848; x_wconf 80' lang='grc'><strong>1611,</strong></span> <span class='ocrx_word' id='word_1_630' title='bbox 3165 3783 3243 3848; x_wconf 88' lang='grc' dir='ltr'><strong>8ο,</strong></span> <span class='ocrx_word' id='word_1_631' title='bbox 3307 3798 3431 3837; x_wconf 92' lang='lat' dir='ltr'><strong>cum</strong></span> <span class='ocrx_word' id='word_1_632' title='bbox 3491 3781 3710 3853; x_wconf 63' lang='lat' dir='ltr'><strong>ap&#39;pen-</strong></span> 
     </span>
    </p>
   </div>
   <div class='ocr_carea' id='block_1_84' title="bbox 2068 3852 3702 3921">
    <p class='ocr_par' dir='ltr' id='par_1_84' title="bbox 2068 3852 3702 3921">
     <span class='ocr_line' id='line_1_86' title="bbox 2068 3852 3702 3921; baseline -0.001 -11"><span class='ocrx_word' id='word_1_633' title='bbox 2068 3856 2194 3910; x_wconf 89' lang='lat' dir='ltr'><strong>dice</strong></span> <span class='ocrx_word' id='word_1_634' title='bbox 2248 3855 2545 3921; x_wconf 77' lang='lat' dir='ltr'><strong>Anonymi,</strong></span> <span class='ocrx_word' id='word_1_635' title='bbox 2609 3852 2861 3908; x_wconf 89' lang='lat' dir='ltr'><strong>canonici</strong></span> <span class='ocrx_word' id='word_1_636' title='bbox 2933 3853 3221 3908; x_wconf 79' lang='lat' dir='ltr'><strong>Remensis</strong></span> <span class='ocrx_word' id='word_1_637' title='bbox 3278 3854 3423 3909; x_wconf 89' lang='lat' dir='ltr'><strong>circa</strong></span> <span class='ocrx_word' id='word_1_638' title='bbox 3490 3852 3702 3908; x_wconf 88' lang='lat' dir='ltr'><strong>annum</strong></span> 
     </span>
    </p>
   </div>
   <div class='ocr_carea' id='block_1_85' title="bbox 2072 3924 3703 3996">
    <p class='ocr_par' dir='ltr' id='par_1_85' title="bbox 2072 3924 3703 3996">
     <span class='ocr_line' id='line_1_87' title="bbox 2072 3924 3703 3996; baseline -0.001 -15"><span class='ocrx_word' id='word_1_639' title='bbox 2072 3926 2231 3991; x_wconf 76' lang='grc'><strong>1140,</strong></span> <span class='ocrx_word' id='word_1_640' title='bbox 2265 3925 2359 3996; x_wconf 88' lang='lat' dir='ltr'><strong>qui</strong></span> <span class='ocrx_word' id='word_1_641' title='bbox 2383 3924 2747 3996; x_wconf 85' lang='lat' dir='ltr'><strong>Flodoardum</strong></span> <span class='ocrx_word' id='word_1_642' title='bbox 2771 3924 3134 3991; x_wconf 89' lang='lat' dir='ltr'><strong>breviaverat,</strong></span> <span class='ocrx_word' id='word_1_643' title='bbox 3160 3925 3396 3996; x_wconf 85' lang='lat' dir='ltr'><strong>aliisque</strong></span> <span class='ocrx_word' id='word_1_644' title='bbox 3410 3925 3703 3996; x_wconf 83' lang='lat' dir='ltr'><strong>opusculis</strong></span> 
     </span>
    </p>
   </div>
   <div class='ocr_carea' id='block_1_86' title="bbox 2069 3995 3701 4067">
    <p class='ocr_par' dir='ltr' id='par_1_86' title="bbox 2069 3995 3701 4067">
     <span class='ocr_line' id='line_1_88' title="bbox 2069 3995 3701 4067; baseline -0.001 -15"><span class='ocrx_word' id='word_1_645' title='bbox 2069 3998 2139 4053; x_wconf 91' lang='lat' dir='ltr'><strong>ad</strong></span> <span class='ocrx_word' id='word_1_646' title='bbox 2170 3995 2422 4051; x_wconf 79' lang='lat' dir='ltr'><strong>eamdem</strong></span> <span class='ocrx_word' id='word_1_647' title='bbox 2467 3995 2770 4067; x_wconf 85' lang='lat' dir='ltr'><strong>Ecclesiam</strong></span> <span class='ocrx_word' id='word_1_648' title='bbox 2829 3995 3231 4067; x_wconf 78' lang='lat' dir='ltr'><strong>spectantibus.</strong></span> <span class='ocrx_word' id='word_1_649' title='bbox 3294 3995 3421 4050; x_wconf 86' lang='lat' dir='ltr'><strong>Post</strong></span> <span class='ocrx_word' id='word_1_650' title='bbox 3451 3997 3701 4051; x_wconf 88' lang='lat' dir='ltr'><strong>Sirmon-</strong></span> 
     </span>
    </p>
   </div>
   <div class='ocr_carea' id='block_1_87' title="bbox 2071 4066 3703 4141">
    <p class='ocr_par' dir='ltr' id='par_1_87' title="bbox 2071 4066 3703 4141">
     <span class='ocr_line' id='line_1_89' title="bbox 2071 4066 3703 4141; baseline -0.001 -18"><span class='ocrx_word' id='word_1_651' title='bbox 2071 4070 2229 4141; x_wconf 70' lang='lat' dir='ltr'><strong>dum,</strong></span> <span class='ocrx_word' id='word_1_652' title='bbox 2244 4067 2527 4141; x_wconf 76' lang='lat' dir='ltr'><strong>Georgius</strong></span> <span class='ocrx_word' id='word_1_653' title='bbox 2571 4066 2947 4141; x_wconf 55' lang='lat' dir='ltr'><strong>colvenerius,</strong></span> <span class='ocrx_word' id='word_1_654' title='bbox 3000 4066 3094 4138; x_wconf 93' lang='lat' dir='ltr'><strong>qui</strong></span> <span class='ocrx_word' id='word_1_655' title='bbox 3138 4066 3330 4123; x_wconf 88' lang='lat' dir='ltr'><strong>codice</strong></span> <span class='ocrx_word' id='word_1_656' title='bbox 3360 4067 3597 4141; x_wconf 87' lang='lat' dir='ltr'><strong>_Latino,</strong></span> <span class='ocrx_word' id='word_1_657' title='bbox 3637 4085 3703 4123; x_wconf 82' lang='lat' dir='ltr'><strong>ex</strong></span> 
     </span>
    </p>
   </div>
   <div class='ocr_carea' id='block_1_88' title="bbox 2070 4137 3696 4212">
    <p class='ocr_par' dir='ltr' id='par_1_88' title="bbox 2070 4137 3696 4212">
     <span class='ocr_line' id='line_1_90' title="bbox 2070 4137 3696 4212; baseline -0.001 -17"><span class='ocrx_word' id='word_1_658' title='bbox 2070 4156 2182 4212; x_wconf 93' lang='lat' dir='ltr'><strong>quo</strong></span> <span class='ocrx_word' id='word_1_659' title='bbox 2200 4137 2499 4212; x_wconf 64' lang='lat' dir='ltr'><strong>Chesna&#39;aus</strong></span> <span class='ocrx_word' id='word_1_660' title='bbox 2515 4137 2773 4193; x_wconf 77' lang='lat' dir='ltr'><strong>Gallicam</strong></span> <span class='ocrx_word' id='word_1_661' title='bbox 2785 4137 3101 4193; x_wconf 87' lang='lat' dir='ltr'><strong>versionem</strong></span> <span class='ocrx_word' id='word_1_662' title='bbox 3123 4154 3278 4212; x_wconf 88' lang='lat' dir='ltr'><strong>suam</strong></span> <span class='ocrx_word' id='word_1_663' title='bbox 3307 4137 3696 4212; x_wconf 73' lang='lat' dir='ltr'><strong>adernaverat,</strong></span> 
     </span>
    </p>
   </div>
   <div class='ocr_carea' id='block_1_89' title="bbox 2071 4210 3699 4280">
    <p class='ocr_par' dir='ltr' id='par_1_89' title="bbox 2071 4210 3699 4280">
     <span class='ocr_line' id='line_1_91' title="bbox 2071 4210 3699 4280; baseline -0.002 -13"><span class='ocrx_word' id='word_1_664' title='bbox 2071 4210 2372 4267; x_wconf 81' lang='lat' dir='ltr'><strong>contulisse</strong></span> <span class='ocrx_word' id='word_1_665' title='bbox 2402 4227 2462 4266; x_wconf 91' lang='lat' dir='ltr'><strong>se</strong></span> <span class='ocrx_word' id='word_1_666' title='bbox 2502 4218 2753 4273; x_wconf 82' lang='lat' dir='ltr'><strong>testatur,</strong></span> <span class='ocrx_word' id='word_1_667' title='bbox 2804 4225 2869 4265; x_wconf 90' lang='lat' dir='ltr'><strong>ac</strong></span> <span class='ocrx_word' id='word_1_668' title='bbox 2908 4219 3109 4280; x_wconf 68' lang='lat' dir='ltr'><strong>praeter</strong></span> <span class='ocrx_word' id='word_1_669' title='bbox 3169 4210 3380 4265; x_wconf 88' lang='lat' dir='ltr'><strong>scholia</strong></span> <span class='ocrx_word' id='word_1_670' title='bbox 3415 4219 3472 4264; x_wconf 91' lang='lat' dir='ltr'><strong>et</strong></span> <span class='ocrx_word' id='word_1_671' title='bbox 3499 4225 3699 4265; x_wconf 88' lang='lat' dir='ltr'><strong>vocum</strong></span> 
     </span>
    </p>
   </div>
   <div class='ocr_carea' id='block_1_90' title="bbox 2072 4280 3699 4352">
    <p class='ocr_par' dir='ltr' id='par_1_90' title="bbox 2072 4280 3699 4352">
     <span class='ocr_line' id='line_1_92' title="bbox 2072 4280 3699 4352; baseline -0.001 -14"><span class='ocrx_word' id='word_1_672' title='bbox 2072 4283 2432 4338; x_wconf 88' lang='lat' dir='ltr'><strong>obscurarum</strong></span> <span class='ocrx_word' id='word_1_673' title='bbox 2470 4280 2896 4352; x_wconf 83' lang='lat' dir='ltr'><strong>explicationem</strong></span> <span class='ocrx_word' id='word_1_674' title='bbox 2927 4281 3140 4335; x_wconf 90' lang='lat' dir='ltr'><strong>addidit</strong></span> <span class='ocrx_word' id='word_1_675' title='bbox 3189 4280 3557 4351; x_wconf 84' lang='lat' dir='ltr'><strong>appendicem</strong></span> <span class='ocrx_word' id='word_1_676' title='bbox 3590 4283 3699 4336; x_wconf 87' lang='lat' dir='ltr'><strong>So-</strong></span> 
     </span>
    </p>
   </div>
   <div class='ocr_carea' id='block_1_91' title="bbox 2074 4351 3703 4423">
    <p class='ocr_par' dir='ltr' id='par_1_91' title="bbox 2074 4351 3703 4423">
     <span class='ocr_line' id='line_1_93' title="bbox 2074 4351 3703 4423; baseline -0.001 -14"><span class='ocrx_word' id='word_1_677' title='bbox 2074 4353 2215 4409; x_wconf 89' lang='lat' dir='ltr'><strong>nacii</strong></span> <span class='ocrx_word' id='word_1_678' title='bbox 2241 4352 2310 4407; x_wconf 93' lang='lat' dir='ltr'><strong>de</strong></span> <span class='ocrx_word' id='word_1_679' title='bbox 2326 4351 2552 4408; x_wconf 87' lang='lat' dir='ltr'><strong>statutis</strong></span> <span class='ocrx_word' id='word_1_680' title='bbox 2584 4351 2945 4423; x_wconf 87' lang='lat' dir='ltr'><strong>synodalibus</strong></span> <span class='ocrx_word' id='word_1_681' title='bbox 2999 4352 3258 4408; x_wconf 72' lang='lat' dir='ltr'><strong>Ecclesiae</strong></span> <span class='ocrx_word' id='word_1_682' title='bbox 3314 4352 3623 4417; x_wconf 78' lang='lat' dir='ltr'><strong>Remensis,</strong></span> <span class='ocrx_word' id='word_1_683' title='bbox 3648 4360 3703 4407; x_wconf 89' lang='lat' dir='ltr'><strong>et</strong></span> 
     </span>
    </p>
   </div>
   <div class='ocr_carea' id='block_1_92' title="bbox 2073 4423 3442 4553">
    <p class='ocr_par' dir='ltr' id='par_1_92' title="bbox 2073 4423 3442 4553">
     <span class='ocr_line' id='line_1_94' title="bbox 2073 4423 3442 4551; baseline -0.002 -70"><span class='ocrx_word' id='word_1_684' title='bbox 2073 4425 2383 4551; x_wconf 45' lang='lat' dir='ltr'><strong>catalogum</strong></span> <span class='ocrx_word' id='word_1_685' title='bbox 2448 4423 2991 4505; x_wconf 77' lang='lat' dir='ltr'><strong>archiepiscoporum</strong></span> <span class='ocrx_word' id='word_1_686' title='bbox 3069 4423 3442 4478; x_wconf 80' lang='lat' dir='ltr'><strong>Remensium.</strong></span> 
     </span>
     <span class='ocr_line' id='line_1_95' title="bbox 2073 4494 3440 4553; baseline -0.004 -1"><span class='ocrx_word' id='word_1_687' title='bbox 2073 4498 2235 4553; x_wconf 84' lang='grc'>1617.</span> <span class='ocrx_word' id='word_1_688' title='bbox 2300 4504 2343 4551; x_wconf 82' lang='grc' dir='ltr'>ο.</span> <span class='ocrx_word' id='word_1_689' title='bbox 2376 4494 2685 4551; x_wconf 82' lang='lat' dir='ltr'><strong>Colvenerii</strong></span> <span class='ocrx_word' id='word_1_690' title='bbox 2711 4494 3014 4549; x_wconf 77' lang='lat' dir='ltr'><strong>editionem</strong></span> <span class='ocrx_word' id='word_1_691' title='bbox 3072 4509 3440 4553; x_wconf 87' lang='lat' dir='ltr'><strong>exnresserun</strong></span> 
     </span>
    </p>
   </div>
   <div class='ocr_carea' id='block_1_93' title="bbox 2220 4536 2235 4561">
    <p class='ocr_par' dir='ltr' id='par_1_93' title="bbox 2220 4536 2235 4561">
     <span class='ocr_line' id='line_1_96' title="bbox 2220 4536 2235 4561; baseline 0 0"><span class='ocrx_word' id='word_1_692' title='bbox 2220 4536 2235 4561; x_wconf 72' lang='grc'><strong>9</strong></span> 
     </span>
    </p>
   </div>
   <div class='ocr_carea' id='block_1_94' title="bbox 3530 4423 3695 4477">
    <p class='ocr_par' dir='ltr' id='par_1_94' title="bbox 3530 4423 3695 4477">
     <span class='ocr_line' id='line_1_97' title="bbox 3530 4423 3695 4477; baseline 0 0"><span class='ocrx_word' id='word_1_693' title='bbox 3530 4423 3695 4477; x_wconf 89' lang='lat' dir='ltr'><strong>Duaci</strong></span> 
     </span>
    </p>
   </div>
   <div class='ocr_carea' id='block_1_95' title="bbox 2331 4439 3705 4564">
    <p class='ocr_par' dir='ltr' id='par_1_95' title="bbox 2331 4439 3705 4564">
     <span class='ocr_line' id='line_1_98' title="bbox 2331 4439 3698 4505; baseline -0.001 -26"><span class='ocrx_word' id='word_1_694' title='bbox 2331 4440 2383 4479; x_wconf 93' lang='lat' dir='ltr'><strong>m</strong></span> <span class='ocrx_word' id='word_1_695' title='bbox 2448 4439 2991 4505; x_wconf 74' lang='lat' dir='ltr'><strong>archiepiscoporum</strong></span> <span class='ocrx_word' id='word_1_696' title='bbox 3069 4439 3442 4478; x_wconf 73' lang='lat' dir='ltr'><strong>nemensxum.</strong></span> <span class='ocrx_word' id='word_1_697' title='bbox 3530 4439 3698 4478; x_wconf 80' lang='lat' dir='ltr'><strong>uuacl</strong></span> 
     </span>
     <span class='ocr_line' id='line_1_99' title="bbox 2331 4494 3705 4564; baseline -0.001 -13"><span class='ocrx_word' id='word_1_698' title='bbox 2331 4539 2343 4551; x_wconf 94' lang='lat'><strong>.</strong></span> <span class='ocrx_word' id='word_1_699' title='bbox 2376 4494 2685 4551; x_wconf 82' lang='lat' dir='ltr'><strong>Colvenerii</strong></span> <span class='ocrx_word' id='word_1_700' title='bbox 2711 4494 3014 4549; x_wconf 77' lang='lat' dir='ltr'><strong>editionem</strong></span> <span class='ocrx_word' id='word_1_701' title='bbox 3072 4501 3467 4564; x_wconf 89' lang='lat' dir='ltr'><strong>expresserunt</strong></span> <span class='ocrx_word' id='word_1_702' title='bbox 3496 4494 3705 4549; x_wconf 86' lang='lat' dir='ltr'><strong>Biblio-</strong></span> 
     </span>
    </p>
   </div>
   <div class='ocr_carea' id='block_1_96' title="bbox 2075 4565 3705 4637">
    <p class='ocr_par' dir='ltr' id='par_1_96' title="bbox 2075 4565 3705 4637">
     <span class='ocr_line' id='line_1_100' title="bbox 2075 4565 3705 4637; baseline -0.002 -14"><span class='ocrx_word' id='word_1_703' title='bbox 2075 4569 2248 4624; x_wconf 67' lang='lat' dir='ltr'><strong>theca?</strong></span> <span class='ocrx_word' id='word_1_704' title='bbox 2266 4568 2509 4632; x_wconf 87' lang='lat' dir='ltr'><strong>Patrum,</strong></span> <span class='ocrx_word' id='word_1_705' title='bbox 2538 4566 2706 4621; x_wconf 91' lang='lat' dir='ltr'><strong>Paris.</strong></span> <span class='ocrx_word' id='word_1_706' title='bbox 2749 4566 2909 4637; x_wconf 74' lang='lat'><strong>1639,</strong></span> <span class='ocrx_word' id='word_1_707' title='bbox 2943 4573 2998 4620; x_wconf 90' lang='lat' dir='ltr'><strong>et</strong></span> <span class='ocrx_word' id='word_1_708' title='bbox 3028 4566 3329 4621; x_wconf 89' lang='lat' dir='ltr'><strong>novissima</strong></span> <span class='ocrx_word' id='word_1_709' title='bbox 3368 4565 3705 4637; x_wconf 83' lang='lat' dir='ltr'><strong>Lugdunen-</strong></span> 
     </span>
    </p>
   </div>
   <div class='ocr_carea' id='block_1_97' title="bbox 2076 4636 3704 4707">
    <p class='ocr_par' dir='ltr' id='par_1_97' title="bbox 2076 4636 3704 4707">
     <span class='ocr_line' id='line_1_101' title="bbox 2076 4636 3704 4707; baseline -0.002 -14"><span class='ocrx_word' id='word_1_710' title='bbox 2076 4640 2171 4706; x_wconf 91' lang='lat' dir='ltr'><strong>sis,</strong></span> <span class='ocrx_word' id='word_1_711' title='bbox 2225 4647 2358 4695; x_wconf 92' lang='lat' dir='ltr'><strong>tom.</strong></span> <span class='ocrx_word' id='word_1_712' title='bbox 2407 4638 2513 4704; x_wconf 82' lang='lat' dir='ltr'><strong>XV,</strong></span> <span class='ocrx_word' id='word_1_713' title='bbox 2564 4654 2616 4707; x_wconf 94' lang='lat' dir='ltr'><strong>p.</strong></span> <span class='ocrx_word' id='word_1_714' title='bbox 2676 4636 2783 4693; x_wconf 82' lang='lat'><strong>500</strong></span> <span class='ocrx_word' id='word_1_715' title='bbox 2836 4639 2907 4691; x_wconf 82' lang='lat' dir='ltr'><strong>De</strong></span> <span class='ocrx_word' id='word_1_716' title='bbox 2959 4640 3216 4693; x_wconf 80' lang='lat' dir='ltr'><strong>Romanis</strong></span> <span class='ocrx_word' id='word_1_717' title='bbox 3267 4636 3618 4707; x_wconf 76' lang='lat' dir='ltr'><strong>pontiﬁcibus</strong></span> <span class='ocrx_word' id='word_1_718' title='bbox 3672 4653 3704 4690; x_wconf 88' lang='lat' dir='ltr'><strong>a</strong></span> 
     </span>
    </p>
   </div>
   <div class='ocr_carea' id='block_1_98' title="bbox 2076 4707 3705 4778">
    <p class='ocr_par' dir='ltr' id='par_1_98' title="bbox 2076 4707 3705 4778">
     <span class='ocr_line' id='line_1_102' title="bbox 2076 4707 3705 4778; baseline -0.003 -13"><span class='ocrx_word' id='word_1_719' title='bbox 2076 4710 2241 4765; x_wconf 88' lang='lat' dir='ltr'><strong>beato</strong></span> <span class='ocrx_word' id='word_1_720' title='bbox 2261 4710 2418 4765; x_wconf 89' lang='lat' dir='ltr'><strong>Petro</strong></span> <span class='ocrx_word' id='word_1_721' title='bbox 2444 4709 2512 4763; x_wconf 88' lang='lat' dir='ltr'><strong>ad</strong></span> <span class='ocrx_word' id='word_1_722' title='bbox 2544 4707 2785 4762; x_wconf 90' lang='lat' dir='ltr'><strong>Leonem</strong></span> <span class='ocrx_word' id='word_1_723' title='bbox 2830 4708 2943 4773; x_wconf 88' lang='lat' dir='ltr'><strong>Vll,</strong></span> <span class='ocrx_word' id='word_1_724' title='bbox 2994 4715 3250 4778; x_wconf 89' lang='lat' dir='ltr'><strong>poemate</strong></span> <span class='ocrx_word' id='word_1_725' title='bbox 3280 4707 3504 4778; x_wconf 86' lang='lat' dir='ltr'><strong>heroico</strong></span> <span class='ocrx_word' id='word_1_726' title='bbox 3546 4707 3705 4761; x_wconf 88' lang='lat' dir='ltr'><strong>libris</strong></span> 
     </span>
    </p>
   </div>
   <div class='ocr_carea' id='block_1_99' title="bbox 2076 4777 3711 4853">
    <p class='ocr_par' dir='ltr' id='par_1_99' title="bbox 2076 4777 3711 4853">
     <span class='ocr_line' id='line_1_103' title="bbox 2076 4777 3711 4853; baseline -0.002 -17"><span class='ocrx_word' id='word_1_727' title='bbox 2076 4783 2166 4849; x_wconf 81' lang='grc'><strong>15,</strong></span> <span class='ocrx_word' id='word_1_728' title='bbox 2201 4782 2351 4853; x_wconf 82' lang='lat' dir='ltr'><strong>quod</strong></span> <span class='ocrx_word' id='word_1_729' title='bbox 2368 4779 2708 4853; x_wconf 75' lang='lat' dir='ltr'><strong>Anastasiani</strong></span> <span class='ocrx_word' id='word_1_730' title='bbox 2736 4779 2924 4853; x_wconf 79' lang='lat' dir='ltr'><strong>aperis</strong></span> <span class='ocrx_word' id='word_1_731' title='bbox 2950 4777 3021 4853; x_wconf 81' lang='lat' dir='ltr'><strong>de</strong></span> <span class='ocrx_word' id='word_1_732' title='bbox 3049 4779 3177 4853; x_wconf 86' lang='lat' dir='ltr'><strong>vitis</strong></span> <span class='ocrx_word' id='word_1_733' title='bbox 3199 4777 3521 4853; x_wconf 80' lang='lat' dir='ltr'><strong>Pontificum</strong></span> <span class='ocrx_word' id='word_1_734' title='bbox 3558 4794 3711 4850; x_wconf 79' lang='lat' dir='ltr'><strong>para-</strong></span> 
     </span>
    </p>
   </div>
   <div class='ocr_carea' id='block_1_100' title="bbox 2080 4850 3704 4924">
    <p class='ocr_par' dir='ltr' id='par_1_100' title="bbox 2080 4850 3704 4924">
     <span class='ocr_line' id='line_1_104' title="bbox 2080 4850 3704 4924; baseline -0.002 -17"><span class='ocrx_word' id='word_1_735' title='bbox 2080 4850 2464 4924; x_wconf 63' lang='lat' dir='ltr'><strong>phrasimesse</strong></span> <span class='ocrx_word' id='word_1_736' title='bbox 2490 4858 2650 4924; x_wconf 81' lang='lat' dir='ltr'><strong>notat</strong></span> <span class='ocrx_word' id='word_1_737' title='bbox 2671 4850 3080 4924; x_wconf 78' lang='lat' dir='ltr'><strong>Papebrochius</strong></span> <span class='ocrx_word' id='word_1_738' title='bbox 3102 4851 3156 4924; x_wconf 84' lang='lat' dir='ltr'><strong>in</strong></span> <span class='ocrx_word' id='word_1_739' title='bbox 3203 4851 3352 4924; x_wconf 79' lang='lat' dir='ltr'><strong>Actis</strong></span> <span class='ocrx_word' id='word_1_740' title='bbox 3366 4858 3704 4916; x_wconf 90' lang='lat' dir='ltr'><strong>sanctorum,</strong></span> 
     </span>
    </p>
   </div>
   <div class='ocr_carea' id='block_1_101' title="bbox 2079 4922 3710 4996">
    <p class='ocr_par' dir='ltr' id='par_1_101' title="bbox 2079 4922 3710 4996">
     <span class='ocr_line' id='line_1_105' title="bbox 2079 4922 3710 4996; baseline -0.002 -17"><span class='ocrx_word' id='word_1_741' title='bbox 2079 4922 2217 4980; x_wconf 80' lang='lat' dir='ltr'><strong>tom.</strong></span> <span class='ocrx_word' id='word_1_742' title='bbox 2246 4923 2382 4996; x_wconf 45' lang='grc' dir='ltr'><strong>ΥΠ.</strong></span> <span class='ocrx_word' id='word_1_743' title='bbox 2402 4922 2546 4988; x_wconf 75' lang='lat' dir='ltr'><strong>Maii,</strong></span> <span class='ocrx_word' id='word_1_744' title='bbox 2567 4938 2702 4996; x_wconf 74' lang='lat' dir='ltr'><strong>pag.</strong></span> <span class='ocrx_word' id='word_1_745' title='bbox 2716 4922 2842 4986; x_wconf 89' lang='lat'><strong>773,</strong></span> <span class='ocrx_word' id='word_1_746' title='bbox 2872 4922 2975 4976; x_wconf 89' lang='lat' dir='ltr'><strong>nisi</strong></span> <span class='ocrx_word' id='word_1_747' title='bbox 3003 4922 3152 4996; x_wconf 79' lang='lat' dir='ltr'><strong>quod</strong></span> <span class='ocrx_word' id='word_1_748' title='bbox 3176 4922 3455 4996; x_wconf 77' lang='lat' dir='ltr'><strong>variorum</strong></span> <span class='ocrx_word' id='word_1_749' title='bbox 3483 4929 3710 4977; x_wconf 87' lang='lat' dir='ltr'><strong>sancto-</strong></span> 
     </span>
    </p>
   </div>
   <div class='ocr_carea' id='block_1_102' title="bbox 2084 4992 3710 5069">
    <p class='ocr_par' dir='ltr' id='par_1_102' title="bbox 2084 4992 3710 5069">
     <span class='ocr_line' id='line_1_106' title="bbox 2084 4992 3710 5069; baseline -0.002 -20"><span class='ocrx_word' id='word_1_750' title='bbox 2084 5012 2201 5049; x_wconf 92' lang='lat' dir='ltr'><strong>rum</strong></span> <span class='ocrx_word' id='word_1_751' title='bbox 2236 4994 2422 5069; x_wconf 21' lang='lat' dir='ltr'><strong>Aelogia</strong></span> <span class='ocrx_word' id='word_1_752' title='bbox 2454 4992 2666 5069; x_wconf 65' lang='lat' dir='ltr'><strong>passim&#39;</strong></span> <span class='ocrx_word' id='word_1_753' title='bbox 2692 4992 3254 5069; x_wconf 50' lang='lat' dir='ltr'><strong>interspersahabet;</strong></span> <span class='ocrx_word' id='word_1_754' title='bbox 3269 4993 3554 5069; x_wconf 71' lang='lat' dir='ltr'><strong>insignem</strong></span> <span class='ocrx_word' id='word_1_755' title='bbox 3583 5009 3710 5063; x_wconf 86' lang='lat' dir='ltr'><strong>par-</strong></span> 
     </span>
    </p>
   </div>
   <div class='ocr_carea' id='block_1_103' title="bbox 2087 5063 3709 5137">
    <p class='ocr_par' dir='ltr' id='par_1_103' title="bbox 2087 5063 3709 5137">
     <span class='ocr_line' id='line_1_107' title="bbox 2087 5063 3709 5137; baseline -0.002 -17"><span class='ocrx_word' id='word_1_756' title='bbox 2087 5074 2194 5121; x_wconf 88' lang='lat' dir='ltr'><strong>tem</strong></span> <span class='ocrx_word' id='word_1_757' title='bbox 2235 5063 2400 5135; x_wconf 66' lang='lat' dir='ltr'><strong>hujus</strong></span> <span class='ocrx_word' id='word_1_758' title='bbox 2430 5063 2615 5136; x_wconf 78' lang='lat' dir='ltr'><strong>operis</strong></span> <span class='ocrx_word' id='word_1_759' title='bbox 2641 5080 2672 5118; x_wconf 88' lang='lat' dir='ltr'><strong>a</strong></span> <span class='ocrx_word' id='word_1_760' title='bbox 2701 5063 2966 5137; x_wconf 52' lang='grc' dir='ltr'><strong>(ἔτρεσε-ξω</strong></span> <span class='ocrx_word' id='word_1_761' title='bbox 3001 5065 3066 5137; x_wconf 85' lang='lat' dir='ltr'><strong>ll,</strong></span> <span class='ocrx_word' id='word_1_762' title='bbox 3100 5080 3167 5118; x_wconf 86' lang='lat' dir='ltr'><strong>an</strong></span> <span class='ocrx_word' id='word_1_763' title='bbox 3226 5063 3349 5124; x_wconf 72' lang='lat' dir='ltr'><strong>7l5‘i,</strong></span> <span class='ocrx_word' id='word_1_764' title='bbox 3374 5063 3440 5137; x_wconf 63' lang='lat' dir='ltr'><strong>a&#39;il</strong></span> <span class='ocrx_word' id='word_1_765' title='bbox 3471 5063 3709 5118; x_wconf 85' lang='lat' dir='ltr'><strong>Leonem</strong></span> 
     </span>
    </p>
   </div>
   <div class='ocr_carea' id='block_1_104' title="bbox 2088 5135 3711 5199">
    <p class='ocr_par' dir='ltr' id='par_1_104' title="bbox 2088 5135 3711 5199">
     <span class='ocr_line' id='line_1_108' title="bbox 2088 5135 3711 5199; baseline -0.002 -8"><span class='ocrx_word' id='word_1_766' title='bbox 2088 5139 2200 5197; x_wconf 86' lang='lat' dir='ltr'><strong>VII.</strong></span> <span class='ocrx_word' id='word_1_767' title='bbox 2234 5153 2325 5191; x_wconf 83' lang='lat' dir='ltr'><strong>an.</strong></span> <span class='ocrx_word' id='word_1_768' title='bbox 2357 5135 2483 5199; x_wconf 76' lang='lat'><strong>935,</strong></span> <span class='ocrx_word' id='word_1_769' title='bbox 2517 5152 2582 5190; x_wconf 87' lang='lat' dir='ltr'><strong>ex</strong></span> <span class='ocrx_word' id='word_1_770' title='bbox 2614 5135 3243 5190; x_wconf 57' lang='lat' dir='ltr'><strong>codice&#39;Carmelitarum</strong></span> <span class='ocrx_word' id='word_1_771' title='bbox 3271 5136 3711 5189; x_wconf 80' lang='lat' dir='ltr'><strong>excalceatorum</strong></span> 
     </span>
    </p>
   </div>
   <div class='ocr_carea' id='block_1_105' title="bbox 2088 5206 3713 5281">
    <p class='ocr_par' dir='ltr' id='par_1_105' title="bbox 2088 5206 3713 5281">
     <span class='ocr_line' id='line_1_109' title="bbox 2088 5206 3713 5281; baseline -0.002 -17"><span class='ocrx_word' id='word_1_772' title='bbox 2088 5208 2589 5265; x_wconf 85' lang='lat' dir='ltr'><strong>San-Germanensi</strong></span> <span class='ocrx_word' id='word_1_773' title='bbox 2646 5206 3317 5281; x_wconf 20' lang='lat' dir='ltr'><strong>vulgavit;Alla_billonius,</strong></span> <span class='ocrx_word' id='word_1_774' title='bbox 3376 5224 3486 5261; x_wconf 91' lang='lat' dir='ltr'><strong>sec.</strong></span> <span class='ocrx_word' id='word_1_775' title='bbox 3532 5206 3713 5281; x_wconf 83' lang='lat' dir='ltr'><strong>Bene-</strong></span> 
     </span>
    </p>
   </div>
   <div class='ocr_carea' id='block_1_106' title="bbox 2089 5277 3714 5351">
    <p class='ocr_par' dir='ltr' id='par_1_106' title="bbox 2089 5277 3714 5351">
     <span class='ocr_line' id='line_1_110' title="bbox 2089 5277 3714 5351; baseline -0.002 -17"><span class='ocrx_word' id='word_1_776' title='bbox 2089 5281 2220 5337; x_wconf 91' lang='lat' dir='ltr'><strong>dict.</strong></span> <span class='ocrx_word' id='word_1_777' title='bbox 2257 5281 2347 5344; x_wconf 88' lang='lat' dir='ltr'><strong>Ill,</strong></span> <span class='ocrx_word' id='word_1_778' title='bbox 2382 5288 2544 5351; x_wconf 84' lang='lat' dir='ltr'><strong>parte</strong></span> <span class='ocrx_word' id='word_1_779' title='bbox 2559 5296 2621 5351; x_wconf 74' lang='lat' dir='ltr'><strong>ii,</strong></span> <span class='ocrx_word' id='word_1_780' title='bbox 2666 5277 2791 5351; x_wconf 71' lang='lat' dir='ltr'><strong>pag,</strong></span> <span class='ocrx_word' id='word_1_781' title='bbox 2850 5278 2975 5333; x_wconf 75' lang='grc'><strong>596.</strong></span> <span class='ocrx_word' id='word_1_782' title='bbox 3012 5278 3179 5351; x_wconf 67' lang='lat' dir='ltr'><strong>Etiam</strong></span> <span class='ocrx_word' id='word_1_783' title='bbox 3204 5295 3269 5351; x_wconf 80' lang='lat' dir='ltr'><strong>ex</strong></span> <span class='ocrx_word' id='word_1_784' title='bbox 3298 5285 3619 5351; x_wconf 75' lang='lat' dir='ltr'><strong>sanctorum</strong></span> <span class='ocrx_word' id='word_1_785' title='bbox 3634 5277 3714 5331; x_wconf 85' lang='lat' dir='ltr'><strong>in-</strong></span> 
     </span>
    </p>
   </div>
   <div class='ocr_carea' id='block_1_107' title="bbox 2091 5348 3711 5432">
    <p class='ocr_par' dir='ltr' id='par_1_107' title="bbox 2091 5348 3711 5432">
     <span class='ocr_line' id='line_1_111' title="bbox 2091 5348 3711 5432; baseline -0.002 -26"><span class='ocrx_word' id='word_1_786' title='bbox 2091 5348 2601 5432; x_wconf 60' lang='lat' dir='ltr'><strong>terspersis&#39;elogiis</strong></span> <span class='ocrx_word' id='word_1_787' title='bbox 2620 5348 3131 5432; x_wconf 30' lang='lat' dir='ltr'><strong>nongpaucaedidit</strong></span> <span class='ocrx_word' id='word_1_788' title='bbox 3160 5350 3311 5432; x_wconf 71' lang='lat' dir='ltr'><strong>idem</strong></span> <span class='ocrx_word' id='word_1_789' title='bbox 3341 5348 3711 5432; x_wconf 49' lang='lat' dir='ltr'><strong>ManbilLonius,</strong></span> 
     </span>
    </p>
   </div>
   <div class='ocr_carea' id='block_1_108' title="bbox 2087 5420 3717 5493">
    <p class='ocr_par' dir='ltr' id='par_1_108' title="bbox 2087 5420 3717 5493">
     <span class='ocr_line' id='line_1_112' title="bbox 2087 5420 3717 5493; baseline -0.003 -15"><span class='ocrx_word' id='word_1_790' title='bbox 2087 5432 2149 5478; x_wconf 90' lang='lat' dir='ltr'><strong>ut</strong></span> <span class='ocrx_word' id='word_1_791' title='bbox 2174 5420 2684 5493; x_wconf 32' lang='lat' dir='ltr'><strong>a’pra’stantiSSimo</strong></span> <span class='ocrx_word' id='word_1_792' title='bbox 2719 5420 2892 5475; x_wconf 86' lang='lat' dir='ltr'><strong>Cavco</strong></span> <span class='ocrx_word' id='word_1_793' title='bbox 2916 5420 3038 5493; x_wconf 80' lang='lat' dir='ltr'><strong>jam</strong></span> <span class='ocrx_word' id='word_1_794' title='bbox 3081 5428 3355 5493; x_wconf 83' lang='lat' dir='ltr'><strong>notatum,</strong></span> <span class='ocrx_word' id='word_1_795' title='bbox 3406 5420 3459 5474; x_wconf 87' lang='lat' dir='ltr'><strong>S.</strong></span> <span class='ocrx_word' id='word_1_796' title='bbox 3504 5420 3717 5493; x_wconf 55' lang='lat' dir='ltr'><strong>Colum-</strong></span> 
     </span>
    </p>
   </div>
   <div class='ocr_carea' id='block_1_109' title="bbox 2092 5490 3714 5572">
    <p class='ocr_par' dir='ltr' id='par_1_109' title="bbox 2092 5490 3714 5572">
     <span class='ocr_line' id='line_1_113' title="bbox 2092 5490 3714 5572; baseline 0 -26"><span class='ocrx_word' id='word_1_797' title='bbox 2092 5490 2595 5572; x_wconf 32' lang='lat' dir='ltr'><strong>(imitabbatistsec</strong></span> <span class='ocrx_word' id='word_1_798' title='bbox 2622 5508 2866 5572; x_wconf 27' lang='grc' dir='ltr'><strong>μικρῆῆ</strong></span> <span class='ocrx_word' id='word_1_799' title='bbox 2908 5492 2997 5572; x_wconf 74' lang='grc'><strong>30,</strong></span> <span class='ocrx_word' id='word_1_800' title='bbox 3054 5494 3110 5547; x_wconf 93' lang='lat' dir='ltr'><strong>S.</strong></span> <span class='ocrx_word' id='word_1_801' title='bbox 3176 5492 3383 5572; x_wconf 49' lang='lat' dir='ltr'><strong>Matre,</strong></span> <span class='ocrx_word' id='word_1_802' title='bbox 3415 5507 3545 5563; x_wconf 88' lang='lat' dir='ltr'><strong>pag,</strong></span> <span class='ocrx_word' id='word_1_803' title='bbox 3574 5490 3714 5555; x_wconf 70' lang='lat'><strong>127;</strong></span> 
     </span>
    </p>
   </div>
   <div class='ocr_carea' id='block_1_110' title="bbox 2091 5562 3715 5634">
    <p class='ocr_par' dir='ltr' id='par_1_110' title="bbox 2091 5562 3715 5634">
     <span class='ocr_line' id='line_1_114' title="bbox 2091 5562 3715 5634; baseline -0.002 -13"><span class='ocrx_word' id='word_1_804' title='bbox 2091 5566 2145 5621; x_wconf 93' lang='lat' dir='ltr'><strong>S.</strong></span> <span class='ocrx_word' id='word_1_805' title='bbox 2174 5567 2396 5634; x_wconf 68' lang='lat' dir='ltr'><strong>Bcrtulﬁ</strong></span> <span class='ocrx_word' id='word_1_806' title='bbox 2447 5563 2665 5619; x_wconf 85' lang='lat' dir='ltr'><strong>abbatis</strong></span> <span class='ocrx_word' id='word_1_807' title='bbox 2719 5562 3010 5617; x_wconf 86' lang='lat' dir='ltr'><strong>Bobiensis</strong></span> <span class='ocrx_word' id='word_1_808' title='bbox 3044 5581 3058 5626; x_wconf 89' lang='lat'><strong>;</strong></span> <span class='ocrx_word' id='word_1_809' title='bbox 3099 5572 3153 5617; x_wconf 93' lang='lat' dir='ltr'><strong>et</strong></span> <span class='ocrx_word' id='word_1_810' title='bbox 3191 5578 3257 5615; x_wconf 86' lang='lat' dir='ltr'><strong>ex</strong></span> <span class='ocrx_word' id='word_1_811' title='bbox 3298 5562 3439 5620; x_wconf 90' lang='lat' dir='ltr'><strong>libro</strong></span> <span class='ocrx_word' id='word_1_812' title='bbox 3470 5562 3715 5634; x_wconf 75' lang='lat' dir='ltr'><strong>vincar-</strong></span> 
     </span>
    </p>
   </div>
   <div class='ocr_carea' id='block_1_111' title="bbox 2088 5631 3718 5704">
    <p class='ocr_par' dir='ltr' id='par_1_111' title="bbox 2088 5631 3718 5704">
     <span class='ocr_line' id='line_1_115' title="bbox 2088 5631 3718 5704; baseline -0.002 -15"><span class='ocrx_word' id='word_1_813' title='bbox 2088 5652 2220 5689; x_wconf 89' lang='lat' dir='ltr'><strong>men</strong></span> <span class='ocrx_word' id='word_1_814' title='bbox 2247 5631 2499 5691; x_wconf 83' lang='lat' dir='ltr'><strong>octavum</strong></span> <span class='ocrx_word' id='word_1_815' title='bbox 2525 5635 2595 5690; x_wconf 88' lang='lat' dir='ltr'><strong>de</strong></span> <span class='ocrx_word' id='word_1_816' title='bbox 2630 5636 2685 5689; x_wconf 90' lang='lat' dir='ltr'><strong>S.</strong></span> <span class='ocrx_word' id='word_1_817' title='bbox 2730 5634 3010 5688; x_wconf 77' lang='lat' dir='ltr'><strong>Benedicto</strong></span> <span class='ocrx_word' id='word_1_818' title='bbox 3061 5636 3295 5704; x_wconf 87' lang='lat' dir='ltr'><strong>ejusque</strong></span> <span class='ocrx_word' id='word_1_819' title='bbox 3324 5633 3630 5698; x_wconf 88' lang='lat' dir='ltr'><strong>miraculis,</strong></span> <span class='ocrx_word' id='word_1_820' title='bbox 3659 5631 3718 5687; x_wconf 88' lang='lat' dir='ltr'><strong>in</strong></span> 
     </span>
    </p>
   </div>
   <div class='ocr_carea' id='block_1_112' title="bbox 2090 5704 3715 5779">
    <p class='ocr_par' dir='ltr' id='par_1_112' title="bbox 2090 5704 3715 5779">
     <span class='ocr_line' id='line_1_116' title="bbox 2090 5704 3715 5779; baseline -0.001 -20"><span class='ocrx_word' id='word_1_821' title='bbox 2090 5706 2477 5777; x_wconf 86' lang='lat' dir='ltr'><strong>supplemento</strong></span> <span class='ocrx_word' id='word_1_822' title='bbox 2505 5706 2570 5759; x_wconf 85' lang='lat' dir='ltr'><strong>ad</strong></span> <span class='ocrx_word' id='word_1_823' title='bbox 2597 5721 2723 5760; x_wconf 65' lang='lat' dir='ltr'><strong>saec.</strong></span> <span class='ocrx_word' id='word_1_824' title='bbox 2759 5721 2795 5770; x_wconf 84' lang='grc' dir='ltr'><strong>ι,</strong></span> <span class='ocrx_word' id='word_1_825' title='bbox 2851 5705 2920 5759; x_wconf 90' lang='lat' dir='ltr'><strong>ad</strong></span> <span class='ocrx_word' id='word_1_826' title='bbox 2959 5705 3165 5760; x_wconf 86' lang='lat' dir='ltr'><strong>calcem</strong></span> <span class='ocrx_word' id='word_1_827' title='bbox 3207 5704 3396 5759; x_wconf 59' lang='lat' dir='ltr'><strong>saeculi</strong></span> <span class='ocrx_word' id='word_1_828' title='bbox 3456 5722 3513 5772; x_wconf 80' lang='grc' dir='ltr'><strong>ιι,</strong></span> <span class='ocrx_word' id='word_1_829' title='bbox 3588 5720 3715 5779; x_wconf 86' lang='lat' dir='ltr'><strong>pag.</strong></span> 
     </span>
    </p>
   </div>
  </div>
