3884 6460
341 473 413 527 23

1468 449 1837 525 FLODOARDI
1877 468 2184 525 CANONICI
2227 466 2552 523 REMENSIS

3638 465 3719 518 24

342 603 440 657 lib.
468 621 502 657 ι.
537 602 654 658 Alia
684 602 913 672 insuper
934 600 1107 654 multa
1126 599 1417 669 scripsisse
1458 597 1685 664 dicitur,
1727 615 1850 671 quae
1897 599 1968 653 ad
1994 603 2042 671 Α
2066 597 2287 672 fundus,
2312 602 2468 671 gesta
2490 594 2845 672 Remensiuin
2869 592 3216 672 pontificum,
3247 591 3318 672 ab
3342 590 3482 672 urbe
3513 589 3720 671 Remis

348 673 598 731 notitiam
627 687 806 729 meam
832 687 943 727 non
966 679 1254 727 venerunt.

1111 762 1202 815 Ill.

329 855 660 910 ‘Dominicus
704 853 998 908 Grimanus
1037 850 1341 904 cardinalis
1380 851 1437 907 S.
1479 848 1656 907 Marci
1710 854 1765 904 in
1804 852 1972 905 Dario

420 925 495 979 ad
533 928 650 979 Des.
684 926 987 992 Erasmum»
1018 937 1140 975 can.
1170 923 1347 975 ordiri.
1390 921 1447 976 S.
1487 924 1797 989 Augustini.
1829 921 1975 992 quod

419 1011 675 1051 excusum
728 998 806 1048 est
842 990 1075 1048 Basilum
1119 1008 1265 1046 anno
1311 992 1472 1059 1508,
1528 993 1678 1063 apud
1731 990 1972 1048 Michae-

420 1067 523 1192 le”;
581 1066 886 1192 fgrterium
952 1067 1003 1117 et
1055 1065 1313 1119 Joannem
1369 1064 1610 1132 Scotum,
1666 1065 1800 1132 folio
1859 1063 1927 1120 32
1957 1104 1972 1131 ,

422 1154 490 1192 no
516 1154 550 1191 a
656 1177 668 1190 .

422 1142 550 1193 nota
582 1142 668 1192 13.

420 1229 559 1300 Dum
596 1224 785 1287 Remis
821 1240 1075 1300 agerem,
1130 1224 1335 1300 obtulit
1385 1224 1640 1300 mihimD.
1702 1224 1976 1300 Robertus

354 1299 675 1354 Briconetus
724 1295 1108 1367 archibpiscop
1189 1295 1401 1353 clariss.
1459 1296 1645 1352 Galliae
1698 1297 1975 1352 cancella-

354 1371 468 1445 rius
480 1370 796 1445 _registrum
826 1384 942 1445 r_ns._
971 1368 1266 1445 continens
1294 1376 1531 1439 quatuor
1559 1368 1735 1445 libros
1794 1369 1975 1445 Histo-

354 1442 446 1497 ria:
480 1438 770 1497 Bernensis
822 1438 1100 1505 Ecclesize,
1134 1438 1360 1495 auctore
1401 1447 1457 1495 et
1499 1439 1791 1495 collectorc
1845 1440 1975 1495 Flo-

353 1514 583 1580 doardo,
632 1512 782 1567 illius
809 1510 1089 1583 quondam
1122 1510 1409 1583 canonico,
1451 1511 1651 1566 exinde
1682 1512 1972 1567 monacho.

354 1585 577 1641 Mutatio
606 1592 803 1648 status,
829 1581 899 1637 'et
938 1598 1002 1636 ex
1034 1581 1302 1638 canonico
1334 1581 1543 1638 factum
1575 1583 1744 1637 tuisse
1775 1598 1976 1637 mona-

354 1656 541 1716 chum.
574 1654 785 1711 indicat
827 1652 1244 1725 pietatemnviri.
1282 1653 1450 1725 Docte
1500 1653 1724 1725 scripsit
1755 1664 1811 1708 et
1841 1653 1979 1707 dili-

354 1723 861 1802 genter.__Plurima
888 1731 1036 1780 enim
1078 1724 1208 1778 ilius
1238 1723 1455 1798 registri
1609 1723 1826 1802 contuli
1858 1742 1981 1802 quae

357 1794 446 1855 hic
479 1799 534 1854 in
581 1797 839 1853 Vaticana
871 1804 1241 1864 asservantur,
1275 1794 1454 1867 eaque
1494 1794 1733 1851 ﬁdeliter
1772 1794 1984 1851 exscri-

358 1881 449 1942 pta
480 1869 708 1925 inveni:
741 1869 899 1924 abest
926 1867 994 1921 ab
1027 1882 1094 1921 eo
1121 1874 1506 1942 veteratorem
1541 1867 1760 1942 rubigo,
1795 1877 1850 1922 et
1877 1883 1982 1942 no-

357 1937 547 1998 vorum
608 1948 910 2013 auctorum
953 1937 1240 2009 asperitas.
1288 1938 1370 2013 _Et
1410 1938 1457 1992 si
1498 1937 1699 2013 nostri'
1716 1940 1984 2013 temporis

356 2029 667 2070 aerumnosa
725 2009 950 2066 miseria
1006 2024 1119 2063 non
1166 2009 1451 2080 praeferret
1500 2009 1685 2064 studio
1736 2010 1981 2065 historiae

359 2086 573 2164 lucrum
613 2083 757 2164 vitae,
810 2098 913 2164 nec
943 2080 1120 2164 magis
1169 2080 1769 2164 consulcrct‘avaritia:
1816 2097 1979 2153 quam

357 2153 705 2227 antiquitatis
735 2153 969 2218 notitiai,
1002 2152 1205 2227 dignus
1232 2160 1381 2207 esset
1404 2152 1559 2223 prelo
1590 2161 1801 2208 auctor.

1133 2241 1219 2295 Ν.

360 2334 678 2389 Guillelmus
732 2333 1064 2399 Eysengrein
1096 2332 1155 2383 in
1186 2330 1437 2398 Catalogo
1473 2332 1691 2386 testium
1738 2332 1987 2385 veritatis

753 2402 1064 2456 orthodowae
1097 2404 1293 2456 matris
1320 2402 1592 2459 Ecclesiae.

437 2491 766 2571 Flavaldus,_
816 2489 1146 2571 Remensis
1181 2489 1556 2571 Benedictinae
1622 2490 1990 2571 professionis

365 2563 688 2630 monachus,
718 2562 802 2617 vir
826 2569 935 2615 tam
976 2561 1181 2633 divinis
1218 2578 1384 2633 quam
1417 2561 1668 2632 profanis
1696 2561 1990 2633 scripturis

363 2635 632 2702 eruditus,
666 2632 962 2688 historicus
1014 2632 1313 2704 perfectus,
1355 2633 1649 2705 theologus
1695 2649 1828 2688 vero
1860 2648 1992 2703 pro-

2070 661 2517 734 condita,vquani
2552 665 2755 719 milites
2785 661 2940 719 Remi
2973 678 3005 717 a
3042 663 3210 717 fratre
3252 661 3487 734 Romulo
3518 662 3720 716 necati

2073 741 2310 813 fugatos,
2331 733 2405 793 ob
2430 737 2754 813 memoriam
2787 735 3006 790 Domini
3037 734 3125 791 sui
3149 733 3531 813 construxisse
3556 748 3723 812 corn-

2073 803 2403 875 niEmorant,
2446 824 2621 880 usque
2664 809 2734 862 ad
2762 815 3142 880 suatempora
3187 804 3367 880 tribus
3395 803 3721 880 volumini-

2074 883 2198 949 bus,
2224 875 2795 953 quibusrco'mplures
2827 879 2919 933 SS.
2963 875 3263 949 martyrum
3303 875 3576 931 historias
3617 892 3720 931 re-

2075 954 2224 1020 citat,
2250 952 2505 1007 deduxit.
2859 1021 2898 1073 ν

2076 1115 2338 1185 Papirius
2367 1115 2648 1168 Massonus
2701 1112 2795 1165 lia.
2840 1128 2876 1165 ιι
2935 1111 3244 1166 Annalium
3279 1111 3631 1163 Francorum
3663 1109 3729 1160 in

2648 1201 2862 1256 (ἰλλοιο
2912 1199 3128 1254 ΜΑοΝο.

2149 1289 2496 1345 Frodoardus
2524 1288 2625 1343 sub
2685 1288 2876 1343 Carolo
2907 1287 3172 1358 Simplice
3200 1294 3256 1343 et
3286 1285 3574 1358 Ludovico
3605 1283 3724 1358 ﬂo-

2079 1360 2211 1442 ruit,
2234 1361 2493 1486 Vitasguc
2524 1361 2847 1431 pontificum
2885 1356 3240 1440 Remensium
3272 1356 3723 1431 diligentissime

2079 1440 2310 1486 scriptas
2352 1450 2383 1486 a
2454 1441 2704 1486 posteros
2734 1439 3057 1486 transmrsrt.
3099 1432 3260 1486 cuius
3286 1429 3478 1486 oneris
3509 1443 3719 1483 exem-

2078 1432 2310 1503 scriptas
2352 1432 2421 1488 ad
2454 1441 2704 1503 posteros
2734 1432 3057 1503 transmisit,
3099 1432 3260 1501 cujus
3286 1432 3478 1503 operis
3509 1443 3719 1483 exem-

2079 1502 2256 1575 plaria
2283 1502 2495 1576 eliquat
2524 1503 2757 1559 Lutetiae
2786 1502 3046 1559 vidimus.

2844 1595 2928 1649 VI.

2506 1686 2654 1740 Idem
2676 1686 2735 1738 in
2762 1684 2976 1739 ϐλεῖοιο
3001 1684 3277 1739 δικριιιιε.

2153 1776 2422 1849 chuensi
2452 1793 2596 1831 anno
2625 1777 2745 1849 (hoc
2765 1783 2847 1831 cst
2875 1775 3000 1849 9‘20)
3025 1773 3216 1849 magni
3239 1780 3417 1849 motus
3449 1772 3726 1849 inﬁallia

2082 1858 2210 1903 sunt
2241 1844 2547 1929 exorti,__de
2579 1848 2791 1929 quibus.
2813 1844 3585 1929 ct‘aliisnpublicis'negotiis
3618 1844 3721 1929 di:

2081 1937 2269 1976 cemus
2318 1936 2385 1973 ex
2415 1915 2697 1974 Chronicis
2745 1919 2993 1987 ejusdem
3028 1915 3326 1972 Frodoardi
3374 1915 3562 1987 (quem
3619 1915 3721 1987 alii

2083 1991 2449 2046 Flodoardum
2491 1998 2705 2049 vocanti
2744 1986 3030 2044 Remensis
3070 1988 3327 2044 Ecclesiae
3374 1986 3721 2058 presbyteri.

2088 2063 2137 2116 ls
2167 2063 2315 2117 enim
2349 2069 2540 2117 auctor
2571 2070 2772 2131 printer
2804 2062 2949 2116 Vitas
2991 2058 3319 2131 pontificum
3352 2058 3720 2131 Remensium

2085 2134 2309 2204 scripsit
2365 2129 2627 2205 chronica
2685 2132 2753 2187 ab
2805 2149 2949 2187 anno
2992 2129 3435 2205 “nongentesimo
3494 2129 3727 2205 decimo

2086 2200 2233 2260 nono
2261 2221 2441 2276 usque
2469 2204 2538 2259 ad
2562 2221 2764 2283 annum
2790 2200 3725 2283 nongentesiﬁiuln‘sexagesimum

2086 2284 2320 2341 sextum,
2351 2271 2469 2347 'quo
2500 2276 2735 2331 excessit
2766 2292 2795 2329 e
2827 2271 2938 2330 vita
2971 2273 3166 2346 quinto
3201 2272 3479 2347 Kalendas
3513 2271 3728 2343 Aprilis

2088 2344 2499 2420 septuagesimo
2530 2354 2683 2420 sexto
2738 2344 3042 2420 [dicendum
3087 2344 3268 2420 tertio]
3320 2344 3498 2420 aetatis
3529 2359 3684 2420 anno
3707 2362 3724 2396 :

2091 2414 2500 2491 nosquc'illum
2532 2414 2855 2491 scriptorem
2902 2418 3185 2491 deinceps
3243 2414 3551 2491 intlarolo,
3608 2414 3724 2469 Ro-

2091 2486 2271 2555 berto,
2332 2486 2655 2560 Rodulpho,
2701 2489 2983 2545 Ludovico
3034 2498 3089 2543 et
3124 2486 3727 2560 ‘Lotario__sequ_emur

2134 2561 2390 2618 rteteritis
2418 2557 2758 2628 Vitichindo,
2801 2570 2856 2616 et
2885 2560 3007 2616 aliis
3039 2558 3270 2615 minoris
3314 2557 3622 2631 diligentiae
3656 2557 3725 2609 dc

2114 2633 2224 2687 idei
2261 2633 2650 2704 scriptoribus.

1238 2955 2855 3115 FLODOARDI

1712 3190 2022 3248 CANONICI
2064 3190 2394 3246 REMENSIS

598 3342 1477 3490 HISTORIXE
1622 3343 2492 3488 REMENSIS
2639 3278 3519 3491 ECCLESUE
3660 3334 3668 3340 ‘

1523 3623 1875 3725 LIBRI
1951 3628 2559 3750 QUATUOR
2580 3704 2605 3739 ,

400 3825 606 3916 Opera
647 3835 703 3916 et
757 3825 982 3916 studio
1019 3825 1274 3910 Georgii
1322 3826 1693 3904 Colvenerii,
1746 3827 1813 3892 S.
1856 3828 2177 3913 theologia:
2222 3830 2494 3896 doctoris
2542 3842 2596 3896 et
2655 3831 2814 3916 regii
2841 3850 2920 3897 ac
2967 3829 3288 3897 ordinarii
3328 3829 3726 3914 professoris,

487 3913 830 4000 collegiatcc
856 3915 1125 3981 ecclesia:
1154 3915 1221 3981 S.
1257 3916 1435 3982 Petri
1456 3916 1787 4003 praepositi
1831 3928 1889 3983 et
1937 3918 2300 3984 Academia:
2351 3920 2695 3986 Duaccnsis
2725 3913 3133 3995 'caiwellarii,
3189 3920 3255 3983 in
3310 3913 3513 3984 lucem
3556 3917 3725 3990 editi,

488 4004 758 4070 Scholiis
783 4015 840 4071 et
868 4004 1030 4070 notis
1059 4004 1469 4091 amplissimis
1500 4006 1841 4073 illustrati.

1602 4153 1935 4217 (Bibliotheca
1962 4155 2183 4214 Patrum,
2212 4163 2332 4207 tom.
2358 4157 2532 4220 XVII.)

1866 4308 2234 4320 *-

1265 4424 1889 4513 ΡΡιλλΕΕΑΤΙΟ
1958 4428 2119 4514 AD
2186 4425 2853 4516 LECTOREM.

456 4607 733 4663 Benevole
794 4608 986 4677 lector,
1029 4608 1163 4682 quid
1201 4626 1233 4664 a
1288 4609 1450 4666 nobis
1490 4611 1802 4687 praestitum
1852 4610 1924 4665 sit
1958 4609 2015 4664 in
2039 4612 2088 4682 C
2115 4609 2237 4681 plar
2270 4609 2591 4665 monasterii
2623 4608 2677 4663 S.
2715 4608 2970 4683 Remigii,
3011 4608 3158 4681 qood
3197 4609 3377 4664 littera
3406 4625 3436 4662 r
3466 4607 3731 4683 designa-

387 4698 552 4768 hujus
581 4698 823 4755 auctoris
852 4699 1102 4756 editione
1138 4702 1336 4772 paucis
1363 4699 1840 4773 accipexCollatio
1870 4698 2014 4755 facta

387 4795 471 4843 est
497 4786 554 4843 in
584 4788 906 4844 universum
936 4789 1004 4843 ad
1054 4797 1269 4862 septem
1304 4793 1659 4865 exemplaria.
1711 4792 1838 4847 Tria
1866 4792 2013 4846 enim

390 4877 537 4933 inter
594 4893 655 4932 se
685 4876 919 4934 contulit
964 4878 1069 4950 pia}
1109 4881 1391 4936 memoriae
1446 4883 1706 4937 dominus
1755 4881 2015 4937 Nicolaus

392 4972 699 5041 Chesneau,
732 4972 978 5030 decanus
1013 4981 1069 5030 et
1115 4976 1421 5032 canonicus
1451 4978 1507 5032 S.
1538 4977 1925 5050 Symphoriani
1959 4976 2014 5030 in

392 5054 533 5118 urbe
563 5061 845 5132 Remensi,
878 5064 973 5137 qui
1000 5064 1144 5142 hanc
1166 5065 1474 5133 historiam,
1502 5083 1601 5122 seu
1624 5067 1811 5122 verius
1839 5066 2018 5121 histo-
2044 5070 2055 5081 ’

396 5148 491 5206 riae
522 5151 687 5221 huius
716 5150 921 5209 bonam
950 5162 1166 5226 partem
1194 5154 1250 5210 in
1282 5154 1540 5212 Gallicam
1564 5156 1807 5230 linguam
1836 5165 2019 5210 trans-

396 5238 548 5307 tulit,
582 5247 638 5296 et
666 5239 865 5296 eadem
909 5242 1097 5317 lingua
1127 5244 1303 5300 edidit
1332 5245 1520 5301 Remis
1557 5262 1839 5314 excusem,
1871 5260 2018 5302 anno

398 5327 559 5394 1581,
602 5343 704 5397 per
728 5328 999 5386 Joannem
1039 5333 1270 5407 Foygni.
1309 5334 1482 5404 Hujus
1509 5334 1708 5391 decani
1738 5336 2021 5406 exemplar

400 5414 653 5471 Latinum
682 5420 1139 5492 manuscriptum,
1171 5437 1236 5476 ex
1286 5438 1396 5496 quo
1428 5424 1521 5478 ille
1548 5424 1714 5480 vertit
1744 5424 1799 5479 in
1853 5424 2022 5480 Galli-

401 5518 549 5574 cum,
580 5505 764 5563 attulit
793 5507 861 5562 ad
897 5524 987 5565 me
1015 5509 1251 5569 Thomas
1286 5512 1468 5569 Witus
1496 5515 1548 5570 J.
1592 5512 1650 5570 U.
1684 5513 2025 5583 licentiatus,

404 5595 658 5653 tradente
718 5596 769 5652 ei
820 5598 883 5653 Β.
934 5600 1053 5656 viro
1091 5602 1317 5660 domino
1374 5605 1628 5662 Antonio
1668 5607 2027 5662 Beauchesne

407 5686 694 5742 Remensis
716 5687 965 5743 ecclesia:
989 5691 1258 5749 canonico
1280 5701 1335 5748 et
1359 5696 1697 5763 succentori,
1723 5695 1818 5767 qui
1848 5703 2025 5750 testa-

405 5774 575 5832 menti
607 5774 858 5849 prtedicti
916 5775 1125 5833 domini
1169 5778 1454 5838 Chesneau
1510 5783 1689 5839 fuerat
1718 5794 2022 5840 exsecutor.

2115 4715 2262 4764 mus,
2297 4699 2363 4752 ad
2394 4697 2678 4769 exemplar
2707 4697 2955 4753 ecclesiae
2994 4697 3433 4768 metropolitanaa
3474 4696 3531 4749 Β.
3564 4696 3735 4765 Mariae

2117 4798 2171 4844 et
2198 4790 2266 4843 ad
2289 4789 2533 4852 tertium,
2559 4789 2708 4860 quod
2726 4789 3043 4851 particulari
3062 4788 3290 4844 nomine
3321 4803 3434 4842 non
3464 4784 3733 4861 designat,

2117 4881 2213 4934 sed
2246 4882 2416 4937 credo
2443 4881 2611 4935 fuisse
2638 4880 2980 4953 Igniacense.
3019 4880 3089 4934 Ex
3111 4879 3199 4934 his
3229 4878 3539 4934 secundum
3563 4878 3737 4933 diver-

2117 4987 2238 5027 sum
2268 4972 2374 5028 fuit
2402 4972 2471 5027 ab
2502 4988 2569 5027 eo
2599 4972 2749 5043 quod
2775 4972 2844 5025 ad
2876 4987 2965 5025 me
2996 4978 3189 5043 postea
3218 4969 3604 5025 transmissum
3637 4976 3731 5033 est,

2121 5064 2192 5119 de
2221 5080 2332 5137 quo
2358 5063 2520 5118 infra.
2562 5063 2692 5118 Nam
2718 5079 2866 5133 saepe
2898 5070 3052 5118 notat
3077 5062 3133 5116 in
3163 5061 3415 5135 margine
3447 5060 3607 5116 aliter
3634 5060 3733 5135 legi

2122 5156 2177 5211 in
2199 5156 2498 5227 exemplari
2522 5156 2578 5211 B.
2608 5155 2791 5210 Mariae
2809 5171 2973 5227 quam
3001 5153 3271 5211 habeatur
3290 5153 3348 5207 in
3368 5167 3435 5207 eo
3474 5151 3621 5223 quod
3643 5168 3736 5205 nos

2123 5246 2422 5302 habuimus
2466 5256 2526 5301 ut
2556 5247 2793 5317 exempli
2824 5246 3001 5318 gratia
3031 5245 3128 5300 lib.
3164 5262 3201 5308 ι,
3253 5260 3303 5299 c.
3334 5244 3426 5309 20,
3461 5242 3518 5297 in
3557 5243 3733 5298 codice

2123 5337 2462 5409 metropolit.
2498 5336 2634 5393 dicit
2663 5337 2772 5411 legi
2792 5352 2941 5391 secus
2971 5352 3181 5392 omnem
3211 5337 3428 5399 Suram,
3453 5350 3576 5388 cum
3600 5334 3651 5388 in
3675 5350 3736 5389 eo

2125 5427 2274 5499 quod
2302 5425 2597 5482 habuimus
2648 5428 2865 5498 legatur
2900 5428 3119 5480 Faram.
3158 5424 3275 5478 Lib.
3311 5440 3392 5491 iu,
3424 5438 3471 5477 c.
3505 5423 3560 5486 «ι,
3601 5430 3735 5477 notat

2128 5518 2238 5593 legi
2284 5518 2548 5586 Algardis
2573 5517 2872 5576 abbatissa.
2905 5516 2983 5570 uti
3013 5522 3067 5571 et
3097 5516 3153 5570 in
3182 5514 3375 5571 codice
3406 5514 3459 5567 S.
3494 5513 3734 5585 Remigii,

2127 5625 2252 5664 cum
2286 5607 2340 5662 in
2364 5614 2553 5662 nostro
2581 5606 2653 5661 sit
2680 5604 3020 5677 Adalgardis.
3059 5604 3292 5668 Ibidem,
3326 5602 3448 5665 0.7,
3483 5601 3616 5656 dicit
3639 5602 3737 5681 legi

2129 5697 2184 5750 in
2213 5697 2404 5752 codice
2437 5695 2471 5748 S
2524 5694 2704 5749 Mariae
2736 5702 2791 5748 et
2811 5694 2865 5748 S.
2891 5692 3127 5768 Remigii
3155 5708 3277 5745 cum
3300 5691 3526 5761 palmis,
3560 5690 3610 5745 in
3640 5690 3735 5744 alio

2130 5797 2312 5843 autem
2351 5786 2655 5857 exemplari
2703 5802 2822 5840 cum
2850 5786 3101 5856 psalmis,
3135 5782 3415 5856 quomodo
3448 5780 3611 5835 etiam
3641 5781 3732 5834 hu-

404 5864 517 5924 lloc
543 5874 802 5924 notamus
830 5865 1018 5926 littera
1042 5884 1089 5924 c.
1122 5867 1289 5925 Porro
1316 5871 1577 5930 collatum
1616 5881 1699 5930 est
1725 5875 1797 5929 ad
1839 5889 2028 5931 excm—
2046 5857 2109 5929 D
2128 5877 2300 5932 bebat
2330 5882 2578 5933 nostrum
2600 5876 2659 5931 Β.
2678 5874 2881 5931 Mariae.
2912 5874 3024 5931 lloc
3052 5873 3216 5948 igitur
3235 5871 3522 5942 exemplar
3542 5869 3733 5925 domini
