  <div class='ocr_page' id='page_1' title='image "/cluster/home/n/w/nwhite01/storage/ocr_20150623/134-135/uc1.31175013627537/532.png"; bbox 0 0 3884 6412; ppageno 0'>
   <div class='ocr_carea' id='block_1_1' title="bbox 199 428 3545 518">
    <p class='ocr_par' dir='ltr' id='par_1_1' title="bbox 199 428 3545 518">
     <span class='ocr_line' id='line_1_1' title="bbox 199 428 3545 518; baseline -0.007 -8"><span class='ocrx_word' id='word_1_1' title='bbox 199 455 271 510; x_wconf 78' lang='grc'><strong>25</strong></span> <span class='ocrx_word' id='word_1_2' title='bbox 791 453 1117 509; x_wconf 68' lang='lat' dir='ltr'><strong>HISTORI/E</strong></span> <span class='ocrx_word' id='word_1_3' title='bbox 1156 450 1495 508; x_wconf 74' lang='lat' dir='ltr'><strong>ECCLESUE</strong></span> <span class='ocrx_word' id='word_1_4' title='bbox 1531 450 1862 506; x_wconf 78' lang='lat' dir='ltr'><strong>REMENSIS</strong></span> <span class='ocrx_word' id='word_1_5' title='bbox 1902 451 2077 507; x_wconf 83' lang='lat' dir='ltr'><strong>LIBRI</strong></span> <span class='ocrx_word' id='word_1_6' title='bbox 2119 447 2443 518; x_wconf 79' lang='lat' dir='ltr'><strong>QUA’I‘UOR.</strong></span> <span class='ocrx_word' id='word_1_7' title='bbox 2470 478 2543 487; x_wconf 95' lang='lat'><strong>-—</strong></span> <span class='ocrx_word' id='word_1_8' title='bbox 2580 440 2946 500; x_wconf 69' lang='lat' dir='ltr'><strong>PI’t/EFATIO.</strong></span> <span class='ocrx_word' id='word_1_9' title='bbox 3472 428 3545 485; x_wconf 71' lang='lat'><strong>26</strong></span> 
     </span>
    </p>
   </div>
   <div class='ocr_carea' id='block_1_2' title="bbox 202 559 3540 653">
    <p class='ocr_par' dir='ltr' id='par_1_2' title="bbox 202 559 3540 653">
     <span class='ocr_line' id='line_1_2' title="bbox 202 559 3540 653; baseline -0.007 -18"><span class='ocrx_word' id='word_1_10' title='bbox 202 583 494 636; x_wconf 83' lang='lat' dir='ltr'><strong>Chesneau</strong></span> <span class='ocrx_word' id='word_1_11' title='bbox 528 582 712 637; x_wconf 86' lang='lat' dir='ltr'><strong>curavi</strong></span> <span class='ocrx_word' id='word_1_12' title='bbox 741 582 880 637; x_wconf 85' lang='lat' dir='ltr'><strong>meis</strong></span> <span class='ocrx_word' id='word_1_13' title='bbox 910 581 1227 653; x_wconf 76' lang='lat' dir='ltr'><strong>sumptibus</strong></span> <span class='ocrx_word' id='word_1_14' title='bbox 1261 579 1525 641; x_wconf 83' lang='lat' dir='ltr'><strong>describi.</strong></span> <span class='ocrx_word' id='word_1_15' title='bbox 1554 586 1609 634; x_wconf 89' lang='lat' dir='ltr'><strong>et</strong></span> <span class='ocrx_word' id='word_1_16' title='bbox 1637 586 1830 651; x_wconf 88' lang='lat' dir='ltr'><strong>postea</strong></span> <span class='ocrx_word' id='word_1_17' title='bbox 1853 585 1906 652; x_wconf 79' lang='grc' dir='ltr'>Α</span> <span class='ocrx_word' id='word_1_18' title='bbox 2003 582 2060 635; x_wconf 86' lang='lat' dir='ltr'><strong>In</strong></span> <span class='ocrx_word' id='word_1_19' title='bbox 2088 576 2485 651; x_wconf 80' lang='lat' dir='ltr'><strong>orthographia</strong></span> <span class='ocrx_word' id='word_1_20' title='bbox 2514 573 2659 628; x_wconf 88' lang='lat' dir='ltr'><strong>nihil</strong></span> <span class='ocrx_word' id='word_1_21' title='bbox 2689 570 2854 627; x_wconf 88' lang='lat' dir='ltr'><strong>etiam</strong></span> <span class='ocrx_word' id='word_1_22' title='bbox 2884 563 3236 628; x_wconf 71' lang='lat' dir='ltr'><strong>mutavimus,</strong></span> <span class='ocrx_word' id='word_1_23' title='bbox 3268 559 3375 653; x_wconf 81' lang='lat' dir='ltr'><strong>nisi</strong></span> <span class='ocrx_word' id='word_1_24' title='bbox 3425 574 3540 623; x_wconf 86' lang='lat' dir='ltr'><strong>eas,</strong></span> 
     </span>
    </p>
   </div>
   <div class='ocr_carea' id='block_1_3' title="bbox 204 670 1828 749">
    <p class='ocr_par' dir='ltr' id='par_1_3' title="bbox 204 670 1828 749">
     <span class='ocr_line' id='line_1_3' title="bbox 204 670 1828 749; baseline -0.002 -22"><span class='ocrx_word' id='word_1_25' title='bbox 204 681 399 728; x_wconf 95' lang='lat' dir='ltr'><strong>exacte</strong></span> <span class='ocrx_word' id='word_1_26' title='bbox 427 673 620 749; x_wconf 89' lang='lat' dir='ltr'><strong>relegi.</strong></span> <span class='ocrx_word' id='word_1_27' title='bbox 651 674 850 729; x_wconf 86' lang='lat' dir='ltr'><strong>Verum</strong></span> <span class='ocrx_word' id='word_1_28' title='bbox 877 673 1309 745; x_wconf 88' lang='lat' dir='ltr'><strong>deprehendens</strong></span> <span class='ocrx_word' id='word_1_29' title='bbox 1340 672 1672 744; x_wconf 90' lang='lat' dir='ltr'><strong>quibusdam</strong></span> <span class='ocrx_word' id='word_1_30' title='bbox 1689 670 1828 725; x_wconf 89' lang='lat' dir='ltr'><strong>locis</strong></span> 
     </span>
    </p>
   </div>
   <div class='ocr_carea' id='block_1_4' title="bbox 207 760 1826 834">
    <p class='ocr_par' dir='ltr' id='par_1_4' title="bbox 207 760 1826 834">
     <span class='ocr_line' id='line_1_4' title="bbox 207 760 1826 834; baseline -0.002 -18"><span class='ocrx_word' id='word_1_31' title='bbox 207 763 479 818; x_wconf 90' lang='lat' dir='ltr'><strong>nonnulla</strong></span> <span class='ocrx_word' id='word_1_32' title='bbox 505 763 723 829; x_wconf 90' lang='lat' dir='ltr'><strong>deesse,</strong></span> <span class='ocrx_word' id='word_1_33' title='bbox 757 778 1006 834; x_wconf 71' lang='lat' dir='ltr'><strong>quaerere</strong></span> <span class='ocrx_word' id='word_1_34' title='bbox 1037 762 1181 832; x_wconf 61' lang='lat' dir='ltr'><strong>coepi</strong></span> <span class='ocrx_word' id='word_1_35' title='bbox 1215 761 1321 815; x_wconf 90' lang='lat' dir='ltr'><strong>alia</strong></span> <span class='ocrx_word' id='word_1_36' title='bbox 1370 760 1706 833; x_wconf 75' lang='lat' dir='ltr'><strong>exemplaria</strong></span> <span class='ocrx_word' id='word_1_37' title='bbox 1760 775 1826 813; x_wconf 89' lang='lat' dir='ltr'><strong>ex</strong></span> 
     </span>
    </p>
   </div>
   <div class='ocr_carea' id='block_1_5' title="bbox 205 852 1829 926">
    <p class='ocr_par' dir='ltr' id='par_1_5' title="bbox 205 852 1829 926">
     <span class='ocr_line' id='line_1_5' title="bbox 205 852 1829 926; baseline -0.001 -18"><span class='ocrx_word' id='word_1_38' title='bbox 205 854 410 926; x_wconf 88' lang='lat' dir='ltr'><strong>quibus</strong></span> <span class='ocrx_word' id='word_1_39' title='bbox 442 854 660 925; x_wconf 88' lang='lat' dir='ltr'><strong>impieri</strong></span> <span class='ocrx_word' id='word_1_40' title='bbox 695 862 920 925; x_wconf 79' lang='lat' dir='ltr'><strong>possent</strong></span> <span class='ocrx_word' id='word_1_41' title='bbox 950 854 1066 909; x_wconf 76' lang='lat' dir='ltr'><strong>istae</strong></span> <span class='ocrx_word' id='word_1_42' title='bbox 1098 855 1329 909; x_wconf 64' lang='lat' dir='ltr'><strong>lacunae.</strong></span> <span class='ocrx_word' id='word_1_43' title='bbox 1390 854 1521 908; x_wconf 92' lang='lat' dir='ltr'><strong>Tum</strong></span> <span class='ocrx_word' id='word_1_44' title='bbox 1561 852 1697 906; x_wconf 90' lang='lat' dir='ltr'><strong>mihi</strong></span> <span class='ocrx_word' id='word_1_45' title='bbox 1727 868 1829 923; x_wconf 92' lang='lat' dir='ltr'><strong>op-</strong></span> 
     </span>
    </p>
   </div>
   <div class='ocr_carea' id='block_1_6' title="bbox 208 941 1829 1015">
    <p class='ocr_par' dir='ltr' id='par_1_6' title="bbox 208 941 1829 1015">
     <span class='ocr_line' id='line_1_6' title="bbox 208 941 1829 1015; baseline -0.001 -18"><span class='ocrx_word' id='word_1_46' title='bbox 208 952 467 1013; x_wconf 88' lang='lat' dir='ltr'><strong>portune,</strong></span> <span class='ocrx_word' id='word_1_47' title='bbox 498 959 669 1015; x_wconf 89' lang='lat' dir='ltr'><strong>opera</strong></span> <span class='ocrx_word' id='word_1_48' title='bbox 684 942 815 998; x_wconf 91' lang='lat' dir='ltr'><strong>dicti</strong></span> <span class='ocrx_word' id='word_1_49' title='bbox 843 943 1055 998; x_wconf 85' lang='lat' dir='ltr'><strong>domini</strong></span> <span class='ocrx_word' id='word_1_50' title='bbox 1077 943 1229 1010; x_wconf 90' lang='lat' dir='ltr'><strong>Witi,</strong></span> <span class='ocrx_word' id='word_1_51' title='bbox 1246 945 1356 999; x_wconf 92' lang='lat' dir='ltr'><strong>duo</strong></span> <span class='ocrx_word' id='word_1_52' title='bbox 1370 943 1477 997; x_wconf 91' lang='lat' dir='ltr'><strong>alia</strong></span> <span class='ocrx_word' id='word_1_53' title='bbox 1493 941 1829 1014; x_wconf 87' lang='lat' dir='ltr'><strong>exemplaria</strong></span> 
     </span>
    </p>
   </div>
   <div class='ocr_carea' id='block_1_7' title="bbox 209 1031 1829 1105">
    <p class='ocr_par' dir='ltr' id='par_1_7' title="bbox 209 1031 1829 1105">
     <span class='ocr_line' id='line_1_7' title="bbox 209 1031 1829 1105; baseline 0 -20"><span class='ocrx_word' id='word_1_54' title='bbox 209 1031 427 1105; x_wconf 88' lang='lat' dir='ltr'><strong>integra</strong></span> <span class='ocrx_word' id='word_1_55' title='bbox 460 1033 643 1087; x_wconf 85' lang='lat' dir='ltr'><strong>Remis</strong></span> <span class='ocrx_word' id='word_1_56' title='bbox 685 1032 1013 1088; x_wconf 89' lang='lat' dir='ltr'><strong>transmissa</strong></span> <span class='ocrx_word' id='word_1_57' title='bbox 1069 1041 1218 1100; x_wconf 90' lang='lat' dir='ltr'><strong>sunt,</strong></span> <span class='ocrx_word' id='word_1_58' title='bbox 1275 1050 1447 1088; x_wconf 91' lang='lat' dir='ltr'><strong>unum</strong></span> <span class='ocrx_word' id='word_1_59' title='bbox 1500 1049 1566 1087; x_wconf 85' lang='lat' dir='ltr'><strong>ex</strong></span> <span class='ocrx_word' id='word_1_60' title='bbox 1592 1031 1829 1087; x_wconf 87' lang='lat' dir='ltr'><strong>archivis</strong></span> 
     </span>
    </p>
   </div>
   <div class='ocr_carea' id='block_1_8' title="bbox 209 1125 1830 1197">
    <p class='ocr_par' dir='ltr' id='par_1_8' title="bbox 209 1125 1830 1197">
     <span class='ocr_line' id='line_1_8' title="bbox 209 1125 1830 1197; baseline -0.001 -18"><span class='ocrx_word' id='word_1_61' title='bbox 209 1126 459 1181; x_wconf 63' lang='lat' dir='ltr'><strong>ecclesiae</strong></span> <span class='ocrx_word' id='word_1_62' title='bbox 518 1126 959 1197; x_wconf 65' lang='lat' dir='ltr'><strong>métropolitanze</strong></span> <span class='ocrx_word' id='word_1_63' title='bbox 1023 1127 1081 1182; x_wconf 90' lang='grc' dir='ltr'><strong>Β.</strong></span> <span class='ocrx_word' id='word_1_64' title='bbox 1142 1126 1344 1194; x_wconf 65' lang='lat' dir='ltr'><strong>Mariae,</strong></span> <span class='ocrx_word' id='word_1_65' title='bbox 1402 1126 1457 1180; x_wconf 91' lang='lat' dir='ltr'><strong>in</strong></span> <span class='ocrx_word' id='word_1_66' title='bbox 1507 1125 1830 1180; x_wconf 84' lang='lat' dir='ltr'><strong>membrana</strong></span> 
     </span>
    </p>
   </div>
   <div class='ocr_carea' id='block_1_9' title="bbox 209 1218 1824 1291">
    <p class='ocr_par' dir='ltr' id='par_1_9' title="bbox 209 1218 1824 1291">
     <span class='ocr_line' id='line_1_9' title="bbox 209 1218 1824 1291; baseline 0.001 -20"><span class='ocrx_word' id='word_1_67' title='bbox 209 1218 440 1289; x_wconf 86' lang='lat' dir='ltr'><strong>antiqua</strong></span> <span class='ocrx_word' id='word_1_68' title='bbox 485 1235 651 1274; x_wconf 89' lang='lat' dir='ltr'><strong>manu</strong></span> <span class='ocrx_word' id='word_1_69' title='bbox 684 1227 988 1286; x_wconf 88' lang='lat' dir='ltr'><strong>exaratum,</strong></span> <span class='ocrx_word' id='word_1_70' title='bbox 1048 1220 1195 1290; x_wconf 92' lang='lat' dir='ltr'><strong>quod</strong></span> <span class='ocrx_word' id='word_1_71' title='bbox 1228 1220 1513 1291; x_wconf 71' lang='lat' dir='ltr'><strong>signemus</strong></span> <span class='ocrx_word' id='word_1_72' title='bbox 1548 1219 1727 1273; x_wconf 80' lang='lat' dir='ltr'><strong>littera</strong></span> <span class='ocrx_word' id='word_1_73' title='bbox 1753 1234 1824 1285; x_wconf 89' lang='lat' dir='ltr'><strong>m,</strong></span> 
     </span>
    </p>
   </div>
   <div class='ocr_carea' id='block_1_10' title="bbox 210 1308 1827 1380">
    <p class='ocr_par' dir='ltr' id='par_1_10' title="bbox 210 1308 1827 1380">
     <span class='ocr_line' id='line_1_10' title="bbox 210 1308 1827 1380; baseline -0.001 -16"><span class='ocrx_word' id='word_1_74' title='bbox 210 1311 442 1364; x_wconf 88' lang='lat' dir='ltr'><strong>alterum</strong></span> <span class='ocrx_word' id='word_1_75' title='bbox 475 1310 706 1375; x_wconf 78' lang='lat' dir='ltr'><strong>recenti,</strong></span> <span class='ocrx_word' id='word_1_76' title='bbox 738 1327 885 1365; x_wconf 86' lang='lat' dir='ltr'><strong>anno</strong></span> <span class='ocrx_word' id='word_1_77' title='bbox 915 1310 1179 1365; x_wconf 80' lang='lat' dir='ltr'><strong>videlicet</strong></span> <span class='ocrx_word' id='word_1_78' title='bbox 1205 1310 1366 1374; x_wconf 83' lang='grc'><strong>1596,</strong></span> <span class='ocrx_word' id='word_1_79' title='bbox 1405 1309 1741 1380; x_wconf 90' lang='lat' dir='ltr'><strong>descriptum</strong></span> <span class='ocrx_word' id='word_1_80' title='bbox 1772 1308 1827 1363; x_wconf 93' lang='lat' dir='ltr'><strong>in</strong></span> 
     </span>
    </p>
   </div>
   <div class='ocr_carea' id='block_1_11' title="bbox 209 1402 1826 1474">
    <p class='ocr_par' dir='ltr' id='par_1_11' title="bbox 209 1402 1826 1474">
     <span class='ocr_line' id='line_1_11' title="bbox 209 1402 1826 1474; baseline -0.002 -16"><span class='ocrx_word' id='word_1_81' title='bbox 209 1404 415 1467; x_wconf 89' lang='lat' dir='ltr'><strong>charta,</strong></span> <span class='ocrx_word' id='word_1_82' title='bbox 470 1420 533 1458; x_wconf 87' lang='lat' dir='ltr'><strong>ex</strong></span> <span class='ocrx_word' id='word_1_83' title='bbox 565 1404 766 1459; x_wconf 87' lang='lat' dir='ltr'><strong>eodem</strong></span> <span class='ocrx_word' id='word_1_84' title='bbox 797 1404 967 1459; x_wconf 84' lang='lat' dir='ltr'><strong>veteri</strong></span> <span class='ocrx_word' id='word_1_85' title='bbox 1024 1403 1322 1474; x_wconf 87' lang='lat' dir='ltr'><strong>exemplari</strong></span> <span class='ocrx_word' id='word_1_86' title='bbox 1381 1420 1479 1473; x_wconf 90' lang='lat' dir='ltr'><strong>per</strong></span> <span class='ocrx_word' id='word_1_87' title='bbox 1540 1402 1826 1457; x_wconf 91' lang='lat' dir='ltr'><strong>dominum</strong></span> 
     </span>
    </p>
   </div>
   <div class='ocr_carea' id='block_1_12' title="bbox 210 1493 1826 1571">
    <p class='ocr_par' dir='ltr' id='par_1_12' title="bbox 210 1493 1826 1571">
     <span class='ocr_line' id='line_1_12' title="bbox 210 1493 1826 1571; baseline -0.001 -22"><span class='ocrx_word' id='word_1_88' title='bbox 210 1496 505 1570; x_wconf 83' lang='lat' dir='ltr'><strong>Georgium</strong></span> <span class='ocrx_word' id='word_1_89' title='bbox 538 1495 889 1571; x_wconf 87' lang='lat' dir='ltr'><strong>Montgerard</strong></span> <span class='ocrx_word' id='word_1_90' title='bbox 947 1495 1185 1566; x_wconf 90' lang='lat' dir='ltr'><strong>priorem</strong></span> <span class='ocrx_word' id='word_1_91' title='bbox 1224 1495 1467 1551; x_wconf 78' lang='lat' dir='ltr'><strong>coenobii</strong></span> <span class='ocrx_word' id='word_1_92' title='bbox 1505 1495 1559 1549; x_wconf 89' lang='lat' dir='ltr'><strong>S.</strong></span> <span class='ocrx_word' id='word_1_93' title='bbox 1611 1493 1826 1548; x_wconf 86' lang='lat' dir='ltr'><strong>Martini</strong></span> 
     </span>
    </p>
   </div>
   <div class='ocr_carea' id='block_1_13' title="bbox 208 1582 1830 1655">
    <p class='ocr_par' dir='ltr' id='par_1_13' title="bbox 208 1582 1830 1655">
     <span class='ocr_line' id='line_1_13' title="bbox 208 1582 1830 1655; baseline -0.001 -18"><span class='ocrx_word' id='word_1_94' title='bbox 208 1584 636 1654; x_wconf 85' lang='lat' dir='ltr'><strong>Sparnacensis,</strong></span> <span class='ocrx_word' id='word_1_95' title='bbox 668 1585 867 1655; x_wconf 83' lang='lat' dir='ltr'><strong>partim</strong></span> <span class='ocrx_word' id='word_1_96' title='bbox 892 1584 1177 1651; x_wconf 88' lang='lat' dir='ltr'><strong>correctis,</strong></span> <span class='ocrx_word' id='word_1_97' title='bbox 1232 1584 1429 1655; x_wconf 88' lang='lat' dir='ltr'><strong>partim</strong></span> <span class='ocrx_word' id='word_1_98' title='bbox 1462 1583 1689 1639; x_wconf 84' lang='lat' dir='ltr'><strong>mutatis</strong></span> <span class='ocrx_word' id='word_1_99' title='bbox 1739 1582 1830 1637; x_wconf 88' lang='lat' dir='ltr'><strong>hic</strong></span> 
     </span>
    </p>
   </div>
   <div class='ocr_carea' id='block_1_14' title="bbox 210 1675 1831 1751">
    <p class='ocr_par' dir='ltr' id='par_1_14' title="bbox 210 1675 1831 1751">
     <span class='ocr_line' id='line_1_14' title="bbox 210 1675 1831 1751; baseline 0 -22"><span class='ocrx_word' id='word_1_100' title='bbox 210 1682 263 1730; x_wconf 90' lang='lat' dir='ltr'><strong>et</strong></span> <span class='ocrx_word' id='word_1_101' title='bbox 298 1675 375 1730; x_wconf 88' lang='lat' dir='ltr'><strong>ibi</strong></span> <span class='ocrx_word' id='word_1_102' title='bbox 434 1676 623 1732; x_wconf 84' lang='lat' dir='ltr'><strong>verbis</strong></span> <span class='ocrx_word' id='word_1_103' title='bbox 679 1676 1035 1747; x_wconf 88' lang='lat' dir='ltr'><strong>quibusdam.</strong></span> <span class='ocrx_word' id='word_1_104' title='bbox 1092 1676 1386 1751; x_wconf 88' lang='lat' dir='ltr'><strong>Signamus</strong></span> <span class='ocrx_word' id='word_1_105' title='bbox 1438 1676 1619 1730; x_wconf 86' lang='lat' dir='ltr'><strong>littera</strong></span> <span class='ocrx_word' id='word_1_106' title='bbox 1670 1690 1717 1740; x_wconf 91' lang='lat' dir='ltr'><strong>s,</strong></span> <span class='ocrx_word' id='word_1_107' title='bbox 1776 1682 1831 1729; x_wconf 90' lang='lat' dir='ltr'><strong>et</strong></span> 
     </span>
    </p>
   </div>
   <div class='ocr_carea' id='block_1_15' title="bbox 213 1762 1829 1836">
    <p class='ocr_par' dir='ltr' id='par_1_15' title="bbox 213 1762 1829 1836">
     <span class='ocr_line' id='line_1_15' title="bbox 213 1762 1829 1836; baseline -0.001 -19"><span class='ocrx_word' id='word_1_108' title='bbox 213 1771 508 1836; x_wconf 88' lang='lat' dir='ltr'><strong>utrumque</strong></span> <span class='ocrx_word' id='word_1_109' title='bbox 541 1764 656 1820; x_wconf 89' lang='lat' dir='ltr'><strong>fere</strong></span> <span class='ocrx_word' id='word_1_110' title='bbox 685 1781 909 1836; x_wconf 88' lang='lat' dir='ltr'><strong>semper</strong></span> <span class='ocrx_word' id='word_1_111' title='bbox 927 1765 1136 1834; x_wconf 89' lang='lat' dir='ltr'><strong>junctis</strong></span> <span class='ocrx_word' id='word_1_112' title='bbox 1166 1766 1312 1820; x_wconf 91' lang='lat' dir='ltr'><strong>notis</strong></span> <span class='ocrx_word' id='word_1_113' title='bbox 1338 1781 1439 1820; x_wconf 88' lang='lat' dir='ltr'><strong>ms.</strong></span> <span class='ocrx_word' id='word_1_114' title='bbox 1474 1762 1829 1836; x_wconf 87' lang='lat' dir='ltr'><strong>quandoqui-</strong></span> 
     </span>
    </p>
   </div>
   <div class='ocr_carea' id='block_1_16' title="bbox 210 1856 1826 1928">
    <p class='ocr_par' dir='ltr' id='par_1_16' title="bbox 210 1856 1826 1928">
     <span class='ocr_line' id='line_1_16' title="bbox 210 1856 1826 1928; baseline 0 -19"><span class='ocrx_word' id='word_1_115' title='bbox 210 1857 332 1910; x_wconf 88' lang='lat' dir='ltr'><strong>dem</strong></span> <span class='ocrx_word' id='word_1_116' title='bbox 366 1864 420 1910; x_wconf 91' lang='lat' dir='ltr'><strong>et</strong></span> <span class='ocrx_word' id='word_1_117' title='bbox 457 1873 556 1927; x_wconf 92' lang='lat' dir='ltr'><strong>pro</strong></span> <span class='ocrx_word' id='word_1_118' title='bbox 588 1858 1021 1928; x_wconf 87' lang='lat' dir='ltr'><strong>unoexemplari</strong></span> <span class='ocrx_word' id='word_1_119' title='bbox 1048 1857 1303 1912; x_wconf 88' lang='lat' dir='ltr'><strong>habenda</strong></span> <span class='ocrx_word' id='word_1_120' title='bbox 1332 1857 1447 1912; x_wconf 89' lang='lat' dir='ltr'><strong>sint</strong></span> <span class='ocrx_word' id='word_1_121' title='bbox 1473 1858 1588 1911; x_wconf 68' lang='lat' dir='ltr'><strong>haec</strong></span> <span class='ocrx_word' id='word_1_122' title='bbox 1619 1856 1826 1921; x_wconf 89' lang='lat' dir='ltr'><strong>duo,eo</strong></span> 
     </span>
    </p>
   </div>
   <div class='ocr_carea' id='block_1_17' title="bbox 1929 650 3542 741">
    <p class='ocr_par' dir='ltr' id='par_1_17' title="bbox 1929 650 3542 741">
     <span class='ocr_line' id='line_1_17' title="bbox 1929 650 3542 741; baseline -0.015 -17"><span class='ocrx_word' id='word_1_123' title='bbox 1929 685 2051 741; x_wconf 67' lang='lat' dir='ltr'><strong>quae</strong></span> <span class='ocrx_word' id='word_1_124' title='bbox 2086 650 2387 723; x_wconf 88' lang='lat' dir='ltr'><strong>insolentes</strong></span> <span class='ocrx_word' id='word_1_125' title='bbox 2406 673 2459 721; x_wconf 89' lang='lat' dir='ltr'><strong>et</strong></span> <span class='ocrx_word' id='word_1_126' title='bbox 2486 665 2796 734; x_wconf 68' lang='lat' dir='ltr'><strong>depravatae</strong></span> <span class='ocrx_word' id='word_1_127' title='bbox 2828 661 3147 718; x_wconf 87' lang='lat' dir='ltr'><strong>censentur,</strong></span> <span class='ocrx_word' id='word_1_128' title='bbox 3171 657 3231 706; x_wconf 89' lang='lat' dir='ltr'><strong>ut</strong></span> <span class='ocrx_word' id='word_1_129' title='bbox 3254 650 3542 741; x_wconf 68' lang='lat' dir='ltr'><strong>dompuus,</strong></span> 
     </span>
    </p>
   </div>
   <div class='ocr_carea' id='block_1_18' title="bbox 1928 736 3548 828">
    <p class='ocr_par' dir='ltr' id='par_1_18' title="bbox 1928 736 3548 828">
     <span class='ocr_line' id='line_1_18' title="bbox 1928 736 3548 828; baseline -0.016 -14"><span class='ocrx_word' id='word_1_130' title='bbox 1928 736 2263 828; x_wconf 74' lang='lat' dir='ltr'><strong>dampnatio,</strong></span> <span class='ocrx_word' id='word_1_131' title='bbox 2296 769 2573 825; x_wconf 82' lang='lat' dir='ltr'><strong>semp-nus,</strong></span> <span class='ocrx_word' id='word_1_132' title='bbox 2605 750 2956 818; x_wconf 76' lang='lat' dir='ltr'><strong>contempnet,</strong></span> <span class='ocrx_word' id='word_1_133' title='bbox 2988 742 3356 811; x_wconf 83' lang='lat' dir='ltr'><strong>solempm‘tas,</strong></span> <span class='ocrx_word' id='word_1_134' title='bbox 3386 736 3548 828; x_wconf 66' lang='lat' dir='ltr'><strong>ebdo-</strong></span> 
     </span>
    </p>
   </div>
   <div class='ocr_carea' id='block_1_19' title="bbox 1928 826 3542 916">
    <p class='ocr_par' dir='ltr' id='par_1_19' title="bbox 1928 826 3542 916">
     <span class='ocr_line' id='line_1_19' title="bbox 1928 826 3542 916; baseline -0.015 -13"><span class='ocrx_word' id='word_1_135' title='bbox 1928 826 2071 913; x_wconf 66' lang='lat' dir='ltr'><strong>mas,</strong></span> <span class='ocrx_word' id='word_1_136' title='bbox 2094 846 2419 916; x_wconf 82' lang='lat' dir='ltr'><strong>parrochus,</strong></span> <span class='ocrx_word' id='word_1_137' title='bbox 2474 840 2792 912; x_wconf 82' lang='lat' dir='ltr'><strong>parrochia,</strong></span> <span class='ocrx_word' id='word_1_138' title='bbox 2833 839 3010 897; x_wconf 76' lang='lat' dir='ltr'><strong>curta,</strong></span> <span class='ocrx_word' id='word_1_139' title='bbox 3060 832 3410 893; x_wconf 77' lang='lat' dir='ltr'><strong>summittere,</strong></span> <span class='ocrx_word' id='word_1_140' title='bbox 3433 826 3542 881; x_wconf 79' lang='lat' dir='ltr'><strong>Ni-</strong></span> 
     </span>
    </p>
   </div>
   <div class='ocr_carea' id='block_1_20' title="bbox 1928 923 3546 1005">
    <p class='ocr_par' dir='ltr' id='par_1_20' title="bbox 1928 923 3546 1005">
     <span class='ocr_line' id='line_1_20' title="bbox 1928 923 3546 1005; baseline -0.016 -9"><span class='ocrx_word' id='word_1_141' title='bbox 1928 943 2166 1005; x_wconf 77' lang='lat' dir='ltr'><strong>cholaus,</strong></span> <span class='ocrx_word' id='word_1_142' title='bbox 2194 939 2500 1004; x_wconf 77' lang='lat' dir='ltr'><strong>Nichosius,</strong></span> <span class='ocrx_word' id='word_1_143' title='bbox 2536 937 2825 998; x_wconf 74' lang='lat' dir='ltr'><strong>subiciens,</strong></span> <span class='ocrx_word' id='word_1_144' title='bbox 2863 929 3125 990; x_wconf 79' lang='lat' dir='ltr'><strong>adiciens,</strong></span> <span class='ocrx_word' id='word_1_145' title='bbox 3184 923 3457 985; x_wconf 71' lang='lat' dir='ltr'><strong>emenium,</strong></span> <span class='ocrx_word' id='word_1_146' title='bbox 3491 926 3546 971; x_wconf 91' lang='lat' dir='ltr'><strong>et</strong></span> 
     </span>
    </p>
   </div>
   <div class='ocr_carea' id='block_1_21' title="bbox 1929 1010 3546 1102">
    <p class='ocr_par' dir='ltr' id='par_1_21' title="bbox 1929 1010 3546 1102">
     <span class='ocr_line' id='line_1_21' title="bbox 1929 1010 3546 1102; baseline -0.015 -13"><span class='ocrx_word' id='word_1_147' title='bbox 1929 1034 2158 1101; x_wconf 89' lang='lat' dir='ltr'><strong>similes.</strong></span> <span class='ocrx_word' id='word_1_148' title='bbox 2196 1034 2253 1087; x_wconf 89' lang='lat' dir='ltr'><strong>ln</strong></span> <span class='ocrx_word' id='word_1_149' title='bbox 2284 1032 2406 1085; x_wconf 89' lang='lat' dir='ltr'><strong>aliis</strong></span> <span class='ocrx_word' id='word_1_150' title='bbox 2433 1028 2639 1102; x_wconf 86' lang='lat' dir='ltr'><strong>placuit</strong></span> <span class='ocrx_word' id='word_1_151' title='bbox 2665 1026 2996 1096; x_wconf 88' lang='lat' dir='ltr'><strong>scripturam</strong></span> <span class='ocrx_word' id='word_1_152' title='bbox 3025 1019 3119 1073; x_wconf 92' lang='lat' dir='ltr'><strong>illo</strong></span> <span class='ocrx_word' id='word_1_153' title='bbox 3145 1025 3396 1085; x_wconf 90' lang='lat' dir='ltr'><strong>tempore</strong></span> <span class='ocrx_word' id='word_1_154' title='bbox 3427 1010 3546 1066; x_wconf 90' lang='lat' dir='ltr'><strong>usi-</strong></span> 
     </span>
    </p>
   </div>
   <div class='ocr_carea' id='block_1_22' title="bbox 1930 1105 3544 1196">
    <p class='ocr_par' dir='ltr' id='par_1_22' title="bbox 1930 1105 3544 1196">
     <span class='ocr_line' id='line_1_22' title="bbox 1930 1105 3544 1196; baseline -0.015 -14"><span class='ocrx_word' id='word_1_155' title='bbox 1930 1136 2097 1183; x_wconf 88' lang='lat' dir='ltr'><strong>tatam</strong></span> <span class='ocrx_word' id='word_1_156' title='bbox 2162 1124 2404 1196; x_wconf 89' lang='lat' dir='ltr'><strong>relinqui</strong></span> <span class='ocrx_word' id='word_1_157' title='bbox 2465 1124 2519 1178; x_wconf 89' lang='lat' dir='ltr'><strong>in</strong></span> <span class='ocrx_word' id='word_1_158' title='bbox 2573 1121 2804 1196; x_wconf 82' lang='lat' dir='ltr'><strong>gratiam</strong></span> <span class='ocrx_word' id='word_1_159' title='bbox 2873 1109 3262 1184; x_wconf 88' lang='lat' dir='ltr'><strong>antiquitatis,</strong></span> <span class='ocrx_word' id='word_1_160' title='bbox 3323 1114 3384 1162; x_wconf 90' lang='lat' dir='ltr'><strong>ut</strong></span> <span class='ocrx_word' id='word_1_161' title='bbox 3441 1105 3544 1160; x_wconf 88' lang='lat' dir='ltr'><strong>Ka-</strong></span> 
     </span>
    </p>
   </div>
   <div class='ocr_carea' id='block_1_23' title="bbox 1930 1197 3544 1282">
    <p class='ocr_par' dir='ltr' id='par_1_23' title="bbox 1930 1197 3544 1282">
     <span class='ocr_line' id='line_1_23' title="bbox 1930 1197 3544 1282; baseline -0.012 -12"><span class='ocrx_word' id='word_1_162' title='bbox 1930 1217 2081 1272; x_wconf 91' lang='lat' dir='ltr'><strong>rolus</strong></span> <span class='ocrx_word' id='word_1_163' title='bbox 2110 1258 2126 1282; x_wconf 96' lang='lat'><strong>,</strong></span> <span class='ocrx_word' id='word_1_164' title='bbox 2181 1215 2565 1279; x_wconf 83' lang='lat' dir='ltr'><strong>Karlomanus,</strong></span> <span class='ocrx_word' id='word_1_165' title='bbox 2600 1209 2893 1282; x_wconf 89' lang='lat' dir='ltr'><strong>Pippinius</strong></span> <span class='ocrx_word' id='word_1_166' title='bbox 2930 1249 2944 1274; x_wconf 92' lang='lat'><strong>,</strong></span> <span class='ocrx_word' id='word_1_167' title='bbox 2999 1199 3338 1258; x_wconf 88' lang='lat' dir='ltr'><strong>Theodulfus</strong></span> <span class='ocrx_word' id='word_1_168' title='bbox 3363 1240 3377 1267; x_wconf 92' lang='lat'><strong>,</strong></span> <span class='ocrx_word' id='word_1_169' title='bbox 3434 1197 3544 1251; x_wconf 83' lang='lat' dir='ltr'><strong>Ro-</strong></span> 
     </span>
    </p>
   </div>
   <div class='ocr_carea' id='block_1_24' title="bbox 1928 1310 2136 1365">
    <p class='ocr_par' dir='ltr' id='par_1_24' title="bbox 1928 1310 2136 1365">
     <span class='ocr_line' id='line_1_24' title="bbox 1928 1310 2136 1365; baseline -0.01 0"><span class='ocrx_word' id='word_1_170' title='bbox 1928 1310 2136 1365; x_wconf 85' lang='lat' dir='ltr'><strong>dulfus.</strong></span> 
     </span>
    </p>
   </div>
   <div class='ocr_carea' id='block_1_25' title="bbox 2001 1385 3544 1467">
    <p class='ocr_par' dir='ltr' id='par_1_25' title="bbox 2001 1385 3544 1467">
     <span class='ocr_line' id='line_1_25' title="bbox 2001 1385 3544 1467; baseline -0.013 -15"><span class='ocrx_word' id='word_1_171' title='bbox 2001 1398 2195 1453; x_wconf 87' lang='lat' dir='ltr'><strong>Omnia</strong></span> <span class='ocrx_word' id='word_1_172' title='bbox 2234 1397 2521 1467; x_wconf 78' lang='lat' dir='ltr'><strong>scripturae</strong></span> <span class='ocrx_word' id='word_1_173' title='bbox 2562 1397 2681 1450; x_wconf 90' lang='lat' dir='ltr'><strong>loca</strong></span> <span class='ocrx_word' id='word_1_174' title='bbox 2738 1408 2861 1466; x_wconf 63' lang='lat' dir='ltr'><strong>quae</strong></span> <span class='ocrx_word' id='word_1_175' title='bbox 2912 1390 3168 1448; x_wconf 87' lang='lat' dir='ltr'><strong>citantur,</strong></span> <span class='ocrx_word' id='word_1_176' title='bbox 3212 1385 3544 1457; x_wconf 89' lang='lat' dir='ltr'><strong>plerumque</strong></span> 
     </span>
    </p>
   </div>
   <div class='ocr_carea' id='block_1_26' title="bbox 1929 1468 3546 1558">
    <p class='ocr_par' dir='ltr' id='par_1_26' title="bbox 1929 1468 3546 1558">
     <span class='ocr_line' id='line_1_26' title="bbox 1929 1468 3546 1558; baseline -0.013 -15"><span class='ocrx_word' id='word_1_177' title='bbox 1929 1487 2095 1543; x_wconf 90' lang='lat' dir='ltr'><strong>etiam</strong></span> <span class='ocrx_word' id='word_1_178' title='bbox 2128 1503 2193 1541; x_wconf 90' lang='lat' dir='ltr'><strong>ea</strong></span> <span class='ocrx_word' id='word_1_179' title='bbox 2223 1487 2290 1541; x_wconf 92' lang='lat' dir='ltr'><strong>ad</strong></span> <span class='ocrx_word' id='word_1_180' title='bbox 2323 1503 2445 1558; x_wconf 66' lang='lat' dir='ltr'><strong>quae</strong></span> <span class='ocrx_word' id='word_1_181' title='bbox 2464 1475 3339 1558; x_wconf 87' lang='lat' dir='ltr'><strong>respicitur,marginiadjecimus</strong></span> <span class='ocrx_word' id='word_1_182' title='bbox 3378 1468 3546 1525; x_wconf 86' lang='lat' dir='ltr'><strong>Simi-</strong></span> 
     </span>
    </p>
   </div>
   <div class='ocr_carea' id='block_1_27' title="bbox 1930 1565 3543 1648">
    <p class='ocr_par' dir='ltr' id='par_1_27' title="bbox 1930 1565 3543 1648">
     <span class='ocr_line' id='line_1_27' title="bbox 1930 1565 3543 1648; baseline -0.01 -17"><span class='ocrx_word' id='word_1_183' title='bbox 1930 1578 2057 1633; x_wconf 88' lang='lat' dir='ltr'><strong>liter</strong></span> <span class='ocrx_word' id='word_1_184' title='bbox 2084 1586 2139 1634; x_wconf 89' lang='lat' dir='ltr'><strong>et</strong></span> <span class='ocrx_word' id='word_1_185' title='bbox 2166 1594 2229 1633; x_wconf 85' lang='lat' dir='ltr'><strong>ea</strong></span> <span class='ocrx_word' id='word_1_186' title='bbox 2262 1594 2386 1648; x_wconf 69' lang='lat' dir='ltr'><strong>quze</strong></span> <span class='ocrx_word' id='word_1_187' title='bbox 2444 1592 2510 1631; x_wconf 82' lang='lat' dir='ltr'><strong>ex</strong></span> <span class='ocrx_word' id='word_1_188' title='bbox 2568 1576 2691 1631; x_wconf 90' lang='lat' dir='ltr'><strong>aliis</strong></span> <span class='ocrx_word' id='word_1_189' title='bbox 2750 1574 2992 1629; x_wconf 87' lang='lat' dir='ltr'><strong>citantur</strong></span> <span class='ocrx_word' id='word_1_190' title='bbox 3043 1565 3383 1630; x_wconf 89' lang='lat' dir='ltr'><strong>auctoribus,</strong></span> <span class='ocrx_word' id='word_1_191' title='bbox 3420 1578 3543 1634; x_wconf 60' lang='lat' dir='ltr'><strong>qum</strong></span> 
     </span>
    </p>
   </div>
   <div class='ocr_carea' id='block_1_28' title="bbox 1929 1650 3545 1740">
    <p class='ocr_par' dir='ltr' id='par_1_28' title="bbox 1929 1650 3545 1740">
     <span class='ocr_line' id='line_1_28' title="bbox 1929 1650 3545 1740; baseline -0.011 -17"><span class='ocrx_word' id='word_1_192' title='bbox 1929 1667 2117 1723; x_wconf 90' lang='lat' dir='ltr'><strong>omnia</strong></span> <span class='ocrx_word' id='word_1_193' title='bbox 2148 1668 2214 1721; x_wconf 88' lang='lat' dir='ltr'><strong>ad</strong></span> <span class='ocrx_word' id='word_1_194' title='bbox 2271 1665 2567 1740; x_wconf 90' lang='lat' dir='ltr'><strong>originalia</strong></span> <span class='ocrx_word' id='word_1_195' title='bbox 2618 1663 2975 1719; x_wconf 87' lang='lat' dir='ltr'><strong>contulimus.</strong></span> <span class='ocrx_word' id='word_1_196' title='bbox 3037 1666 3091 1713; x_wconf 91' lang='lat' dir='ltr'><strong>et</strong></span> <span class='ocrx_word' id='word_1_197' title='bbox 3143 1655 3350 1727; x_wconf 65' lang='lat' dir='ltr'><strong>saepius</strong></span> <span class='ocrx_word' id='word_1_198' title='bbox 3380 1650 3545 1706; x_wconf 83' lang='lat' dir='ltr'><strong>exiis</strong></span> 
     </span>
    </p>
   </div>
   <div class='ocr_carea' id='block_1_29' title="bbox 1931 1748 3545 1822">
    <p class='ocr_par' dir='ltr' id='par_1_29' title="bbox 1931 1748 3545 1822">
     <span class='ocr_line' id='line_1_29' title="bbox 1931 1748 3545 1822; baseline -0.011 -11"><span class='ocrx_word' id='word_1_199' title='bbox 1931 1757 2367 1811; x_wconf 82' lang='lat' dir='ltr'><strong>emendavimus.</strong></span> <span class='ocrx_word' id='word_1_200' title='bbox 2401 1756 2659 1822; x_wconf 68' lang='lat' dir='ltr'><strong>Quaedam</strong></span> <span class='ocrx_word' id='word_1_201' title='bbox 2692 1763 2874 1808; x_wconf 88' lang='lat' dir='ltr'><strong>tamen</strong></span> <span class='ocrx_word' id='word_1_202' title='bbox 2930 1748 3160 1821; x_wconf 88' lang='lat' dir='ltr'><strong>reperiri</strong></span> <span class='ocrx_word' id='word_1_203' title='bbox 3207 1762 3318 1801; x_wconf 92' lang='lat' dir='ltr'><strong>non</strong></span> <span class='ocrx_word' id='word_1_204' title='bbox 3355 1750 3545 1815; x_wconf 78' lang='lat' dir='ltr'><strong>potue~</strong></span> 
     </span>
    </p>
   </div>
   <div class='ocr_carea' id='block_1_30' title="bbox 1931 1831 3543 1911">
    <p class='ocr_par' dir='ltr' id='par_1_30' title="bbox 1931 1831 3543 1911">
     <span class='ocr_line' id='line_1_30' title="bbox 1931 1831 3543 1911; baseline -0.009 -12"><span class='ocrx_word' id='word_1_205' title='bbox 1931 1857 2075 1905; x_wconf 90' lang='lat' dir='ltr'><strong>runt,</strong></span> <span class='ocrx_word' id='word_1_206' title='bbox 2108 1848 2221 1911; x_wconf 88' lang='lat' dir='ltr'><strong>Qua</strong></span> <span class='ocrx_word' id='word_1_207' title='bbox 2254 1847 2464 1901; x_wconf 82' lang='lat' dir='ltr'><strong>ratione</strong></span> <span class='ocrx_word' id='word_1_208' title='bbox 2496 1843 2761 1898; x_wconf 88' lang='lat' dir='ltr'><strong>nonnulla</strong></span> <span class='ocrx_word' id='word_1_209' title='bbox 2792 1847 2922 1895; x_wconf 88' lang='lat' dir='ltr'><strong>sunt</strong></span> <span class='ocrx_word' id='word_1_210' title='bbox 2956 1838 3267 1902; x_wconf 89' lang='lat' dir='ltr'><strong>emendata,</strong></span> <span class='ocrx_word' id='word_1_211' title='bbox 3287 1850 3410 1905; x_wconf 64' lang='lat' dir='ltr'><strong>qua:</strong></span> <span class='ocrx_word' id='word_1_212' title='bbox 3433 1831 3543 1885; x_wconf 88' lang='lat' dir='ltr'><strong>alio</strong></span> 
     </span>
    </p>
   </div>
   <div class='ocr_carea' id='block_1_31' title="bbox 209 1905 3543 2020">
    <p class='ocr_par' dir='ltr' id='par_1_31' title="bbox 209 1905 3543 2020">
     <span class='ocr_line' id='line_1_31' title="bbox 215 1905 3288 1933; baseline 0 -5"><span class='ocrx_word' id='word_1_213' title='bbox 215 1905 332 1910; x_wconf 52' lang='lat'><strong>“&quot;&quot;</strong></span> <span class='ocrx_word' id='word_1_214' title='bbox 370 1905 419 1910; x_wconf 74' lang='lat'>&quot;</span> <span class='ocrx_word' id='word_1_215' title='bbox 457 1905 507 1927; x_wconf 78' lang='grc' dir='ltr'><strong>Γ·</strong></span> <span class='ocrx_word' id='word_1_216' title='bbox 528 1905 552 1912; x_wconf 83' lang='lat'><strong><em>&quot;</em></strong></span> <span class='ocrx_word' id='word_1_217' title='bbox 594 1905 1021 1928; x_wconf 77' lang='lat' dir='ltr'><strong>&quot;&quot;&#39;&quot;&quot;&#39;&quot;&#39;l&#39;&quot;&#39;&quot;</strong></span> <span class='ocrx_word' id='word_1_218' title='bbox 1048 1905 1303 1912; x_wconf 78' lang='lat'><strong>&quot;&quot;&quot;&#39;&quot;&quot;&#39;&quot;</strong></span> <span class='ocrx_word' id='word_1_219' title='bbox 1333 1905 1445 1912; x_wconf 72' lang='lat'><strong>&quot;&quot;&#39;</strong></span> <span class='ocrx_word' id='word_1_220' title='bbox 1473 1905 1586 1911; x_wconf 71' lang='grc'><strong>’“’“⁷“’</strong></span> <span class='ocrx_word' id='word_1_221' title='bbox 1623 1905 1821 1921; x_wconf 71' lang='lat'><strong>&quot;&quot;&quot;&quot;</strong></span> <span class='ocrx_word' id='word_1_222' title='bbox 2113 1905 2148 1911; x_wconf 72' lang='lat'>&quot;</span> <span class='ocrx_word' id='word_1_223' title='bbox 3279 1924 3288 1933; x_wconf 66' lang='grc' dir='ltr'>ι</span> 
     </span>
     <span class='ocr_line' id='line_1_32' title="bbox 209 1905 3543 2020; baseline -0.012 -5"><span class='ocrx_word' id='word_1_224' title='bbox 209 1948 354 2018; x_wconf 77' lang='grc' dir='ltr'><strong>ψιοό</strong></span> <span class='ocrx_word' id='word_1_225' title='bbox 385 1948 666 2018; x_wconf 67' lang='lat' dir='ltr'><strong>posterius</strong></span> <span class='ocrx_word' id='word_1_226' title='bbox 696 1964 761 2003; x_wconf 86' lang='lat' dir='ltr'><strong>ex</strong></span> <span class='ocrx_word' id='word_1_227' title='bbox 782 1949 956 2020; x_wconf 85' lang='lat' dir='ltr'><strong>priori</strong></span> <span class='ocrx_word' id='word_1_228' title='bbox 987 1950 1060 2004; x_wconf 89' lang='lat' dir='ltr'><strong>sit</strong></span> <span class='ocrx_word' id='word_1_229' title='bbox 1088 1949 1465 2019; x_wconf 84' lang='lat' dir='ltr'><strong>desumptum.</strong></span> <span class='ocrx_word' id='word_1_230' title='bbox 1497 1948 1612 2003; x_wconf 87' lang='lat' dir='ltr'><strong>Duo</strong></span> <span class='ocrx_word' id='word_1_231' title='bbox 1642 1955 1827 2003; x_wconf 70' lang='lat' dir='ltr'><strong>tamen</strong></span> <span class='ocrx_word' id='word_1_232' title='bbox 1849 1905 1902 1972; x_wconf 79' lang='grc' dir='ltr'><strong>Β</strong></span> <span class='ocrx_word' id='word_1_233' title='bbox 1930 1935 2025 2006; x_wconf 88' lang='lat' dir='ltr'><strong>qui</strong></span> <span class='ocrx_word' id='word_1_234' title='bbox 2053 1935 2142 1989; x_wconf 87' lang='lat' dir='ltr'><strong>vix</strong></span> <span class='ocrx_word' id='word_1_235' title='bbox 2172 1935 2458 1990; x_wconf 88' lang='lat' dir='ltr'><strong>emendari</strong></span> <span class='ocrx_word' id='word_1_236' title='bbox 2479 1934 2812 2004; x_wconf 85' lang='lat' dir='ltr'><strong>potuissent,</strong></span> <span class='ocrx_word' id='word_1_237' title='bbox 2841 1947 2966 1986; x_wconf 90' lang='lat' dir='ltr'><strong>cum</strong></span> <span class='ocrx_word' id='word_1_238' title='bbox 2993 1925 3329 1997; x_wconf 77' lang='lat' dir='ltr'><strong>exemplaria</strong></span> <span class='ocrx_word' id='word_1_239' title='bbox 3349 1931 3543 1977; x_wconf 90' lang='lat' dir='ltr'><strong>aucto-</strong></span> 
     </span>
    </p>
   </div>
   <div class='ocr_carea' id='block_1_32' title="bbox 213 2036 1827 2109">
    <p class='ocr_par' dir='ltr' id='par_1_32' title="bbox 213 2036 1827 2109">
     <span class='ocr_line' id='line_1_33' title="bbox 213 2036 1827 2109; baseline 0.001 -20"><span class='ocrx_word' id='word_1_240' title='bbox 213 2052 587 2103; x_wconf 90' lang='lat' dir='ltr'><strong>numeramus,</strong></span> <span class='ocrx_word' id='word_1_241' title='bbox 620 2037 753 2109; x_wconf 91' lang='lat' dir='ltr'><strong>quia</strong></span> <span class='ocrx_word' id='word_1_242' title='bbox 783 2038 972 2093; x_wconf 91' lang='lat' dir='ltr'><strong>multis</strong></span> <span class='ocrx_word' id='word_1_243' title='bbox 1004 2038 1140 2093; x_wconf 86' lang='lat' dir='ltr'><strong>locis</strong></span> <span class='ocrx_word' id='word_1_244' title='bbox 1168 2038 1441 2093; x_wconf 86' lang='lat' dir='ltr'><strong>correctio</strong></span> <span class='ocrx_word' id='word_1_245' title='bbox 1471 2044 1564 2091; x_wconf 90' lang='lat' dir='ltr'><strong>aut</strong></span> <span class='ocrx_word' id='word_1_246' title='bbox 1596 2036 1827 2091; x_wconf 82' lang='lat' dir='ltr'><strong>mutatio</strong></span> 
     </span>
    </p>
   </div>
   <div class='ocr_carea' id='block_1_33' title="bbox 209 2128 1828 2204">
    <p class='ocr_par' dir='ltr' id='par_1_33' title="bbox 209 2128 1828 2204">
     <span class='ocr_line' id='line_1_34' title="bbox 209 2128 1828 2204; baseline -0.001 -22"><span class='ocrx_word' id='word_1_247' title='bbox 209 2128 344 2183; x_wconf 82' lang='lat' dir='ltr'><strong>facta</strong></span> <span class='ocrx_word' id='word_1_248' title='bbox 375 2136 460 2183; x_wconf 90' lang='lat' dir='ltr'><strong>est</strong></span> <span class='ocrx_word' id='word_1_249' title='bbox 512 2130 607 2185; x_wconf 89' lang='lat' dir='ltr'><strong>His</strong></span> <span class='ocrx_word' id='word_1_250' title='bbox 635 2131 882 2201; x_wconf 88' lang='lat' dir='ltr'><strong>acceptis</strong></span> <span class='ocrx_word' id='word_1_251' title='bbox 908 2131 1140 2204; x_wconf 81' lang='lat' dir='ltr'><strong>integris</strong></span> <span class='ocrx_word' id='word_1_252' title='bbox 1166 2129 1595 2201; x_wconf 83' lang='lat' dir='ltr'><strong>exemplaribus,</strong></span> <span class='ocrx_word' id='word_1_253' title='bbox 1624 2129 1828 2198; x_wconf 82' lang='lat' dir='ltr'><strong>depre-</strong></span> 
     </span>
    </p>
   </div>
   <div class='ocr_carea' id='block_1_34' title="bbox 211 2215 1825 2289">
    <p class='ocr_par' dir='ltr' id='par_1_34' title="bbox 211 2215 1825 2289">
     <span class='ocr_line' id='line_1_35' title="bbox 211 2215 1825 2289; baseline -0.001 -19"><span class='ocrx_word' id='word_1_254' title='bbox 211 2216 373 2271; x_wconf 91' lang='lat' dir='ltr'><strong>hendi</strong></span> <span class='ocrx_word' id='word_1_255' title='bbox 420 2217 477 2271; x_wconf 93' lang='lat' dir='ltr'><strong>in</strong></span> <span class='ocrx_word' id='word_1_256' title='bbox 511 2219 813 2289; x_wconf 81' lang='lat' dir='ltr'><strong>exemplari</strong></span> <span class='ocrx_word' id='word_1_257' title='bbox 870 2219 1005 2273; x_wconf 86' lang='lat' dir='ltr'><strong>dicti</strong></span> <span class='ocrx_word' id='word_1_258' title='bbox 1060 2219 1276 2274; x_wconf 91' lang='lat' dir='ltr'><strong>Domini</strong></span> <span class='ocrx_word' id='word_1_259' title='bbox 1336 2220 1609 2275; x_wconf 78' lang='lat' dir='ltr'><strong>Chesneau</strong></span> <span class='ocrx_word' id='word_1_260' title='bbox 1664 2215 1825 2271; x_wconf 84' lang='lat' dir='ltr'><strong>facile</strong></span> 
     </span>
    </p>
   </div>
   <div class='ocr_carea' id='block_1_35' title="bbox 204 2304 1825 2378">
    <p class='ocr_par' dir='ltr' id='par_1_35' title="bbox 204 2304 1825 2378">
     <span class='ocr_line' id='line_1_36' title="bbox 204 2304 1825 2378; baseline -0.001 -20"><span class='ocrx_word' id='word_1_261' title='bbox 204 2304 397 2359; x_wconf 88' lang='lat' dir='ltr'><strong>deesse</strong></span> <span class='ocrx_word' id='word_1_262' title='bbox 425 2313 678 2376; x_wconf 87' lang='lat' dir='ltr'><strong>quartam</strong></span> <span class='ocrx_word' id='word_1_263' title='bbox 709 2315 920 2376; x_wconf 92' lang='lat' dir='ltr'><strong>partem</strong></span> <span class='ocrx_word' id='word_1_264' title='bbox 952 2308 1161 2377; x_wconf 87' lang='lat' dir='ltr'><strong>cperis.</strong></span> <span class='ocrx_word' id='word_1_265' title='bbox 1221 2308 1565 2378; x_wconf 88' lang='lat' dir='ltr'><strong>Quapropter</strong></span> <span class='ocrx_word' id='word_1_266' title='bbox 1612 2304 1825 2359; x_wconf 88' lang='lat' dir='ltr'><strong>descri-</strong></span> 
     </span>
    </p>
   </div>
   <div class='ocr_carea' id='block_1_36' title="bbox 206 2396 1819 2470">
    <p class='ocr_par' dir='ltr' id='par_1_36' title="bbox 206 2396 1819 2470">
     <span class='ocr_line' id='line_1_37' title="bbox 206 2396 1819 2470; baseline 0.001 -20"><span class='ocrx_word' id='word_1_267' title='bbox 206 2396 309 2466; x_wconf 90' lang='lat' dir='ltr'><strong>ptis</strong></span> <span class='ocrx_word' id='word_1_268' title='bbox 337 2397 477 2452; x_wconf 90' lang='lat' dir='ltr'><strong>locis</strong></span> <span class='ocrx_word' id='word_1_269' title='bbox 498 2398 738 2469; x_wconf 77' lang='lat' dir='ltr'><strong>singulis</strong></span> <span class='ocrx_word' id='word_1_270' title='bbox 766 2414 891 2470; x_wconf 68' lang='lat' dir='ltr'><strong>qua:</strong></span> <span class='ocrx_word' id='word_1_271' title='bbox 921 2399 1173 2465; x_wconf 88' lang='lat' dir='ltr'><strong>deerant,</strong></span> <span class='ocrx_word' id='word_1_272' title='bbox 1208 2416 1349 2454; x_wconf 90' lang='lat' dir='ltr'><strong>novo</strong></span> <span class='ocrx_word' id='word_1_273' title='bbox 1398 2399 1589 2454; x_wconf 89' lang='lat' dir='ltr'><strong>labore</strong></span> <span class='ocrx_word' id='word_1_274' title='bbox 1623 2406 1819 2464; x_wconf 89' lang='lat' dir='ltr'><strong>totum,</strong></span> 
     </span>
    </p>
   </div>
   <div class='ocr_carea' id='block_1_37' title="bbox 205 2487 1821 2561">
    <p class='ocr_par' dir='ltr' id='par_1_37' title="bbox 205 2487 1821 2561">
     <span class='ocr_line' id='line_1_38' title="bbox 205 2487 1821 2561; baseline 0.003 -23"><span class='ocrx_word' id='word_1_275' title='bbox 205 2487 482 2555; x_wconf 84' lang='lat' dir='ltr'><strong>exemplar</strong></span> <span class='ocrx_word' id='word_1_276' title='bbox 513 2502 698 2541; x_wconf 90' lang='lat' dir='ltr'><strong>meum</strong></span> <span class='ocrx_word' id='word_1_277' title='bbox 727 2487 803 2542; x_wconf 90' lang='lat' dir='ltr'><strong>ita</strong></span> <span class='ocrx_word' id='word_1_278' title='bbox 858 2489 1176 2559; x_wconf 88' lang='lat' dir='ltr'><strong>suppletum</strong></span> <span class='ocrx_word' id='word_1_279' title='bbox 1232 2489 1464 2555; x_wconf 88' lang='lat' dir='ltr'><strong>contuli,</strong></span> <span class='ocrx_word' id='word_1_280' title='bbox 1521 2501 1576 2543; x_wconf 89' lang='lat' dir='ltr'><strong>et</strong></span> <span class='ocrx_word' id='word_1_281' title='bbox 1607 2490 1821 2561; x_wconf 76' lang='lat' dir='ltr'><strong>integre</strong></span> 
     </span>
    </p>
   </div>
   <div class='ocr_carea' id='block_1_38' title="bbox 203 2577 1817 2655">
    <p class='ocr_par' dir='ltr' id='par_1_38' title="bbox 203 2577 1817 2655">
     <span class='ocr_line' id='line_1_39' title="bbox 203 2577 1817 2655; baseline 0.003 -25"><span class='ocrx_word' id='word_1_282' title='bbox 203 2577 368 2650; x_wconf 81' lang='lat' dir='ltr'><strong>relegi</strong></span> <span class='ocrx_word' id='word_1_283' title='bbox 399 2594 529 2633; x_wconf 87' lang='lat' dir='ltr'><strong>cum</strong></span> <span class='ocrx_word' id='word_1_284' title='bbox 562 2579 845 2649; x_wconf 66' lang='lat' dir='ltr'><strong>praedictis</strong></span> <span class='ocrx_word' id='word_1_285' title='bbox 874 2580 1095 2637; x_wconf 90' lang='lat' dir='ltr'><strong>duobus</strong></span> <span class='ocrx_word' id='word_1_286' title='bbox 1122 2581 1354 2655; x_wconf 79' lang='lat' dir='ltr'><strong>integris</strong></span> <span class='ocrx_word' id='word_1_287' title='bbox 1385 2582 1817 2652; x_wconf 84' lang='lat' dir='ltr'><strong>exemplaribus,</strong></span> 
     </span>
    </p>
   </div>
   <div class='ocr_carea' id='block_1_39' title="bbox 197 2668 1815 2741">
    <p class='ocr_par' dir='ltr' id='par_1_39' title="bbox 197 2668 1815 2741">
     <span class='ocr_line' id='line_1_40' title="bbox 197 2668 1815 2741; baseline 0.002 -19"><span class='ocrx_word' id='word_1_288' title='bbox 197 2674 250 2722; x_wconf 88' lang='lat' dir='ltr'><strong>et</strong></span> <span class='ocrx_word' id='word_1_289' title='bbox 276 2668 631 2737; x_wconf 87' lang='lat' dir='ltr'><strong>postmodum</strong></span> <span class='ocrx_word' id='word_1_290' title='bbox 670 2685 835 2739; x_wconf 90' lang='lat' dir='ltr'><strong>quam</strong></span> <span class='ocrx_word' id='word_1_291' title='bbox 869 2669 988 2724; x_wconf 81' lang='lat' dir='ltr'><strong>ﬁeri</strong></span> <span class='ocrx_word' id='word_1_292' title='bbox 1020 2671 1201 2741; x_wconf 90' lang='lat' dir='ltr'><strong>potuit</strong></span> <span class='ocrx_word' id='word_1_293' title='bbox 1259 2672 1671 2727; x_wconf 84' lang='lat' dir='ltr'><strong>accuratissime</strong></span> <span class='ocrx_word' id='word_1_294' title='bbox 1726 2672 1815 2726; x_wconf 86' lang='lat' dir='ltr'><strong>di-</strong></span> 
     </span>
    </p>
   </div>
   <div class='ocr_carea' id='block_1_40' title="bbox 197 2756 1818 2832">
    <p class='ocr_par' dir='ltr' id='par_1_40' title="bbox 197 2756 1818 2832">
     <span class='ocr_line' id='line_1_41' title="bbox 197 2756 1818 2832; baseline 0.004 -23"><span class='ocrx_word' id='word_1_295' title='bbox 197 2756 415 2827; x_wconf 85' lang='lat' dir='ltr'><strong>spunxi.</strong></span> <span class='ocrx_word' id='word_1_296' title='bbox 444 2757 526 2810; x_wconf 87' lang='lat' dir='ltr'><strong>Ad</strong></span> <span class='ocrx_word' id='word_1_297' title='bbox 554 2757 673 2811; x_wconf 73' lang='lat' dir='ltr'><strong>htBC</strong></span> <span class='ocrx_word' id='word_1_298' title='bbox 703 2773 808 2828; x_wconf 91' lang='lat' dir='ltr'><strong>pro</strong></span> <span class='ocrx_word' id='word_1_299' title='bbox 838 2759 1035 2827; x_wconf 88' lang='lat' dir='ltr'><strong>majori</strong></span> <span class='ocrx_word' id='word_1_300' title='bbox 1064 2759 1185 2815; x_wconf 88' lang='lat' dir='ltr'><strong>luce</strong></span> <span class='ocrx_word' id='word_1_301' title='bbox 1216 2761 1381 2816; x_wconf 89' lang='lat' dir='ltr'><strong>etiam</strong></span> <span class='ocrx_word' id='word_1_302' title='bbox 1435 2761 1503 2815; x_wconf 90' lang='lat' dir='ltr'><strong>ad</strong></span> <span class='ocrx_word' id='word_1_303' title='bbox 1536 2761 1818 2832; x_wconf 82' lang='lat' dir='ltr'><strong>exemplar</strong></span> 
     </span>
    </p>
   </div>
   <div class='ocr_carea' id='block_1_41' title="bbox 201 2845 1819 2922">
    <p class='ocr_par' dir='ltr' id='par_1_41' title="bbox 201 2845 1819 2922">
     <span class='ocr_line' id='line_1_42' title="bbox 201 2845 1819 2922; baseline 0.005 -24"><span class='ocrx_word' id='word_1_304' title='bbox 201 2845 461 2900; x_wconf 81' lang='lat' dir='ltr'><strong>Gallicum</strong></span> <span class='ocrx_word' id='word_1_305' title='bbox 491 2846 682 2901; x_wconf 89' lang='lat' dir='ltr'><strong>omnia</strong></span> <span class='ocrx_word' id='word_1_306' title='bbox 708 2849 984 2911; x_wconf 86' lang='lat' dir='ltr'><strong>recensui,</strong></span> <span class='ocrx_word' id='word_1_307' title='bbox 1018 2858 1073 2904; x_wconf 85' lang='lat' dir='ltr'><strong>et</strong></span> <span class='ocrx_word' id='word_1_308' title='bbox 1101 2865 1166 2903; x_wconf 89' lang='lat' dir='ltr'><strong>ex</strong></span> <span class='ocrx_word' id='word_1_309' title='bbox 1198 2866 1265 2905; x_wconf 91' lang='lat' dir='ltr'><strong>eo</strong></span> <span class='ocrx_word' id='word_1_310' title='bbox 1294 2851 1625 2922; x_wconf 89' lang='lat' dir='ltr'><strong>plerumque</strong></span> <span class='ocrx_word' id='word_1_311' title='bbox 1644 2851 1819 2921; x_wconf 87' lang='lat' dir='ltr'><strong>patria</strong></span> 
     </span>
    </p>
   </div>
   <div class='ocr_carea' id='block_1_42' title="bbox 197 2932 1819 3014">
    <p class='ocr_par' dir='ltr' id='par_1_42' title="bbox 197 2932 1819 3014">
     <span class='ocr_line' id='line_1_43' title="bbox 197 2932 1819 3014; baseline 0.006 -30"><span class='ocrx_word' id='word_1_312' title='bbox 197 2932 378 3006; x_wconf 87' lang='lat' dir='ltr'><strong>lingua</strong></span> <span class='ocrx_word' id='word_1_313' title='bbox 408 2933 738 2990; x_wconf 90' lang='lat' dir='ltr'><strong>obscuriora</strong></span> <span class='ocrx_word' id='word_1_314' title='bbox 770 2936 995 2991; x_wconf 89' lang='lat' dir='ltr'><strong>nomina</strong></span> <span class='ocrx_word' id='word_1_315' title='bbox 1024 2938 1249 3009; x_wconf 90' lang='lat' dir='ltr'><strong>pr0pria</strong></span> <span class='ocrx_word' id='word_1_316' title='bbox 1279 2939 1336 2992; x_wconf 92' lang='lat' dir='ltr'><strong>in</strong></span> <span class='ocrx_word' id='word_1_317' title='bbox 1366 2939 1616 3014; x_wconf 86' lang='lat' dir='ltr'><strong>margine</strong></span> <span class='ocrx_word' id='word_1_318' title='bbox 1644 2940 1819 2994; x_wconf 83' lang='lat' dir='ltr'><strong>aduo-</strong></span> 
     </span>
    </p>
   </div>
   <div class='ocr_carea' id='block_1_43' title="bbox 201 3026 1817 3101">
    <p class='ocr_par' dir='ltr' id='par_1_43' title="bbox 201 3026 1817 3101">
     <span class='ocr_line' id='line_1_44' title="bbox 201 3026 1817 3101; baseline 0.003 -22"><span class='ocrx_word' id='word_1_319' title='bbox 201 3026 325 3092; x_wconf 87' lang='lat' dir='ltr'><strong>tavi,</strong></span> <span class='ocrx_word' id='word_1_320' title='bbox 356 3026 554 3081; x_wconf 83' lang='lat' dir='ltr'><strong>lectori</strong></span> <span class='ocrx_word' id='word_1_321' title='bbox 587 3034 806 3101; x_wconf 90' lang='lat' dir='ltr'><strong>gratum</strong></span> <span class='ocrx_word' id='word_1_322' title='bbox 838 3029 894 3083; x_wconf 78' lang='lat' dir='ltr'><strong>id</strong></span> <span class='ocrx_word' id='word_1_323' title='bbox 926 3028 1046 3084; x_wconf 84' lang='lat' dir='ltr'><strong>fore</strong></span> <span class='ocrx_word' id='word_1_324' title='bbox 1074 3046 1185 3084; x_wconf 90' lang='lat' dir='ltr'><strong>non</strong></span> <span class='ocrx_word' id='word_1_325' title='bbox 1213 3031 1493 3085; x_wconf 89' lang='lat' dir='ltr'><strong>dubitans.</strong></span> <span class='ocrx_word' id='word_1_326' title='bbox 1532 3031 1603 3085; x_wconf 85' lang='lat' dir='ltr'><strong>Ex</strong></span> <span class='ocrx_word' id='word_1_327' title='bbox 1634 3031 1817 3086; x_wconf 91' lang='lat' dir='ltr'><strong>omni-</strong></span> 
     </span>
    </p>
   </div>
   <div class='ocr_carea' id='block_1_44' title="bbox 200 3113 1815 3190">
    <p class='ocr_par' dir='ltr' id='par_1_44' title="bbox 200 3113 1815 3190">
     <span class='ocr_line' id='line_1_45' title="bbox 200 3113 1815 3190; baseline 0.004 -23"><span class='ocrx_word' id='word_1_328' title='bbox 200 3113 297 3168; x_wconf 90' lang='lat' dir='ltr'><strong>bus</strong></span> <span class='ocrx_word' id='word_1_329' title='bbox 315 3122 503 3170; x_wconf 88' lang='lat' dir='ltr'><strong>autem</strong></span> <span class='ocrx_word' id='word_1_330' title='bbox 535 3117 841 3172; x_wconf 88' lang='lat' dir='ltr'><strong>correctius</strong></span> <span class='ocrx_word' id='word_1_331' title='bbox 866 3119 1043 3172; x_wconf 88' lang='lat' dir='ltr'><strong>visum</strong></span> <span class='ocrx_word' id='word_1_332' title='bbox 1074 3126 1157 3174; x_wconf 91' lang='lat' dir='ltr'><strong>est</strong></span> <span class='ocrx_word' id='word_1_333' title='bbox 1185 3120 1467 3190; x_wconf 89' lang='lat' dir='ltr'><strong>exemplar</strong></span> <span class='ocrx_word' id='word_1_334' title='bbox 1493 3119 1815 3175; x_wconf 89' lang='lat' dir='ltr'><strong>monasterii</strong></span> 
     </span>
    </p>
   </div>
   <div class='ocr_carea' id='block_1_45' title="bbox 199 3206 1815 3282">
    <p class='ocr_par' dir='ltr' id='par_1_45' title="bbox 199 3206 1815 3282">
     <span class='ocr_line' id='line_1_46' title="bbox 199 3206 1815 3282; baseline 0.004 -23"><span class='ocrx_word' id='word_1_335' title='bbox 199 3206 231 3259; x_wconf 93' lang='lat' dir='ltr'><strong>S</strong></span> <span class='ocrx_word' id='word_1_336' title='bbox 281 3206 544 3281; x_wconf 84' lang='lat' dir='ltr'><strong>Remigii,</strong></span> <span class='ocrx_word' id='word_1_337' title='bbox 573 3224 640 3263; x_wconf 83' lang='lat' dir='ltr'><strong>ex</strong></span> <span class='ocrx_word' id='word_1_338' title='bbox 669 3225 782 3280; x_wconf 93' lang='lat' dir='ltr'><strong>quo</strong></span> <span class='ocrx_word' id='word_1_339' title='bbox 828 3210 1114 3280; x_wconf 86' lang='lat' dir='ltr'><strong>exemplar</strong></span> <span class='ocrx_word' id='word_1_340' title='bbox 1160 3211 1599 3282; x_wconf 74' lang='lat' dir='ltr'><strong>metrOpolitanae</strong></span> <span class='ocrx_word' id='word_1_341' title='bbox 1627 3212 1815 3267; x_wconf 90' lang='lat' dir='ltr'><strong>eccle-</strong></span> 
     </span>
    </p>
   </div>
   <div class='ocr_carea' id='block_1_46' title="bbox 200 3293 1815 3373">
    <p class='ocr_par' dir='ltr' id='par_1_46' title="bbox 200 3293 1815 3373">
     <span class='ocr_line' id='line_1_47' title="bbox 200 3293 1815 3373; baseline 0.006 -26"><span class='ocrx_word' id='word_1_342' title='bbox 200 3293 312 3359; x_wconf 77' lang='lat' dir='ltr'><strong>siae,</strong></span> <span class='ocrx_word' id='word_1_343' title='bbox 344 3295 556 3367; x_wconf 88' lang='lat' dir='ltr'><strong>alioqui</strong></span> <span class='ocrx_word' id='word_1_344' title='bbox 581 3296 715 3352; x_wconf 88' lang='lat' dir='ltr'><strong>satis</strong></span> <span class='ocrx_word' id='word_1_345' title='bbox 745 3308 1082 3365; x_wconf 88' lang='lat' dir='ltr'><strong>correctum,</strong></span> <span class='ocrx_word' id='word_1_346' title='bbox 1145 3300 1331 3355; x_wconf 89' lang='lat' dir='ltr'><strong>multis</strong></span> <span class='ocrx_word' id='word_1_347' title='bbox 1387 3301 1525 3356; x_wconf 92' lang='lat' dir='ltr'><strong>locis</strong></span> <span class='ocrx_word' id='word_1_348' title='bbox 1566 3301 1815 3373; x_wconf 85' lang='lat' dir='ltr'><strong>suppleri</strong></span> 
     </span>
    </p>
   </div>
   <div class='ocr_carea' id='block_1_47' title="bbox 201 3383 1818 3463">
    <p class='ocr_par' dir='ltr' id='par_1_47' title="bbox 201 3383 1818 3463">
     <span class='ocr_line' id='line_1_48' title="bbox 201 3383 1818 3463; baseline 0.005 -26"><span class='ocrx_word' id='word_1_349' title='bbox 201 3383 408 3451; x_wconf 88' lang='lat' dir='ltr'><strong>debuit,</strong></span> <span class='ocrx_word' id='word_1_350' title='bbox 442 3400 558 3440; x_wconf 92' lang='lat' dir='ltr'><strong>non</strong></span> <span class='ocrx_word' id='word_1_351' title='bbox 591 3392 802 3440; x_wconf 89' lang='lat' dir='ltr'><strong>tantum</strong></span> <span class='ocrx_word' id='word_1_352' title='bbox 863 3387 920 3440; x_wconf 89' lang='lat' dir='ltr'><strong>in</strong></span> <span class='ocrx_word' id='word_1_353' title='bbox 974 3388 1182 3452; x_wconf 86' lang='lat' dir='ltr'><strong>verbis,</strong></span> <span class='ocrx_word' id='word_1_354' title='bbox 1239 3390 1338 3443; x_wconf 88' lang='lat' dir='ltr'><strong>sed</strong></span> <span class='ocrx_word' id='word_1_355' title='bbox 1386 3390 1550 3444; x_wconf 89' lang='lat' dir='ltr'><strong>etiam</strong></span> <span class='ocrx_word' id='word_1_356' title='bbox 1584 3390 1818 3463; x_wconf 86' lang='lat' dir='ltr'><strong>integris</strong></span> 
     </span>
    </p>
   </div>
   <div class='ocr_carea' id='block_1_48' title="bbox 198 3476 1820 3550">
    <p class='ocr_par' dir='ltr' id='par_1_48' title="bbox 198 3476 1820 3550">
     <span class='ocr_line' id='line_1_49' title="bbox 198 3476 1820 3550; baseline 0.005 -22"><span class='ocrx_word' id='word_1_357' title='bbox 198 3476 510 3543; x_wconf 88' lang='lat' dir='ltr'><strong>sententiis,</strong></span> <span class='ocrx_word' id='word_1_358' title='bbox 542 3494 665 3550; x_wconf 70' lang='lat' dir='ltr'><strong>quae</strong></span> <span class='ocrx_word' id='word_1_359' title='bbox 695 3478 918 3534; x_wconf 66' lang='lat' dir='ltr'><strong>omissae</strong></span> <span class='ocrx_word' id='word_1_360' title='bbox 946 3479 1182 3549; x_wconf 86' lang='lat' dir='ltr'><strong>fuerant.</strong></span> <span class='ocrx_word' id='word_1_361' title='bbox 1218 3481 1472 3536; x_wconf 87' lang='lat' dir='ltr'><strong>Sciebam</strong></span> <span class='ocrx_word' id='word_1_362' title='bbox 1505 3482 1732 3536; x_wconf 89' lang='lat' dir='ltr'><strong>Parisiis</strong></span> <span class='ocrx_word' id='word_1_363' title='bbox 1763 3489 1820 3536; x_wconf 87' lang='lat' dir='ltr'><strong>et</strong></span> 
     </span>
    </p>
   </div>
   <div class='ocr_carea' id='block_1_49' title="bbox 197 3562 1816 3642">
    <p class='ocr_par' dir='ltr' id='par_1_49' title="bbox 197 3562 1816 3642">
     <span class='ocr_line' id='line_1_50' title="bbox 197 3562 1816 3642; baseline 0.005 -25"><span class='ocrx_word' id='word_1_364' title='bbox 197 3562 323 3618; x_wconf 90' lang='lat' dir='ltr'><strong>alibi</strong></span> <span class='ocrx_word' id='word_1_365' title='bbox 355 3566 516 3636; x_wconf 89' lang='lat' dir='ltr'><strong>plura</strong></span> <span class='ocrx_word' id='word_1_366' title='bbox 564 3576 781 3623; x_wconf 88' lang='lat' dir='ltr'><strong>exstare</strong></span> <span class='ocrx_word' id='word_1_367' title='bbox 842 3569 1055 3625; x_wconf 88' lang='lat' dir='ltr'><strong>calamo</strong></span> <span class='ocrx_word' id='word_1_368' title='bbox 1105 3570 1388 3642; x_wconf 90' lang='lat' dir='ltr'><strong>descripta</strong></span> <span class='ocrx_word' id='word_1_369' title='bbox 1451 3572 1816 3642; x_wconf 87' lang='lat' dir='ltr'><strong>exemplaria.</strong></span> 
     </span>
    </p>
   </div>
   <div class='ocr_carea' id='block_1_50' title="bbox 202 3655 1819 3732">
    <p class='ocr_par' dir='ltr' id='par_1_50' title="bbox 202 3655 1819 3732">
     <span class='ocr_line' id='line_1_51' title="bbox 202 3655 1819 3732; baseline 0.006 -21"><span class='ocrx_word' id='word_1_370' title='bbox 202 3655 604 3715; x_wconf 83' lang='lat' dir='ltr'><strong>Commemorat</strong></span> <span class='ocrx_word' id='word_1_371' title='bbox 642 3659 792 3715; x_wconf 86' lang='lat' dir='ltr'><strong>enim</strong></span> <span class='ocrx_word' id='word_1_372' title='bbox 821 3661 1075 3732; x_wconf 88' lang='lat' dir='ltr'><strong>Papirius</strong></span> <span class='ocrx_word' id='word_1_373' title='bbox 1133 3663 1415 3719; x_wconf 79' lang='lat' dir='ltr'><strong>Massonus</strong></span> <span class='ocrx_word' id='word_1_374' title='bbox 1462 3664 1562 3719; x_wconf 90' lang='lat' dir='ltr'><strong>lib.</strong></span> <span class='ocrx_word' id='word_1_375' title='bbox 1597 3683 1635 3719; x_wconf 82' lang='grc' dir='ltr'>ιι</span> <span class='ocrx_word' id='word_1_376' title='bbox 1689 3682 1819 3722; x_wconf 90' lang='lat' dir='ltr'><strong>suo-</strong></span> 
     </span>
    </p>
   </div>
   <div class='ocr_carea' id='block_1_51' title="bbox 203 3751 1822 3827">
    <p class='ocr_par' dir='ltr' id='par_1_51' title="bbox 203 3751 1822 3827">
     <span class='ocr_line' id='line_1_52' title="bbox 203 3751 1822 3827; baseline 0.005 -22"><span class='ocrx_word' id='word_1_377' title='bbox 203 3767 317 3807; x_wconf 89' lang='lat' dir='ltr'><strong>rum</strong></span> <span class='ocrx_word' id='word_1_378' title='bbox 345 3751 663 3818; x_wconf 76' lang='lat' dir='ltr'><strong>Annalium,</strong></span> <span class='ocrx_word' id='word_1_379' title='bbox 696 3767 759 3807; x_wconf 89' lang='lat' dir='ltr'><strong>se</strong></span> <span class='ocrx_word' id='word_1_380' title='bbox 789 3752 1003 3825; x_wconf 85' lang='lat' dir='ltr'><strong>aliquot</strong></span> <span class='ocrx_word' id='word_1_381' title='bbox 1056 3754 1177 3823; x_wconf 90' lang='lat' dir='ltr'><strong>ejus</strong></span> <span class='ocrx_word' id='word_1_382' title='bbox 1232 3756 1570 3827; x_wconf 88' lang='lat' dir='ltr'><strong>exemplaria</strong></span> <span class='ocrx_word' id='word_1_383' title='bbox 1617 3757 1822 3815; x_wconf 89' lang='lat' dir='ltr'><strong>vidisse</strong></span> 
     </span>
    </p>
   </div>
   <div class='ocr_carea' id='block_1_52' title="bbox 205 3843 1823 3918">
    <p class='ocr_par' dir='ltr' id='par_1_52' title="bbox 205 3843 1823 3918">
     <span class='ocr_line' id='line_1_53' title="bbox 205 3843 1823 3918; baseline 0.006 -20"><span class='ocrx_word' id='word_1_384' title='bbox 205 3843 443 3899; x_wconf 69' lang='lat' dir='ltr'><strong>Lutetiaa.</strong></span> <span class='ocrx_word' id='word_1_385' title='bbox 477 3843 589 3899; x_wconf 92' lang='lat' dir='ltr'><strong>Sed</strong></span> <span class='ocrx_word' id='word_1_386' title='bbox 619 3844 753 3916; x_wconf 91' lang='lat' dir='ltr'><strong>quio</strong></span> <span class='ocrx_word' id='word_1_387' title='bbox 785 3845 1039 3915; x_wconf 87' lang='lat' dir='ltr'><strong>puriores</strong></span> <span class='ocrx_word' id='word_1_388' title='bbox 1065 3862 1132 3901; x_wconf 92' lang='lat' dir='ltr'><strong>ex</strong></span> <span class='ocrx_word' id='word_1_389' title='bbox 1158 3847 1282 3918; x_wconf 90' lang='lat' dir='ltr'><strong>ipso</strong></span> <span class='ocrx_word' id='word_1_390' title='bbox 1312 3847 1466 3903; x_wconf 89' lang='lat' dir='ltr'><strong>fonte</strong></span> <span class='ocrx_word' id='word_1_391' title='bbox 1491 3850 1698 3905; x_wconf 90' lang='lat' dir='ltr'><strong>hauriri</strong></span> <span class='ocrx_word' id='word_1_392' title='bbox 1730 3868 1823 3907; x_wconf 84' lang='lat' dir='ltr'><strong>so-</strong></span> 
     </span>
    </p>
   </div>
   <div class='ocr_carea' id='block_1_53' title="bbox 205 3931 1823 4010">
    <p class='ocr_par' dir='ltr' id='par_1_53' title="bbox 205 3931 1823 4010">
     <span class='ocr_line' id='line_1_54' title="bbox 205 3931 1823 4010; baseline 0.006 -24"><span class='ocrx_word' id='word_1_393' title='bbox 205 3931 313 3987; x_wconf 91' lang='lat' dir='ltr'><strong>lent</strong></span> <span class='ocrx_word' id='word_1_394' title='bbox 340 3949 522 4005; x_wconf 76' lang='lat' dir='ltr'><strong>aquae,</strong></span> <span class='ocrx_word' id='word_1_395' title='bbox 554 3933 763 3989; x_wconf 88' lang='lat' dir='ltr'><strong>idcirco</strong></span> <span class='ocrx_word' id='word_1_396' title='bbox 782 3949 848 3988; x_wconf 90' lang='lat' dir='ltr'><strong>ex</strong></span> <span class='ocrx_word' id='word_1_397' title='bbox 878 3935 1118 3991; x_wconf 89' lang='lat' dir='ltr'><strong>archivis</strong></span> <span class='ocrx_word' id='word_1_398' title='bbox 1151 3936 1522 3993; x_wconf 81' lang='lat' dir='ltr'><strong>Remensibus</strong></span> <span class='ocrx_word' id='word_1_399' title='bbox 1544 3955 1609 3994; x_wconf 89' lang='lat' dir='ltr'><strong>ea</strong></span> <span class='ocrx_word' id='word_1_400' title='bbox 1636 3941 1823 4010; x_wconf 89' lang='lat' dir='ltr'><strong>potius</strong></span> 
     </span>
    </p>
   </div>
   <div class='ocr_carea' id='block_1_54' title="bbox 203 4026 1825 4106">
    <p class='ocr_par' dir='ltr' id='par_1_54' title="bbox 203 4026 1825 4106">
     <span class='ocr_line' id='line_1_55' title="bbox 203 4026 1825 4106; baseline 0.005 -27"><span class='ocrx_word' id='word_1_401' title='bbox 203 4026 436 4094; x_wconf 89' lang='lat' dir='ltr'><strong>petenda</strong></span> <span class='ocrx_word' id='word_1_402' title='bbox 464 4041 590 4081; x_wconf 89' lang='lat' dir='ltr'><strong>esse</strong></span> <span class='ocrx_word' id='word_1_403' title='bbox 616 4026 885 4095; x_wconf 91' lang='lat' dir='ltr'><strong>judicavi,</strong></span> <span class='ocrx_word' id='word_1_404' title='bbox 922 4043 1024 4098; x_wconf 90' lang='lat' dir='ltr'><strong>pro</strong></span> <span class='ocrx_word' id='word_1_405' title='bbox 1057 4028 1265 4099; x_wconf 90' lang='lat' dir='ltr'><strong>quibus</strong></span> <span class='ocrx_word' id='word_1_406' title='bbox 1296 4046 1525 4105; x_wconf 86' lang='lat' dir='ltr'><strong>magnas</strong></span> <span class='ocrx_word' id='word_1_407' title='bbox 1562 4048 1666 4105; x_wconf 86' lang='lat' dir='ltr'><strong>ago</strong></span> <span class='ocrx_word' id='word_1_408' title='bbox 1697 4050 1825 4106; x_wconf 82' lang='lat' dir='ltr'><strong>gra-</strong></span> 
     </span>
    </p>
   </div>
   <div class='ocr_carea' id='block_1_55' title="bbox 207 4115 1823 4194">
    <p class='ocr_par' dir='ltr' id='par_1_55' title="bbox 207 4115 1823 4194">
     <span class='ocr_line' id='line_1_56' title="bbox 207 4115 1823 4194; baseline 0.007 -26"><span class='ocrx_word' id='word_1_409' title='bbox 207 4115 303 4171; x_wconf 87' lang='lat' dir='ltr'><strong>tias</strong></span> <span class='ocrx_word' id='word_1_410' title='bbox 332 4117 694 4173; x_wconf 87' lang='lat' dir='ltr'><strong>thesaurariis</strong></span> <span class='ocrx_word' id='word_1_411' title='bbox 728 4124 783 4173; x_wconf 91' lang='lat' dir='ltr'><strong>et</strong></span> <span class='ocrx_word' id='word_1_412' title='bbox 815 4118 1167 4175; x_wconf 88' lang='lat' dir='ltr'><strong>archivorum</strong></span> <span class='ocrx_word' id='word_1_413' title='bbox 1193 4120 1358 4175; x_wconf 69' lang='lat' dir='ltr'><strong>dictae</strong></span> <span class='ocrx_word' id='word_1_414' title='bbox 1381 4123 1823 4194; x_wconf 65' lang='lat' dir='ltr'><strong>metropolitanm</strong></span> 
     </span>
    </p>
   </div>
   <div class='ocr_carea' id='block_1_56' title="bbox 204 4207 1824 4287">
    <p class='ocr_par' dir='ltr' id='par_1_56' title="bbox 204 4207 1824 4287">
     <span class='ocr_line' id='line_1_57' title="bbox 204 4207 1824 4287; baseline 0.006 -26"><span class='ocrx_word' id='word_1_415' title='bbox 204 4207 445 4264; x_wconf 69' lang='lat' dir='ltr'><strong>ecclesiae</strong></span> <span class='ocrx_word' id='word_1_416' title='bbox 476 4208 778 4283; x_wconf 84' lang='lat' dir='ltr'><strong>magistris,</strong></span> <span class='ocrx_word' id='word_1_417' title='bbox 812 4211 907 4282; x_wconf 88' lang='lat' dir='ltr'><strong>qui</strong></span> <span class='ocrx_word' id='word_1_418' title='bbox 963 4226 1028 4266; x_wconf 88' lang='lat' dir='ltr'><strong>ea</strong></span> <span class='ocrx_word' id='word_1_419' title='bbox 1058 4211 1296 4267; x_wconf 87' lang='lat' dir='ltr'><strong>duorum</strong></span> <span class='ocrx_word' id='word_1_420' title='bbox 1330 4229 1604 4269; x_wconf 90' lang='lat' dir='ltr'><strong>annorum</strong></span> <span class='ocrx_word' id='word_1_421' title='bbox 1642 4216 1824 4287; x_wconf 92' lang='lat' dir='ltr'><strong>spatio</strong></span> 
     </span>
    </p>
   </div>
   <div class='ocr_carea' id='block_1_57' title="bbox 205 4298 1823 4363">
    <p class='ocr_par' dir='ltr' id='par_1_57' title="bbox 205 4298 1823 4363">
     <span class='ocr_line' id='line_1_58' title="bbox 205 4298 1823 4363; baseline 0.007 -11"><span class='ocrx_word' id='word_1_422' title='bbox 205 4298 335 4354; x_wconf 88' lang='lat' dir='ltr'><strong>mihi</strong></span> <span class='ocrx_word' id='word_1_423' title='bbox 362 4302 570 4357; x_wconf 88' lang='lat' dir='ltr'><strong>utenda</strong></span> <span class='ocrx_word' id='word_1_424' title='bbox 628 4302 1129 4359; x_wconf 88' lang='lat' dir='ltr'><strong>communicarunt.</strong></span> <span class='ocrx_word' id='word_1_425' title='bbox 1199 4305 1484 4361; x_wconf 79' lang='lat' dir='ltr'><strong>Praedictis</strong></span> <span class='ocrx_word' id='word_1_426' title='bbox 1530 4308 1823 4363; x_wconf 88' lang='lat' dir='ltr'><strong>exantlatis</strong></span> 
     </span>
    </p>
   </div>
   <div class='ocr_carea' id='block_1_58' title="bbox 208 4390 1824 4466">
    <p class='ocr_par' dir='ltr' id='par_1_58' title="bbox 208 4390 1824 4466">
     <span class='ocr_line' id='line_1_59' title="bbox 208 4390 1824 4466; baseline 0.007 -23"><span class='ocrx_word' id='word_1_427' title='bbox 208 4390 839 4464; x_wconf 85' lang='lat' dir='ltr'><strong>laboribus,prodiithoc</strong></span> <span class='ocrx_word' id='word_1_428' title='bbox 864 4411 1005 4466; x_wconf 84' lang='lat' dir='ltr'><strong>opus</strong></span> <span class='ocrx_word' id='word_1_429' title='bbox 1035 4395 1160 4451; x_wconf 90' lang='lat' dir='ltr'><strong>sine</strong></span> <span class='ocrx_word' id='word_1_430' title='bbox 1190 4396 1319 4451; x_wconf 86' lang='lat' dir='ltr'><strong>ullis</strong></span> <span class='ocrx_word' id='word_1_431' title='bbox 1350 4405 1534 4453; x_wconf 90' lang='lat' dir='ltr'><strong>tamen</strong></span> <span class='ocrx_word' id='word_1_432' title='bbox 1559 4399 1707 4455; x_wconf 88' lang='lat' dir='ltr'><strong>notis</strong></span> <span class='ocrx_word' id='word_1_433' title='bbox 1728 4407 1824 4455; x_wconf 89' lang='lat' dir='ltr'><strong>aut</strong></span> 
     </span>
    </p>
   </div>
   <div class='ocr_carea' id='block_1_59' title="bbox 208 4483 1819 4551">
    <p class='ocr_par' dir='ltr' id='par_1_59' title="bbox 208 4483 1819 4551">
     <span class='ocr_line' id='line_1_60' title="bbox 208 4483 1819 4551; baseline 0.006 -14"><span class='ocrx_word' id='word_1_434' title='bbox 208 4483 447 4539; x_wconf 88' lang='lat' dir='ltr'><strong>scholiis.</strong></span> <span class='ocrx_word' id='word_1_435' title='bbox 484 4485 715 4541; x_wconf 84' lang='lat' dir='ltr'><strong>Parisiis</strong></span> <span class='ocrx_word' id='word_1_436' title='bbox 739 4503 883 4541; x_wconf 78' lang='lat' dir='ltr'><strong>anno</strong></span> <span class='ocrx_word' id='word_1_437' title='bbox 941 4488 1102 4551; x_wconf 85' lang='grc'>1611,</span> <span class='ocrx_word' id='word_1_438' title='bbox 1153 4504 1286 4543; x_wconf 83' lang='lat' dir='ltr'><strong>cura</strong></span> <span class='ocrx_word' id='word_1_439' title='bbox 1334 4496 1383 4544; x_wconf 91' lang='lat' dir='ltr'><strong>et</strong></span> <span class='ocrx_word' id='word_1_440' title='bbox 1421 4492 1604 4545; x_wconf 68' lang='lat' dir='ltr'><strong>studio</strong></span> <span class='ocrx_word' id='word_1_441' title='bbox 1635 4494 1700 4547; x_wconf 81' lang='grc' dir='ltr'><strong>Η.</strong></span> <span class='ocrx_word' id='word_1_442' title='bbox 1759 4494 1819 4546; x_wconf 89' lang='grc' dir='ltr'><strong>Ρ.</strong></span> 
     </span>
    </p>
   </div>
   <div class='ocr_carea' id='block_1_60' title="bbox 207 4576 1828 4656">
    <p class='ocr_par' dir='ltr' id='par_1_60' title="bbox 207 4576 1828 4656">
     <span class='ocr_line' id='line_1_61' title="bbox 207 4576 1828 4656; baseline 0.006 -29"><span class='ocrx_word' id='word_1_443' title='bbox 207 4576 386 4630; x_wconf 82' lang='lat' dir='ltr'><strong>Jacobi</strong></span> <span class='ocrx_word' id='word_1_444' title='bbox 413 4577 699 4633; x_wconf 78' lang='lat' dir='ltr'><strong>Sirmondi</strong></span> <span class='ocrx_word' id='word_1_445' title='bbox 720 4579 980 4635; x_wconf 77' lang='lat' dir='ltr'><strong>SocJesu</strong></span> <span class='ocrx_word' id='word_1_446' title='bbox 1006 4581 1327 4649; x_wconf 75' lang='lat' dir='ltr'><strong>presbyteri.</strong></span> <span class='ocrx_word' id='word_1_447' title='bbox 1358 4583 1513 4648; x_wconf 86' lang='lat' dir='ltr'><strong>Quod</strong></span> <span class='ocrx_word' id='word_1_448' title='bbox 1544 4584 1828 4656; x_wconf 90' lang='lat' dir='ltr'><strong>exemplar</strong></span> 
     </span>
    </p>
   </div>
   <div class='ocr_carea' id='block_1_61' title="bbox 214 4670 1824 4744">
    <p class='ocr_par' dir='ltr' id='par_1_61' title="bbox 214 4670 1824 4744">
     <span class='ocr_line' id='line_1_62' title="bbox 214 4670 1824 4744; baseline 0.007 -24"><span class='ocrx_word' id='word_1_449' title='bbox 214 4675 398 4723; x_wconf 87' lang='lat' dir='ltr'><strong>nactus</strong></span> <span class='ocrx_word' id='word_1_450' title='bbox 426 4670 631 4737; x_wconf 89' lang='lat' dir='ltr'><strong>denuo,</strong></span> <span class='ocrx_word' id='word_1_451' title='bbox 659 4672 729 4726; x_wconf 89' lang='lat' dir='ltr'><strong>ad</strong></span> <span class='ocrx_word' id='word_1_452' title='bbox 762 4672 944 4744; x_wconf 91' lang='lat' dir='ltr'><strong>capite</strong></span> <span class='ocrx_word' id='word_1_453' title='bbox 975 4672 1042 4728; x_wconf 90' lang='lat' dir='ltr'><strong>ad</strong></span> <span class='ocrx_word' id='word_1_454' title='bbox 1096 4673 1325 4741; x_wconf 88' lang='lat' dir='ltr'><strong>calcem,</strong></span> <span class='ocrx_word' id='word_1_455' title='bbox 1384 4675 1571 4730; x_wconf 85' lang='lat' dir='ltr'><strong>omnia</strong></span> <span class='ocrx_word' id='word_1_456' title='bbox 1601 4693 1724 4731; x_wconf 92' lang='lat' dir='ltr'><strong>cum</strong></span> <span class='ocrx_word' id='word_1_457' title='bbox 1758 4692 1824 4732; x_wconf 91' lang='lat' dir='ltr'><strong>eo</strong></span> 
     </span>
    </p>
   </div>
   <div class='ocr_carea' id='block_1_62' title="bbox 213 4756 1822 4833">
    <p class='ocr_par' dir='ltr' id='par_1_62' title="bbox 213 4756 1822 4833">
     <span class='ocr_line' id='line_1_63' title="bbox 213 4756 1822 4833; baseline 0.007 -23"><span class='ocrx_word' id='word_1_458' title='bbox 213 4756 371 4828; x_wconf 82' lang='lat' dir='ltr'><strong>relegi</strong></span> <span class='ocrx_word' id='word_1_459' title='bbox 404 4775 418 4812; x_wconf 89' lang='lat'><strong>:</strong></span> <span class='ocrx_word' id='word_1_460' title='bbox 446 4767 502 4814; x_wconf 91' lang='lat' dir='ltr'><strong>et</strong></span> <span class='ocrx_word' id='word_1_461' title='bbox 531 4760 677 4815; x_wconf 90' lang='lat' dir='ltr'><strong>sicut</strong></span> <span class='ocrx_word' id='word_1_462' title='bbox 705 4761 854 4816; x_wconf 92' lang='lat' dir='ltr'><strong>illius</strong></span> <span class='ocrx_word' id='word_1_463' title='bbox 889 4776 995 4832; x_wconf 86' lang='lat' dir='ltr'><strong>0pc</strong></span> <span class='ocrx_word' id='word_1_464' title='bbox 1026 4777 1138 4817; x_wconf 91' lang='lat' dir='ltr'><strong>non</strong></span> <span class='ocrx_word' id='word_1_465' title='bbox 1171 4780 1379 4833; x_wconf 91' lang='lat' dir='ltr'><strong>paucas</strong></span> <span class='ocrx_word' id='word_1_466' title='bbox 1433 4766 1666 4820; x_wconf 88' lang='lat' dir='ltr'><strong>mendas</strong></span> <span class='ocrx_word' id='word_1_467' title='bbox 1696 4784 1822 4821; x_wconf 88' lang='lat' dir='ltr'><strong>sus-</strong></span> 
     </span>
    </p>
   </div>
   <div class='ocr_carea' id='block_1_63' title="bbox 212 4844 1825 4925">
    <p class='ocr_par' dir='ltr' id='par_1_63' title="bbox 212 4844 1825 4925">
     <span class='ocr_line' id='line_1_64' title="bbox 212 4844 1825 4925; baseline 0.007 -26"><span class='ocrx_word' id='word_1_468' title='bbox 212 4844 324 4907; x_wconf 88' lang='lat' dir='ltr'><strong>tuli,</strong></span> <span class='ocrx_word' id='word_1_469' title='bbox 354 4846 432 4901; x_wconf 89' lang='lat' dir='ltr'><strong>sic</strong></span> <span class='ocrx_word' id='word_1_470' title='bbox 462 4848 539 4902; x_wconf 87' lang='lat' dir='ltr'><strong>ibi</strong></span> <span class='ocrx_word' id='word_1_471' title='bbox 567 4850 883 4920; x_wconf 90' lang='lat' dir='ltr'><strong>complures</strong></span> <span class='ocrx_word' id='word_1_472' title='bbox 898 4868 1022 4906; x_wconf 91' lang='lat' dir='ltr'><strong>esse</strong></span> <span class='ocrx_word' id='word_1_473' title='bbox 1044 4852 1338 4908; x_wconf 88' lang='lat' dir='ltr'><strong>derelictas</strong></span> <span class='ocrx_word' id='word_1_474' title='bbox 1367 4853 1738 4925; x_wconf 90' lang='lat' dir='ltr'><strong>deprehendi,</strong></span> <span class='ocrx_word' id='word_1_475' title='bbox 1771 4863 1825 4911; x_wconf 88' lang='lat' dir='ltr'><strong>et</strong></span> 
     </span>
    </p>
   </div>
   <div class='ocr_carea' id='block_1_64' title="bbox 213 4938 1826 5015">
    <p class='ocr_par' dir='ltr' id='par_1_64' title="bbox 213 4938 1826 5015">
     <span class='ocr_line' id='line_1_65' title="bbox 213 4938 1826 5015; baseline 0.008 -29"><span class='ocrx_word' id='word_1_476' title='bbox 213 4948 605 5008; x_wconf 89' lang='lat' dir='ltr'><strong>nonnunquam</strong></span> <span class='ocrx_word' id='word_1_477' title='bbox 638 4938 883 5014; x_wconf 88' lang='lat' dir='ltr'><strong>integras</strong></span> <span class='ocrx_word' id='word_1_478' title='bbox 914 4941 1092 4995; x_wconf 90' lang='lat' dir='ltr'><strong>lineas</strong></span> <span class='ocrx_word' id='word_1_479' title='bbox 1124 4941 1341 4997; x_wconf 90' lang='lat' dir='ltr'><strong>deesse.</strong></span> <span class='ocrx_word' id='word_1_480' title='bbox 1404 4945 1517 4998; x_wconf 88' lang='lat' dir='ltr'><strong>Hoc</strong></span> <span class='ocrx_word' id='word_1_481' title='bbox 1543 4945 1826 5015; x_wconf 86' lang='lat' dir='ltr'><strong>exemplar</strong></span> 
     </span>
    </p>
   </div>
   <div class='ocr_carea' id='block_1_65' title="bbox 215 5029 749 5085">
    <p class='ocr_par' dir='ltr' id='par_1_65' title="bbox 215 5029 749 5085">
     <span class='ocr_line' id='line_1_66' title="bbox 215 5029 749 5085; baseline 0.017 -9"><span class='ocrx_word' id='word_1_482' title='bbox 215 5032 459 5082; x_wconf 86' lang='lat' dir='ltr'><strong>notamus</strong></span> <span class='ocrx_word' id='word_1_483' title='bbox 490 5029 677 5085; x_wconf 89' lang='lat' dir='ltr'><strong>littera</strong></span> <span class='ocrx_word' id='word_1_484' title='bbox 710 5031 749 5085; x_wconf 85' lang='grc' dir='ltr'><strong>Ι.</strong></span> 
     </span>
    </p>
   </div>
   <div class='ocr_carea' id='block_1_66' title="bbox 278 5116 1825 5193">
    <p class='ocr_par' dir='ltr' id='par_1_66' title="bbox 278 5116 1825 5193">
     <span class='ocr_line' id='line_1_67' title="bbox 278 5116 1825 5193; baseline 0.008 -22"><span class='ocrx_word' id='word_1_485' title='bbox 278 5116 539 5175; x_wconf 68' lang='lat' dir='ltr'><strong>Caeterum</strong></span> <span class='ocrx_word' id='word_1_486' title='bbox 570 5122 712 5176; x_wconf 91' lang='lat' dir='ltr'><strong>nihil</strong></span> <span class='ocrx_word' id='word_1_487' title='bbox 766 5130 851 5178; x_wconf 90' lang='lat' dir='ltr'><strong>est</strong></span> <span class='ocrx_word' id='word_1_488' title='bbox 905 5140 936 5177; x_wconf 91' lang='lat' dir='ltr'><strong>a</strong></span> <span class='ocrx_word' id='word_1_489' title='bbox 991 5124 1155 5180; x_wconf 88' lang='lat' dir='ltr'><strong>nobis</strong></span> <span class='ocrx_word' id='word_1_490' title='bbox 1218 5126 1589 5193; x_wconf 88' lang='lat' dir='ltr'><strong>immutatum,</strong></span> <span class='ocrx_word' id='word_1_491' title='bbox 1648 5129 1733 5184; x_wconf 91' lang='lat' dir='ltr'><strong>vel</strong></span> <span class='ocrx_word' id='word_1_492' title='bbox 1768 5130 1825 5185; x_wconf 91' lang='lat' dir='ltr'><strong>in</strong></span> 
     </span>
    </p>
   </div>
   <div class='ocr_carea' id='block_1_67' title="bbox 216 5209 1826 5287">
    <p class='ocr_par' dir='ltr' id='par_1_67' title="bbox 216 5209 1826 5287">
     <span class='ocr_line' id='line_1_68' title="bbox 216 5209 1826 5287; baseline 0.011 -31"><span class='ocrx_word' id='word_1_493' title='bbox 216 5209 356 5260; x_wconf 83' lang='lat' dir='ltr'><strong>textu</strong></span> <span class='ocrx_word' id='word_1_494' title='bbox 385 5210 647 5278; x_wconf 88' lang='lat' dir='ltr'><strong>positum,</strong></span> <span class='ocrx_word' id='word_1_495' title='bbox 681 5213 831 5282; x_wconf 90' lang='lat' dir='ltr'><strong>quod</strong></span> <span class='ocrx_word' id='word_1_496' title='bbox 864 5229 976 5268; x_wconf 90' lang='lat' dir='ltr'><strong>non</strong></span> <span class='ocrx_word' id='word_1_497' title='bbox 1008 5222 1132 5271; x_wconf 86' lang='lat' dir='ltr'><strong>erat</strong></span> <span class='ocrx_word' id='word_1_498' title='bbox 1160 5215 1214 5269; x_wconf 90' lang='lat' dir='ltr'><strong>in</strong></span> <span class='ocrx_word' id='word_1_499' title='bbox 1270 5217 1705 5287; x_wconf 86' lang='lat' dir='ltr'><strong>exemplaribus,</strong></span> <span class='ocrx_word' id='word_1_500' title='bbox 1740 5220 1826 5274; x_wconf 85' lang='lat' dir='ltr'><strong>vel</strong></span> 
     </span>
    </p>
   </div>
   <div class='ocr_carea' id='block_1_68' title="bbox 218 5289 1824 5375">
    <p class='ocr_par' dir='ltr' id='par_1_68' title="bbox 218 5289 1824 5375">
     <span class='ocr_line' id='line_1_69' title="bbox 218 5289 1824 5375; baseline 0.011 -29"><span class='ocrx_word' id='word_1_501' title='bbox 218 5289 269 5345; x_wconf 89' lang='lat' dir='ltr'><strong>in</strong></span> <span class='ocrx_word' id='word_1_502' title='bbox 298 5296 661 5369; x_wconf 81' lang='lat' dir='ltr'><strong>originalibus</strong></span> <span class='ocrx_word' id='word_1_503' title='bbox 720 5301 777 5355; x_wconf 91' lang='lat' dir='ltr'><strong>in</strong></span> <span class='ocrx_word' id='word_1_504' title='bbox 837 5301 903 5356; x_wconf 91' lang='lat' dir='ltr'><strong>iis</strong></span> <span class='ocrx_word' id='word_1_505' title='bbox 960 5319 1085 5373; x_wconf 70' lang='lat' dir='ltr'><strong>quae</strong></span> <span class='ocrx_word' id='word_1_506' title='bbox 1140 5304 1368 5360; x_wconf 89' lang='lat' dir='ltr'><strong>aliunde</strong></span> <span class='ocrx_word' id='word_1_507' title='bbox 1426 5306 1684 5375; x_wconf 88' lang='lat' dir='ltr'><strong>citantur,</strong></span> <span class='ocrx_word' id='word_1_508' title='bbox 1718 5309 1824 5363; x_wconf 91' lang='lat' dir='ltr'><strong>nisi</strong></span> 
     </span>
    </p>
   </div>
   <div class='ocr_carea' id='block_1_69' title="bbox 222 5382 1829 5475">
    <p class='ocr_par' dir='ltr' id='par_1_69' title="bbox 222 5382 1829 5475">
     <span class='ocr_line' id='line_1_70' title="bbox 222 5382 1829 5475; baseline 0.012 -38"><span class='ocrx_word' id='word_1_509' title='bbox 222 5382 451 5457; x_wconf 87' lang='lat' dir='ltr'><strong>idipsum</strong></span> <span class='ocrx_word' id='word_1_510' title='bbox 482 5408 748 5464; x_wconf 88' lang='lat' dir='ltr'><strong>expresse</strong></span> <span class='ocrx_word' id='word_1_511' title='bbox 775 5393 830 5448; x_wconf 92' lang='lat' dir='ltr'><strong>in</strong></span> <span class='ocrx_word' id='word_1_512' title='bbox 860 5396 1130 5467; x_wconf 76' lang='lat' dir='ltr'><strong>margine,</strong></span> <span class='ocrx_word' id='word_1_513' title='bbox 1156 5397 1242 5452; x_wconf 88' lang='lat' dir='ltr'><strong>vel</strong></span> <span class='ocrx_word' id='word_1_514' title='bbox 1283 5397 1340 5452; x_wconf 90' lang='lat' dir='ltr'><strong>in</strong></span> <span class='ocrx_word' id='word_1_515' title='bbox 1362 5399 1592 5454; x_wconf 89' lang='lat' dir='ltr'><strong>scholiis</strong></span> <span class='ocrx_word' id='word_1_516' title='bbox 1612 5400 1829 5475; x_wconf 84' lang='lat' dir='ltr'><strong>signiﬁ-</strong></span> 
     </span>
    </p>
   </div>
   <div class='ocr_carea' id='block_1_70' title="bbox 219 5479 1830 5560">
    <p class='ocr_par' dir='ltr' id='par_1_70' title="bbox 219 5479 1830 5560">
     <span class='ocr_line' id='line_1_71' title="bbox 219 5479 1830 5560; baseline 0.012 -33"><span class='ocrx_word' id='word_1_517' title='bbox 219 5479 535 5547; x_wconf 88' lang='lat' dir='ltr'><strong>caverimus,</strong></span> <span class='ocrx_word' id='word_1_518' title='bbox 566 5484 652 5538; x_wconf 89' lang='lat' dir='ltr'><strong>vel</strong></span> <span class='ocrx_word' id='word_1_519' title='bbox 684 5485 780 5540; x_wconf 88' lang='lat' dir='ltr'><strong>ubi</strong></span> <span class='ocrx_word' id='word_1_520' title='bbox 813 5487 1157 5558; x_wconf 90' lang='lat' dir='ltr'><strong>exploratum</strong></span> <span class='ocrx_word' id='word_1_521' title='bbox 1187 5497 1307 5545; x_wconf 86' lang='lat' dir='ltr'><strong>erat</strong></span> <span class='ocrx_word' id='word_1_522' title='bbox 1334 5490 1598 5546; x_wconf 89' lang='lat' dir='ltr'><strong>mendum</strong></span> <span class='ocrx_word' id='word_1_523' title='bbox 1623 5501 1830 5560; x_wconf 89' lang='lat' dir='ltr'><strong>esse,et</strong></span> 
     </span>
    </p>
   </div>
   <div class='ocr_carea' id='block_1_71' title="bbox 220 5561 1831 5650">
    <p class='ocr_par' dir='ltr' id='par_1_71' title="bbox 220 5561 1831 5650">
     <span class='ocr_line' id='line_1_72' title="bbox 220 5561 1831 5650; baseline 0.012 -33"><span class='ocrx_word' id='word_1_524' title='bbox 220 5561 420 5633; x_wconf 83' lang='lat' dir='ltr'><strong>lapsum</strong></span> <span class='ocrx_word' id='word_1_525' title='bbox 447 5571 754 5642; x_wconf 87' lang='lat' dir='ltr'><strong>scriptoris,</strong></span> <span class='ocrx_word' id='word_1_526' title='bbox 784 5591 951 5630; x_wconf 90' lang='lat' dir='ltr'><strong>unam</strong></span> <span class='ocrx_word' id='word_1_527' title='bbox 994 5577 1236 5633; x_wconf 89' lang='lat' dir='ltr'><strong>litteram</strong></span> <span class='ocrx_word' id='word_1_528' title='bbox 1294 5596 1392 5650; x_wconf 91' lang='lat' dir='ltr'><strong>pro</strong></span> <span class='ocrx_word' id='word_1_529' title='bbox 1447 5581 1555 5635; x_wconf 90' lang='lat' dir='ltr'><strong>alia</strong></span> <span class='ocrx_word' id='word_1_530' title='bbox 1583 5583 1831 5637; x_wconf 83' lang='lat' dir='ltr'><strong>scriben-</strong></span> 
     </span>
    </p>
   </div>
   <div class='ocr_carea' id='block_1_72' title="bbox 222 5653 1829 5745">
    <p class='ocr_par' dir='ltr' id='par_1_72' title="bbox 222 5653 1829 5745">
     <span class='ocr_line' id='line_1_73' title="bbox 222 5653 1829 5745; baseline 0.015 -39"><span class='ocrx_word' id='word_1_531' title='bbox 222 5653 299 5709; x_wconf 88' lang='lat' dir='ltr'><strong>tis.</strong></span> <span class='ocrx_word' id='word_1_532' title='bbox 332 5657 429 5713; x_wconf 91' lang='lat' dir='ltr'><strong>Ubi</strong></span> <span class='ocrx_word' id='word_1_533' title='bbox 462 5662 679 5718; x_wconf 90' lang='lat' dir='ltr'><strong>diversa</strong></span> <span class='ocrx_word' id='word_1_534' title='bbox 711 5673 828 5722; x_wconf 87' lang='lat' dir='ltr'><strong>erat</strong></span> <span class='ocrx_word' id='word_1_535' title='bbox 854 5668 1041 5731; x_wconf 87' lang='lat' dir='ltr'><strong>lectio,</strong></span> <span class='ocrx_word' id='word_1_536' title='bbox 1076 5686 1179 5725; x_wconf 90' lang='lat' dir='ltr'><strong>nec</strong></span> <span class='ocrx_word' id='word_1_537' title='bbox 1202 5679 1353 5727; x_wconf 90' lang='lat' dir='ltr'><strong>certo</strong></span> <span class='ocrx_word' id='word_1_538' title='bbox 1385 5672 1675 5728; x_wconf 87' lang='lat' dir='ltr'><strong>constabat</strong></span> <span class='ocrx_word' id='word_1_539' title='bbox 1706 5692 1829 5745; x_wconf 66' lang='lat' dir='ltr'><strong>qua:</strong></span> 
     </span>
    </p>
   </div>
   <div class='ocr_carea' id='block_1_73' title="bbox 219 5754 1831 5829">
    <p class='ocr_par' dir='ltr' id='par_1_73' title="bbox 219 5754 1831 5829">
     <span class='ocr_line' id='line_1_74' title="bbox 219 5754 1831 5829; baseline 0.015 -34"><span class='ocrx_word' id='word_1_540' title='bbox 219 5758 338 5799; x_wconf 82' lang='lat' dir='ltr'><strong>vera</strong></span> <span class='ocrx_word' id='word_1_541' title='bbox 375 5758 541 5819; x_wconf 85' lang='lat' dir='ltr'><strong>esset,</strong></span> <span class='ocrx_word' id='word_1_542' title='bbox 568 5754 1003 5822; x_wconf 90' lang='lat' dir='ltr'><strong>probabiliorem</strong></span> <span class='ocrx_word' id='word_1_543' title='bbox 1031 5758 1088 5812; x_wconf 90' lang='lat' dir='ltr'><strong>in</strong></span> <span class='ocrx_word' id='word_1_544' title='bbox 1128 5768 1280 5814; x_wconf 90' lang='lat' dir='ltr'><strong>textu</strong></span> <span class='ocrx_word' id='word_1_545' title='bbox 1314 5761 1666 5829; x_wconf 90' lang='lat' dir='ltr'><strong>rctinuimus,</strong></span> <span class='ocrx_word' id='word_1_546' title='bbox 1691 5764 1831 5818; x_wconf 90' lang='lat' dir='ltr'><strong>alte-</strong></span> 
     </span>
    </p>
   </div>
   <div class='ocr_carea' id='block_1_74' title="bbox 222 5838 1368 5921">
    <p class='ocr_par' dir='ltr' id='par_1_74' title="bbox 222 5838 1368 5921">
     <span class='ocr_line' id='line_1_75' title="bbox 222 5838 1368 5921; baseline 0.019 -37"><span class='ocrx_word' id='word_1_547' title='bbox 222 5848 328 5887; x_wconf 87' lang='lat' dir='ltr'><strong>ram</strong></span> <span class='ocrx_word' id='word_1_548' title='bbox 357 5838 682 5913; x_wconf 89' lang='lat' dir='ltr'><strong>plerumque</strong></span> <span class='ocrx_word' id='word_1_549' title='bbox 703 5844 772 5898; x_wconf 90' lang='lat' dir='ltr'><strong>ad</strong></span> <span class='ocrx_word' id='word_1_550' title='bbox 796 5861 951 5899; x_wconf 89' lang='lat' dir='ltr'><strong>oram</strong></span> <span class='ocrx_word' id='word_1_551' title='bbox 981 5848 1368 5921; x_wconf 81' lang='lat' dir='ltr'><strong>relegavimus.</strong></span> 
     </span>
    </p>
   </div>
   <div class='ocr_carea' id='block_1_75' title="bbox 1845 4626 1905 4695">
    <p class='ocr_par' dir='ltr' id='par_1_75' title="bbox 1845 4626 1905 4695">
     <span class='ocr_line' id='line_1_76' title="bbox 1845 4626 1905 4695; baseline 0 0"><span class='ocrx_word' id='word_1_552' title='bbox 1845 4626 1905 4695; x_wconf 93' lang='lat' dir='ltr'><strong>D</strong></span> 
     </span>
    </p>
   </div>
   <div class='ocr_carea' id='block_1_76' title="bbox 1929 2021 3540 2094">
    <p class='ocr_par' dir='ltr' id='par_1_76' title="bbox 1929 2021 3540 2094">
     <span class='ocr_line' id='line_1_77' title="bbox 1929 2021 3540 2094; baseline -0.009 -14"><span class='ocrx_word' id='word_1_553' title='bbox 1929 2028 2004 2081; x_wconf 90' lang='lat' dir='ltr'><strong>ris</strong></span> <span class='ocrx_word' id='word_1_554' title='bbox 2034 2028 2222 2082; x_wconf 90' lang='lat' dir='ltr'><strong>multis</strong></span> <span class='ocrx_word' id='word_1_555' title='bbox 2255 2029 2392 2083; x_wconf 84' lang='lat' dir='ltr'><strong>locis</strong></span> <span class='ocrx_word' id='word_1_556' title='bbox 2428 2026 2634 2080; x_wconf 89' lang='lat' dir='ltr'><strong>fuerint</strong></span> <span class='ocrx_word' id='word_1_557' title='bbox 2665 2025 2985 2094; x_wconf 87' lang='lat' dir='ltr'><strong>depravata,</strong></span> <span class='ocrx_word' id='word_1_558' title='bbox 3019 2028 3073 2074; x_wconf 92' lang='lat' dir='ltr'><strong>et</strong></span> <span class='ocrx_word' id='word_1_559' title='bbox 3105 2035 3215 2089; x_wconf 69' lang='lat' dir='ltr'><strong>prae</strong></span> <span class='ocrx_word' id='word_1_560' title='bbox 3245 2021 3540 2076; x_wconf 79' lang='lat' dir='ltr'><strong>vetustate,</strong></span> 
     </span>
    </p>
   </div>
   <div class='ocr_carea' id='block_1_77' title="bbox 1929 2118 2769 2193">
    <p class='ocr_par' dir='ltr' id='par_1_77' title="bbox 1929 2118 2769 2193">
     <span class='ocr_line' id='line_1_78' title="bbox 1929 2118 2769 2193; baseline -0.002 -20"><span class='ocrx_word' id='word_1_561' title='bbox 1929 2118 2231 2193; x_wconf 86' lang='lat' dir='ltr'><strong>legentium</strong></span> <span class='ocrx_word' id='word_1_562' title='bbox 2264 2120 2456 2174; x_wconf 88' lang='lat' dir='ltr'><strong>oculos</strong></span> <span class='ocrx_word' id='word_1_563' title='bbox 2486 2118 2769 2191; x_wconf 82' lang='lat' dir='ltr'><strong>fugientia.</strong></span> 
     </span>
    </p>
   </div>
   <div class='ocr_carea' id='block_1_78' title="bbox 2000 2194 3541 2275">
    <p class='ocr_par' dir='ltr' id='par_1_78' title="bbox 2000 2194 3541 2275">
     <span class='ocr_line' id='line_1_79' title="bbox 2000 2194 3541 2275; baseline -0.012 -10"><span class='ocrx_word' id='word_1_564' title='bbox 2000 2214 2129 2274; x_wconf 63' lang='lat' dir='ltr'><strong>Qua:</strong></span> <span class='ocrx_word' id='word_1_565' title='bbox 2162 2210 2323 2264; x_wconf 88' lang='lat' dir='ltr'><strong>tertio</strong></span> <span class='ocrx_word' id='word_1_566' title='bbox 2356 2208 2498 2264; x_wconf 89' lang='lat' dir='ltr'><strong>libro</strong></span> <span class='ocrx_word' id='word_1_567' title='bbox 2527 2208 2805 2262; x_wconf 87' lang='lat' dir='ltr'><strong>habentur</strong></span> <span class='ocrx_word' id='word_1_568' title='bbox 2836 2204 2949 2275; x_wconf 78' lang='lat' dir='ltr'><strong>(qui</strong></span> <span class='ocrx_word' id='word_1_569' title='bbox 2984 2210 3130 2256; x_wconf 86' lang='lat' dir='ltr'><strong>totus</strong></span> <span class='ocrx_word' id='word_1_570' title='bbox 3160 2206 3244 2253; x_wconf 88' lang='lat' dir='ltr'><strong>est</strong></span> <span class='ocrx_word' id='word_1_571' title='bbox 3271 2197 3340 2250; x_wconf 90' lang='lat' dir='ltr'><strong>de</strong></span> <span class='ocrx_word' id='word_1_572' title='bbox 3369 2194 3541 2267; x_wconf 81' lang='lat' dir='ltr'><strong>gestis</strong></span> 
     </span>
    </p>
   </div>
   <div class='ocr_carea' id='block_1_79' title="bbox 1929 2283 3540 2368">
    <p class='ocr_par' dir='ltr' id='par_1_79' title="bbox 1929 2283 3540 2368">
     <span class='ocr_line' id='line_1_80' title="bbox 1929 2283 3540 2368; baseline -0.011 -16"><span class='ocrx_word' id='word_1_573' title='bbox 1929 2306 1982 2353; x_wconf 92' lang='lat' dir='ltr'><strong>et</strong></span> <span class='ocrx_word' id='word_1_574' title='bbox 2014 2298 2239 2368; x_wconf 89' lang='lat' dir='ltr'><strong>scriptis</strong></span> <span class='ocrx_word' id='word_1_575' title='bbox 2263 2297 2555 2367; x_wconf 80' lang='lat' dir='ltr'><strong>Hincmari)</strong></span> <span class='ocrx_word' id='word_1_576' title='bbox 2591 2294 2799 2351; x_wconf 89' lang='lat' dir='ltr'><strong>contuli</strong></span> <span class='ocrx_word' id='word_1_577' title='bbox 2842 2294 2911 2348; x_wconf 88' lang='lat' dir='ltr'><strong>ad</strong></span> <span class='ocrx_word' id='word_1_578' title='bbox 2965 2288 3232 2362; x_wconf 88' lang='lat' dir='ltr'><strong>opuscula</strong></span> <span class='ocrx_word' id='word_1_579' title='bbox 3286 2294 3342 2340; x_wconf 89' lang='lat' dir='ltr'><strong>et</strong></span> <span class='ocrx_word' id='word_1_580' title='bbox 3374 2283 3540 2355; x_wconf 87' lang='lat' dir='ltr'><strong>epist.</strong></span> 
     </span>
    </p>
   </div>
   <div class='ocr_carea' id='block_1_80' title="bbox 1924 2382 3545 2458">
    <p class='ocr_par' dir='ltr' id='par_1_80' title="bbox 1924 2382 3545 2458">
     <span class='ocr_line' id='line_1_81' title="bbox 1924 2382 3545 2458; baseline -0.01 -14"><span class='ocrx_word' id='word_1_581' title='bbox 1924 2389 2173 2458; x_wconf 87' lang='lat' dir='ltr'><strong>ejusdem</strong></span> <span class='ocrx_word' id='word_1_582' title='bbox 2204 2389 2504 2453; x_wconf 86' lang='lat' dir='ltr'><strong>Hincmari,</strong></span> <span class='ocrx_word' id='word_1_583' title='bbox 2540 2397 2648 2443; x_wconf 89' lang='lat' dir='ltr'><strong>tam</strong></span> <span class='ocrx_word' id='word_1_584' title='bbox 2674 2405 2706 2442; x_wconf 90' lang='lat' dir='ltr'><strong>a</strong></span> <span class='ocrx_word' id='word_1_585' title='bbox 2738 2387 2875 2441; x_wconf 77' lang='lat' dir='ltr'><strong>R.P.</strong></span> <span class='ocrx_word' id='word_1_586' title='bbox 2904 2384 3119 2440; x_wconf 81' lang='lat' dir='ltr'><strong>Joanne</strong></span> <span class='ocrx_word' id='word_1_587' title='bbox 3136 2382 3348 2444; x_wconf 65' lang='lat' dir='ltr'><strong>Buszeo,</strong></span> <span class='ocrx_word' id='word_1_588' title='bbox 3380 2391 3545 2447; x_wconf 91' lang='lat' dir='ltr'><strong>quam</strong></span> 
     </span>
    </p>
   </div>
   <div class='ocr_carea' id='block_1_81' title="bbox 1925 2467 3545 2537">
    <p class='ocr_par' dir='ltr' id='par_1_81' title="bbox 1925 2467 3545 2537">
     <span class='ocr_line' id='line_1_82' title="bbox 1925 2467 3545 2537; baseline -0.009 -1"><span class='ocrx_word' id='word_1_589' title='bbox 1925 2500 1955 2536; x_wconf 90' lang='lat' dir='ltr'><strong>a</strong></span> <span class='ocrx_word' id='word_1_590' title='bbox 1980 2483 2195 2537; x_wconf 82' lang='lat' dir='ltr'><strong>Joanne</strong></span> <span class='ocrx_word' id='word_1_591' title='bbox 2227 2482 2494 2537; x_wconf 87' lang='lat' dir='ltr'><strong>Cordesio</strong></span> <span class='ocrx_word' id='word_1_592' title='bbox 2525 2480 2788 2536; x_wconf 76' lang='lat' dir='ltr'><strong>Ecclesiae</strong></span> <span class='ocrx_word' id='word_1_593' title='bbox 2831 2472 3244 2532; x_wconf 86' lang='lat' dir='ltr'><strong>Lemovicensis</strong></span> <span class='ocrx_word' id='word_1_594' title='bbox 3274 2467 3545 2525; x_wconf 88' lang='lat' dir='ltr'><strong>canonico</strong></span> 
     </span>
    </p>
   </div>
   <div class='ocr_carea' id='block_1_82' title="bbox 1925 2576 2093 2630">
    <p class='ocr_par' dir='ltr' id='par_1_82' title="bbox 1925 2576 2093 2630">
     <span class='ocr_line' id='line_1_83' title="bbox 1925 2576 2093 2630; baseline 0.006 -1"><span class='ocrx_word' id='word_1_595' title='bbox 1925 2576 2093 2630; x_wconf 89' lang='lat' dir='ltr'><strong>edita.</strong></span> 
     </span>
    </p>
   </div>
   <div class='ocr_carea' id='block_1_83' title="bbox 1996 2655 3549 2723">
    <p class='ocr_par' dir='ltr' id='par_1_83' title="bbox 1996 2655 3549 2723">
     <span class='ocr_line' id='line_1_84' title="bbox 1996 2655 3549 2723; baseline -0.008 -2"><span class='ocrx_word' id='word_1_596' title='bbox 1996 2668 2072 2721; x_wconf 87' lang='lat' dir='ltr'><strong>Ad</strong></span> <span class='ocrx_word' id='word_1_597' title='bbox 2107 2669 2226 2722; x_wconf 51' lang='lat' dir='ltr'><strong>haec</strong></span> <span class='ocrx_word' id='word_1_598' title='bbox 2259 2666 2482 2723; x_wconf 86' lang='lat' dir='ltr'><strong>collatio</strong></span> <span class='ocrx_word' id='word_1_599' title='bbox 2514 2666 2655 2721; x_wconf 84' lang='lat' dir='ltr'><strong>facta</strong></span> <span class='ocrx_word' id='word_1_600' title='bbox 2695 2672 2778 2719; x_wconf 90' lang='lat' dir='ltr'><strong>est</strong></span> <span class='ocrx_word' id='word_1_601' title='bbox 2795 2663 2861 2717; x_wconf 91' lang='lat' dir='ltr'><strong>ad</strong></span> <span class='ocrx_word' id='word_1_602' title='bbox 2892 2671 3072 2718; x_wconf 89' lang='lat' dir='ltr'><strong>tomos</strong></span> <span class='ocrx_word' id='word_1_603' title='bbox 3094 2655 3465 2713; x_wconf 91' lang='lat' dir='ltr'><strong>Conciliorum</strong></span> <span class='ocrx_word' id='word_1_604' title='bbox 3489 2660 3549 2710; x_wconf 83' lang='lat' dir='ltr'><strong>et</strong></span> 
     </span>
    </p>
   </div>
   <div class='ocr_carea' id='block_1_84' title="bbox 1922 2740 3548 2828">
    <p class='ocr_par' dir='ltr' id='par_1_84' title="bbox 1922 2740 3548 2828">
     <span class='ocr_line' id='line_1_85' title="bbox 1922 2740 3548 2828; baseline -0.01 -18"><span class='ocrx_word' id='word_1_605' title='bbox 1922 2756 2187 2828; x_wconf 89' lang='lat' dir='ltr'><strong>epistolas</strong></span> <span class='ocrx_word' id='word_1_606' title='bbox 2220 2756 2596 2811; x_wconf 82' lang='lat' dir='ltr'><strong>Romanorum</strong></span> <span class='ocrx_word' id='word_1_607' title='bbox 2658 2750 3008 2825; x_wconf 82' lang='lat' dir='ltr'><strong>pontiﬁcum,</strong></span> <span class='ocrx_word' id='word_1_608' title='bbox 3067 2746 3162 2801; x_wconf 91' lang='lat' dir='ltr'><strong>ubi</strong></span> <span class='ocrx_word' id='word_1_609' title='bbox 3190 2746 3258 2799; x_wconf 90' lang='lat' dir='ltr'><strong>de</strong></span> <span class='ocrx_word' id='word_1_610' title='bbox 3293 2740 3548 2798; x_wconf 90' lang='lat' dir='ltr'><strong>conciliis</strong></span> 
     </span>
    </p>
   </div>
   <div class='ocr_carea' id='block_1_85' title="bbox 1920 2832 3547 2921">
    <p class='ocr_par' dir='ltr' id='par_1_85' title="bbox 1920 2832 3547 2921">
     <span class='ocr_line' id='line_1_86' title="bbox 1920 2832 3547 2921; baseline -0.012 -17"><span class='ocrx_word' id='word_1_611' title='bbox 1920 2848 2118 2921; x_wconf 87' lang='lat' dir='ltr'><strong>agitur.</strong></span> <span class='ocrx_word' id='word_1_612' title='bbox 2155 2849 2290 2909; x_wconf 85' lang='lat' dir='ltr'><strong>Item</strong></span> <span class='ocrx_word' id='word_1_613' title='bbox 2324 2865 2447 2903; x_wconf 90' lang='lat' dir='ltr'><strong>cum</strong></span> <span class='ocrx_word' id='word_1_614' title='bbox 2506 2846 2813 2902; x_wconf 83' lang='lat' dir='ltr'><strong>Annalibus</strong></span> <span class='ocrx_word' id='word_1_615' title='bbox 2866 2838 3261 2899; x_wconf 88' lang='lat' dir='ltr'><strong>ecclesiasticis</strong></span> <span class='ocrx_word' id='word_1_616' title='bbox 3314 2832 3547 2889; x_wconf 64' lang='lat' dir='ltr'><strong>Cassaris</strong></span> 
     </span>
    </p>
   </div>
   <div class='ocr_carea' id='block_1_86' title="bbox 1921 2927 3548 3011">
    <p class='ocr_par' dir='ltr' id='par_1_86' title="bbox 1921 2927 3548 3011">
     <span class='ocr_line' id='line_1_87' title="bbox 1921 2927 3548 3011; baseline -0.009 -17"><span class='ocrx_word' id='word_1_617' title='bbox 1921 2941 2164 3005; x_wconf 85' lang='lat' dir='ltr'><strong>Baronii,</strong></span> <span class='ocrx_word' id='word_1_618' title='bbox 2200 2950 2254 2995; x_wconf 92' lang='lat' dir='ltr'><strong>et</strong></span> <span class='ocrx_word' id='word_1_619' title='bbox 2285 2940 2585 3011; x_wconf 65' lang='lat' dir='ltr'><strong>praecipuis</strong></span> <span class='ocrx_word' id='word_1_620' title='bbox 2625 2938 2811 2994; x_wconf 72' lang='lat' dir='ltr'><strong>Galliae</strong></span> <span class='ocrx_word' id='word_1_621' title='bbox 2840 2951 2906 2991; x_wconf 90' lang='lat' dir='ltr'><strong>ac</strong></span> <span class='ocrx_word' id='word_1_622' title='bbox 2944 2932 3116 3008; x_wconf 87' lang='lat' dir='ltr'><strong>Belgii</strong></span> <span class='ocrx_word' id='word_1_623' title='bbox 3178 2927 3548 2999; x_wconf 87' lang='lat' dir='ltr'><strong>historiogra-</strong></span> 
     </span>
    </p>
   </div>
   <div class='ocr_carea' id='block_1_87' title="bbox 1922 3019 3541 3105">
    <p class='ocr_par' dir='ltr' id='par_1_87' title="bbox 1922 3019 3541 3105">
     <span class='ocr_line' id='line_1_88' title="bbox 1922 3019 3541 3105; baseline -0.01 -18"><span class='ocrx_word' id='word_1_624' title='bbox 1922 3033 2087 3104; x_wconf 90' lang='lat' dir='ltr'><strong>phis,</strong></span> <span class='ocrx_word' id='word_1_625' title='bbox 2139 3033 2388 3105; x_wconf 88' lang='lat' dir='ltr'><strong>Gregorii</strong></span> <span class='ocrx_word' id='word_1_626' title='bbox 2453 3030 2801 3096; x_wconf 90' lang='lat' dir='ltr'><strong>Turonensi,</strong></span> <span class='ocrx_word' id='word_1_627' title='bbox 2862 3026 3159 3090; x_wconf 87' lang='lat' dir='ltr'><strong>Aimoino,</strong></span> <span class='ocrx_word' id='word_1_628' title='bbox 3222 3019 3541 3093; x_wconf 84' lang='lat' dir='ltr'><strong>Sigeberto,</strong></span> 
     </span>
    </p>
   </div>
   <div class='ocr_carea' id='block_1_88' title="bbox 1920 3114 3544 3194">
    <p class='ocr_par' dir='ltr' id='par_1_88' title="bbox 1920 3114 3544 3194">
     <span class='ocr_line' id='line_1_89' title="bbox 1920 3114 3544 3194; baseline -0.011 -10"><span class='ocrx_word' id='word_1_629' title='bbox 1920 3128 2231 3184; x_wconf 88' lang='lat' dir='ltr'><strong>Christiano</strong></span> <span class='ocrx_word' id='word_1_630' title='bbox 2286 3128 2531 3194; x_wconf 70' lang='lat' dir='ltr'><strong>Massaeo,</strong></span> <span class='ocrx_word' id='word_1_631' title='bbox 2591 3125 2797 3181; x_wconf 88' lang='lat' dir='ltr'><strong>Jacobo</strong></span> <span class='ocrx_word' id='word_1_632' title='bbox 2844 3123 3061 3193; x_wconf 85' lang='lat' dir='ltr'><strong>Meyeo,</strong></span> <span class='ocrx_word' id='word_1_633' title='bbox 3120 3115 3339 3188; x_wconf 85' lang='lat' dir='ltr'><strong>Papirio</strong></span> <span class='ocrx_word' id='word_1_634' title='bbox 3397 3114 3544 3168; x_wconf 82' lang='lat' dir='ltr'><strong>Mas-</strong></span> 
     </span>
    </p>
   </div>
   <div class='ocr_carea' id='block_1_89' title="bbox 1919 3212 3546 3290">
    <p class='ocr_par' dir='ltr' id='par_1_89' title="bbox 1919 3212 3546 3290">
     <span class='ocr_line' id='line_1_90' title="bbox 1919 3212 3546 3290; baseline -0.01 -15"><span class='ocrx_word' id='word_1_635' title='bbox 1919 3236 2080 3286; x_wconf 91' lang='lat' dir='ltr'><strong>sono,</strong></span> <span class='ocrx_word' id='word_1_636' title='bbox 2114 3228 2167 3275; x_wconf 90' lang='lat' dir='ltr'><strong>et</strong></span> <span class='ocrx_word' id='word_1_637' title='bbox 2193 3220 2334 3274; x_wconf 91' lang='lat' dir='ltr'><strong>aliis.</strong></span> <span class='ocrx_word' id='word_1_638' title='bbox 2362 3221 2431 3274; x_wconf 87' lang='lat' dir='ltr'><strong>Ex</strong></span> <span class='ocrx_word' id='word_1_639' title='bbox 2463 3218 2668 3290; x_wconf 82' lang='lat' dir='ltr'><strong>quibus</strong></span> <span class='ocrx_word' id='word_1_640' title='bbox 2695 3214 3020 3271; x_wconf 89' lang='lat' dir='ltr'><strong>auctoribus</strong></span> <span class='ocrx_word' id='word_1_641' title='bbox 3051 3212 3379 3283; x_wconf 89' lang='lat' dir='ltr'><strong>plerumque</strong></span> <span class='ocrx_word' id='word_1_642' title='bbox 3394 3215 3546 3261; x_wconf 84' lang='lat' dir='ltr'><strong>certa</strong></span> 
     </span>
    </p>
   </div>
   <div class='ocr_carea' id='block_1_90' title="bbox 1922 3296 3545 3382">
    <p class='ocr_par' dir='ltr' id='par_1_90' title="bbox 1922 3296 3545 3382">
     <span class='ocr_line' id='line_1_91' title="bbox 1922 3296 3545 3382; baseline -0.01 -16"><span class='ocrx_word' id='word_1_643' title='bbox 1922 3312 2189 3382; x_wconf 89' lang='lat' dir='ltr'><strong>temporis</strong></span> <span class='ocrx_word' id='word_1_644' title='bbox 2225 3312 2493 3382; x_wconf 90' lang='lat' dir='ltr'><strong>cujusque</strong></span> <span class='ocrx_word' id='word_1_645' title='bbox 2550 3310 2627 3365; x_wconf 91' lang='lat' dir='ltr'><strong>rei</strong></span> <span class='ocrx_word' id='word_1_646' title='bbox 2687 3314 2853 3382; x_wconf 62' lang='lat' dir='ltr'><strong>gestae</strong></span> <span class='ocrx_word' id='word_1_647' title='bbox 2912 3313 3041 3360; x_wconf 90' lang='lat' dir='ltr'><strong>nota</strong></span> <span class='ocrx_word' id='word_1_648' title='bbox 3070 3310 3157 3357; x_wconf 89' lang='lat' dir='ltr'><strong>est</strong></span> <span class='ocrx_word' id='word_1_649' title='bbox 3213 3299 3428 3368; x_wconf 90' lang='lat' dir='ltr'><strong>adjecta</strong></span> <span class='ocrx_word' id='word_1_650' title='bbox 3488 3296 3545 3349; x_wconf 90' lang='lat' dir='ltr'><strong>in</strong></span> 
     </span>
    </p>
   </div>
   <div class='ocr_carea' id='block_1_91' title="bbox 1920 3385 3544 3474">
    <p class='ocr_par' dir='ltr' id='par_1_91' title="bbox 1920 3385 3544 3474">
     <span class='ocr_line' id='line_1_92' title="bbox 1920 3385 3544 3474; baseline -0.011 -19"><span class='ocrx_word' id='word_1_651' title='bbox 1920 3401 2187 3474; x_wconf 89' lang='lat' dir='ltr'><strong>margine,</strong></span> <span class='ocrx_word' id='word_1_652' title='bbox 2224 3401 2309 3456; x_wconf 86' lang='lat' dir='ltr'><strong>vel</strong></span> <span class='ocrx_word' id='word_1_653' title='bbox 2364 3401 2418 3455; x_wconf 90' lang='lat' dir='ltr'><strong>in</strong></span> <span class='ocrx_word' id='word_1_654' title='bbox 2471 3398 2702 3455; x_wconf 89' lang='lat' dir='ltr'><strong>scholiis</strong></span> <span class='ocrx_word' id='word_1_655' title='bbox 2758 3401 2883 3467; x_wconf 91' lang='lat' dir='ltr'><strong>post</strong></span> <span class='ocrx_word' id='word_1_656' title='bbox 2940 3393 3145 3448; x_wconf 88' lang='lat' dir='ltr'><strong>calcem</strong></span> <span class='ocrx_word' id='word_1_657' title='bbox 3199 3387 3389 3460; x_wconf 84' lang='lat' dir='ltr'><strong>Operis</strong></span> <span class='ocrx_word' id='word_1_658' title='bbox 3442 3385 3544 3439; x_wconf 91' lang='lat' dir='ltr'><strong>ad-</strong></span> 
     </span>
    </p>
   </div>
   <div class='ocr_carea' id='block_1_92' title="bbox 1924 3494 2859 3567">
    <p class='ocr_par' dir='ltr' id='par_1_92' title="bbox 1924 3494 2859 3567">
     <span class='ocr_line' id='line_1_93' title="bbox 1924 3494 2859 3567; baseline -0.001 -17"><span class='ocrx_word' id='word_1_659' title='bbox 1924 3494 2152 3565; x_wconf 89' lang='lat' dir='ltr'><strong>positis.</strong></span> <span class='ocrx_word' id='word_1_660' title='bbox 2846 3555 2859 3567; x_wconf 51' lang='grc'><em>,</em></span> 
     </span>
    </p>
   </div>
   <div class='ocr_carea' id='block_1_93' title="bbox 1993 3570 3549 3642">
    <p class='ocr_par' dir='ltr' id='par_1_93' title="bbox 1993 3570 3549 3642">
     <span class='ocr_line' id='line_1_94' title="bbox 1993 3570 3549 3642; baseline -0.012 0"><span class='ocrx_word' id='word_1_661' title='bbox 1993 3587 2115 3642; x_wconf 68' lang='lat' dir='ltr'><strong>Haec</strong></span> <span class='ocrx_word' id='word_1_662' title='bbox 2144 3585 2292 3641; x_wconf 89' lang='lat' dir='ltr'><strong>enim</strong></span> <span class='ocrx_word' id='word_1_663' title='bbox 2318 3586 2373 3639; x_wconf 91' lang='lat' dir='ltr'><strong>in</strong></span> <span class='ocrx_word' id='word_1_664' title='bbox 2395 3584 2607 3640; x_wconf 89' lang='lat' dir='ltr'><strong>scholia</strong></span> <span class='ocrx_word' id='word_1_665' title='bbox 2621 3581 2850 3638; x_wconf 92' lang='lat' dir='ltr'><strong>omnino</strong></span> <span class='ocrx_word' id='word_1_666' title='bbox 2868 3575 3184 3634; x_wconf 88' lang='lat' dir='ltr'><strong>necessaria</strong></span> <span class='ocrx_word' id='word_1_667' title='bbox 3196 3588 3321 3629; x_wconf 90' lang='lat' dir='ltr'><strong>esse</strong></span> <span class='ocrx_word' id='word_1_668' title='bbox 3329 3570 3549 3641; x_wconf 90' lang='lat' dir='ltr'><strong>judica-</strong></span> 
     </span>
    </p>
   </div>
   <div class='ocr_carea' id='block_1_94' title="bbox 1923 3664 3550 3750">
    <p class='ocr_par' dir='ltr' id='par_1_94' title="bbox 1923 3664 3550 3750">
     <span class='ocr_line' id='line_1_95' title="bbox 1923 3664 3550 3750; baseline -0.01 -20"><span class='ocrx_word' id='word_1_669' title='bbox 1923 3678 2105 3733; x_wconf 88' lang='lat' dir='ltr'><strong>vimus</strong></span> <span class='ocrx_word' id='word_1_670' title='bbox 2136 3699 2151 3733; x_wconf 90' lang='lat'><strong><em>:</em></strong></span> <span class='ocrx_word' id='word_1_671' title='bbox 2188 3687 2299 3734; x_wconf 91' lang='lat' dir='ltr'><strong>tum</strong></span> <span class='ocrx_word' id='word_1_672' title='bbox 2327 3677 2475 3750; x_wconf 89' lang='lat' dir='ltr'><strong>quod</strong></span> <span class='ocrx_word' id='word_1_673' title='bbox 2507 3674 2747 3731; x_wconf 88' lang='lat' dir='ltr'><strong>auctoris</strong></span> <span class='ocrx_word' id='word_1_674' title='bbox 2788 3671 2959 3726; x_wconf 90' lang='lat' dir='ltr'><strong>dictio</strong></span> <span class='ocrx_word' id='word_1_675' title='bbox 2991 3669 3063 3724; x_wconf 89' lang='lat' dir='ltr'><strong>ob</strong></span> <span class='ocrx_word' id='word_1_676' title='bbox 3095 3668 3201 3721; x_wconf 87' lang='lat' dir='ltr'><strong>hoc</strong></span> <span class='ocrx_word' id='word_1_677' title='bbox 3223 3664 3550 3750; x_wconf 85' lang='lat' dir='ltr'><strong>frequenter</strong></span> 
     </span>
    </p>
   </div>
   <div class='ocr_carea' id='block_1_95' title="bbox 1925 3749 3550 3838">
    <p class='ocr_par' dir='ltr' id='par_1_95' title="bbox 1925 3749 3550 3838">
     <span class='ocr_line' id='line_1_96' title="bbox 1925 3749 3550 3838; baseline -0.012 -16"><span class='ocrx_word' id='word_1_678' title='bbox 1925 3767 2168 3822; x_wconf 89' lang='lat' dir='ltr'><strong>obscura</strong></span> <span class='ocrx_word' id='word_1_679' title='bbox 2198 3749 2452 3838; x_wconf 86' lang='lat' dir='ltr'><strong>sit,quod</strong></span> <span class='ocrx_word' id='word_1_680' title='bbox 2476 3765 2669 3837; x_wconf 90' lang='lat' dir='ltr'><strong>longas</strong></span> <span class='ocrx_word' id='word_1_681' title='bbox 2700 3768 2869 3816; x_wconf 88' lang='lat' dir='ltr'><strong>textat</strong></span> <span class='ocrx_word' id='word_1_682' title='bbox 2901 3757 3180 3830; x_wconf 88' lang='lat' dir='ltr'><strong>periodos,</strong></span> <span class='ocrx_word' id='word_1_683' title='bbox 3201 3768 3324 3824; x_wconf 69' lang='lat' dir='ltr'><strong>quae</strong></span> <span class='ocrx_word' id='word_1_684' title='bbox 3357 3749 3550 3819; x_wconf 87' lang='lat' dir='ltr'><strong>impli-</strong></span> 
     </span>
    </p>
   </div>
   <div class='ocr_carea' id='block_1_96' title="bbox 1924 3840 3550 3917">
    <p class='ocr_par' dir='ltr' id='par_1_96' title="bbox 1924 3840 3550 3917">
     <span class='ocr_line' id='line_1_97' title="bbox 1924 3840 3550 3917; baseline -0.014 -2"><span class='ocrx_word' id='word_1_685' title='bbox 1924 3866 2119 3915; x_wconf 89' lang='lat' dir='ltr'><strong>cantur</strong></span> <span class='ocrx_word' id='word_1_686' title='bbox 2144 3859 2409 3913; x_wconf 88' lang='lat' dir='ltr'><strong>varietate</strong></span> <span class='ocrx_word' id='word_1_687' title='bbox 2439 3865 2494 3912; x_wconf 91' lang='lat' dir='ltr'><strong>et</strong></span> <span class='ocrx_word' id='word_1_688' title='bbox 2515 3851 2872 3911; x_wconf 90' lang='lat' dir='ltr'><strong>multitudine</strong></span> <span class='ocrx_word' id='word_1_689' title='bbox 2891 3865 3081 3905; x_wconf 89' lang='lat' dir='ltr'><strong>eorum</strong></span> <span class='ocrx_word' id='word_1_690' title='bbox 3098 3862 3220 3917; x_wconf 73' lang='lat' dir='ltr'><strong>qua:</strong></span> <span class='ocrx_word' id='word_1_691' title='bbox 3251 3840 3550 3915; x_wconf 85' lang='lat' dir='ltr'><strong>contigerit</strong></span> 
     </span>
    </p>
   </div>
   <div class='ocr_carea' id='block_1_97' title="bbox 1926 3940 3548 4017">
    <p class='ocr_par' dir='ltr' id='par_1_97' title="bbox 1926 3940 3548 4017">
     <span class='ocr_line' id='line_1_98' title="bbox 1926 3940 3548 4017; baseline -0.014 -10"><span class='ocrx_word' id='word_1_692' title='bbox 1926 3959 1981 4007; x_wconf 88' lang='lat' dir='ltr'><strong>et</strong></span> <span class='ocrx_word' id='word_1_693' title='bbox 2004 3950 2286 4006; x_wconf 89' lang='lat' dir='ltr'><strong>interserit</strong></span> <span class='ocrx_word' id='word_1_694' title='bbox 2314 3968 2328 4017; x_wconf 89' lang='lat'><strong>;</strong></span> <span class='ocrx_word' id='word_1_695' title='bbox 2361 3958 2475 4005; x_wconf 88' lang='lat' dir='ltr'><strong>tum</strong></span> <span class='ocrx_word' id='word_1_696' title='bbox 2510 3948 2676 4004; x_wconf 90' lang='lat' dir='ltr'><strong>etiam</strong></span> <span class='ocrx_word' id='word_1_697' title='bbox 2699 3943 2844 4017; x_wconf 89' lang='lat' dir='ltr'><strong>quod</strong></span> <span class='ocrx_word' id='word_1_698' title='bbox 2870 3940 3149 3997; x_wconf 88' lang='lat' dir='ltr'><strong>interdum</strong></span> <span class='ocrx_word' id='word_1_699' title='bbox 3180 3943 3364 3991; x_wconf 89' lang='lat' dir='ltr'><strong>utatur</strong></span> <span class='ocrx_word' id='word_1_700' title='bbox 3382 3948 3548 3988; x_wconf 91' lang='lat' dir='ltr'><strong>voea-</strong></span> 
     </span>
    </p>
   </div>
   <div class='ocr_carea' id='block_1_98' title="bbox 1926 4024 3548 4114">
    <p class='ocr_par' dir='ltr' id='par_1_98' title="bbox 1926 4024 3548 4114">
     <span class='ocr_line' id='line_1_99' title="bbox 1926 4024 3548 4114; baseline -0.013 -16"><span class='ocrx_word' id='word_1_701' title='bbox 1926 4042 2074 4098; x_wconf 90' lang='lat' dir='ltr'><strong>bulis</strong></span> <span class='ocrx_word' id='word_1_702' title='bbox 2095 4042 2192 4098; x_wconf 93' lang='lat' dir='ltr'><strong>illo</strong></span> <span class='ocrx_word' id='word_1_703' title='bbox 2223 4043 2450 4114; x_wconf 91' lang='lat' dir='ltr'><strong>quidem</strong></span> <span class='ocrx_word' id='word_1_704' title='bbox 2483 4056 2600 4096; x_wconf 69' lang='lat' dir='ltr'><strong>:evo</strong></span> <span class='ocrx_word' id='word_1_705' title='bbox 2640 4034 2963 4101; x_wconf 71' lang='lat' dir='ltr'><strong>tritissimls,</strong></span> <span class='ocrx_word' id='word_1_706' title='bbox 2994 4031 3092 4087; x_wconf 88' lang='lat' dir='ltr'><strong>sed</strong></span> <span class='ocrx_word' id='word_1_707' title='bbox 3122 4028 3364 4102; x_wconf 69' lang='lat' dir='ltr'><strong>quaejam</strong></span> <span class='ocrx_word' id='word_1_708' title='bbox 3387 4024 3548 4080; x_wconf 84' lang='lat' dir='ltr'><strong>abie-</strong></span> 
     </span>
    </p>
   </div>
   <div class='ocr_carea' id='block_1_99' title="bbox 1925 4124 3547 4191">
    <p class='ocr_par' dir='ltr' id='par_1_99' title="bbox 1925 4124 3547 4191">
     <span class='ocr_line' id='line_1_100' title="bbox 1925 4124 3547 4191; baseline -0.014 -3"><span class='ocrx_word' id='word_1_709' title='bbox 1925 4141 2055 4189; x_wconf 89' lang='lat' dir='ltr'><strong>runt</strong></span> <span class='ocrx_word' id='word_1_710' title='bbox 2082 4132 2135 4186; x_wconf 93' lang='lat' dir='ltr'><strong>in</strong></span> <span class='ocrx_word' id='word_1_711' title='bbox 2169 4131 2618 4185; x_wconf 89' lang='lat' dir='ltr'><strong>desuetudinem.</strong></span> <span class='ocrx_word' id='word_1_712' title='bbox 2653 4129 2776 4183; x_wconf 66' lang='lat' dir='ltr'><strong>Haec</strong></span> <span class='ocrx_word' id='word_1_713' title='bbox 2806 4125 2993 4181; x_wconf 86' lang='lat' dir='ltr'><strong>indice</strong></span> <span class='ocrx_word' id='word_1_714' title='bbox 3046 4124 3301 4191; x_wconf 90' lang='lat' dir='ltr'><strong>separato</strong></span> <span class='ocrx_word' id='word_1_715' title='bbox 3360 4130 3547 4169; x_wconf 87' lang='lat' dir='ltr'><strong>recen-</strong></span> 
     </span>
    </p>
   </div>
   <div class='ocr_carea' id='block_1_100' title="bbox 1927 4204 3547 4291">
    <p class='ocr_par' dir='ltr' id='par_1_100' title="bbox 1927 4204 3547 4291">
     <span class='ocr_line' id='line_1_101' title="bbox 1927 4204 3547 4291; baseline -0.015 -12"><span class='ocrx_word' id='word_1_716' title='bbox 1927 4223 2164 4279; x_wconf 90' lang='lat' dir='ltr'><strong>suimus.</strong></span> <span class='ocrx_word' id='word_1_717' title='bbox 2196 4220 2449 4291; x_wconf 89' lang='lat' dir='ltr'><strong>Denique</strong></span> <span class='ocrx_word' id='word_1_718' title='bbox 2507 4235 2608 4290; x_wconf 90' lang='lat' dir='ltr'><strong>per</strong></span> <span class='ocrx_word' id='word_1_719' title='bbox 2664 4218 2771 4273; x_wconf 92' lang='lat' dir='ltr'><strong>hoc</strong></span> <span class='ocrx_word' id='word_1_720' title='bbox 2829 4214 3056 4269; x_wconf 89' lang='lat' dir='ltr'><strong>multam</strong></span> <span class='ocrx_word' id='word_1_721' title='bbox 3111 4205 3319 4264; x_wconf 90' lang='lat' dir='ltr'><strong>auctori</strong></span> <span class='ocrx_word' id='word_1_722' title='bbox 3368 4204 3547 4258; x_wconf 89' lang='lat' dir='ltr'><strong>lucem</strong></span> 
     </span>
    </p>
   </div>
   <div class='ocr_carea' id='block_1_101' title="bbox 1926 4299 3548 4379">
    <p class='ocr_par' dir='ltr' id='par_1_101' title="bbox 1926 4299 3548 4379">
     <span class='ocr_line' id='line_1_102' title="bbox 1926 4299 3548 4379; baseline -0.015 -10"><span class='ocrx_word' id='word_1_723' title='bbox 1926 4310 2178 4368; x_wconf 90' lang='lat' dir='ltr'><strong>attulisse</strong></span> <span class='ocrx_word' id='word_1_724' title='bbox 2209 4309 2511 4373; x_wconf 89' lang='lat' dir='ltr'><strong>credimus,</strong></span> <span class='ocrx_word' id='word_1_725' title='bbox 2551 4306 2701 4379; x_wconf 91' lang='lat' dir='ltr'><strong>quod</strong></span> <span class='ocrx_word' id='word_1_726' title='bbox 2734 4306 2789 4359; x_wconf 91' lang='lat' dir='ltr'><strong>in</strong></span> <span class='ocrx_word' id='word_1_727' title='bbox 2821 4304 2906 4358; x_wconf 90' lang='lat' dir='ltr'><strong>his</strong></span> <span class='ocrx_word' id='word_1_728' title='bbox 2943 4299 3172 4357; x_wconf 87' lang='lat' dir='ltr'><strong>scholiis</strong></span> <span class='ocrx_word' id='word_1_729' title='bbox 3198 4308 3548 4369; x_wconf 70' lang='lat' dir='ltr'><strong>quaecunque</strong></span> 
     </span>
    </p>
   </div>
   <div class='ocr_carea' id='block_1_102' title="bbox 1927 4387 3547 4474">
    <p class='ocr_par' dir='ltr' id='par_1_102' title="bbox 1927 4387 3547 4474">
     <span class='ocr_line' id='line_1_103' title="bbox 1927 4387 3547 4474; baseline -0.014 -16"><span class='ocrx_word' id='word_1_730' title='bbox 1927 4408 2177 4474; x_wconf 72' lang='lat' dir='ltr'><strong>possent.</strong></span> <span class='ocrx_word' id='word_1_731' title='bbox 2209 4400 2267 4453; x_wconf 91' lang='lat' dir='ltr'><strong>in</strong></span> <span class='ocrx_word' id='word_1_732' title='bbox 2324 4398 2557 4453; x_wconf 90' lang='lat' dir='ltr'><strong>dubium</strong></span> <span class='ocrx_word' id='word_1_733' title='bbox 2588 4396 2728 4453; x_wconf 89' lang='lat' dir='ltr'><strong>verti</strong></span> <span class='ocrx_word' id='word_1_734' title='bbox 2760 4392 3195 4467; x_wconf 89' lang='lat' dir='ltr'><strong>explicuerimus</strong></span> <span class='ocrx_word' id='word_1_735' title='bbox 3226 4405 3240 4453; x_wconf 87' lang='lat'><strong>;</strong></span> <span class='ocrx_word' id='word_1_736' title='bbox 3282 4387 3547 4458; x_wconf 89' lang='lat' dir='ltr'><strong>pleraque</strong></span> 
     </span>
    </p>
   </div>
   <div class='ocr_carea' id='block_1_103' title="bbox 1927 4476 3549 4547">
    <p class='ocr_par' dir='ltr' id='par_1_103' title="bbox 1927 4476 3549 4547">
     <span class='ocr_line' id='line_1_104' title="bbox 1927 4476 3549 4547; baseline -0.012 0"><span class='ocrx_word' id='word_1_737' title='bbox 1927 4491 2091 4547; x_wconf 90' lang='lat' dir='ltr'><strong>etiam</strong></span> <span class='ocrx_word' id='word_1_738' title='bbox 2108 4488 2348 4545; x_wconf 90' lang='lat' dir='ltr'><strong>auctoris</strong></span> <span class='ocrx_word' id='word_1_739' title='bbox 2362 4490 2507 4544; x_wconf 89' lang='lat' dir='ltr'><strong>dicta</strong></span> <span class='ocrx_word' id='word_1_740' title='bbox 2520 4488 2753 4542; x_wconf 90' lang='lat' dir='ltr'><strong>aliorum</strong></span> <span class='ocrx_word' id='word_1_741' title='bbox 2782 4483 3102 4540; x_wconf 90' lang='lat' dir='ltr'><strong>testimonio</strong></span> <span class='ocrx_word' id='word_1_742' title='bbox 3125 4476 3549 4543; x_wconf 83' lang='lat' dir='ltr'><strong>ﬁrmaverimus,</strong></span> 
     </span>
    </p>
   </div>
   <div class='ocr_carea' id='block_1_104' title="bbox 1927 4567 3549 4649">
    <p class='ocr_par' dir='ltr' id='par_1_104' title="bbox 1927 4567 3549 4649">
     <span class='ocr_line' id='line_1_105' title="bbox 1927 4567 3549 4649; baseline -0.01 -12"><span class='ocrx_word' id='word_1_743' title='bbox 1927 4589 1981 4637; x_wconf 89' lang='lat' dir='ltr'><strong>et</strong></span> <span class='ocrx_word' id='word_1_744' title='bbox 2011 4581 2160 4634; x_wconf 90' lang='lat' dir='ltr'><strong>unde</strong></span> <span class='ocrx_word' id='word_1_745' title='bbox 2190 4579 2347 4649; x_wconf 89' lang='lat' dir='ltr'><strong>plura</strong></span> <span class='ocrx_word' id='word_1_746' title='bbox 2366 4578 2423 4632; x_wconf 91' lang='lat' dir='ltr'><strong>in</strong></span> <span class='ocrx_word' id='word_1_747' title='bbox 2440 4594 2562 4633; x_wconf 88' lang='lat' dir='ltr'><strong>eam</strong></span> <span class='ocrx_word' id='word_1_748' title='bbox 2591 4593 2706 4632; x_wconf 92' lang='lat' dir='ltr'><strong>rem</strong></span> <span class='ocrx_word' id='word_1_749' title='bbox 2734 4576 2805 4630; x_wconf 93' lang='lat' dir='ltr'><strong>de</strong></span> <span class='ocrx_word' id='word_1_750' title='bbox 2833 4591 2943 4647; x_wconf 92' lang='lat' dir='ltr'><strong>qua</strong></span> <span class='ocrx_word' id='word_1_751' title='bbox 2965 4573 3149 4648; x_wconf 87' lang='lat' dir='ltr'><strong>agitur</strong></span> <span class='ocrx_word' id='word_1_752' title='bbox 3169 4570 3283 4643; x_wconf 90' lang='lat' dir='ltr'><strong>peti</strong></span> <span class='ocrx_word' id='word_1_753' title='bbox 3316 4567 3549 4642; x_wconf 89' lang='lat' dir='ltr'><strong>possint,</strong></span> 
     </span>
    </p>
   </div>
   <div class='ocr_carea' id='block_1_105' title="bbox 1929 4671 2387 4727">
    <p class='ocr_par' dir='ltr' id='par_1_105' title="bbox 1929 4671 2387 4727">
     <span class='ocr_line' id='line_1_106' title="bbox 1929 4671 2387 4727; baseline -0.007 0"><span class='ocrx_word' id='word_1_754' title='bbox 1929 4671 2387 4727; x_wconf 90' lang='lat' dir='ltr'><strong>indicaverimus.</strong></span> 
     </span>
    </p>
   </div>
   <div class='ocr_carea' id='block_1_106' title="bbox 2000 4749 3549 4833">
    <p class='ocr_par' dir='ltr' id='par_1_106' title="bbox 2000 4749 3549 4833">
     <span class='ocr_line' id='line_1_107' title="bbox 2000 4749 3549 4833; baseline -0.008 -17"><span class='ocrx_word' id='word_1_755' title='bbox 2000 4763 2289 4817; x_wconf 87' lang='lat' dir='ltr'><strong>Postremo</strong></span> <span class='ocrx_word' id='word_1_756' title='bbox 2330 4761 2643 4833; x_wconf 89' lang='lat' dir='ltr'><strong>catalogum</strong></span> <span class='ocrx_word' id='word_1_757' title='bbox 2677 4758 2927 4814; x_wconf 88' lang='lat' dir='ltr'><strong>omnium</strong></span> <span class='ocrx_word' id='word_1_758' title='bbox 2963 4753 3318 4810; x_wconf 82' lang='lat' dir='ltr'><strong>Rcmensium</strong></span> <span class='ocrx_word' id='word_1_759' title='bbox 3359 4749 3549 4806; x_wconf 89' lang='lat' dir='ltr'><strong>archi-</strong></span> 
     </span>
    </p>
   </div>
   <div class='ocr_carea' id='block_1_107' title="bbox 1929 4848 3553 4926">
    <p class='ocr_par' dir='ltr' id='par_1_107' title="bbox 1929 4848 3553 4926">
     <span class='ocr_line' id='line_1_108' title="bbox 1929 4848 3553 4926; baseline -0.009 -16"><span class='ocrx_word' id='word_1_760' title='bbox 1929 4856 2324 4926; x_wconf 82' lang='lat' dir='ltr'><strong>episcOporum</strong></span> <span class='ocrx_word' id='word_1_761' title='bbox 2341 4853 2786 4921; x_wconf 85' lang='lat' dir='ltr'><strong>adjecimus,non</strong></span> <span class='ocrx_word' id='word_1_762' title='bbox 2804 4851 2920 4906; x_wconf 90' lang='lat' dir='ltr'><strong>sola</strong></span> <span class='ocrx_word' id='word_1_763' title='bbox 2943 4848 3170 4903; x_wconf 90' lang='lat' dir='ltr'><strong>nomina</strong></span> <span class='ocrx_word' id='word_1_764' title='bbox 3192 4852 3553 4900; x_wconf 89' lang='lat' dir='ltr'><strong>recensentes</strong></span> 
     </span>
    </p>
   </div>
   <div class='ocr_carea' id='block_1_108' title="bbox 1926 4938 3550 5015">
    <p class='ocr_par' dir='ltr' id='par_1_108' title="bbox 1926 4938 3550 5015">
     <span class='ocr_line' id='line_1_109' title="bbox 1926 4938 3550 5015; baseline -0.007 -16"><span class='ocrx_word' id='word_1_765' title='bbox 1926 4945 2023 4999; x_wconf 91' lang='lat' dir='ltr'><strong>sed</strong></span> <span class='ocrx_word' id='word_1_766' title='bbox 2050 4951 2104 4999; x_wconf 89' lang='lat' dir='ltr'><strong>et</strong></span> <span class='ocrx_word' id='word_1_767' title='bbox 2135 4950 2356 5015; x_wconf 90' lang='lat' dir='ltr'><strong>tempus</strong></span> <span class='ocrx_word' id='word_1_768' title='bbox 2409 4943 2679 4998; x_wconf 87' lang='lat' dir='ltr'><strong>sessionis</strong></span> <span class='ocrx_word' id='word_1_769' title='bbox 2706 4957 2897 4996; x_wconf 92' lang='lat' dir='ltr'><strong>eorum</strong></span> <span class='ocrx_word' id='word_1_770' title='bbox 2926 4946 2982 4993; x_wconf 91' lang='lat' dir='ltr'><strong>et</strong></span> <span class='ocrx_word' id='word_1_771' title='bbox 3040 4938 3326 5000; x_wconf 89' lang='lat' dir='ltr'><strong>decessus,</strong></span> <span class='ocrx_word' id='word_1_772' title='bbox 3384 4949 3550 5004; x_wconf 91' lang='lat' dir='ltr'><strong>quam</strong></span> 
     </span>
    </p>
   </div>
   <div class='ocr_carea' id='block_1_109' title="bbox 1926 5027 3549 5108">
    <p class='ocr_par' dir='ltr' id='par_1_109' title="bbox 1926 5027 3549 5108">
     <span class='ocr_line' id='line_1_110' title="bbox 1926 5027 3549 5108; baseline -0.007 -16"><span class='ocrx_word' id='word_1_773' title='bbox 1926 5037 2209 5108; x_wconf 85' lang='lat' dir='ltr'><strong>potuimus</strong></span> <span class='ocrx_word' id='word_1_774' title='bbox 2229 5044 2379 5092; x_wconf 88' lang='lat' dir='ltr'><strong>certa</strong></span> <span class='ocrx_word' id='word_1_775' title='bbox 2439 5034 2571 5103; x_wconf 88' lang='lat' dir='ltr'><strong>fide,</strong></span> <span class='ocrx_word' id='word_1_776' title='bbox 2605 5044 2660 5090; x_wconf 92' lang='lat' dir='ltr'><strong>et</strong></span> <span class='ocrx_word' id='word_1_777' title='bbox 2694 5031 3025 5104; x_wconf 87' lang='lat' dir='ltr'><strong>principalia</strong></span> <span class='ocrx_word' id='word_1_778' title='bbox 3056 5045 3248 5085; x_wconf 91' lang='lat' dir='ltr'><strong>eorum</strong></span> <span class='ocrx_word' id='word_1_779' title='bbox 3283 5035 3459 5101; x_wconf 90' lang='lat' dir='ltr'><strong>gesta.</strong></span> <span class='ocrx_word' id='word_1_780' title='bbox 3496 5027 3549 5080; x_wconf 91' lang='lat' dir='ltr'><strong>Si</strong></span> 
     </span>
    </p>
   </div>
   <div class='ocr_carea' id='block_1_110' title="bbox 1929 5118 3551 5196">
    <p class='ocr_par' dir='ltr' id='par_1_110' title="bbox 1929 5118 3551 5196">
     <span class='ocr_line' id='line_1_111' title="bbox 1929 5118 3551 5196; baseline -0.007 -15"><span class='ocrx_word' id='word_1_781' title='bbox 1929 5136 2114 5181; x_wconf 89' lang='lat' dir='ltr'><strong>tamen</strong></span> <span class='ocrx_word' id='word_1_782' title='bbox 2154 5126 2209 5180; x_wconf 87' lang='lat' dir='ltr'><strong>in</strong></span> <span class='ocrx_word' id='word_1_783' title='bbox 2272 5135 2542 5196; x_wconf 89' lang='lat' dir='ltr'><strong>tempore,</strong></span> <span class='ocrx_word' id='word_1_784' title='bbox 2574 5125 2629 5178; x_wconf 90' lang='lat' dir='ltr'><strong>in</strong></span> <span class='ocrx_word' id='word_1_785' title='bbox 2686 5130 2835 5177; x_wconf 89' lang='lat' dir='ltr'><strong>tanta</strong></span> <span class='ocrx_word' id='word_1_786' title='bbox 2866 5125 3163 5185; x_wconf 89' lang='lat' dir='ltr'><strong>vetustate,</strong></span> <span class='ocrx_word' id='word_1_787' title='bbox 3219 5118 3551 5188; x_wconf 87' lang='lat' dir='ltr'><strong>scriptorum</strong></span> 
     </span>
    </p>
   </div>
   <div class='ocr_carea' id='block_1_111' title="bbox 1930 5206 3552 5286">
    <p class='ocr_par' dir='ltr' id='par_1_111' title="bbox 1930 5206 3552 5286">
     <span class='ocr_line' id='line_1_112' title="bbox 1930 5206 3552 5286; baseline -0.006 -17"><span class='ocrx_word' id='word_1_788' title='bbox 1930 5216 2173 5281; x_wconf 87' lang='lat' dir='ltr'><strong>raritate,</strong></span> <span class='ocrx_word' id='word_1_789' title='bbox 2208 5224 2263 5271; x_wconf 93' lang='lat' dir='ltr'><strong>et</strong></span> <span class='ocrx_word' id='word_1_790' title='bbox 2294 5214 2623 5286; x_wconf 84' lang='lat' dir='ltr'><strong>Opinionum</strong></span> <span class='ocrx_word' id='word_1_791' title='bbox 2657 5210 2998 5272; x_wconf 88' lang='lat' dir='ltr'><strong>diversitate,</strong></span> <span class='ocrx_word' id='word_1_792' title='bbox 3059 5224 3289 5279; x_wconf 90' lang='lat' dir='ltr'><strong>sc0pum</strong></span> <span class='ocrx_word' id='word_1_793' title='bbox 3338 5206 3552 5278; x_wconf 91' lang='lat' dir='ltr'><strong>ubique</strong></span> 
     </span>
    </p>
   </div>
   <div class='ocr_carea' id='block_1_112' title="bbox 1930 5300 3552 5381">
    <p class='ocr_par' dir='ltr' id='par_1_112' title="bbox 1930 5300 3552 5381">
     <span class='ocr_line' id='line_1_113' title="bbox 1930 5300 3552 5381; baseline -0.005 -19"><span class='ocrx_word' id='word_1_794' title='bbox 1930 5325 2041 5363; x_wconf 89' lang='lat' dir='ltr'><strong>non</strong></span> <span class='ocrx_word' id='word_1_795' title='bbox 2074 5309 2379 5381; x_wconf 88' lang='lat' dir='ltr'><strong>attigimus,</strong></span> <span class='ocrx_word' id='word_1_796' title='bbox 2404 5306 2622 5362; x_wconf 86' lang='lat' dir='ltr'><strong>veniam</strong></span> <span class='ocrx_word' id='word_1_797' title='bbox 2648 5303 2804 5359; x_wconf 85' lang='lat' dir='ltr'><strong>dabit</strong></span> <span class='ocrx_word' id='word_1_798' title='bbox 2824 5319 3017 5375; x_wconf 62' lang='lat' dir='ltr'><strong>tequus</strong></span> <span class='ocrx_word' id='word_1_799' title='bbox 3046 5303 3223 5358; x_wconf 90' lang='lat' dir='ltr'><strong>lector</strong></span> <span class='ocrx_word' id='word_1_800' title='bbox 3237 5310 3294 5356; x_wconf 89' lang='lat' dir='ltr'><strong>et</strong></span> <span class='ocrx_word' id='word_1_801' title='bbox 3315 5300 3552 5357; x_wconf 89' lang='lat' dir='ltr'><strong>candide</strong></span> 
     </span>
    </p>
   </div>
   <div class='ocr_carea' id='block_1_113' title="bbox 1931 5391 3556 5469">
    <p class='ocr_par' dir='ltr' id='par_1_113' title="bbox 1931 5391 3556 5469">
     <span class='ocr_line' id='line_1_114' title="bbox 1931 5391 3556 5469; baseline -0.006 -17"><span class='ocrx_word' id='word_1_802' title='bbox 1931 5397 2270 5452; x_wconf 89' lang='lat' dir='ltr'><strong>emendabit.</strong></span> <span class='ocrx_word' id='word_1_803' title='bbox 2307 5397 2366 5450; x_wconf 87' lang='lat' dir='ltr'><strong>In</strong></span> <span class='ocrx_word' id='word_1_804' title='bbox 2399 5396 2503 5450; x_wconf 89' lang='lat' dir='ltr'><strong>hoc</strong></span> <span class='ocrx_word' id='word_1_805' title='bbox 2549 5394 2799 5469; x_wconf 89' lang='lat' dir='ltr'><strong>catagolo</strong></span> <span class='ocrx_word' id='word_1_806' title='bbox 2828 5394 3130 5464; x_wconf 89' lang='lat' dir='ltr'><strong>plurimum</strong></span> <span class='ocrx_word' id='word_1_807' title='bbox 3164 5391 3339 5462; x_wconf 89' lang='lat' dir='ltr'><strong>adjuti</strong></span> <span class='ocrx_word' id='word_1_808' title='bbox 3364 5405 3556 5445; x_wconf 91' lang='lat' dir='ltr'><strong>sumus</strong></span> 
     </span>
    </p>
   </div>
   <div class='ocr_carea' id='block_1_114' title="bbox 1931 5482 3555 5561">
    <p class='ocr_par' dir='ltr' id='par_1_114' title="bbox 1931 5482 3555 5561">
     <span class='ocr_line' id='line_1_115' title="bbox 1931 5482 3555 5561; baseline -0.005 -18"><span class='ocrx_word' id='word_1_809' title='bbox 1931 5490 2001 5543; x_wconf 91' lang='lat' dir='ltr'><strong>iis</strong></span> <span class='ocrx_word' id='word_1_810' title='bbox 2025 5506 2150 5561; x_wconf 70' lang='lat' dir='ltr'><strong>qua:</strong></span> <span class='ocrx_word' id='word_1_811' title='bbox 2183 5489 2347 5545; x_wconf 88' lang='lat' dir='ltr'><strong>nobis</strong></span> <span class='ocrx_word' id='word_1_812' title='bbox 2393 5487 2806 5543; x_wconf 89' lang='lat' dir='ltr'><strong>communicare</strong></span> <span class='ocrx_word' id='word_1_813' title='bbox 2860 5486 3122 5559; x_wconf 89' lang='lat' dir='ltr'><strong>dignatus</strong></span> <span class='ocrx_word' id='word_1_814' title='bbox 3179 5492 3263 5541; x_wconf 90' lang='lat' dir='ltr'><strong>est</strong></span> <span class='ocrx_word' id='word_1_815' title='bbox 3293 5482 3555 5539; x_wconf 91' lang='lat' dir='ltr'><strong>Claudius</strong></span> 
     </span>
    </p>
   </div>
   <div class='ocr_carea' id='block_1_115' title="bbox 1931 5576 3555 5653">
    <p class='ocr_par' dir='ltr' id='par_1_115' title="bbox 1931 5576 3555 5653">
     <span class='ocr_line' id='line_1_116' title="bbox 1931 5576 3555 5653; baseline -0.005 -18"><span class='ocrx_word' id='word_1_816' title='bbox 1931 5582 2193 5653; x_wconf 81' lang='lat' dir='ltr'><strong>Despretz</strong></span> <span class='ocrx_word' id='word_1_817' title='bbox 2224 5581 2476 5647; x_wconf 87' lang='lat' dir='ltr'><strong>Atrebas,</strong></span> <span class='ocrx_word' id='word_1_818' title='bbox 2511 5579 2770 5634; x_wconf 90' lang='lat' dir='ltr'><strong>dominus</strong></span> <span class='ocrx_word' id='word_1_819' title='bbox 2797 5580 2864 5635; x_wconf 92' lang='lat' dir='ltr'><strong>de</strong></span> <span class='ocrx_word' id='word_1_820' title='bbox 2893 5578 3191 5648; x_wconf 81' lang='lat' dir='ltr'><strong>Queant,J.</strong></span> <span class='ocrx_word' id='word_1_821' title='bbox 3228 5577 3290 5632; x_wconf 93' lang='lat' dir='ltr'><strong>U.</strong></span> <span class='ocrx_word' id='word_1_822' title='bbox 3326 5576 3382 5630; x_wconf 88' lang='lat' dir='ltr'><strong>L.</strong></span> <span class='ocrx_word' id='word_1_823' title='bbox 3418 5590 3555 5629; x_wconf 89' lang='lat' dir='ltr'><strong>con-</strong></span> 
     </span>
    </p>
   </div>
   <div class='ocr_carea' id='block_1_116' title="bbox 1930 5663 3554 5742">
    <p class='ocr_par' dir='ltr' id='par_1_116' title="bbox 1930 5663 3554 5742">
     <span class='ocr_line' id='line_1_117' title="bbox 1930 5663 3554 5742; baseline -0.006 -16"><span class='ocrx_word' id='word_1_824' title='bbox 1930 5671 2288 5738; x_wconf 90' lang='lat' dir='ltr'><strong>sultissimus,</strong></span> <span class='ocrx_word' id='word_1_825' title='bbox 2343 5670 2691 5742; x_wconf 88' lang='lat' dir='ltr'><strong>depromptis</strong></span> <span class='ocrx_word' id='word_1_826' title='bbox 2722 5687 2789 5725; x_wconf 91' lang='lat' dir='ltr'><strong>ex</strong></span> <span class='ocrx_word' id='word_1_827' title='bbox 2816 5670 2985 5726; x_wconf 86' lang='lat' dir='ltr'><strong>variis</strong></span> <span class='ocrx_word' id='word_1_828' title='bbox 3012 5664 3435 5740; x_wconf 88' lang='lat' dir='ltr'><strong>antiquitatibus</strong></span> <span class='ocrx_word' id='word_1_829' title='bbox 3467 5663 3554 5717; x_wconf 89' lang='lat' dir='ltr'><strong>lo—</strong></span> 
     </span>
    </p>
   </div>
   <div class='ocr_carea' id='block_1_117' title="bbox 1932 5753 3549 5835">
    <p class='ocr_par' dir='ltr' id='par_1_117' title="bbox 1932 5753 3549 5835">
     <span class='ocr_line' id='line_1_118' title="bbox 1932 5753 3549 5835; baseline -0.008 -17"><span class='ocrx_word' id='word_1_830' title='bbox 1932 5781 2124 5824; x_wconf 74' lang='lat' dir='ltr'><strong>corum</strong></span> <span class='ocrx_word' id='word_1_831' title='bbox 2174 5764 2380 5827; x_wconf 55' lang='lat' dir='ltr'><strong>Galliae,</strong></span> <span class='ocrx_word' id='word_1_832' title='bbox 2416 5763 2617 5835; x_wconf 87' lang='lat' dir='ltr'><strong>partim</strong></span> <span class='ocrx_word' id='word_1_833' title='bbox 2668 5780 2828 5831; x_wconf 89' lang='lat' dir='ltr'><strong>mss.,</strong></span> <span class='ocrx_word' id='word_1_834' title='bbox 2882 5762 3083 5835; x_wconf 87' lang='lat' dir='ltr'><strong>partim</strong></span> <span class='ocrx_word' id='word_1_835' title='bbox 3129 5756 3391 5815; x_wconf 89' lang='lat' dir='ltr'><strong>excussls.</strong></span> <span class='ocrx_word' id='word_1_836' title='bbox 3447 5753 3549 5817; x_wconf 86' lang='lat' dir='ltr'><strong>Qui</strong></span> 
     </span>
    </p>
   </div>
   <div class='ocr_carea' id='block_1_118' title="bbox 1929 5840 3551 5926">
    <p class='ocr_par' dir='ltr' id='par_1_118' title="bbox 1929 5840 3551 5926">
     <span class='ocr_line' id='line_1_119' title="bbox 1929 5840 3551 5926; baseline -0.008 -17"><span class='ocrx_word' id='word_1_837' title='bbox 1929 5855 2096 5910; x_wconf 84' lang='lat' dir='ltr'><strong>etiam</strong></span> <span class='ocrx_word' id='word_1_838' title='bbox 2129 5853 2294 5910; x_wconf 92' lang='lat' dir='ltr'><strong>nobis</strong></span> <span class='ocrx_word' id='word_1_839' title='bbox 2322 5854 2704 5926; x_wconf 87' lang='lat' dir='ltr'><strong>suppeditavit</strong></span> <span class='ocrx_word' id='word_1_840' title='bbox 2731 5861 2914 5911; x_wconf 90' lang='lat' dir='ltr'><strong>statua</strong></span> <span class='ocrx_word' id='word_1_841' title='bbox 2940 5848 3226 5923; x_wconf 87' lang='lat' dir='ltr'><strong>synodalia</strong></span> <span class='ocrx_word' id='word_1_842' title='bbox 3256 5840 3551 5916; x_wconf 88' lang='lat' dir='ltr'><strong>perdomi-</strong></span> 
     </span>
    </p>
   </div>
  </div>
