3884 6472
289 516 360 572 27
1403 515 1770 572 FLODOARDI
1811 516 2024 571 CANON
2035 515 2118 572 ICl
2158 515 2484 570 REMENSIS
2825 552 2830 558 -
3551 507 3629 564 28

291 655 422 694 num
453 639 810 703 Sonnacium,
844 639 1132 711 epistolam
1164 639 1388 713 Adelagi
1415 638 1485 694 ad
1515 637 1902 704 Flodoardum,
1931 643 1980 710 Α
2006 638 2106 703 Qui
2134 644 2190 693 et
2217 637 2263 692 si
2293 652 2470 708 usque
2497 636 2567 690 ad
2599 633 3120 706 quinquagesimum
3153 637 3408 702 quartum
3439 629 3632 684 archi-

290 737 345 782 et
373 728 638 784 nonnulla
659 729 767 783 alia
797 728 866 782 de
890 744 1081 782 eorum
1101 727 1417 782 testimonia
1459 727 1608 781 Juvit
1638 734 1907 798 praeterea

291 819 576 891 catalogus
603 820 670 874 ad
699 821 907 875 calcem
943 819 1276 890 exemplaris
1307 819 1558 874 ecclesia:
1580 818 1908 888 metropoli-

295 921 436 966 tanie
483 912 540 965 Β.
597 911 774 966 Mariae
831 911 1116 966 Remensis
1155 911 1374 965 diversa
1407 927 1570 966 manu
1604 910 1898 981 ascriptus.

2008 729 2332 799 episcopum
2351 741 2462 782 non
2487 725 2693 780 habeat
2714 723 2822 778 nisi
2843 723 2991 776 nuda
3017 720 3262 788 nomina,
3291 720 3349 774 in
3376 734 3631 791 sequen-

2006 818 2156 873 tibus
2186 825 2272 872 est
2299 815 2598 887 copiosior.

1237 1225 1940 1316 PROLOGUS
2019 1224 2695 1315 AUCTORIS

1655 1411 1734 1450 AD
1779 1408 1838 1450 Β.
1888 1409 2249 1452 EPISCOPUM.

367 1657 596 1712 Domino
626 1659 958 1724 venerabili,
990 1666 1044 1713 et
1071 1659 1126 1712 in
1178 1658 1376 1714 Christi
1409 1661 1677 1714 charitate
1707 1661 1905 1716 admo-

2011 1661 2219 1716 nimum
2240 1662 2296 1716 in
2326 1663 2671 1717 correctione
2701 1675 2951 1715 meorum
2981 1669 3158 1714 terere
3175 1673 3358 1713 moras
3387 1673 3642 1729 epuscu-

292 1751 421 1804 dum
454 1750 1014 1824 diligibili,praeclaro
1046 1752 1265 1822 praisuli
1293 1753 1353 1806 R.
1382 1752 1752 1817 FLODOARDUS,
1777 1761 1907 1808 tan-
1934 1767 1987 1834 B
2011 1751 2208 1816 lorum,
2243 1767 2367 1806 eum
2399 1760 2644 1805 veterum
2678 1749 2929 1804 nonnulli
2989 1748 3319 1818 scriptorum
3361 1748 3543 1817 magis
3575 1747 3635 1801 in

295 1847 360 1891 ur
388 1838 753 1912 benignitatis
793 1839 1047 1908 famulus,
1093 1857 1287 1896 omnes
1318 1852 1628 1896 sanctarum
1648 1841 1910 1898 virtutum

294 1927 350 1980 in
381 1927 595 1982 Christo
625 1929 910 2000 gaudium.

367 2015 728 2071 Creberrimis
795 2018 1238 2072 admonitionum
1309 2029 1611 2074 vestrarum
1669 2021 1912 2076 stimulis

302 2105 622 2178 instigatus,
655 2107 909 2161 discusso
939 2107 1160 2162 tandem
1195 2108 1424 2162 desidia:
1458 2109 1777 2182 pigritantis
1798 2117 1912 2163 tor-

210 2194 221 2200 ’
303 2197 810 2270 porc,abjectisque
827 2199 1168 2254 diversarum
1182 2216 1436 2254 curarum
1449 2200 1913 2270 occupationibus

301 2288 488 2360 relego
518 2290 783 2344 ferventis
812 2291 980 2345 studii
1024 2291 1190 2345 vestri
1245 2291 1484 2346 solertiaa
1515 2291 1910 2362 quadriﬁdum,

301 2377 468 2431 nostri
496 2377 700 2432 laboris
737 2394 878 2448 opus
922 2380 1296 2451 undecunque
1327 2379 1640 2444 collectum,
1673 2390 1728 2434 et
1757 2381 1914 2452 capi-

303 2470 538 2534 tulatim,
569 2478 732 2541 prout
755 2471 956 2539 jubere
981 2472 1193 2543 dignati
1221 2473 1376 2538 estis,
1432 2471 1784 2542 dispositum,
1813 2488 1916 2528 no-

299 2575 428 2619 stra:
457 2564 670 2620 scilicet
703 2564 958 2620 Ecclesiae
991 2565 1277 2619 Remensis
1307 2563 1656 2619 historiarum
1689 2565 1910 2620 librum.

300 2657 450 2711 Haud
485 2657 671 2712 mirari
699 2657 784 2712 vel
818 2673 1057 2729 cumque
1085 2656 1634 2727 potenssanctitatem
1660 2655 1916 2710 culminis

299 2751 466 2804 vestri
495 2767 668 2822 super
719 2751 822 2805 hac
877 2750 1341 2804 rememoratione
1396 2747 1650 2818 obsequii
1711 2747 1910 2810 nostri,

299 2844 493 2908 utpote
525 2838 762 2893 diversis
801 2838 1267 2909 occupationibus
1319 2835 1632 2908 praepediti,
1691 2836 1911 2890 hiemali

301 2945 523 3000 quoque
546 2930 794 3003 glacialis
820 2930 948 3004 gelu
981 2929 1180 3003 rigoris
1201 2928 1915 2995 obstricti,charaxatorum

307 3021 536 3092 insuper
573 3021 882 3094 indigentia
904 3021 1187 3076 coarctati.
1233 3021 1421 3092 Neque
1447 3021 1670 3088 mirum,
1705 3036 1792 3074 me
1817 3019 1918 3074 mi-

2014 1841 2399 1896 retractatione
2433 1855 2686 1910 suorum,
2742 1855 2908 1909 quam
2956 1837 3318 1892 meditatione
3349 1836 3634 1892 demorati

2013 1933 2261 1986 ferantur
2289 1931 2546 1986 liborum.
2581 1931 2688 1986 Sed
2744 1946 2846 1985 nec
2893 1931 3076 1984 adhuc
3123 1945 3318 1985 omnes
3369 1929 3438 1984 ad
3498 1946 3635 2000 per-

2012 2025 2215 2079 fectum
2255 2039 2342 2078 me
2394 2033 2530 2094 puto
2584 2021 2902 2078 eliminasse
2956 2021 3234 2087 mendas;
3294 2030 3348 2076 et
3399 2021 3445 2074 si
3507 2037 3637 2092 qua!

2012 2116 2364 2187 reperientur
2393 2114 2682 2186 scriptoris
2709 2115 2848 2170 forte
2894 2113 3049 2179 vitia,
3109 2113 3397 2167 industriae
3435 2123 3641 2168 vestrae

2015 2216 2278 2278 poterunt
2323 2206 2616 2278 expurgari
2644 2206 2884 2280 sagacia.
2931 2206 3048 2260 Non
3081 2204 3230 2260 enim
3277 2220 3368 2258 me
3405 2205 3480 2260 ita
3510 2221 3645 2275 per-

2017 2296 2219 2351 fectum
2251 2311 2379 2350 reor
2406 2295 2474 2350 ad
2499 2293 2878 2368 unguemfore
2902 2301 3388 2365 perscrutatorem,
3413 2301 3474 2349 ut
3495 2292 3647 2349 ferre

2016 2388 2188 2444 nolim
2220 2393 2264 2442 si
2295 2405 2458 2460 quem
2487 2387 2972 2459 diligentioremin
3003 2385 3360 2441 eliminan’dis
3379 2385 3537 2440 vitiis
3560 2387 3645 2440 in-

2015 2495 2220 2534 venero
2277 2485 2669 2534 correctorem.
2729 2477 2902 2551 lgitur
2930 2477 3062 2550 quia
3099 2475 3406 2532 sanctitatis
3437 2485 3644 2532 vestrae

2015 2567 2162 2623 circa
2207 2568 2513 2622 tantitatem
2560 2575 2751 2622 nostra
2799 2565 3024 2637 profusa
3057 2567 3279 2622 videtur
3299 2565 3643 2621 exuberasse

2016 2660 2260 2724 dilectio,
2295 2661 2443 2714 hunc
2471 2659 2638 2714 studii
2686 2658 2857 2714 nostri
2889 2657 3147 2726 fructum,
3206 2657 3370 2712 vestri
3399 2657 3641 2732 dignum

2015 2750 2142 2805 duxi
2176 2751 2464 2806 tutaminis
2485 2751 2740 2824 delegare
2758 2750 3088 2821 patrocinio,
3121 2756 3180 2803 ut
3211 2763 3333 2820 quae
3387 2765 3418 2802 a
3447 2757 3644 2805 nostra

2016 2845 2144 2891 sunt
2175 2838 2321 2892 dicta
2349 2839 2406 2892 in
2437 2839 2687 2893 tenebris
2731 2838 3061 2902 humilitate,
3095 2837 3163 2892 ab
3219 2837 3510 2892 industriae
3537 2854 3643 2893 ve-

2017 2938 2143 2984 strm
2175 2930 2517 2984 sublimitate
2539 2931 2795 2986 dicantur
2815 2929 2872 2984 in
2902 2929 3128 2984 lumine.

1469 3360 1872 3448 LIBER
1963 3361 2466 3450 PRIMUS

848 3678 1057 3733 CAPUT
1085 3679 1364 3736 PRIMUM.

642 3793 718 3845 De
757 3793 1060 3847 conditione
1111 3795 1264 3848 urbis
1311 3797 1603 3851 Remensis.

387 3899 537 3954 Fidei
569 3909 771 3956 nostra:
829 3902 1168 3980 fundamina.
1209 3904 1552 3974 proditurus,
1604 3922 1668 3960 ac
1728 3915 1930 3963 nostra;

310 3987 500 4042 Patres
539 3989 796 4045 Ecclesiae
853 3999 1239 4058 memoratrus,
1288 3993 1554 4047 mcenium
1613 4003 1927 4051 nostrorum

312 4076 584 4132 locatores
620 4078 707 4132 vel
738 4078 1102 4135 instructores
1152 4081 1486 4152 exquisisse,
1546 4100 1655 4138 non
1714 4085 1781 4138 ad
1810 4103 1925 4140 rem

309 4167 448 4220 adeo
479 4167 756 4236 pertinere
806 4169 1108 4234 videbitur,
1141 4187 1266 4224 cum
1325 4170 1432 4241 ipsi
1479 4171 1673 4226 salutis
1705 4181 1925 4228 aaternze

313 4253 388 4308 nil
420 4255 582 4310 nobis
629 4257 956 4326 contulisse,
1003 4258 1256 4330 quinimo
1309 4260 1514 4314 erroris
1560 4259 1646 4316 sui
1693 4263 1926 4337 vestigia

310 4343 590 4414 lapidibus
620 4347 897 4418 insculpta
952 4349 1246 4419 reliquisse
1286 4351 1610 4404 doceantur.
1671 4352 1746 4406 De
1769 4353 1926 4408 urbis

311 4451 550 4506 namque
579 4444 780 4492 nostrae
806 4437 1118 4494 fundatore.
1145 4456 1214 4494 eu
1249 4441 1493 4494 nominis
1515 4440 1781 4506 inditore,
1812 4458 1924 4498 non

309 4527 705 4584 omnimodisa
758 4531 923 4586 nobis
974 4531 1337 4602 approbanda
1389 4533 1610 4606 vulgata
1667 4541 1927 4590 censetur

313 4618 529 4688 opinio,
561 4637 686 4692 quae
707 4622 936 4678 Remum
961 4623 1177 4680 Romuli
1195 4624 1440 4682 fratrem.
1492 4625 1732 4681 civitatis
1762 4627 1926 4696 hujus

317 4707 688 4764 institutorem
713 4727 778 4766 ac
798 4713 1043 4768 nominis
1083 4715 1248 4769 tradit
1294 4724 1604 4781 auctorem,
1631 4732 1756 4770 cum
1787 4716 1925 4771 urbe

317 4799 482 4851 Roma
511 4799 751 4870 geminis
789 4802 1133 4868 auctoribus,
1171 4804 1401 4859 Romulo
1435 4805 1716 4875 Remoque
1738 4845 1754 4868 ,
1784 4804 1916 4859 fun-

311 4891 455 4958 data,
489 4890 673 4946 fratris
693 4893 966 4948 militibus
991 4895 1216 4949 Remum
1240 4895 1406 4950 certis
1427 4896 1764 4967 accipiamus
1784 4897 1921 4951 scri-

314 4983 588 5048 ptoribus,
617 4983 990 5050 interfectum;
1013 5001 1116 5040 nec
1140 4985 1294 5041 illum
1324 4986 1478 5056 prius
1500 5003 1530 5040 a
1553 4986 1716 5040 fratre
1742 5003 1926 5042 reces-

1951 3689 2002 3756 C
2032 3703 2168 3758 fore.
2226 3705 2528 3762 Intervenit
2581 3709 2784 3764 deinde
2837 3711 2922 3765 liis
2965 3711 3394 3785 cogitationibus
3441 3716 3652 3771 avitum

2030 3795 2258 3861 malum,
2293 3797 2450 3870 regni
2475 3799 2700 3869 cupido,
2733 3808 2897 3872 atque
2928 3799 3056 3855 inde
3121 3801 3326 3856 fmdum
3361 3814 3652 3861 certamen

2029 3897 2277 3944 coortum
2302 3905 2332 3943 a
2365 3891 2498 3945 satis
2531 3892 2649 3947 miti
2685 3894 2978 3965 principio.
3011 3895 3276 3959 Quoniam
3307 3897 3520 3972 gemini
3562 3915 3654 3954 es-

2030 3989 2172 4046 sent,
2207 3999 2310 4038 nec
2337 3983 2517 4039 aetatis
2545 3987 2882 4041 verecundia
2906 3987 3203 4043 discrimen
3253 3987 3439 4044 facere
3463 3999 3655 4060 posset

2029 4081 2088 4127 ut
2109 4072 2207 4138 dii,
2235 4090 2468 4144 quorum
2503 4076 2688 4130 tutela:
2712 4093 2777 4130 ea
2807 4077 2924 4132 loca
2951 4087 3156 4142 essent,
3213 4078 3460 4150 auguriis
3489 4080 3648 4152 lege-

2031 4173 2150 4219 rent
2173 4165 2266 4234 qui
2290 4183 2490 4222 nomen
2521 4184 2674 4222 novae
2707 4169 2832 4223 urbi
2851 4169 3142 4240 daret,qui
3159 4169 3438 4224 conditam
3464 4170 3650 4242 impe-

2027 4255 2109 4309 rio
2146 4266 2316 4328 reget,
2379 4255 2681 4310 Palatinum
2733 4257 3018 4323 Romulus,
3077 4259 3279 4312 Remus
3305 4260 3641 4314 Aventinum

2027 4343 2094 4398 ad
2122 4345 2559 4417 inaugurandum
2591 4347 2796 4418 templa
2827 4347 3070 4418 capiunt.
3103 4347 3274 4402 Priori
3309 4346 3485 4403 Remo
3537 4365 3643 4402 au-

2025 4435 2244 4509 gurium
2277 4435 2495 4491 venisse
2524 4436 2697 4492 fertur
2717 4455 2812 4492 sex
2842 4440 3106 4493 vultures:
3129 4438 3357 4510 jamque
3389 4440 3647 4496 nuntiato

2027 4527 2284 4600 augurio,
2313 4543 2436 4582 cum
2451 4528 2654 4598 duplex
2681 4545 2945 4584 numerus
2958 4529 3188 4585 Romulo
3204 4546 3264 4585 se
3280 4531 3644 4593 ostendisset,

2027 4628 2324 4688 utrumque
2345 4636 2532 4695 regem
2565 4637 2664 4674 sua
2693 4621 2987 4676 multitudo
3017 4622 3460 4678 consalutaverat
3503 4631 3645 4677 tern—

2030 4727 2166 4781 pore
2197 4710 2274 4764 illi
2300 4719 2600 4782 praecepto:
2625 4719 2682 4766 at
2710 4712 2765 4766 hi
2800 4729 3030 4769 numero
3057 4713 3242 4768 avium
3276 4729 3510 4787 regnum
3537 4722 3648 4769 tra-

2029 4803 2255 4858 hebant.
2291 4803 2424 4858 lnde
2447 4820 2570 4858 cum
2590 4805 2950 4861 altercatione
2964 4807 3244 4880 congressi
3293 4822 3324 4860 a
3345 4807 3652 4861 certamine

2026 4893 2229 4948 irarum
2259 4893 2328 4947 ad
2357 4894 2564 4948 czedem
2595 4901 2901 4948 vertuntur.
2937 4893 3016 4949 lbi
3047 4895 3104 4949 in
3137 4893 3297 4949 turba
3337 4895 3486 4950 ictus
3544 4896 3652 4950 Re-

2029 4998 2151 5036 mus
2179 4981 2384 5037 cecidit
2436 4983 2719 5052 Vulgatior
2747 4992 2931 5038 autem
2959 4983 3102 5036 fama
3131 4990 3234 5048 est,
3255 4981 3502 5038 ludibrio
3538 4985 3651 5038 fra-

312 5072 474 5136 sisse,
507 5072 638 5126 dum
670 5089 780 5127 uno
812 5081 972 5144 partu
1005 5074 1158 5141 editi,
1179 5083 1234 5128 et
1263 5074 1669 5142 interpastores
1683 5074 1926 5142 educati,
1951 5061 2004 5128 Ι)
2030 5071 2128 5124 tris
2159 5071 2389 5126 Remum
2423 5087 2596 5126 novos
2620 5072 2966 5126 transiluisse
3006 5088 3212 5126 muros.
3245 5073 3380 5126 inde
3409 5072 3482 5126 ab
3511 5073 3652 5129 irato

313 5165 723 5238 latrociniisque
755 5168 1154 5234 dediti,urbem
1187 5168 1538 5224 constituisse
1561 5169 1926 5238 reperiantur;

316 5265 544 5325 artaque
575 5255 852 5311 simultate
880 5273 943 5311 ac
990 5257 1159 5312 Remo
1183 5257 1351 5311 fratre
1375 5257 1686 5320 interiecto,
1725 5257 1929 5312 civitati

319 5347 584 5401 Romulus
607 5363 672 5401 ex
693 5349 918 5404 nomine
938 5365 1040 5404 suo
1065 5365 1266 5404 nomen
1291 5349 1509 5403 dedisse
1533 5349 1766 5422 legatur.
1797 5349 1927 5402 Nam

319 5444 379 5490 ut
407 5435 513 5489 Titi
545 5437 678 5490 Livii
707 5437 892 5492 verbis
919 5447 1140 5494 utamur
1169 5441 1384 5507 ((lccacl.
1420 5441 1462 5505 Ι,
1493 5443 1584 5494 lib.
1625 5445 1662 5504 ι)
1749 5461 1774 5490 ‹‹
1819 5441 1931 5495 Nu-

321 5526 503 5582 mitori
559 5527 772 5582 Albana
828 5530 1094 5599 permissa
1124 5547 1207 5600 re,
1259 5532 1552 5588 Romulum
1584 5533 1931 5602 Remumque

318 5615 524 5686 cupido
553 5617 720 5686 cepit,
746 5619 802 5670 in
835 5617 920 5673 his
948 5619 1084 5674 locis
1107 5620 1201 5674 ubi
1221 5621 1454 5690 expositi
1478 5622 1684 5693 ubique
1712 5621 1931 5676 educati

317 5711 495 5766 erant,
519 5703 672 5759 urbis
699 5706 1026 5774 condendae,
1051 5716 1105 5762 et
1129 5719 1420 5779 supererat
1441 5709 1738 5764 multitudo
1771 5709 1933 5762 Alba-

322 5811 521 5850 norum
553 5796 1015 5868 Latinorumque;
1050 5800 1116 5852 ad
1146 5799 1198 5853 id
1226 5807 1470 5868 pastores
1501 5816 1720 5870 quoque
1743 5815 1933 5854 acces-

319 5895 524 5953 serant,
556 5887 649 5959 qui
681 5905 876 5944 omnes
904 5888 1061 5942 facile
1093 5906 1249 5960 spem
1281 5887 1549 5954 facerent,
1592 5906 1813 5959 parvam
1843 5889 1934 5942 Al-

320 5977 469 6042 bam,
491 5997 720 6048 parvum
745 5981 1250 6048 Lavinium,praeea
1278 5978 1413 6032 urbe
1428 5997 1552 6048 quae
1574 5981 1930 6041 conderetur,

2033 5165 2264 5219 Romulo
2287 5167 2435 5230 (cum
2468 5163 2653 5217 verbis
2682 5179 2905 5234 quoque
2937 5165 3278 5234 increpitans
3299 5165 3603 5232 adiecisset
3637 5181 3652 5216 :

2031 5254 2122 5308 Sic
2149 5254 2377 5319 deinde,
2411 5255 2908 5346 quicunqugalius
2949 5255 3224 5311 transiliet
3269 5271 3391 5310 mea
3425 5257 3652 5322 moenia).

2033 5343 2402 5398 interfectum.
2441 5343 2518 5396 lta
2538 5343 2688 5397 solus
2721 5343 2926 5412 potitus
2955 5343 3190 5414 imperio
3212 5343 3658 5410 Romulus,con-

2032 5436 2146 5491 dita
2173 5436 2307 5490 urbs
2333 5435 2640 5490 conditoris
2669 5435 2892 5489 nomine
2920 5435 3199 5506 appellata
3253 5456 3280 5483 η
3335 5435 3412 5488 Ita
3445 5435 3653 5489 Livius.

2035 5528 2384 5583 Probabilius
2425 5543 2557 5600 ergo
2581 5526 2983 5596 videtur,qu0d
3017 5543 3047 5579 a
3078 5524 3350 5580 militibus
3381 5525 3539 5579 Remi
3562 5543 3659 5595 pa-

2033 5621 2138 5674 tria
2167 5619 2416 5694 profugis
2445 5619 2578 5672 urbs
2598 5627 2782 5674 nostra
2803 5617 3045 5674 condita.
3070 5617 3150 5670 vel
3190 5617 3487 5671 Remorum
3521 5633 3660 5688 gens

2035 5709 2282 5763 instituta
2307 5715 2545 5778 putatur,
2581 5724 2703 5762 cum
2752 5717 2808 5761 et
2835 5706 3041 5760 muenia
3091 5704 3356 5760 Romanis
3384 5704 3658 5775 auspiciis

2039 5800 2322 5872 insignita,
2355 5809 2409 5852 et
2454 5798 2658 5853 editior
2689 5809 2844 5868 porta
2890 5798 3072 5852 Martis
3128 5797 3384 5851 Romanae
3443 5795 3656 5866 stirpis,

2035 5898 2282 5947 veterum
2316 5889 2606 5959 opinione,
2640 5889 3025 5963 propagatoris
3050 5906 3113 5942 ex
3139 5887 3368 5943 nomine
3396 5888 3657 5948 vocitata.

2038 5978 2276 6048 priscum
2311 5978 2379 6030 ad
2411 5978 2528 6030 haec
2554 5995 2776 6046 quoque
2807 5986 2988 6031 nostra
3043 5993 3356 6050 cognomen
3404 5991 3658 6030 reserva-

2063 6191 2076 6216 \
