3884 6434
196 390 264 444 29
864 395 1193 453 HISTORI/E
1235 400 1571 457 ECCLESIAE
1610 404 1940 461 BEMENSIS
1978 406 2157 460 LIBRI
2195 402 2614 470 QUATUOR.-—
2652 400 2778 455 LIB.
2821 399 2860 452 Ι.
3457 384 3529 442 30

194 518 332 574 verit
359 525 631 591 tempora.
662 521 830 593 Cujus
850 525 1016 581 etiam
1074 527 1370 598 fornicem,
1403 532 1811 603 prodeuntibus
1834 550 1888 619 Α
1915 544 2109 609 perata
2139 536 2344 599 facere,
2375 542 2431 589 et
2460 530 2687 603 Oppidis
2707 526 2982 597 recipere,
3017 528 3076 576 et
3103 518 3388 619 frumento
3418 529 3527 615 cae—

195 610 498 678 dexterum,
526 611 675 686 lupae
698 615 873 673 Remo
895 618 1248 693 Romuloque
1270 624 1454 695 parvis
1472 624 1645 680 ubera
1663 642 1811 696 prtB-

196 704 601 774 bentisfabula,
634 709 917 766 cernimus
965 713 1312 781 innotatum;
1364 718 1581 774 medius
1630 727 1813 774 autem

195 792 485 850 duodecim
513 797 812 865 mensium,
858 799 1020 869 juxta
1045 801 1452 860 Romaneorum
1486 806 1810 878 dispositio-

196 899 337 950 nem,
371 885 636 956 panditur
663 888 1021 947 ordinatione
1053 894 1379 966 desculptus
1408 915 1425 962 ;
1460 897 1676 956 tertius.
1719 898 1815 969 qui

195 983 246 1029 et
270 974 502 1030 sinister
528 992 836 1051 cygnorum
859 982 947 1035 vel
973 999 1233 1039 anserum
1258 983 1811 1063 ﬁguratusauspicio.

196 1065 376 1121 Nautae
403 1068 682 1140 siquidem
713 1087 952 1147 cygnum
985 1074 1189 1130 bonam
1226 1078 1548 1153 prognosim
1575 1081 1813 1151 prodere

197 1155 393 1224 ferunt,
420 1165 481 1213 ut
501 1160 579 1215 ait
600 1160 883 1218 Emilius:

342 1244 545 1317 gygnus
572 1248 625 1298 in
655 1251 895 1315 auspiciis
912 1267 1108 1317 semper
1123 1255 1409 1308 laetissimus
1432 1257 1550 1306 ales.

342 1306 486 1357 Hune
504 1318 683 1373 optant
711 1306 895 1373 nautas,
919 1306 1038 1381 quia
1055 1331 1105 1365 se
1127 1332 1227 1367 non
1254 1306 1430 1383 mergit
1450 1319 1503 1368 in
1529 1320 1706 1370 undas.

195 1387 426 1445 Anseres
450 1408 675 1465 quoque
702 1404 1005 1455 nocturnas
1032 1401 1296 1457 excubias
1331 1402 1639 1469 celebrant,
1672 1421 1812 1476 quas

191 1488 382 1536 cantus
408 1483 733 1543 assiduitate
763 1496 1055 1545 testantur.
1086 1492 1336 1565 Denique
1380 1494 1624 1550 Romana
1644 1496 1809 1551 etiam

194 1573 450 1643 capitolia
481 1575 634 1632 Gallo
658 1594 907 1636 servasse
937 1583 1232 1641 traduntur
1251 1586 1320 1640 ab
1341 1586 1520 1642 hoste.

259 1664 369 1720 Nec
399 1666 594 1722 mirum
624 1677 831 1739 tamen,
863 1674 1022 1729 urbis
1056 1683 1257 1731 nostra:
1310 1678 1692 1732 conditionem
1724 1680 1809 1733 vel

191 1756 459 1830 originem
493 1776 603 1816 non
626 1762 683 1816 in
710 1766 1005 1835 pmpatulo
1035 1768 1177 1833 dari,
1210 1785 1331 1824 cum
1369 1770 1440 1823 de
1468 1769 1644 1840 ipsius
1667 1787 1808 1842 gen-

192 1848 341 1911 tium.
398 1853 482 1906 vel
538 1853 692 1909 orbis
718 1856 959 1913 dominae
989 1859 1176 1914 Romae
1211 1862 1554 1928 conditione,
1591 1862 1808 1918 Isidoro

191 1949 324 1996 teste
359 1942 414 2002 tl.
468 1961 537 1998 xv
565 1946 875 2015 Originum,
933 1967 1055 2022 cap.
1089 1953 1166 2019 1),
1229 1954 1443 2009 oriatur
1479 1955 1808 2026 plerumque

189 2029 486 2101 dissensio,
506 2041 567 2089 ut
585 2036 706 2105 ejus
735 2037 1032 2111 diligenter
1051 2042 1276 2113 agnosci
1300 2058 1408 2098 non
1423 2045 1602 2114 possit
1627 2046 1806 2117 origo.

188 2117 314 2173 Nam
347 2120 641 2179 Sallustius
671 2128 760 2193 (In
791 2130 1033 2197 Catilin.)
1067 2148 1083 2184 :
1115 2153 1130 2177 ι
1167 2130 1389 2196 Urbem,
1448 2133 1652 2205 inquit,
1686 2135 1809 2192 Ro-

190 2228 349 2279 mam,
386 2214 550 2270 sicuti
581 2232 686 2292 ego
718 2221 931 2291 accepi,
965 2222 1267 2279 condidere
1295 2232 1461 2296 atque
1484 2226 1806 2284 habitavere

187 2302 342 2360 initio
375 2306 620 2377 Trojani,
671 2311 787 2383 qui,
810 2313 980 2368 Enea
1007 2313 1169 2383 duce,
1193 2316 1422 2372 sedibus
1452 2317 1681 2374 incertis
1706 2337 1804 2375 va-

181 2395 470 2467 gabantur.
508 2421 536 2450 ι)
561 2400 666 2456 Alii
707 2403 901 2460 dicunt
927 2405 997 2460 ab
1026 2406 1278 2463 Evandro
1308 2410 1621 2465 secundum
1654 2412 1802 2483 quod

184 2487 443 2564 Virgilius
476 2493 712 2559 (dineid.
738 2502 850 2565 vm)
896 2516 909 2551 :

331 2582 474 2633 Tunc
497 2598 582 2633 rex
606 2585 872 2638 Evandrus
903 2590 1139 2640 Romana:
1161 2592 1389 2642 conditor
1419 2594 1562 2643 arcis.

245 2660 556 2734 EutrOpius
573 2681 797 2740 quoque
821 2669 878 2724 in
902 2670 1046 2726 libro
1071 2672 1433 2729 Historiarum
1457 2676 1539 2729 sic
1558 2675 1805 2747 loquitur

178 2748 370 2806 dicens
401 2769 416 2805 :
451 2772 477 2804 α
512 2753 799 2821 Romulus,
829 2774 960 2813 cum
992 2759 1141 2816 inter
1169 2769 1420 2831 pastores
1442 2764 1804 2821 latrocinare-

174 2844 276 2903 tur,
302 2847 435 2894 octo
461 2840 654 2897 decem
683 2846 847 2901 annis
874 2855 1055 2914 natus,
1086 2849 1280 2927 urbem
1304 2853 1560 2927 exiguam
1591 2853 1648 2908 in
1672 2855 1804 2909 Par-

168 2928 336 2987 latino
356 2940 560 2989 monte
580 2937 889 3000 constituit.
916 2926 1197 2996 conditam
1220 2926 1499 3000 civitatem
1526 2961 1596 3001 ex
1619 2947 1801 3002 nomi-

168 3033 235 3072 ne
254 3034 356 3075 suo
390 3019 623 3077 Romam
647 3027 882 3083 vocavit.
932 3028 1070 3085 Post
1125 3031 1273 3087 hunc
1323 3033 1511 3089 Tullus
1536 3035 1799 3092 Hostilius

171 3126 311 3179 eam,
342 3113 569 3183 adjecto
599 3114 771 3174 C(elio
802 3131 1018 3188 monte,
1055 3123 1360 3195 ampliavit.
1395 3126 1643 3200 Indeque
1685 3145 1799 3184 cae-

174 3200 272 3255 teri
304 3201 550 3257 diversis
569 3204 774 3262 diversi
810 3210 1153 3282 temporibus
1183 3213 1495 3286 principes,
1525 3215 1645 3287 ejus
1676 3218 1799 3272 edi-

174 3303 318 3351 tores
376 3296 467 3353 vel
495 3279 938 3371 ampliﬁcatores
981 3279 1239 3360 extitere.
1307 3326 1332 3357 ι)
1368 3279 1572 3363 -Urbis'
1609 3317 1795 3366 autem
1823 3279 1873 3349 Ο

174 3397 373 3446 nostrae
398 3406 609 3447 nomen
636 3393 1070 3453 Durocortorum
1102 3399 1390 3469 quondam
1417 3399 1653 3468 dictum,
1673 3402 1799 3457 Cae-

172 3479 309 3534 saris
328 3480 607 3536 astruitur
625 3481 887 3554 Historia,
909 3485 967 3541 in
986 3502 1096 3559 qua
1119 3487 1263 3543 libro
1285 3497 1440 3545 sexto
1459 3489 1542 3545 sic
1560 3489 1797 3565 legitur:

174 3590 196 3617 ε
230 3568 484 3625 Vastatis
514 3571 858 3646 regionibus,
892 3576 1195 3631 exercitum
1236 3576 1418 3633 Caesar
1447 3578 1803 3636 Durocorto-

174 3675 290 3713 rum
321 3659 624 3715 Remorum
654 3662 892 3727 reducit,
940 3665 1296 3737 concilioque
1354 3666 1411 3721 in
1456 3684 1585 3723 eum
1617 3669 1800 3724 locum

171 3745 359 3803 Galliae
385 3748 622 3811 indicto,
656 3750 728 3805 de
757 3754 1151 3823 conjuratione
1181 3755 1467 3812 Senonum
1509 3765 1565 3813 et
1596 3758 1805 3815 Carnu-

175 3843 284 3891 tum
313 3839 685 3909 quaestionem
730 3841 939 3899 habere
978 3843 1245 3900 instituit.
1302 3867 1323 3897 ι
1361 3847 1609 3904 Ethicus
1637 3850 1801 3905 etiam

174 3930 226 3983 in
260 3929 701 4004 Cosmographia
737 3936 821 3992 sic
850 3945 1125 3994 memorat
1160 3957 1173 3994 :
1212 3962 1237 3992 α
1293 3942 1333 3995 Α
1361 3942 1675 4001 Mediolano
1704 3964 1804 4017 per

170 4019 333 4090 Alpes
364 4020 583 4078 Cottias
609 4025 879 4083 Viennam
912 4030 978 4083 Μ.
1043 4030 1099 4083 Ρ.
1137 4029 1393 4088 CCCtIIX.
1441 4037 1573 4091 Inde
1622 4038 1804 4094 Duro-

170 4114 480 4175 cortorum,
512 4110 580 4165 M.
600 4112 658 4167 Ρ.
694 4113 1051 4181 CCCXXXIII,
1071 4136 1195 4191 quae
1215 4120 1357 4177 ﬁunt
1380 4124 1555 4196 leuga?
1588 4125 1800 4181 CCXXI.

172 4198 358 4255 ltema
379 4203 755 4263 Durocortoro
772 4208 1112 4266 Divodorum
1135 4229 1336 4284 usque,
1360 4215 1651 4275 M.P.LX|I.
1670 4218 1802 4272 ltem

168 4287 279 4377 alio
317 4290 532 4347 itinere
565 4309 599 4348 a
634 4294 1012 4356 Durocortoro
1041 4302 1356 4359 Dividorum
1389 4322 1587 4377 usque,
1624 4307 1693 4362 Μ.
1739 4307 1800 4365 P.

172 4375 490 4469 DXXXVIII.
522 4383 656 4437 ltem
671 4401 702 4439 a
724 4386 1092 4445 Durocortoro
1110 4391 1377 4449 Treveros
1396 4375 1572 4467 usque
1591 4398 1801 4469 Bagaco

171 4462 543 4558 Nervicorum
563 4471 641 4527 Du
649 4477 1046 4552 rocortoleugaa
1059 4480 1229 4535 XCIX.
1246 4483 1264 4535 I
1273 4491 1382 4537 tem
1399 4500 1428 4537 a
1440 4462 1651 4558 Bagaco
1665 4462 1801 4542 cr-

170 4553 421 4612 vicorum
440 4559 876 4620 Durocortorum
895 4566 1200 4626 Remorum
1225 4588 1428 4645 usque,
1453 4553 1601 4630 ΜῘΡ.
1626 4576 1788 4630 LIII.»
1822 4603 1881 4673 D

346 4781 427 4833 De
451 4784 702 4838 amicitia
730 4787 1097 4846 Romanorum
1125 4797 1290 4864 atque
1318 4797 1616 4853 Remorum.

239 4867 475 4926 Constat
506 4873 698 4946 itaque
726 4878 1029 4938 Remorum
1060 4885 1327 4955 populum
1362 4888 1568 4959 populo
1593 4890 1799 4945 Roma—

173 4972 371 5014 norum
410 4966 770 5023 tenacissima
800 4971 999 5041 priscis
1042 4972 1175 5029 olim
1211 4977 1563 5045 temporibus
1592 4980 1796 5035 amici-

168 5048 243 5104 tia
266 5051 559 5120 junctum.
591 5059 895 5128 praelibatm
915 5062 1056 5119 Julii
1080 5065 1310 5123 Caesaris
1350 5069 1603 5126 Historias
1634 5072 1797 5127 libris

168 5142 295 5237 (l._n
330 5146 488 5212 init.)
542 5149 647 5205 hoc
679 5150 858 5223 ipsum
900 5156 1358 5227 astipulantibus.
1393 5162 1485 5216 ubi
1544 5163 1790 5237 legitur:

171 5234 327 5322 sEo.
380 5237 602 5296 scilicet
630 5243 698 5297 ad
760 5242 902 5301 fines
950 5248 1266 5319 Belgarum,
1304 5252 1424 5322 ipso
1471 5234 1684 5310 Caesare
1727 5256 1797 5309 de

171 5321 510 5395 improviso,
574 5330 929 5406 celeriusque
968 5338 1226 5394 omnium
1283 5321 1573 5414 opinione,
1598 5360 1797 5415 perve-

171 5414 408 5485 niente,
469 5419 707 5489 Remos,
772 5427 1011 5496 proximi
1067 5430 1254 5487 Galliae
1302 5450 1366 5488 ex
1432 5414 1613 5504 Belgis
1667 5446 1798 5492 sunt

166 5506 407 5603 sti-eum
456 5508 672 5582 legatos
726 5515 924 5572 Iccium
970 5526 1025 5574 et
1072 5520 1520 5597 Andebrogium,
1580 5527 1797 5597 primos

164 5595 415 5653 civitatis
439 5614 579 5668 suae,
612 5601 853 5672 misisse,
874 5616 933 5663 et
953 5625 1014 5664 se
1033 5627 1248 5683 suaque
1286 5595 1480 5668 omnia
1496 5595 1800 5670 olferentes

166 5688 223 5743 in
286 5689 462 5747 ﬁdem
516 5701 688 5766 atque
741 5700 1047 5756 amicitiam
1083 5704 1274 5775 populi
1310 5706 1538 5762 Romani
1568 5710 1797 5765 omnino

164 5782 520 5855 conjurasse,
549 5800 885 5863 paratosque
917 5809 1038 5851 esse
1070 5806 1127 5853 et
1148 5798 1375 5857 obsides
1404 5802 1562 5869 dare,
1595 5812 1656 5859 et
1684 5802 1795 5859 im-

1919 604 2167 700 terisque
2196 625 2364 681 rebus
2403 624 2620 694 juvare.
2674 619 2940 688 Reliquos
2994 626 3194 668 omnes
3234 607 3434 700 Belgas
3472 604 3529 659 in

1916 696 2092 774 armis
2117 731 2261 781 esse,
2286 714 2724 780 Germanosque,
2760 704 2856 776 qui
2881 702 3033 773 ripas
3073 696 3251 754 Rheni
3279 696 3533 751 incolunt

1916 824 2041 864 sese
2072 822 2197 862 cum
2227 804 2316 860 his
2352 799 2727 873 coniunxisse.
2791 802 3125 861 tantumque
3167 802 3290 843 esse
3336 800 3531 841 eorum

1915 900 2172 958 omnium
2204 897 2565 959 furorem,,ut
2588 905 2662 945 ne
2710 888 3020 941 Suessones
3051 878 3303 951 quidem,
3334 875 3533 929 fratres

1914 991 2475 1066 consanguineosque
2504 998 2658 1049 suos,
2688 980 2785 1052 qui
2811 974 3009 1032 eodem
3035 973 3184 1041 jure,
3207 970 3418 1027 eisdem
3450 969 3531 1024 le-

1912 1085 2078 1156 gibus
2108 1088 2358 1146 utantur,
2386 1089 2676 1146 unumque
2696 1070 3081 1139 magistratum
3121 1083 3247 1123 cum
3296 1066 3408 1120 illis
3432 1066 3532 1156 ha-

1912 1155 2104 1242 beant,
2128 1173 2413 1228 deterrere
2448 1167 2754 1240 potuerint,
2809 1161 2946 1236 quin
2976 1175 3101 1213 cum
3130 1159 3216 1213 his
3244 1155 3531 1213 consenti-

1914 1272 2059 1321 rent.
2094 1284 2123 1314 ιυ
2158 1264 2293 1317 ltem
2322 1259 2503 1328 (Ibid)
2532 1275 2545 1311 :
2570 1278 2600 1308 α
2622 1256 2823 1326 Caesar,
2856 1258 3148 1328 postquam
3181 1264 3379 1306 omnes
3403 1246 3529 1302 Bel-

1911 1373 2107 1429 garum
2130 1355 2320 1425 c0pias
2349 1352 2406 1406 in
2438 1366 2609 1406 unum
2640 1350 2820 1405 locum
2879 1354 3102 1403 coactas
3147 1344 3218 1399 ad
3246 1358 3306 1397 se
3340 1339 3530 1395 venire

1911 1450 2069 1515 vidit,
2093 1463 2281 1519 neque
2306 1447 2420 1517 jam
2452 1445 2621 1514 longe
2651 1442 2873 1508 abesse,
2896 1441 2965 1495 ab
2994 1440 3097 1505 his,
3120 1453 3262 1508 quos
3277 1435 3526 1499 miserat,

1914 1540 2368 1614 exploratoribus
2398 1546 2456 1592 et
2486 1536 2555 1591 ab
2581 1535 2766 1590 Remis
2801 1532 3083 1604 cognovit,
3141 1530 3351 1584 ﬂumen
3385 1528 3529 1581 Axo-

1912 1650 2039 1688 nam
2113 1632 2361 1702 (Aisne),
2433 1628 2583 1699 quod
2640 1634 2725 1682 est
2768 1626 2822 1680 in
2889 1622 3153 1679 extremis
3232 1622 3526 1676 Remorum

1912 1725 2137 1789 finibus,
2206 1722 2509 1778 exercitum
2557 1719 2847 1774 traducere
2903 1714 3201 1770 maturavit
3223 1720 3392 1782 atque
3450 1709 3526 1763 ibi

1911 1825 2090 1872 castra
2139 1815 2343 1886 posuit.
2401 1813 2530 1878 Quae
2581 1827 2668 1865 res
2726 1817 2781 1864 et
2803 1809 2943 1864 latus
2996 1822 3170 1861 unum
3218 1812 3526 1859 castrorum

1835 1922 1887 1990 Β
1911 1906 2047 1978 ripis
2069 1904 2316 1959 ﬂuminis
2345 1901 2619 1957 munitum
2650 1908 2704 1954 et
2725 1907 2852 1970 post
2874 1914 3001 1953 eum
3033 1910 3155 1967 qua;
3203 1900 3383 1990 erant,
3410 1899 3529 1945 tuta

1911 2001 1980 2055 ab
2007 1998 2265 2055 hostibus
2289 1994 2581 2058 reddebat,
2630 2000 2687 2047 et
2716 1998 3058 2047 commeatus
3098 1987 3168 2042 ab
3197 1984 3397 2049 Remis,
3433 1999 3523 2037 re-

1911 2088 2189 2159 liquisque
2212 2083 2550 2150 civitatibus,
2583 2091 2645 2137 ut
2665 2081 2787 2135 sine
2822 2078 3067 2150 periculo
3099 2076 3165 2130 ad
3217 2090 3343 2129 eum
3386 2089 3521 2143 por-

1911 2181 2014 2235 tari
2034 2185 2285 2249 possent,
2321 2176 2617 2232 efficiebat.
2654 2174 2711 2227 In
2754 2188 2821 2227 eo
2845 2170 3075 2226 ﬂumine
3109 2182 3251 2239 pons
3268 2174 3405 2220 erat.
3444 2162 3522 2217 Ibi

1908 2268 2228 2342 praesidium
2257 2266 2580 2338 ponti,etin
2605 2264 2780 2319 altera
2803 2269 2962 2331 parte
2984 2257 3232 2312 fluminis
3258 2253 3526 2309 Titurium

1906 2361 2173 2416 Sabinum
2189 2360 2431 2429 legatum
2443 2374 2566 2413 cum
2581 2372 2675 2411 sex
2690 2349 3259 2420 cohortibusreliquit.
3270 2347 3453 2401 Castra
3469 2342 3525 2398 in

1905 2454 2261 2508 altitudinem
2285 2451 2488 2522 pedum
2503 2448 2797 2504 duodecim
2815 2445 3139 2514 fossamque
3153 2440 3358 2511 pedum
3371 2444 3528 2492 octo-

1905 2542 2085 2598 decim
2116 2541 2336 2597 munire
2352 2540 2536 2607 jubet.
2558 2537 2639 2592 Ab
2666 2536 2802 2608 ipsis
2823 2535 3020 2590 castris
3038 2530 3305 2602 oppidum
3329 2528 3527 2582 Remo-

1906 2634 2296 2701 rum,nomine
2327 2632 2547 2696 Bibrax,
2589 2627 2740 2701 quod
2795 2627 2993 2681 aberat
3030 2623 3203 2678 millia
3262 2634 3523 2692 passuum

1904 2720 2208 2778 octodecim
2239 2721 2408 2791 (Orig
2441 2763 2455 2787 ,
2481 2720 2625 2787 octo)
2672 2734 2739 2773 ex
2794 2716 3014 2779 itinere,
3064 2725 3268 2785 magno
3312 2709 3525 2779 impetu

1905 2812 2086 2887 Belgae
2102 2825 2429 2883 oppugnare
2460 2815 2774 2878 cmperunt.
2807 2805 2968 2878 ngre
2992 2819 3059 2858 eo
3100 2802 3191 2856 die
3207 2805 3525 2887 sustentata

1902 2909 1991 2956 est
2019 2901 2300 2956 Gallorum
2332 2902 2499 2971 atque
2544 2897 2838 2971 Belgarum
2869 2890 3218 2967 oppugnatio
3250 2890 3387 2943 haec.
3424 2886 3524 2942 Ubi

1900 2991 2260 3059 circumiecta
2308 2987 2671 3044 multitudine
2728 2984 3016 3042 hominum
3064 2980 3196 3037 totis
3222 2977 3522 3041 moenibus,

1898 3081 2154 3153 undique
2186 3081 2243 3136 in
2262 3095 2490 3135 murum
2513 3077 2728 3149 lapides
2745 3074 2855 3145 jaci
2878 3072 3021 3143 οωρὶ
3040 3076 3197 3137 sunt,
3216 3082 3523 3136 murusque

1899 3169 2300 3226 defensoribus
2342 3169 2590 3224 nudatus
2643 3173 2749 3230 est,
2800 3160 3086 3219 testudine
3138 3160 3286 3215 facta
3346 3154 3523 3227 portis

1900 3257 2231 3326 succedunt,
2265 3274 2600 3328 murumque
2648 3254 2956 3317 subruunt,
2985 3250 3137 3322 quod
3171 3260 3316 3316 (ms.,
3345 3244 3520 3315 aditu)

1898 3360 2016 3406 tum
2044 3350 2205 3406 facile
2226 3349 2414 3406 fiebat.
2437 3350 2689 3420 Namque
2708 3354 2863 3402 tanta
2898 3342 3198 3399 multitudo
3228 3337 3442 3412 lapides
3458 3353 3523 3392 ac

1902 3444 2012 3499 tela
2035 3442 2430 3515 conjiciebant,
2462 3451 2523 3497 ut
2580 3442 2638 3496 in
2686 3455 2846 3495 muro
2886 3434 3235 3494 consistendi
3271 3438 3522 3505 potestas

1903 3531 2226 3587 essetnulli.
2250 3530 2383 3587 Cum
2400 3529 2567 3585 finem
2589 3526 2956 3602 oppugnandi
2972 3542 3080 3582 nox
3096 3521 3522 3588 fecisset,lccius

1904 3620 2130 3687 Remus,
2154 3636 2372 3675 summa
2400 3618 2698 3674 nobilitate
2725 3626 2782 3673 et
2838 3616 3017 3691 gratia
3065 3616 3208 3673 inter
3235 3626 3388 3674 suos,
3425 3607 3519 3680 qui

1904 3719 2019 3766 tum
2038 3709 2243 3783 oppido
2274 3710 2586 3782 praefuerat,
2620 3725 2767 3764 unus
2815 3722 2881 3762 ex
2922 3706 3029 3770 his,
3082 3702 3177 3775 qui
3226 3700 3393 3775 legati
3452 3697 3521 3754 de

1904 3820 2038 3875 pace
2065 3805 2135 3859 ad
2166 3805 2437 3860 Casarem
2466 3810 2760 3869 venerant,
2794 3799 3054 3855 nuntium
3079 3795 3148 3850 ad
3172 3811 3298 3849 eum
3332 3786 3537 3856 mittit,

1904 3894 2011 3947 nisi
2037 3894 2354 3950 subsidium
2382 3894 2490 3948 sibi
2512 3894 2781 3952 mittatur,
2816 3904 2938 3944 sese
2976 3884 3188 3941 diutius
3241 3881 3521 3936 sustin-re

1906 4000 2022 4038 non
2045 4000 2225 4055 posse.
2264 3985 2337 4039 Eo
2357 3984 2426 4039 de
2456 3982 2638 4037 media
2659 3990 2823 4036 nocte
2845 3979 3044 4038 Caesar,
3068 3972 3263 4028 iisdem
3285 3969 3520 4026 ducibus

1906 4090 2059 4140 usus,
2079 4075 2173 4145 qui
2193 4074 2373 4129 nuntii
2395 4073 2463 4128 ab
2494 4072 2635 4127 Iccio
2659 4077 2942 4134 venerant,
2996 4062 3261 4119 Numidas
3314 4067 3367 4114 et
3396 4058 3520 4113 Cre-

1907 4173 1992 4221 tas
2009 4167 2323 4241 sagittarios
2346 4175 2402 4222 et
2429 4165 2740 4221 funditores
2786 4162 3038 4217 Baleares
3065 4153 3320 4211 subsidio
3353 4149 3517 4221 Oppi—

1906 4254 2068 4311 dunis
2098 4258 2282 4313 mittit.
2315 4258 2560 4322 Quorum
2612 4255 2859 4309 adventu
2890 4256 2945 4304 et
3005 4245 3188 4302 Remis
3237 4258 3368 4297 cum
3420 4253 3518 4309 spe

1904 4345 2251 4402 defensionis
2272 4347 2519 4402 studium
2552 4339 2945 4416 propugnandi
2977 4334 3228 4399 accessit,
3261 4342 3317 4386 et
3350 4328 3522 4384 hosti-

1904 4438 2010 4492 bus
2030 4437 2226 4493 eadem
2248 4439 2317 4493 de
2360 4454 2531 4492 causa
2552 4451 2682 4507 spes
2726 4429 2980 4504 potiundi
3018 4425 3210 4499 oppidi
3242 4421 3515 4479 discessit.

1904 4529 2095 4599 Itaque
2127 4528 2410 4600 paulisper
2444 4523 2590 4598 apud
2648 4521 2914 4594 oppidum
2971 4514 3192 4579 morati,
3245 4526 3520 4587 agrosque

1906 4617 2207 4673 Remorum
2268 4613 2615 4687 depopulati,
2646 4608 2908 4666 omnibus
2944 4605 3101 4672 vicis,
3131 4600 3517 4671 aedificiisque,

1902 4723 2015 4777 quo
2043 4707 2197 4761 adire
2220 4711 2498 4777 poterant,
2533 4699 2793 4765 incensis,
2823 4696 2890 4751 ad
2922 4705 3105 4751 castra
3135 4691 3363 4747 Caesaris
3391 4705 3519 4745 om-

1900 4801 2069 4855 nibus
2101 4800 2277 4871 cOpiis
2316 4797 2748 4879 contenderunt,
2782 4805 2837 4851 et
2865 4813 2897 4851 a
2948 4794 3197 4849 millibus
3249 4806 3516 4864 passuum

1901 4891 2085 4946 minus
2112 4890 2333 4946 duabus
2359 4900 2539 4947 castra
2573 4901 2899 4963 posuerunt.
2937 4911 2962 4941 ››
3035 4889 3103 4946 Ει
3135 4898 3256 4961 post
3296 4903 3515 4958 pauca:

1903 5007 1926 5035 α
1964 4986 2158 5040 Hostes
2179 4986 2434 5056 protinus
2458 5003 2523 5040 ex
2538 5002 2606 5041 eo
2636 4987 2757 5042 loco
2775 4984 2845 5041 ad
2862 4986 3068 5041 ﬂumen
3088 4985 3353 5041 Axonam
3375 4999 3515 5040 con-

1900 5078 2221 5145 tenderunt,
2253 5079 2405 5151 quod
2433 5096 2556 5137 esse
2572 5081 2732 5137 ctiam
2768 5090 2895 5152 post
2942 5091 3135 5138 nostra
3183 5090 3367 5136 castra
3418 5078 3520 5134 de-

1899 5177 2269 5225 monstratum
2302 5178 2405 5225 est.
2429 5171 2511 5225 Ibi
2540 5170 2696 5226 vadis
2724 5174 2980 5243 repertis,
2997 5180 3210 5244 partem
3231 5172 3519 5246 copiarum

1898 5278 2120 5316 suarum
2153 5260 2511 5317 transducere
2541 5264 2726 5318 conati
2754 5272 2905 5331 sunt,
2937 5279 3004 5319 eo
3031 5264 3284 5330 consilio,
3330 5272 3411 5328 ut,
3472 5264 3519 5317 si

1900 5364 2151 5425 possent,
2179 5355 2493 5420 castellum,
2551 5354 2640 5410 cui
2699 5365 2935 5427 praeerat
2984 5356 3224 5421 Quintus
3275 5355 3522 5411 Titurius

1900 5446 2526 5520 legatus,expugnarent
2543 5455 2885 5519 pontemque
2898 5447 3303 5504 interciderent
3323 5449 3492 5516 (Orig.
3505 5489 3519 5509 .

1901 5535 2051 5592 inter
2077 5534 2434 5595 scinderent).
2460 5537 2515 5591 Si
2546 5536 2730 5592 minus
2750 5537 3064 5608 potuissent
3098 5553 3261 5611 agros
3310 5538 3517 5591 Remo-

1902 5645 2021 5683 rum
2050 5628 2469 5700 p0pularentur,
2496 5628 2591 5701 qui
2614 5644 2816 5703 magno
2837 5629 3002 5685 nobis
3030 5629 3152 5685 usui
3190 5628 3258 5684 ad
3303 5628 3514 5682 bellum

1899 5717 2202 5783 gerendum
2220 5725 2874 5790 erant,commeatusque
2896 5727 3120 5775 nostros
3140 5715 3513 5773 sustinebant.

1899 5806 2098 5873 Caesar,
2120 5807 2322 5864 certior
2347 5808 2579 5864 factusa
2626 5807 2861 5875 Titurio,
2919 5822 3141 5864 omnem
3191 5803 3513 5875 aequitatem
