3884 6464
357 410 419 467 31
1476 402 1848 459 FLODOARDI
1888 395 2196 455 CANONlCl
2234 389 2562 450 REMENSIS

361 546 415 593 et
431 536 577 593 lenis
593 544 885 592 armaturae
915 533 1519 603 Numidas,lunditores
1537 530 1853 605 sagittarios
1869 545 1977 600 que
2000 534 2048 599 Α

362 638 588 700 pontem
621 628 880 693 traducit,
904 637 1070 699 atque
1101 626 1169 682 ad
1202 644 1299 682 eos
1329 624 1637 682 contendit.
1682 624 1893 678 Acriter
1915 622 1974 676 in

361 737 426 776 eo
460 721 580 777 'oco
619 730 920 795 pugnatum
953 730 1055 774 est.
1104 720 1297 775 Hostes
1328 718 1626 789 impeditos
1683 714 1862 771 nostri
1916 714 1971 767 in

364 808 594 864 ﬂumine
625 808 891 884 aggressi,
913 824 1182 881 magnum
1214 823 1400 862 eorum
1435 821 1727 861 numerum
1750 802 1975 859 occide-

365 900 622 955 runt.Per
651 915 842 954 eorum
871 914 1103 968 corpora
1134 899 1378 969 reliquos
1395 895 1760 952 audacissime
1795 904 1975 948 trans-

362 991 440 1045 ire
462 1000 753 1057 conantes,
783 989 1141 1044 multitudine
1175 989 1407 1043 telorum
1461 994 1518 1043 et
1545 985 1786 1041 audacia
1807 999 1976 1055 repu-

362 1084 564 1137 lerunt:
583 1082 791 1153 primos
813 1081 906 1153 qui
924 1080 1276 1144 iransierant,
1296 1080 1542 1152 equitatu
1566 1079 1768 1133 circum
1782 1084 1978 1131 ventos

364 1174 779 1229 interfecerunt.
818 1199 841 1219 ιι
874 1176 1010 1229 Item
1034 1174 1089 1228 in
1118 1172 1314 1228 eadem
1336 1172 1574 1227 Historia
1600 1171 1743 1226 libro
1774 1169 1935 1225 tertio
1962 1187 1975 1222 :

369 1284 389 1315 ι
425 1264 604 1320 Caesar
623 1265 967 1320 Labiennum
991 1266 1235 1337 legatum
1259 1281 1313 1319 in
1333 1263 1609 1329 Treviros,
1628 1262 1722 1334 qui
1746 1261 1980 1332 proximi

368 1357 558 1412 Rheno
580 1368 731 1423 sunt,
756 1375 880 1412 cum
930 1359 1179 1430 equitatu
1210 1358 1399 1411 mittit.
1447 1357 1582 1411 Huic
1617 1357 1849 1410 mandat
1876 1355 1981 1409 Re-

365 1463 489 1502 mos
507 1448 865 1520 reliquosque
887 1446 1081 1522 Belgas
1102 1448 1284 1513 adeat,
1308 1455 1473 1518 atque
1502 1447 1557 1500 in
1582 1444 1768 1501 ofﬁcio
1798 1443 1981 1499 couti-

366 1547 512 1594 neat.
550 1536 585 1586 η’
603 1540 736 1595 Item
769 1540 825 1593 in
846 1556 875 1591 v
900 1557 913 1593 :
937 1559 957 1588 α
983 1539 1482 1594 Tantamomnium
1513 1537 1812 1593 voluntatis
1830 1552 1983 1591 com-

366 1630 753 1694 mutationem,
780 1628 960 1684 Caesar
980 1629 1215 1693 scilicet,
1239 1629 1441 1694 attulit,
1468 1636 1526 1683 ut
1545 1635 1744 1699 praeter
1763 1626 1983 1681 Heduos

368 1726 421 1771 et
449 1719 648 1774 Remos
675 1734 817 1790 quos
838 1719 1118 1789 praecipuo
1177 1735 1396 1789 semper
1428 1719 1639 1772 honore
1666 1716 1847 1771 Caesar
1876 1716 1981 1769 ha-

368 1809 525 1874 buit;
560 1809 763 1862 alteros
794 1823 892 1877 pro
917 1816 1101 1862 vetere
1138 1824 1201 1863 ac
1247 1816 1516 1879 perpetua
1554 1824 1685 1878 erga
1709 1806 1983 1877 p0pulum

2138 521 2468 593 ρριὲωεξβθυε
2498 515 2641 593 ﬂuis
2656 508 3166 593 inﬂabas???
3187 504 3360 562 ίτθθίδν

2141 573 2203 635 Εἰ
2225 573 2401 633 docilis
2418 589 2570 631 recter
2595 573 2792 628 rostrati
2812 573 3177 639 Belgagcoviniz
3335 626 3370 639 η

2611 641 2810 695 Lucan.
2846 627 2925 692 n5
2948 634 3090 690 Bello
3128 631 3301 697 civili,
3334 627 3433 685 lib.
3471 645 3511 685 ι.

2717 744 2934 803 CAPUT
2974 743 3065 797 Ill.

2399 844 2473 896 De
2494 839 2692 910 primis
2718 835 2885 904 hujus
2907 832 3058 886 urbis
3087 832 3369 900 episcopis.

2150 938 2257 992 Nec
2274 936 2450 991 solum
2482 930 2630 1003 apud
2652 927 2903 983 ethnicos
2926 935 3057 980 tunc
3077 921 3344 994 temporis
3365 921 3502 977 tanti
3535 920 3713 975 habi-

2078 1037 2193 1082 tum
2225 1025 2524 1079 Remorum
2554 1016 2842 1091 populum,
2867 1014 3003 1086 quin
3030 1020 3084 1067 et
3114 1010 3261 1082 apud
3286 1009 3496 1082 primos
3510 1010 3717 1065 Eccle-

2077 1120 2172 1173 siae
2194 1116 2289 1171 Dei
2312 1117 2724 1186 propagatores,
2746 1114 2914 1179 atque
2939 1122 3041 1177 per
3061 1103 3421 1175 Evangelium
3455 1101 3513 1156 in
3540 1101 3715 1156 Chri-

2078 1217 2162 1263 sto
2222 1216 2425 1276 patres,
2486 1200 2676 1272 primae
2730 1197 2894 1267 hujus
2935 1194 3233 1267 provinciae
3290 1201 3495 1247 nostra;
3551 1190 3717 1246 sedis

2081 1296 2372 1371 pontifices
2394 1298 2611 1348 constat
2635 1304 2857 1359 semper
2882 1288 3094 1343 honore
3115 1286 3430 1351 decoratos,
3468 1283 3616 1338 adeo
3651 1291 3719 1336 ut

2083 1394 2202 1462 ipse
2235 1385 2590 1442 beatissimus
2617 1380 2876 1435 Ecclesiae
2908 1377 3108 1432 Christi
3170 1376 3457 1446 princeps,
3507 1374 3720 1428 Petrus

2081 1461 2385 1550 apostolus,
2435 1472 2560 1528 urbi
2590 1477 2789 1524 nostrae
2821 1467 3043 1522 beatum
3097 1465 3364 1520 Sixtuma
3402 1478 3466 1517 se
3519 1461 3719 1517 archi-

2082 1568 2409 1639 episcOpum
2441 1560 2777 1625 ordinatum,
2816 1573 2942 1612 cum
2997 1552 3474 1626 suﬂ‘raganeorum
3504 1550 3721 1606 auxilio

2084 1655 2362 1714 censuerit
2391 1651 2782 1727 delegandum,
2812 1648 3048 1704 idoneos
3075 1646 3127 1700 ei
3153 1661 3217 1700 ac
3272 1642 3632 1699 necessarios
3660 1642 3719 1695 in

2083 1751 2279 1805 eadem
2303 1745 2584 1818 provincia
2602 1741 2893 1805 destinans
2919 1737 3121 1802 socios,
3151 1745 3402 1792 sanctum
3432 1733 3719 1789 Sinicium

2086 1842 2363 1906 videlicet,
2393 1835 2737 1892 Suessonicas
2764 1832 2915 1891 sedis
2959 1830 3160 1902 primo,
3216 1834 3468 1883 nostrum
3514 1835 3721 1897 postea

372 1899 816 2007 Ηιῗφῗῃυηῖηῆᾶρθ
842 1917 856 1964 ;
887 1899 1092 2001 aliefos
1131 1916 1230 2007 Em
1262 1900 1582 1999 iecemib“
1625 1899 1760 1953 belli
1792 1898 1983 2007 Giluici
2011 1904 2060 1971 Β
2087 1898 2401 2007 praesulem,
2448 1946 2512 1984 ac
2555 1929 2780 1983 beatum
2810 1898 3148 1989 Memmium,
3171 1919 3534 1977 Catalaunicae
3556 1920 3725 1973 urbis

369 1991 568 2047 ofliciis
597 1988 745 2044 nulla
772 1989 887 2044 fere
918 1989 1113 2044 civitas
1142 1989 1306 2043 fuerit
1329 2006 1441 2044 non
1472 1997 1729 2060 suspecta
1760 1988 1982 2043 nobis.»

372 2087 501 2139 llem
538 2085 592 2139 in
625 2101 718 2137 vr:
756 2103 780 2133 «
816 2083 1329 2154 Carnuteslegatos.
1364 2082 1705 2153 obsidesque
1735 2082 1983 2146 mittunt,

370 2176 448 2228 usi
471 2174 957 2246 deprecationibus
978 2173 1181 2239 Remis,
1202 2173 1256 2226 in
1276 2188 1508 2244 quorum
1528 2180 1687 2226 erant
1703 2169 1984 2226 clientela.

373 2267 574 2321 Eadem
610 2267 793 2322 ferunt
841 2282 1097 2337 respons,
1140 2282 1261 2337 quae
1293 2264 1559 2319 videlicet
1582 2265 1849 2327 Senones,
1874 2262 1985 2317 ob-

369 2356 585 2410 sidibus
624 2357 924 2427 imperatis.
959 2376 987 2405 ι)

447 2449 824 2521 Principatum
858 2464 1085 2520 quoque
1117 2448 1318 2502 Remos
1346 2446 1650 2517 antiquitus
1706 2446 1854 2500 inter
1882 2444 1990 2499 sibi

376 2536 642 2594 finitimos
672 2540 917 2594 tenuisse
947 2545 1168 2593 constat
1221 2536 1329 2591 Sed
1360 2546 1419 2590 et
1448 2534 1596 2606 apud
1628 2536 1903 2590 Romanos
1934 2534 1991 2589 id

379 2630 555 2700 ipsum
584 2632 917 2698 obtinuisse,
951 2639 1285 2701 auctumque
1314 2630 1423 2683 sibi
1477 2628 1677 2702 legitur
1732 2629 1790 2682 in
1834 2616 1989 2699 pras-

380 2721 569 2789 missa,
592 2729 698 2775 tam
724 2722 835 2789 jus,
870 2737 1034 2791 quam
1075 2721 1269 2784 decus,
1300 2718 1554 2785 historia,
1594 2727 1653 2773 ut
1698 2718 1752 2771 in
1795 2718 1991 2772 eodem

380 2813 583 2867 lihrovn
610 2830 623 2866 :
654 2834 673 2861 «ι
701 2813 941 2883 Sequani
966 2811 1341 2881 principatum
1354 2809 1704 2876 dimiserant;
1724 2810 1779 2863 in
1802 2825 1993 2864 eorum

380 2905 560 2959 locum
595 2904 748 2959 Remi
768 2920 913 2959 succ'
934 2911 1165 2958 sserant.
1193 2925 1218 2952 »ι
1244 2903 1482 2973 Semper
1499 2902 1669 2967 enim,
1712 2911 1765 2957 et
1794 2902 1850 2955 in
1875 2917 1998 2956 om-

384 2996 550 3051 nibus
567 2997 734 3052 bellis
755 2996 913 3052 Remi
933 2996 1099 3052 fidem
1146 2995 1411 3052 Romanis
1441 3002 1811 3051 servaverant.
1849 2995 1912 3048 Et
1942 2994 1997 3048 in

383 3104 477 3152 vn,
511 3086 674 3142 etiam
696 3087 920 3158 quando
952 3087 1122 3142 totius
1143 3102 1287 3157 pene
1317 3085 1504 3139 Galliae
1527 3083 1719 3155 populi
1736 3084 2001 3138 adversus

2089 2032 2355 2079 rectorem
2431 2019 2662 2073 Sanctus
2711 2029 2841 2069 vero
2906 2012 3088 2067 Sixtus
3145 2011 3441 2065 Remorum
3500 2008 3722 2078 primus

2088 2102 3001 2184 episcopus,etiamSuessonicam
3030 2099 3291 2155 fundasse
3322 2096 3497 2152 fertur
3523 2097 3718 2151 eccle-

2087 2203 2248 2264 siam,
2282 2208 2336 2255 et
2377 2199 2601 2252 beatum
2634 2192 2898 2247 Sinicium
2920 2189 3380 2245 collaboratorem
3412 2195 3469 2240 et
3499 2198 3721 2256 coope-

2090 2299 2329 2346 ratorem
2352 2302 2512 2342 suum
2536 2282 2677 2337 inibi
2696 2278 3073 2343 constituisse;
3093 2276 3301 2349 quique
3319 2282 3444 2345 post
3460 2272 3724 2341 ejusdem

2090 2384 2273 2439 Sancti
2297 2379 2434 2436 Sixti
2457 2380 2773 2440 decessum,
2793 2380 2998 2443 nepote
3016 2385 3139 2436 suo,
3179 2376 3240 2422 ut
3282 2366 3489 2431 ferunt,
3520 2372 3723 2419 sancto

2091 2475 2379 2530 Divitiano
2405 2467 2668 2525 Suessoni
2700 2483 2731 2521 a
2752 2482 2811 2519 se
2843 2461 3110 2535 pontiﬁce
3139 2459 3417 2522 ordinato,
3447 2456 3721 2529 quoniam

2093 2567 2311 2622 noviter
2366 2561 2618 2618 instituta
2665 2555 2954 2613 Remensis
3003 2551 3239 2608 ecclesia
3314 2550 3456 2605 lacte
3515 2548 3721 2611 adhuc,

2096 2666 2287 2712 tenera
2302 2654 2444 2709 forte
2473 2649 2697 2705 fovebat
2719 2646 2974 2720 pignora,
3008 2640 3245 2695 necdum
3276 2637 3348 2692 ad
3385 2651 3530 2691 onus
3578 2651 3725 2707 pon-

2095 2748 2298 2803 titicale
2330 2742 2722 2817 perferendum
2752 2738 2998 2803 robusta,
3042 2731 3231 2787 Remis
3259 2727 3725 2798 archiepiSCOpa-

2098 2843 2203 2895 lem
2253 2844 2339 2906 (ea
2389 2845 2625 2910 cogente
2664 2829 3011 2897 necessitate)
3034 2824 3209 2881 subiit
3236 2821 3579 2878 cathedram.
3618 2820 3722 2875 Ubi

2101 2946 2197 3000 pro
2221 2929 2530 2984 animarum
2560 2924 2737 2977 salute
2778 2918 3016 2974 ﬁdeliter
3044 2913 3361 2979 elaborans,
3393 2910 3723 2980 bonumque

2101 3031 2381 3078 certamen
2405 3020 2717 3078 decertans,
2751 3029 2873 3068 cum
2904 3010 3218 3073 decessore,
3250 3012 3312 3059 ut
3350 3002 3411 3058 in
3435 3001 3614 3068 caelis,
3647 3000 3726 3056 ita

2103 3116 2264 3170 etiam
2299 3112 2501 3167 meruit
2556 3110 2612 3162 in
2656 3105 2820 3162 terris
2878 3102 3086 3157 habere
3136 3095 3504 3160 consortium,
3556 3092 3725 3148 unius

384 3180 661 3275 Romanos
673 3176 1728 3275 CQFSPirasse’conCi“umquembmme
1743 3175 2001 3230 hamis”
2029 3209 2077 3275 (ἶ
2103 3206 2468 3275 ejusdemque
2486 3198 2678 3270 templi
2695 3195 3013 3266 tumbaeque
3028 3185 3726 3246 sortituscumbeatoSixto

386 3273 666 3348 leguntur,
698 3273 1119 3328 illinullatenus
1149 3273 1349 3327 adesse
1370 3271 1617 3335 voluere,
1650 3267 1799 3339 quod
1814 3267 2004 3322 amici-

389 3367 519 3421 tiam
558 3366 935 3421 Romanorum
989 3365 1386 3436 sequebantur.
1456 3365 1517 3416 In
1576 3360 2003 3416 necessitatibus

388 3468 572 3514 autem
586 3460 774 3531 cepias
785 3476 881 3515 eos
899 3460 1641 3521 Romanorum,sustenlasse
1664 3452 2005 3524 proditur,ut

389 3548 442 3603 in
465 3550 661 3620 quinto
681 3549 842 3617 hujus
863 3547 1107 3603 historiae
1130 3547 1303 3601 libro:
1324 3571 1347 3592 κ
1365 3546 1480 3610 Quo
1497 3559 1644 3599 anno
1660 3542 2003 3598 frumentum

391 3649 617 3711 propter
640 3638 917 3694 siccitates
947 3636 1590 3711 angustiusprovenerat,
1610 3641 1838 3687 coactus
1860 3639 2001 3699 estur

361 3729 573 3795 ,Caesar
594 3728 829 3792 scilicet,
870 3747 890 3775 ι
933 3725 1112 3781 aliter.
1142 3741 1205 3779 ac
1223 3722 1607 3793 superioribus
1629 3721 1813 3787 annis,
1848 3737 1999 3776 exer—

397 3820 562 3873 citum
598 3818 651 3871 in
682 3815 937 3870 hibernis
953 3815 1248 3874 collocare,
1308 3812 1673 3884 legionesque
1733 3811 1789 3864 in
1818 3812 2008 3882 plures

393 3907 642 3963 civitates
672 3904 1022 3959 distribuere.
1048 3903 1122 3956 Ex
1152 3902 1237 3955 his
1256 3917 1425 3955 unam
1447 3900 1501 3953 in
1535 3899 1773 3954 Morinos
1795 3902 2008 3955 ducen-

395 3999 541 4063 dam,
577 3997 631 4051 C.
666 3996 831 4051 Fabio
862 3995 1064 4068 Legato
1096 3993 1250 4047 dedit
1284 3993 1551 4058 ;alteram
1600 3988 1656 4043 in
1694 3992 1923 4046 Nervios
1945 3996 2005 4058 ρ.

392 4090 641 4145 Ciceroni
678 4108 692 4155 ;
735 4090 953 4144 tertiam
978 4086 1041 4158 in
1066 4086 1273 4142 Essuos
1305 4088 1359 4140 L.
1389 4084 1586 4141 Roscio
1624 4101 1638 4149 ;
1672 4095 1924 4158 quartam
1948 4087 2007 4142 in

398 4183 587 4239 Remis
614 4199 739 4238 cum
766 4182 826 4237 Τ.
860 4157 1101 4236 Labieno
1127 4181 1183 4235 in
1215 4181 1458 4236 confinio
1483 4181 1837 4236 Trevirorum
1882 4182 2007 4236 hie-

398 4292 547 4329 mare
573 4273 757 4342 jussit.
795 4297 815 4315 »
853 4273 985 4325 Item
1014 4272 1071 4325 in
1107 4289 1219 4325 vn:
1252 4293 1269 4319 ι
1305 4271 1359 4325 C.
1388 4272 1613 4326 Fabium
1652 4281 1704 4326 et
1727 4272 1784 4325 L.
1828 4270 2009 4325 Minn-

402 4368 536 4422 tium
560 4382 683 4421 cum
711 4362 1027 4438 legionibus
1077 4362 1295 4418 duabus
1350 4364 1403 4418 in
1460 4363 1645 4418 Remis
1689 4362 2010 4418 collocat.»

402 4463 632 4531 Insuper
660 4467 715 4513 et
737 4455 1000 4529 usquead
1026 4457 1465 4512 internecionem
1485 4471 1628 4527 pene
1660 4456 1862 4511 Remos
1885 4471 2016 4526 pro-

400 4555 578 4609 salute
615 4552 984 4606 Romanorum
1017 4559 1281 4617 certasse,
1329 4549 1552 4605 Orosius
1573 4548 1736 4602 etiam
1767 4547 1909 4603 libro
1938 4565 2013 4612 vr,

405 4643 755 4717 astipulatur,
788 4659 854 4698 eo
877 4642 1074 4714 proelio
1103 4642 1252 4713 quod
1278 4639 1572 4705 Bellovaci,
1620 4646 1743 4710 post
1777 4647 2014 4695 caetero-

406 4758 529 4796 runi
562 4739 872 4803 Gallorum,
906 4735 1001 4807 qui
1032 4751 1183 4788 arma
1214 4741 1406 4789 contra
1437 4731 1715 4787 Romanos
1747 4732 2016 4797 tulerant,

405 4831 680 4885 devictum
702 4827 1028 4891 exercitum,
1085 4824 1540 4884 instauraverant,
1594 4837 1854 4895 magnam
1916 4820 2022 4873 Re-

407 4936 626 4975 morum
655 4933 901 4982 manum,
932 4931 1055 4986 qua:
1077 4913 1279 4969 auxilio
1310 4911 1573 4967 Romanis
1603 4919 1719 4966 erat
1765 4925 2022 4965 asserens

408 5009 757 5064 trucidatam.
781 5007 983 5061 Remos
1003 5005 1248 5075 denique
1269 5003 1470 5075 prmliis
1500 5001 1690 5066 fortes,
1750 5001 2021 5073 Optimos-

408 5114 514 5171 que
539 5099 711 5154 fuisse
733 5099 1070 5170 jaculatores
1098 5095 1231 5149 :sed
1262 5102 1317 5149 et
1340 5095 1407 5148 ad
1438 5092 1587 5147 bella
1602 5092 1787 5147 civilia
1815 5092 2023 5163 quibus

410 5190 677 5261 Pompeio
707 5186 1395 5258 superato,monarchiam
1457 5182 1644 5247 totius,
1706 5190 1766 5236 ut
1825 5180 2020 5246 fertur,

410 5280 561 5333 orbis
582 5278 841 5342 obtinuit,
875 5277 1091 5331 Caesare
1116 5274 1388 5329 invitante
1426 5271 1722 5344 profectos,
1769 5271 2024 5324 Lucanus

414 5367 555 5422 libro
584 5367 762 5439 primo
783 5374 1017 5421 testatur
1032 5364 1121 5418 his
1150 5363 1411 5418 versibus
1444 5379 1457 5416 :

1346 5474 1485 5524 Rura
1503 5471 1719 5522 Nemetis

473 5541 568 5601 Qui
590 5550 721 5592 tenet
746 5548 795 5590 et
823 5538 958 5600 ripas
982 5537 1287 5601 Satyri,rqua
1312 5538 1657 5601 littore-curvo

480 5599 695 5654 Molliter
721 5599 993 5651 admissum
1022 5599 1536 5649 claudit‘Tarbellicus
1561 5612 1747 5654 mquor,

478 5670 629 5731 Signa
646 5672 828 5731 movet,
858 5663 1134 5731 gaudetque
1162 5670 1326 5731 amoto
1342 5662 1591 5731 Santonus
1613 5662 1767 5731 hoste.

480 5717 678 5791 Etu(ms.
701 5728 739 5789 j,
762 5717 978 5785 Bitures)
1024 5717 1237 5772 Biturix.
1281 5724 1535 5786 longisque
1568 5722 1700 5771 leves
1731 5721 1946 5791 Aztomes
1980 5717 2033 5765 in

1798 5794 1973 5835 armis,

478 5852 711 5915 Optimus
730 5862 936 5898 excusso
957 5847 1149 5897 Leucus
1170 5844 1452 5909 Remusque
1481 5846 1676 5894 lacerto.
1774 5782 1793 5844 [

2103 3298 2441 3369 sepulcrum.
2478 3296 2719 3358 Quorum
2749 3286 3100 3360 postmodum
3124 3280 3337 3336 meritis
3359 3277 3610 3333 basilicae
3633 3278 3728 3332 do.

2103 3408 2227 3446 mus
2257 3390 2504 3460 ipsorum
2551 3385 2713 3441 claris
2772 3381 3042 3436 illustrata
3091 3372 3392 3435 miraculis,
3442 3370 3727 3427 nonnullis

2104 3484 2288 3539 dotata
2316 3481 2524 3535 ditatur
2547 3474 2900 3536 muneribus,
2931 3469 3075 3545 agris
3105 3482 3329 3539 quoque
3349 3463 3727 3534 domibusque

2103 3589 2168 3626 ac
2195 3569 2375 3626 vineis
2403 3566 2760 3638 locupletata,
2799 3560 3130 3617 clerieorum
3159 3554 3367 3626 pariter
3384 3552 3595 3607 enituit
3622 3552 3726 3605 mi-

2106 3663 2351 3718 nisteriis
2378 3662 2658 3715 decorata.
2692 3658 2933 3721 Quorum
2966 3663 3369 3720 nonnunquam
3398 3645 3723 3711 duodecim,

2107 3769 2505 3824 nonnunquam
2527 3751 2810 3807 decem,ut
2838 3744 3027 3801 domui
3047 3739 3298 3797 Sonnatii
3320 3738 3729 3811 praesulistem-

2111 3861 2264 3918 pore,
2286 3843 2491 3898 ibidem
2523 3838 2798 3909 reperitur
2822 3830 3311 3908 congregationem
3333 3827 3531 3893 fuisse,
3554 3827 3730 3880 donec

2108 3937 2377 3992 moderno
2390 3928 2986 4003 tempore,abundante
3000 3922 3295 3993 iniquitate
3307 3919 3729 3994 etrefrigescen-

2111 4038 2165 4085 te
2180 4026 2466 4089 charitate,
2496 4017 3012 4079 deficereDeoinibi
3034 4014 3390 4070 militantium
3423 4013 3651 4075 chorus,
3678 4021 3732 4064 et

2112 4112 2611 4185 uniusipsumcoepi
2623 4121 2641 4165 t
2653 4125 2774 4165 esse
2788 4100 3469 4177 templumpresbyteri[al.
3482 4100 3733 4171 ,presby-

2113 4200 2751 4275 tcrii]titulus.Quocirca
2762 4197 2928 4252 etiam
2943 4195 3189 4265 ipsorum
3205 4189 3602 4261 nuperabinde
3615 4204 3732 4243 ossa

2114 4295 2394 4355 translata,
2426 4292 2481 4345 iu
2505 4288 2743 4345 ecclesia
2761 4282 2910 4340 beati
2943 4280 3177 4354 Remigii
3203 4288 3328 4350 post
3354 4278 3529 4332 altare
3560 4277 3733 4331 sancti

2116 4383 2284 4444 Petri,
2310 4379 2633 4437 eorumdem
2666 4370 3043 4446 praeceptoris,
3092 4376 3382 4424 servantur
3429 4365 3731 4421 recondita.

2117 4472 2238 4526 Nec
2261 4487 2356 4526 eos
2410 4465 2711 4522 Ecclesiam
2772 4471 3014 4517 nostram
3067 4454 3450 4513 tantummodo
3499 4453 3572 4509 ab
3602 4454 3734 4508 urbe

2117 4562 2289 4615 Roma
2318 4562 2534 4613 constat
2564 4552 2829 4608 habuisse
2856 4558 3043 4620 patres
3086 4548 3173 4600 vel
3220 4545 3567 4609 fundatores,
3617 4558 3736 4613 qum

2121 4650 2456 4722 martyribus
2496 4648 2660 4700 etiam
2693 4642 2973 4707 redimita,
3002 4654 3311 4709 eorumque
3363 4643 3577 4690 sacrata
3609 4651 3736 4688 san-

2121 4743 2290 4817 guine
2316 4748 2484 4811 atque
2510 4735 2830 4806 triumphis,
2857 4733 2960 4787 sub
2992 4731 3113 4802 ipso
3135 4727 3458 4784 Neronianae
3482 4742 3740 4798 persecu-

2125 4834 2290 4891 tionis
2319 4831 2577 4895 artieulo,
2603 4829 2863 4884 decorata
2895 4817 3182 4896 probatur,

2765 4915 3091 4987 CAPUTIV.

2377 5018 2448 5069 De
2473 5013 2675 5083 primis
2696 5008 2935 5078 ejusdem
2961 5004 3297 5073 martyribus
3319 5001 3491 5054 urbis.

2196 5107 2393 5159 Beatus
2419 5100 2695 5173 siquidem
2714 5096 3063 5160 Timotheus,
3093 5093 3159 5146 ab
3192 5090 3436 5145 Orientis
3490 5088 3742 5160 partibus

2125 5196 2193 5251 ad
2218 5196 2359 5249 hanc
2386 5194 2717 5247 Remensem
2766 5186 2959 5241 urbem
2994 5181 3349 5255 perveniens,
3381 5178 3510 5232 Jesu
3551 5176 3741 5231 Christi

2127 5286 2343 5343 Domini
2381 5283 2603 5358 publice
2628 5296 2736 5335 non
2756 5279 2966 5334 veritus
2988 5284 3071 5331 est
3101 5272 3403 5346 praedicare
3430 5269 3739 5324 veritatem.

2130 5380 2282 5435 Unde
2314 5386 2367 5431 et
2393 5394 2422 5431 a
2454 5373 2692 5447 prmside
2718 5369 3038 5441 Lampadio,
3065 5367 3157 5438 qui
3193 5374 3323 5419 tunc
3353 5367 3588 5434 praeerat
3628 5361 3744 5414 huic

2132 5470 2560 5544 populo,tentus
2588 5474 2662 5531 et,
2687 5462 2835 5535 quod
2858 5477 3014 5516 novae
3035 5459 3175 5533 legis
3201 5454 3542 5527 propositum
3572 5453 3746 5537 homi—

2134 5541 2299 5614 nibus
2326 5556 2602 5620 suaderet,
2637 5558 2958 5607 conventus.
2998 5549 3129 5603 Hinc
3146 5545 3313 5600 minis
3338 5541 3653 5614 principum
3671 5541 3745 5595 le-

2134 5667 2372 5724 gumque
2395 5646 2685 5702 severitate
2719 5650 2966 5705 vexatus,
3000 5655 3166 5711 opum
3209 5652 3430 5709 quoque
3471 5632 3741 5705 pollicita-

2136 5745 2285 5798 tione
2344 5747 2603 5801 tentatus,
2676 5749 3002 5803 responsum
3033 5730 3184 5802 quod
3216 5729 3349 5785 olim
3389 5727 3458 5781 ab
3501 5724 3745 5780 Ecclesia:

2139 5830 2389 5900 principe
2413 5826 2701 5890 didicerat,
2727 5821 2983 5892 improbo
3011 5822 3294 5876 incussum
3323 5830 3581 5887 supernae
3611 5831 3746 5869 nun-
