3884 6400
177 424 266 484 33.

853 420 1179 477 HISTORIE
1218 415 1560 477 ECCLESIIE
1597 417 1928 475 REMENSIS
1966 417 2139 473 LIBR.
2181 417 2507 482 QUATUOR.
2535 450 2605 458 -——
2648 416 2769 474 LIB.
2815 420 2852 475 l.

3456 429 3529 483 34

177 555 418 612 dinatori
450 553 661 629 gratiae,
700 551 1013 623 rependere
1053 566 1164 605 non
1204 549 1406 616 timuit,
1442 548 1670 615 divitiae,
1712 548 1800 602 in-
1827 551 1878 619 Α
1903 548 2073 602 cmlos
2100 555 2343 619 apertos,
2389 556 2443 603 et
2490 549 2703 605 audivit
2752 551 3008 622 angelum
3056 553 3330 610 dicentem
3369 556 3477 610 sibi
3510 577 3522 612 :

177 647 402 717 quiens,
437 651 544 699 tuae
573 649 757 697 tecum
785 641 899 696 sint
928 641 985 696 in
1019 641 1410 711 perditionem.
1444 647 1500 693 et
1537 637 1648 692 ibis
1676 652 1800 691 cum

178 739 314 809 ipsis
334 739 392 792 in
421 736 607 811 ignem
631 742 899 790 mternum
923 736 1045 802 (Act
1087 751 1203 799 νιιι,
1224 733 1336 803 20).
1366 732 1631 787 Dominus
1650 731 1800 786 enim

178 838 337 882 meus
363 827 528 881 Jesus
556 824 805 880 Christus
847 823 1015 879 Filius
1060 823 1176 886 Dei,
1209 822 1328 893 ipse
1367 828 1419 876 te
1452 820 1802 889 judicaturus

178 924 278 972 est.
310 915 462 971 Tunc
497 928 704 986 praeses
744 914 825 968 ira
864 912 1134 983 repletus,
1156 910 1323 979 jussit
1366 925 1493 964 eum
1525 910 1795 980 torqueri.

180 1006 241 1060 Et
285 1005 418 1060 dum
462 1004 742 1060 Christum
777 1008 1098 1057 constanter
1141 1000 1289 1053 inter
1326 999 1445 1069 ipsa
1500 998 1799 1054 cruciatum

180 1096 537 1153 conﬁteretur
583 1101 881 1161 tormenta,-
913 1092 1159 1147 inferens
1203 1091 1349 1145 inter
1378 1098 1598 1155 caetera,
1649 1090 1798 1161 quod

181 1186 276 1251 illi,
308 1201 451 1257 quos
481 1198 689 1256 praeses
720 1198 819 1254 pro
849 1181 1052 1238 Christi
1082 1180 1309 1236 nomine
1338 1196 1399 1234 se
1439 1179 1670 1250 putabat
1695 1194 1796 1234 oc-

177 1274 381 1342 cidere,
391 1274 501 1345 ipsi
514 1274 808 1345 pmnaliter
821 1287 947 1326 eum
955 1269 1257 1339 judicaturi
1270 1276 1483 1324 essent:
1519 1275 1573 1322 et
1593 1284 1798 1339 praeses

175 1363 419 1418 diceret:
451 1362 595 1435 Ergo
622 1369 683 1417 tu
707 1360 876 1430 judex
908 1360 1022 1413 eris
1050 1358 1158 1412 mei
1188 1357 1216 1411 ?
1275 1358 1388 1430 Ego
1420 1364 1474 1411 te
1503 1356 1752 1411 occidam
1778 1374 1792 1422 ;

175 1463 227 1510 et
254 1455 381 1527 quis
410 1455 519 1511 erit
539 1455 638 1526 qui
671 1462 723 1509 te
749 1453 951 1523 eripiat
971 1451 1043 1506 de
1066 1450 1329 1505 manibus
1349 1449 1487 1504 meis
1510 1447 1539 1501 ?
1564 1449 1796 1504 Sanctus

175 1544 487 1601 Timotheus
516 1541 841 1614 respondit:
873 1542 1143 1597 Dominus
1171 1555 1335 1594 meus
1359 1538 1447 1594 cui
1470 1538 1659 1605 credo,
1685 1553 1795 1607 po-

178 1645 280 1691 test
301 1636 542 1692 liberare
569 1651 661 1689 me
691 1653 706 1701 ;
740 1635 798 1689 in
833 1641 889 1689 te
918 1643 1105 1689 autem
1152 1632 1346 1687 debita
1389 1638 1663 1686 tormenta
1690 1631 1795 1684 im-

176 1729 368 1784 mittet.
428 1730 660 1801 lterum,
701 1727 834 1782 dum
878 1742 980 1798 per
1018 1724 1293 1797 supplicia
1344 1724 1519 1778 multa
1559 1722 1795 1778 cruciari

172 1820 354 1889 jussus
381 1820 606 1889 fuisset,
648 1820 727 1875 ait
756 1820 824 1875 ad
859 1818 1108 1892 judicem
1135 1835 1148 1872 :
1177 1820 1390 1883 Quanto
1421 1826 1478 1871 tu
1512 1816 1646 1869 mihi
1682 1833 1799 1870 am-

178 1910 652 1980 plioratormenta
684 1908 961 1975 intuleris,
1002 1914 1157 1963 tanto
1176 1906 1416 1977 amplius
1444 1904 1795 1978 refrigerium

177 2001 457 2071 praestabit
507 2001 775 2057 Dominus
805 2001 894 2056 cui
927 2001 1114 2056 credo.
1165 2000 1227 2054 Et
1267 2015 1392 2054 cum
1431 1997 1738 2054 caederetur
1767 2015 1798 2053 a

176 2094 456 2160 ministris,
506 2094 836 2149 exclamavit
884 2108 1021 2148 voce
1051 2108 1270 2165 magna,
1310 2090 1551 2145 dicens:
1603 2090 1798 2160 ASpice

182 2186 427 2254 Domine,
451 2194 508 2242 et
530 2185 659 2242 vide
688 2202 812 2258 qua:
830 2184 999 2240 infert
1017 2184 1277 2239 diabolus
1295 2198 1456 2238 servo
1478 2190 1593 2249 tuo,
1622 2198 1691 2236 ne
1711 2198 1798 2237 me

182 2278 556 2351 derelinquas.
590 2294 659 2334 ne
683 2279 871 2334 dicant
900 2277 1192 2333 homines:
1228 2276 1329 2331 Ubi
1352 2285 1435 2330 est
1460 2276 1604 2330 Deus
1632 2275 1752 2343 ejus
1772 2274 1800 2328 ?

185 2366 381 2422 Prteses
418 2367 667 2438 denique
712 2366 879 2437 jussit
916 2367 1067 2422 calce
1120 2365 1244 2421 viva
1286 2372 1340 2420 et
1374 2373 1553 2427 aceto
1580 2364 1800 2438 aspergi

182 2456 367 2532 plagas
400 2459 602 2530 ipsius.
645 2459 877 2515 Sanctus
924 2473 1057 2514 vero
1095 2457 1419 2529 Timotheus
1467 2455 1645 2510 dixit:
1689 2458 1802 2529 Ago

182 2549 277 2605 tibi
307 2552 535 2626 gratias,
566 2552 798 2606 Domine
824 2551 955 2606 Jesu
984 2550 1217 2616 Christe,
1251 2549 1346 2620 qui
1371 2549 1506 2602 mihi
1539 2548 1639 2602 das
1671 2549 1806 2604 toleo

183 2639 408 2694 rantiam
447 2646 509 2694 ut
536 2639 658 2694 hinc
689 2640 894 2710 possim
915 2637 1165 2693 sufferre.
1204 2639 1282 2692 Ita
1313 2638 1457 2691 istud
1487 2636 1690 2692 factum
1719 2648 1803 2692 est

184 2728 236 2782 in
273 2745 502 2802 corpore
536 2746 683 2797 meo,
716 2740 978 2803 tauquam
1009 2730 1135 2786 oleo
1166 2736 1465 2801 perunctus
1493 2730 1617 2784 sim.
1654 2729 1802 2785 Unus

184 2826 359 2874 autem
384 2821 456 2875 de
486 2820 668 2892 ipsius
685 2819 1051 2887 caedentibus,
1078 2819 1303 2874 nomine
1333 2818 1686 2889 Apollinaris,
1720 2818 1805 2874 vi—

185 2911 260 2966 dit
298 2912 436 2967 duos
473 2912 707 2988 angelos
743 2896 953 2967 stantes
990 2912 1058 2965 ad
1098 2912 1240 2966 latus
1279 2911 1417 2979 ejus.
1460 2919 1516 2965 et
1553 2912 1804 2966 dicentes

186 3002 289 3058 illi:
309 3004 655 3073 Confortare,
677 3005 993 3071 Timothee;
1020 3004 1174 3059 missi
1201 3014 1384 3058 autem
1408 3020 1598 3058 sumus
1623 3003 1691 3058 ad
1726 3011 1799 3070 te,

186 3099 241 3145 ut
273 3094 637 3149 ostendamus
674 3093 774 3148 tibi
812 3094 1104 3148 Dominum
1145 3093 1333 3147 Jesum
1366 3091 1664 3160 Christum,
1702 3108 1801 3163 pro

184 3182 331 3249 cujus
354 3184 588 3238 nomine
613 3182 856 3237 sustines
882 3197 1095 3253 pmnas,
1121 3188 1183 3236 ut
1205 3181 1398 3235 videas
1420 3198 1543 3252 qua:
1562 3189 1803 3256 aguntur

186 3272 237 3326 in
260 3276 438 3330 caelis:
470 3276 641 3349 Erige
661 3282 829 3345 caput
854 3282 1034 3340 tuum,
1064 3283 1118 3329 et
1134 3274 1281 3328 vide.
1305 3265 1593 3344 Aspiciens
1616 3281 1800 3329 autem

184 3372 395 3419 sanctus
420 3364 749 3419 Timotheus
772 3362 915 3417 vidit
951 3363 1121 3418 caelos
1152 3369 1393 3432 apertos,
1422 3370 1474 3417 et
1503 3362 1695 3417 Jesum
1734 3363 1804 3417 ad

187 3450 453 3507 dexteram
476 3452 661 3507 Patris
687 3467 949 3507 coronam
981 3459 1263 3506 tenentem
1281 3468 1346 3505 ex
1379 3452 1661 3522 lapidibus
1678 3469 1807 3523 pre-

191 3537 354 3607 tiosis,
377 3558 441 3597 ac
469 3542 756 3596 dicentem
783 3540 927 3595 sibi:
956 3539 1259 3607 Timothee,
1285 3542 1403 3596 haec
1429 3557 1594 3612 quam
1623 3542 1801 3606 vides,

189 3631 283 3685 tibi
320 3642 507 3705 parata
536 3641 643 3688 est.
686 3633 939 3704 Accipies
970 3632 1119 3687 illam
1152 3633 1310 3687 tertia
1352 3633 1445 3688 die
1476 3634 1804 3689 imminente

190 3720 253 3775 de
288 3723 544 3779 manibus
566 3724 730 3777 meis.
764 3723 826 3777 Et
847 3723 1037 3795 Angeli
1065 3722 1324 3776 dixerunt
1351 3721 1402 3776 ei
1434 3739 1449 3775 :
1483 3722 1803 3780 Confortare

189 3812 482 3881 Timothee,
507 3819 566 3869 et
594 3813 857 3869 abierunt
877 3815 930 3869 in
957 3814 1147 3869 eoelos.
1175 3814 1512 3885 Apollinaris
1531 3831 1662 3870 vero
1682 3831 1807 3870 cum

192 3905 298 3961 haec
310 3908 561 3974 vidisset,
579 3906 881 3979 procidens
895 3906 962 3960 ad
989 3907 1158 3977 pedes
1176 3905 1294 3973 ejus
1311 3906 1451 3959 dixit
1466 3907 1548 3959 ei:
1576 3906 1806 3961 Domine

189 3993 480 4064 Timothee,
511 4013 613 4052 ora
641 4011 742 4067 pro
773 4012 860 4050 me
894 4013 907 4048 :
969 3996 1078 4068 Ego
1108 3994 1258 4050 enim
1289 3994 1659 4050 libentissime
1692 4005 1805 4051 tor-

191 4087 389 4156 quehor
413 4106 516 4160 pro
538 4088 771 4144 nomine
800 4086 1022 4154 Christi,
1054 4087 1183 4158 quia
1205 4086 1317 4141 vidi
1353 4095 1534 4141 tecum
1566 4089 1803 4159 loquen-

190 4181 268 4228 tes
301 4176 443 4232 viros
481 4176 990 4249 splendidissimos.
1045 4176 1176 4230 dum
1217 4183 1400 4230 tecum
1438 4175 1801 4246 loquerentur

192 4266 450 4339 magualia
476 4267 575 4322 Dei
598 4267 750 4322 illius
771 4267 865 4338 qui
892 4273 1085 4339 regnat
1116 4266 1172 4319 in
1203 4265 1365 4321 coelo.
1397 4264 1549 4319 Tunc
1574 4281 1798 4338 praeses,

192 4362 246 4406 ut
271 4354 405 4410 vidit
430 4372 493 4411 se
523 4371 650 4411 esse
678 4356 991 4411 confusum.
1027 4354 1166 4409 dixit
1201 4371 1214 4406 :
1246 4353 1480 4408 Sistatur
1508 4354 1798 4425 Apollina-

193 4443 261 4498 ris
288 4462 301 4498 :
331 4445 520 4503 afferte
550 4456 738 4503 autem
769 4446 902 4502 mihi
924 4446 1214 4518 plumbum
1246 4445 1510 4513 bulliens,
1546 4453 1600 4501 et
1630 4444 1801 4502 eﬁ‘un-

191 4537 295 4592 dite
323 4539 375 4594 in
403 4556 466 4596 os
482 4541 683 4613 ipsius,
696 4549 757 4596 ut
777 4556 889 4596 non
915 4540 1045 4596 talia
1070 4540 1238 4595 verba
1256 4534 1528 4610 loquatur.
1556 4538 1803 4611 Cumque

191 4629 399 4687 allatum
431 4633 629 4689 fuisset
660 4633 949 4704 plumbum
978 4633 1242 4698 bulliens,
1276 4641 1329 4687 et
1364 4632 1591 4687 missum
1624 4634 1683 4686 in
1710 4647 1805 4687 ore

194 4718 305 4785 ejus
332 4719 531 4777 factum
564 4730 649 4777 est
689 4722 949 4797 frigidum
976 4730 1238 4794 tanquam
1278 4721 1485 4796 glacies
1539 4723 1665 4777 Viso
1704 4738 1805 4777 au-

197 4817 295 4865 tem
325 4813 428 4870 hoc
455 4815 747 4881 miraculo,
780 4815 1076 4870 multitudo
1112 4830 1312 4888 magna
1340 4811 1577 4868 credidit
1611 4812 1666 4864 in
1698 4811 1807 4865 Do-

198 4904 392 4960 minum
455 4908 645 4963 Jesum
694 4906 991 4962 Christum.
1052 4907 1205 4961 Tunc
1261 4922 1464 4977 praeses
1522 4905 1805 4962 iracundia

199 4996 383 5064 plenus
404 5008 458 5055 et
486 4999 817 5055 confusione
839 5000 1006 5054 dixit:
1043 4999 1240 5055 Ducite
1266 4999 1394 5054 illos
1415 4998 1475 5052 in
1504 5015 1803 5061 carcerem,

198 5102 357 5160 usque
386 5092 513 5147 dum
538 5108 644 5168 ego
667 5099 995 5163 pertractem
1018 5107 1130 5163 quo
1158 5091 1436 5163 supplicio
1462 5089 1806 5146 interfician-

202 5181 296 5231 tur.
323 5178 453 5235 Cum
479 5191 667 5236 autem
690 5182 1049 5247 ducerentur,
1073 5181 1311 5252 plurima
1334 5180 1497 5235 turba
1526 5180 1805 5251 sequeba-

202 5267 280 5316 tur
312 5281 406 5322 eos
432 5267 575 5323 ﬂens
605 5277 660 5323 et
695 5268 893 5325 dicens
925 5286 937 5323 :
982 5269 1022 5324 Ο
1051 5268 1315 5337 injust‘um
1349 5268 1622 5338 judicium
1656 5268 1802 5339 quod

201 5351 380 5413 incidit
412 5360 469 5414 in
508 5360 788 5417 civitatem
827 5362 986 5417 istam
1019 5360 1032 5415 Ι
1094 5360 1351 5417 Perducti
1390 5369 1523 5417 sunt
1567 5376 1699 5416 vero
1744 5361 1801 5415 in

200 5457 482 5516 carcerem,
528 5456 586 5505 et
630 5449 784 5505 multi
839 5459 998 5505 erant
1054 5450 1198 5506 circa
1243 5466 1360 5515 eos,
1420 5449 1804 5505 desiderantes

201 5539 461 5595 consolari
486 5557 516 5595 a
542 5551 737 5601 sancto
774 5542 1082 5599 Timotheo.
1118 5543 1241 5614 Ipsa
1288 5549 1470 5597 autem
1512 5549 1674 5597 nocte
1704 5543 1803 5596 ad-

205 5627 415 5683 veniens
434 5630 661 5701 quidam
687 5631 998 5702 presbyter,
1023 5630 1249 5686 nomine
1280 5630 1521 5698 Maurus,
1552 5630 1804 5687 multitu-

203 5710 371 5770 dinem
396 5718 685 5775 hominum
712 5718 1016 5789 baptizavit
1036 5718 1092 5773 in
1119 5718 1345 5775 nomine
1377 5717 1593 5773 Domini
1628 5721 1798 5774 nostri

202 5798 320 5858 Jesu
347 5804 540 5864 Christi
569 5806 906 5878 Apollinaris
932 5823 1063 5863 vero
1088 5824 1212 5863 cum
1235 5806 1632 5878 baptizaretur,
1663 5807 1802 5863 vidit

1903 641 2103 694 Beatus
2131 657 2214 705 es,
2252 640 2604 710 Apollinaris,
2649 642 2743 712 qui
2797 645 3107 711 credidisti,
3150 646 3296 701 beati
3331 663 3526 705 omnes

1902 730 1995 800 qui
2026 729 2180 784 tincti
2208 729 2414 784 suntin
2442 746 2584 801 aqua
2613 730 2666 784 iu
2695 748 2804 802 qua
2825 739 2879 786 tu
2914 733 3234 803 puriﬁcatus
3261 752 3342 790 es.
3386 739 3523 803 Qui-

1901 837 2122 891 cunque
2144 822 2248 875 hac
2276 830 2434 876 nocte
2478 823 2565 877 hic
2597 822 2903 893 baptizatus
2941 825 3127 893 fuerit,
3161 829 3401 885 crastina
3432 832 3521 888 die

1902 910 1960 964 in
2004 910 2262 980 paradiso
2305 910 2658 980 suscipietur.
2704 912 2816 966 Hoc
2862 921 3042 967 autem
3077 914 3283 971 dictum
3329 934 3525 975 omnes

1901 999 1993 1070 qui
2040 998 2248 1051 ibidem
2288 999 2517 1053 aderant
2542 999 2858 1066 audierunt,
2916 1009 2972 1056 et
3000 1020 3183 1077 genua
3215 1005 3523 1076 ﬂectentes,

1900 1089 2197 1145 dixerunt:
2243 1090 2408 1144 Parce
2472 1090 2656 1152 nobis,
2719 1092 2945 1148 Domine
3010 1096 3153 1150 Deus
3209 1106 3414 1167 uoster,
3471 1109 3526 1156 et

1900 1186 2095 1249 praesta
2126 1177 2563 1233 misericordiam
2595 1188 2739 1234 tuam
2783 1181 2866 1235 his
2914 1182 3007 1252 qui
3041 1183 3279 1258 diligunt
3319 1203 3524 1245 nomen

1898 1275 2074 1322 tuum.
2102 1267 2282 1321 Altera
2302 1275 2483 1321 autem
2513 1267 2604 1323 die
2626 1268 2791 1336 jussit
2813 1287 3019 1339 prmses
3035 1272 3234 1329 adduci
3268 1291 3366 1329 eos
3394 1284 3523 1333 ante

1900 1356 2140 1412 tribunal
2170 1373 2350 1411 suum.
2392 1357 2713 1411 Astantibus
2742 1366 2925 1413 autem
2968 1360 3075 1415 illis
3108 1379 3316 1433 praeses
3346 1366 3521 1422 dixit:

1894 1444 2055 1500 Stulti
2094 1446 2372 1512 homines,
2406 1462 2528 1516 qua:
2561 1462 2649 1500 res
2667 1462 2766 1502 vos
2789 1447 3171 1519 circumvenit,
3190 1461 3249 1507 ut
3279 1456 3520 1511 credatis

1895 1538 1951 1592 in
1976 1537 2258 1592 hominem
2286 1538 2630 1597 crucifixum.
2673 1540 2767 1611 qui
2799 1542 2903 1595 sub
2928 1543 3124 1600 Pontio
3156 1546 3329 1603 Pilato
3351 1551 3523 1605 multa

1895 1644 2199 1699 perpessus
2220 1636 2324 1694 est,
2351 1617 2649 1684 novissime
2679 1639 2863 1684 autem
2884 1632 3177 1689 crucilixus
3205 1639 3470 1693 asseritur
3495 1639 3523 1682 9

1874 1721 2047 1776 'Tuuc
2086 1722 2162 1775 illi
2211 1723 2641 1793 responderunt,
2683 1724 2976 1780 dicentes:
3024 1728 3270 1784 Vidimus
3317 1732 3373 1785 in
3422 1735 3524 1789 hac

1901 1820 2063 1867 nocte
2089 1813 2348 1883 angelum
2397 1812 2491 1866 Dei
2533 1800 3018 1884 loquentem‘cum
3051 1818 3257 1874 sanctis
3286 1837 3427 1891 quos
3468 1833 3521 1878 tu

1900 1908 2058 1958 tenes
2099 1901 2155 1954 in
2202 1917 2465 1956 carcere:
2508 1909 2561 1956 et
2618 1902 2725 1973 ipsi
2780 1905 2963 1977 angeli
3019 1907 3277 1964 dixerunt
3335 1911 3522 1981 nobis,

1900 1994 2068 2050 hodie
2096 1993 2270 2048 ituros
2293 2010 2415 2049 esse
2433 1994 2488 2048 in
2503 1996 2841 2065 paradisum,
2868 2005 2922 2053 et
2941 2010 3270 2070 accepturos
3286 2019 3521 2061 coronas

1897 2100 2036 2156 quas
2069 2083 2147 2139 tui
2186 2083 2332 2138 oculi
2379 2082 2567 2139 videre
2600 2100 2711 2139 non
2743 2086 3122 2143 merebuntur.
3164 2091 3367 2147 Praeses
3394 2110 3524 2149 vero

1899 2176 2189 2232 iracundia
2216 2177 2439 2247 plenus,
2463 2177 2631 2245 jussit
2659 2186 2887 2235 cunctos
2907 2180 3025 2251 [ms.
3060 2183 3110 2251 j.
3134 2183 3403 2258 singulos]
3426 2187 3528 2241 de-

1899 2269 2109 2325 collari.
2141 2268 2387 2340 Cumque
2437 2269 2776 2327 ducerentur
2817 2274 2991 2329 sancti
3021 2282 3173 2330 extra
3220 2277 3525 2349 civitatem,

1899 2357 2260 2433 signaverunt
2289 2373 2349 2412 se
2393 2357 2677 2431 signacula
2718 2360 2939 2429 Christi,
2970 2373 3024 2418 et
3071 2366 3152 2420 sic
3192 2369 3529 2440 martyrizati

1902 2459 2050 2517 sunt,
2105 2448 2436 2505 confitentes
2493 2451 2726 2520 Patrem,
2771 2462 2825 2509 et
2878 2455 3099 2525 Filium,
3156 2470 3211 2514 et
3265 2461 3529 2532 Spiritum

1902 2551 2175 2599 sanctum.
2218 2544 2457 2599 Fuerunt
2493 2554 2679 2599 autem
2719 2563 2913 2603 omnes
2953 2550 3047 2621 qui
3101 2551 3357 2609 decollati
3403 2566 3533 2609 sunt

1903 2633 2303 2709 quinquaginta
2330 2634 2546 2688 virisub
2569 2636 2658 2691 die
2678 2638 2975 2695 undecimo
2998 2640 3529 2715 KalendasSeptem-

1905 2724 2041 2780 bris.

1973 2821 2155 2876 Altera
2172 2829 2357 2877 autem
2382 2821 2473 2876 die
2518 2822 2828 2893 procedens
2867 2840 3094 2895 praeses,
3119 2826 3265 2880 sedit
3299 2844 3397 2898 pro
3428 2828 3531 2883 tri-

1902 2908 2116 2974 bunali,
2172 2919 2424 2966 sanctum
2468 2927 2599 2966 vero
2645 2912 2990 2968 Timotheum
3037 2923 3093 2968 et
3119 2915 3529 2986 Appollinarem

1901 3003 2103 3058 adduci
2138 3002 2422 3074 praecepit.
2471 3004 2789 3060 Astantibus
2828 3012 3011 3060 autem
3051 3006 3181 3073 illis,
3229 3008 3307 3063 ait
3335 3010 3403 3064 ad
3436 3026 3534 3065 eos

1902 3111 2107 3166 prtescs
2139 3113 2153 3148 :
2190 3094 2561 3150 lntelicissimi
2587 3096 3223 3167 hominum,consentite
3239 3103 3533 3172 praeceptis

1902 3188 2324 3259 Imperatorum,
2357 3196 2416 3242 et
2468 3187 2695 3242 adorate
2722 3204 2819 3242 eos
2857 3205 2997 3261 quos
3027 3189 3105 3244 illi
3158 3191 3413 3246 adorant.
3441 3194 3532 3248 Ti-

1903 3279 2161 3332 motheus
2178 3285 2233 3332 et
2260 3275 2593 3347 Apollinaris
2624 3276 2885 3333 dixerunt
2918 3296 2931 3332 :
2972 3279 3078 3334 Nos
3116 3279 3398 3336 demones
3420 3299 3531 3337 non

1904 3370 2220 3438 adoramus,
2253 3368 2350 3422 sed
2368 3367 2545 3422 solum
2580 3367 2874 3423 Dominum
2895 3369 3083 3425 Jesum
3116 3370 3413 3442 Christum,
3433 3374 3529 3447 qui

1904 3468 1990 3516 est
2019 3462 2162 3517 Deus
2187 3462 2345 3517 vivus
2374 3468 2428 3515 et
2452 3476 2635 3525 verus,
2683 3461 2864 3531 ipsum
2891 3465 3380 3534 oportetconfiteri
3406 3482 3528 3522 nos.

1903 3555 1980 3609 Tu
2011 3569 2143 3628 ergo
2177 3570 2246 3608 ne
2278 3561 2441 3624 putes
2457 3568 2559 3608 nos
2578 3552 2795 3608 artibus
2813 3555 2921 3608 tuis
2941 3556 3186 3626 separari
3209 3574 3241 3612 a
3263 3559 3531 3615 charitate

1904 3650 1961 3698 et
1990 3658 2208 3715 aregno
2240 3642 2358 3696 Dei.
2391 3642 2502 3696 Hoc
2530 3651 2715 3696 autem
2775 3641 2875 3696 tibi
2919 3650 3109 3698 notum
3138 3644 3210 3700 sit
3239 3646 3392 3717 quia,
3425 3665 3534 3720 qua

1908 3732 2043 3786 hora
2075 3747 2175 3787 nos
2208 3739 2368 3801 putas
2411 3728 2756 3794 mortificari,
2808 3737 2939 3787 tunc
2977 3732 3345 3801 vivificamur,
3389 3737 3534 3794 sicut

1910 3819 1989 3873 illi
2019 3820 2113 3890 qui
2145 3836 2177 3875 a
2208 3827 2260 3874 te
2294 3820 2554 3874 hesterna
2585 3818 2677 3873 die
2706 3818 2980 3875 interfecti
3005 3830 3155 3889 sunt,
3187 3832 3242 3877 ct
3262 3823 3454 3881 vivunt
3476 3828 3531 3881 in

1907 3910 2081 3967 cmlis.
2115 3912 2189 3966 Te
2210 3927 2343 3985 ergo
2376 3926 2502 3965 vere
2542 3911 2817 3982 percutiet
2860 3912 3020 3968 Jesus
3066 3913 3314 3971 Christus
3344 3918 3531 3974 ulcere

1909 4000 2169 4071 pessimo.
2204 4002 2491 4071 [ratusque
2528 4017 2751 4071 prmses,
2781 4001 2919 4056 dixit
2952 4019 2964 4056 :
3000 4003 3139 4058 Istos
3167 4004 3213 4058 si
3243 4021 3352 4061 non
3380 4024 3533 4063 mor-

1905 4088 2210 4157 tiﬁcavero,
2242 4089 2335 4144 alii
2376 4089 2534 4144 multi
2567 4090 2635 4144 ad
2664 4105 2859 4145 novam
2883 4098 3090 4146 sectam
3130 4095 3349 4148 venturi
3380 4107 3530 4153 sunt.

1903 4182 1994 4238 Sic
2019 4182 2174 4237 dedit
2212 4182 2477 4238 adversus
2492 4198 2589 4237 eos
2630 4183 2988 4251 sententiam,
3020 4192 3079 4239 ut
3102 4186 3287 4259 gladio
3320 4187 3535 4243 interti-

1904 4278 2181 4326 cerentur.
2216 4270 2299 4325 Illi
2353 4279 2560 4339 autem,
2611 4289 2736 4327 cum
2797 4289 2999 4347 magna
3034 4272 3238 4331 fiducia
3280 4277 3532 4347 perducti

1905 4368 2035 4416 sunt
2063 4371 2213 4416 extra
2250 4359 2528 4416 civitatem
2570 4360 2626 4416 in
2655 4362 2744 4416 via
2774 4378 2897 4432 quae
2940 4363 3234 4433 appelatur
3263 4363 3532 4434 Cmsarea,

1907 4453 1962 4507 in
1996 4455 2178 4509 locum
2240 4452 2335 4524 qui
2393 4454 2619 4508 Buxitus
2658 4453 2880 4519 dicitur,
2936 4454 3129 4526 ibique
3161 4457 3536 4527 martyrizavit

1829 4585 1882 4653 0
1908 4563 2027 4616 eos,
2058 4547 2160 4602 sub
2192 4546 2283 4601 die
2313 4546 2531 4601 decimo
2564 4544 2835 4601 Kalendas
2881 4546 3245 4618 Septembris,
3288 4558 3342 4604 et
3371 4566 3534 4606 coro-

1909 4637 2019 4691 nati
2052 4645 2181 4690 sunt
2200 4634 2270 4690 ab
2296 4635 2531 4707 angelis,
2567 4640 2622 4689 et
2662 4650 2765 4693 vox
2804 4634 2994 4691 audita
3018 4644 3121 4702 est,
3154 4638 3347 4693 dicens
3380 4639 3530 4695 :Vc-

1907 4726 2042 4792 nite,
2074 4724 2361 4780 Timothee
2392 4733 2447 4779 et
2494 4723 2885 4796 Appollinaris,
2920 4725 3267 4783 dilectissimi
3314 4727 3445 4795 mei,
3478 4740 3533 4785 et

1906 4814 2198 4870 ostendam
2225 4812 2387 4869 vobis
2412 4823 2619 4885 quanta
2650 4812 2926 4869 mirabilia
2957 4815 3241 4871 meruistis
3277 4832 3377 4887 pro
3407 4833 3533 4873 ant-

1906 4905 2103 4961 mabus
2132 4906 2352 4972 vestris,
2386 4922 2523 4978 quas
2552 4906 2835 4962 obtulistis
2865 4923 2965 4979 pro
3023 4908 3248 4963 nomine
3274 4924 3399 4964 meo
3432 4926 3446 4975 ;
3479 4921 3534 4966 et

1905 4993 2100 5049 scitote
2117 5011 2240 5065 quae
2256 4993 2500 5051 facturus
2514 5012 2635 5051 sum
2654 4996 2953 5066 Lampadio
2966 4996 3207 5066 praesidi.
3223 4996 3532 5070 Statimque

1901 5082 2148 5152 jaculum
2170 5084 2396 5158 igneum
2427 5085 2716 5142 descendit
2738 5086 2806 5140 de
2824 5086 2964 5141 coelo
2981 5086 3168 5141 multis
3183 5086 3530 5158 videntibus,

1909 5180 1964 5227 et
1994 5174 2305 5247 ingressum
2339 5185 2423 5231 est
2474 5177 2765 5232 humerum
2814 5177 2935 5244 ejus
2964 5175 3238 5243 dextrum,
3269 5186 3324 5232 et
3349 5193 3380 5232 a
3411 5177 3528 5232 dte-

1910 5267 2096 5321 monio
2116 5277 2369 5337 arreptus
2393 5268 2561 5325 vitam
2580 5268 2777 5324 finivit.
2798 5269 3040 5338 Corpora
3057 5285 3188 5325 vero
3210 5277 3525 5326 sanctorum

1905 5355 2123 5425 sepulta
2147 5367 2277 5411 sunt
2296 5373 2327 5411 a
2357 5357 2684 5412 Christianis
2700 5357 2791 5411 die
2813 5373 2961 5412 nono
2985 5357 3257 5413 Kalendas
3281 5359 3529 5430 Septem-

1908 5445 2042 5502 bris.
2076 5447 2349 5502 Eusebius
2378 5448 2603 5520 quidam
2627 5449 2710 5503 vir
2730 5449 3074 5519 spectabilis,
3100 5451 3195 5522 qui
3216 5458 3271 5505 ct
3292 5450 3412 5521 ipse
3432 5467 3531 5521 per

1904 5539 2141 5594 verbum
2173 5539 2418 5609 ipsorum
2451 5540 2708 5607 credidit,
2741 5540 3033 5597 fabricavit
3072 5541 3182 5596 illis
3220 5542 3529 5611 basilicam,

1906 5628 1961 5681 in
1992 5643 2102 5699 qua
2155 5627 2327 5682 multa
2357 5626 2516 5703 signa
2546 5639 2601 5684 et
2650 5630 2896 5686 remedia
2927 5631 3312 5686 ostenderunt.
3362 5629 3532 5683 Caacis

1903 5717 2102 5783 visum,
2130 5716 2343 5771 claudis
2362 5734 2612 5791 gressum
2635 5719 3021 5787 reddiderunt,
3056 5727 3111 5774 et
3139 5718 3233 5791 qui
3266 5735 3297 5772 a
3319 5719 3527 5770 daemo—

1904 5804 2071 5860 nibus
2121 5804 2463 5862 vexabantur
2506 5809 2681 5864 curati
2732 5817 2862 5864 sunt
2919 5809 2976 5863 in
3025 5810 3249 5863 nomine
3304 5801 3519 5858 Domini
