3884 6420
407 437 478 492 35
1536 414 1905 475 FLODOARDI
1945 414 2252 475 CANONICI
2289 420 2619 481 REMENSIS
3661 444 3754 505 .33

405 558 578 615 nostri
607 558 738 613 Jesu
771 554 993 612 Christi.
1039 553 1240 608 Eorum
1269 563 1398 604 vero
1429 562 1663 618 corpora
1702 547 1884 602 donus
1913 547 2024 603 Til-
2041 543 2302 614 Avicum
2318 550 2517 606 horum
2564 562 2877 612 constructa
2932 558 3135 615 decore
3170 572 3487 622 sanctorum
3520 568 3751 630 basilica

406 653 576 724 pinus
604 649 1057 718 archiepiscOpus
1083 642 1256 699 veteri
1310 655 1641 712 promovens
1672 640 1902 705 tumulo,
1935 656 2025 694 se-

404 742 657 813 pulcrum
678 741 926 811 ipsorum
942 736 1203 790 decenter
1227 736 1456 804 argento
1482 728 1764 783 decoravit
1789 736 1845 783 et
1863 745 2016 785 auro.

404 829 581 885 Altare
626 826 867 897 denique
926 823 1075 896 quod
1119 828 1247 875 ante
1280 818 1525 874 tumbam
1558 818 1878 873 eorumdem
1915 829 2023 874 stat

403 922 669 987 medium,
693 918 865 974 sancti
903 915 1070 970 Mauri
1121 914 1294 968 fertur
1325 912 1579 983 reliquiis
1616 919 1671 966 et
1697 914 1909 968 honore
1939 915 2021 969 dit

399 1021 602 1079 catum,
636 1011 731 1084 qui
757 1010 955 1065 eodem
980 1022 1090 1079 quo
1121 1004 1333 1076 praefati
1388 1013 1659 1075 tempore,
1683 1020 1782 1075 pro
1805 1004 2020 1062 Christo

397 1121 574 1162 caesus
610 1103 813 1174 capite,
867 1102 1115 1172 ipsorum
1163 1097 1367 1152 meruit
1420 1096 1700 1151 consortio
1755 1097 2014 1153 renitere.

398 1199 564 1268 Cujus
592 1212 717 1253 ossa
762 1196 818 1250 in
850 1192 1086 1249 ecclesia
1121 1190 1271 1245 beati
1304 1188 1506 1244 Celsini
1535 1198 1823 1244 servantur
1844 1190 2019 1261 depo-

395 1290 519 1345 sita.
554 1290 729 1360 Caput
785 1293 969 1343 autem
1015 1284 1156 1339 infra
1185 1282 1465 1338 civitatem
1510 1281 1655 1336 intra
1707 1282 1885 1338 beatae
1918 1284 2012 1339 Dei

394 1382 683 1456 genitricis
706 1381 889 1436 Mariae
910 1378 1196 1433 basilicam
1219 1376 1276 1430 in
1307 1392 1432 1431 arca
1451 1391 1612 1430 secus
1637 1375 1808 1429 altare
1838 1392 2015 1430 vene-

395 1480 546 1527 ratur
569 1470 937 1526 reconditum.
972 1467 1095 1537 Ipsa
1128 1466 1295 1520 etiam
1345 1466 1759 1535 praemissorum
1782 1464 2018 1520 ecclesia

394 1572 694 1635 martyrum
723 1560 1054 1637 pignoribus
1091 1557 1457 1629 complurium
1502 1556 2018 1630 traditurinsignita

389 1663 727 1710 sanctorum.
753 1656 811 1708 In
839 1653 997 1721 cuius
1017 1652 1243 1705 dextera
1274 1655 1428 1719 parte
1449 1656 1763 1702 sanctorum
1807 1647 2013 1702 Silvani

388 1753 443 1800 et
472 1744 700 1799 Silviani
765 1743 826 1816 [j,
873 1739 1181 1809 Silviniani]
1218 1756 1232 1803 ;
1268 1738 1324 1791 in
1381 1738 1606 1792 sinistra
1654 1752 1786 1791 vero
1838 1736 2011 1791 sancti

385 1835 637 1890 Tonantii
670 1843 725 1889 et
748 1832 924 1888 sancti
953 1830 1134 1887 Jovini
1168 1829 1421 1884 feruntur
1452 1826 1720 1882 reservari
1751 1842 2007 1896 corpora.

386 1930 484 1986 Hic
512 1931 677 1984 etiam
724 1929 777 1983 in
828 1927 1023 1983 eadem
1066 1930 1381 1979 sanctorum
1413 1920 1643 1975 basilica
1671 1920 1869 1974 beatus
1901 1920 2006 1975 Re-

382 2019 587 2092 migius
609 2017 881 2072 tumulum
931 2017 1038 2072 sibi
1062 2014 1243 2087 parari
1274 2013 1606 2085 praecepisse
1626 2012 1920 2082 reperitur,
1944 2018 2006 2065 ut

385 2124 509 2186 post
530 2115 807 2170 conditam
827 2111 1139 2169 testamenti
1157 2109 1243 2164 sui
1264 2105 1663 2164 continentiam
1686 2103 2002 2171 subintulit,

381 2207 618 2262 addens:
641 2228 662 2258 ι
684 2207 811 2262 Post
835 2204 1120 2261 conditum
1135 2205 1544 2262 testamentum,
1577 2196 1688 2250 imo
1704 2195 2003 2268 signatum,

380 2295 621 2350 occurrit
645 2294 905 2349 sensibus
935 2291 1094 2357 meis,
1128 2297 1189 2344 ut
1217 2287 1461 2343 basilicae
1492 2288 1822 2341 domnorum
1856 2301 2006 2339 mar-

382 2391 558 2454 tyrum
587 2384 861 2440 Timothei
885 2391 940 2438 et
968 2380 1303 2454 Apollinaris
1340 2379 1656 2434 missorium
1680 2385 2001 2448 argenteum

377 2496 470 2534 sex
512 2479 777 2534 librarum
809 2480 887 2534 ibi
940 2481 1227 2551 deputem,
1277 2486 1338 2533 ut
1386 2493 1453 2532 ex
1505 2492 1572 2532 eo
1605 2476 1788 2553 sedes
1820 2474 2003 2531 futura

377 2585 627 2624 meorum
684 2572 891 2625 ossium
932 2578 1369 2639 componatur.»
1404 2567 1511 2621 Sed
1557 2575 1611 2622 et
1658 2567 1714 2620 in
1756 2567 1876 2637 ipso
1914 2574 2000 2624 te-

373 2667 647 2716 stamento
677 2679 799 2729 suo,
842 2662 1138 2717 duodecim
1186 2662 1397 2718 solidos
1440 2662 1507 2716 ad
1539 2661 1715 2732 ipsius
1753 2659 1998 2714 basilica!

373 2765 647 2805 cameram
679 2753 1001 2806 struendam
1052 2752 1292 2820 jusserat
1329 2751 1470 2805 dari.
1532 2751 1740 2806 Diversi
1773 2766 1997 2824 quoque

374 2838 611 2892 diversis
639 2839 788 2894 idem
833 2838 1242 2910 locupletavere
1293 2840 1519 2894 dotibus
1548 2840 1817 2911 templum
1853 2858 1867 2905 ;
1898 2842 1994 2896 ubi

372 2926 611 2982 domnus
657 2928 1062 2992 Gondebertus,
1105 2928 1190 2983 vir
1245 2928 1603 2991 clarissimus,
1651 2945 1775 2983 cum
1826 2946 1995 2986 uxore

370 3031 470 3070 sua
501 3016 719 3082 Bertha,
753 3017 939 3071 villam
967 3016 1024 3070 in
1057 3031 1198 3088 pago
1246 3017 1508 3072 Vontinse
1539 3016 1722 3082 sitam,
1767 3017 1995 3074 Perthas

369 3105 618 3173 nomine,
676 3106 851 3161 dedit.
913 3105 1208 3176 Reperitur
1250 3114 1433 3160 autem
1501 3106 1990 3180 congregationem

368 3193 576 3248 ibidem
609 3210 1005 3266 nonnunquam
1044 3193 1260 3269 viginti.
1284 3209 1680 3265 nonnunquam
1695 3195 1991 3251 duodecim

366 3281 540 3337 fuisse
567 3283 918 3348 clericorum,
951 3291 1012 3337 ut
1042 3282 1099 3336 in
1158 3292 1405 3353 tempore
1436 3283 1765 3338 Theoderici
1819 3287 1985 3357 regis,

365 3370 589 3439 quando
615 3371 684 3425 ad
724 3372 975 3425 eamdem
1025 3371 1311 3425 basilicam
1366 3372 1702 3441 prtediorum
1759 3372 1988 3429 donaria

367 3462 525 3531 plura
546 3462 812 3536 leguntur
842 3462 1059 3517 tradita.
1092 3462 1154 3517 Et
1185 3479 1362 3534 usque
1407 3463 1472 3517 ad
1534 3463 1778 3519 recentia
1808 3481 1988 3537 nuper

365 3562 617 3624 tempora
647 3556 871 3626 (quibus
919 3555 1187 3628 religione
1239 3554 1554 3619 deficiente.
1610 3557 1678 3611 ad
1711 3556 1876 3612 unius
1902 3565 1985 3613 est

362 3646 585 3707 redacta
621 3648 930 3718 presbyteri
965 3648 1206 3715 titulum)
1253 3649 1363 3703 Deo
1409 3648 1775 3703 servientium
1812 3658 1980 3715 metu,

359 3735 706 3809 dignoscitur
748 3736 1013 3810 insignita
1054 3736 1320 3791 virorum.
1355 3736 1644 3789 Nonnullis
1670 3736 1837 3790 etiam
1857 3737 1983 3792 aliis

359 3824 565 3894 templa
617 3824 769 3889 locis,
829 3840 1020 3879 eorum
1077 3824 1373 3894 Splendent
1430 3825 1641 3878 honore
1699 3824 1978 3893 decorata,

355 3916 619 3987 quoniam
640 3917 816 3990 signis
842 3916 1095 3987 pluribus
1117 3915 1198 3970 eis
1219 3915 1351 3971 olim
1372 3915 1812 3985 coruscantibus,
1829 3932 1982 3971 ama-

354 4014 502 4060 tores
530 4005 730 4061 Christi
785 4008 1069 4061 memoriis
1122 4007 1371 4077 ipsorum
1402 4022 1531 4060 suas
1579 4007 1831 4062 excolere
1858 4015 1979 4063 stu-

351 4095 592 4149 duerunt
619 4105 785 4166 atque
813 4095 1028 4149 munire
1044 4095 1441 4166 possessiones.
1459 4096 1698 4160 Quorum
1724 4096 1973 4167 quidam,

350 4202 451 4240 ceu
484 4187 780 4260 Gregorius
819 4187 1156 4241 Turonensis
1200 4187 1498 4257 episcopus
1547 4187 1603 4240 in
1635 4187 1778 4243 libro
1809 4189 1973 4243 Mira-

347 4278 597 4334 culorum
630 4278 820 4345 refert,
850 4294 1044 4334 eorum
1107 4278 1391 4349 reliquias,
1445 4277 1717 4335 aediﬁcata
1776 4282 1969 4336 horum

348 4370 556 4425 honore
583 4370 834 4435 basilica,
862 4371 1098 4425 devotus
1119 4370 1372 4440 expetiit.
1406 4371 1549 4435 Quas
1570 4371 1833 4443 pontifice
1865 4372 1968 4428 loci

345 4475 444 4529 per
500 4463 883 4534 presbyterum
964 4459 1267 4517 honorifice
1324 4461 1621 4533 dirigente,
1677 4462 1807 4517 dum
1866 4464 1972 4518 iter

344 4538 838 4625 idem/presbyter
885 4562 1097 4627 ageret,
1145 4553 1214 4607 ab
1271 4552 1437 4608 obvia
1463 4553 1702 4624 quadam
1734 4554 1968 4609 muliere

341 4640 630 4709 salutatus,
684 4641 890 4697 obnixe
938 4640 1367 4713 importuneque
1399 4641 1467 4695 ab
1518 4657 1583 4695 ea
1611 4649 1837 4715 rogatus
1861 4650 1964 4706 est,

340 4735 400 4783 ut
427 4730 623 4784 horum
680 4730 788 4784 sibi
842 4728 1108 4801 quiddam
1139 4729 1433 4802 pignorum
1465 4730 1807 4785 condonaret
1860 4731 1960 4796 Qui

338 4820 433 4874 diu
466 4821 702 4875 nutatim
746 4819 1029 4888 differens,
1074 4820 1328 4875 mulieris
1358 4820 1715 4891 improbitate
1740 4821 1962 4876 tandem

336 4913 608 4980 devictus,
659 4928 942 4969 sacrorum
986 4913 1237 4969 cinerum
1298 4912 1626 4984 particulam
1674 4914 1842 4967 tradit
1867 4928 1960 4968 ro-

334 5005 508 5078 ganti.
557 5008 909 5076 Ascensoque
954 5005 1190 5071 caballo,
1233 5005 1543 5074 injunctum
1574 5004 1681 5059 sibi
1722 5005 1960 5059 moliens

335 5098 441 5151 iter
479 5095 764 5166 expedire,
806 5097 1124 5151 nullatenus
1179 5112 1306 5151 eum
1349 5096 1629 5167 percussis
1658 5096 1956 5150 admodum

334 5183 621 5250 lateribus,
650 5184 1003 5239 valetitineri
1034 5199 1380 5255 promovere.
1411 5184 1644 5253 insuper
1670 5185 1789 5253 ipse
1819 5201 1960 5255 quo-

329 5291 438 5347 que
460 5277 540 5329 sic
580 5276 803 5330 interim
834 5284 1207 5349 praegravatus
1238 5275 1590 5346 opprimitur,
1637 5282 1698 5329 ut
1745 5276 1831 5329 vix
1856 5293 1956 5331 va-

326 5370 466 5423 leret
495 5367 748 5423 attollere
780 5376 965 5437 caput.
1001 5368 1077 5420 Ita
1117 5369 1341 5421 demum
1376 5366 1823 5421 animadvertens
1841 5368 1954 5423 vir-

327 5468 438 5514 tute
457 5477 515 5514 se
535 5460 776 5513 detineri
811 5467 1137 5526 martyrum,
1172 5467 1354 5514 motus
1389 5458 1717 5528 pwiiitentia
1746 5461 1958 5531 recepit

320 5557 657 5618 opportune,
682 5546 1035 5617 quodlargiri
1054 5546 1749 5620 przesumpsitincongrue,
1777 5549 1959 5603 redhi-

318 5638 547 5710 bitaque
578 5652 859 5692 sacrorum
915 5652 1079 5706 quam
1136 5639 1453 5708 dempserat
1509 5640 1781 5710 portione,
1816 5640 1959 5694 liber

316 5731 383 5784 ad
412 5730 568 5797 jussa
599 5728 879 5781 relaxatur
906 5728 1079 5784 abire.
1115 5730 1273 5799 Apud
1296 5730 1701 5785 Duodeciacum
1731 5747 1955 5802 quoque

393 5853 465 5921 (1)
530 5851 670 5907 Otho
713 5849 755 5915 Ι,
796 5850 888 5918 qui
927 5859 981 5905 et
1019 5853 1265 5925 Magnus.

2124 650 2443 712 martyrum,
2468 659 2794 716 magnorum
2828 647 3161 717 praedicatur
3186 653 3405 711 radiare
3431 658 3616 715 nitore
3633 677 3750 717 ma-

2121 730 2389 802 gnalium,
2419 731 2766 804 optabilique
2801 735 3075 809 refulgere
3105 741 3283 813 gratia
3312 745 3613 802 sanitatum

2193 822 2344 877 Beati
2375 823 2620 895 denique
2635 824 2906 881 Timothei
2939 844 3084 898 ossa,
3119 847 3213 886 rex
3240 832 3379 890 Otho
3410 837 3505 906 (1),
3546 855 3751 897 conce-

2122 911 2290 966 dente
2322 911 2541 966 Artaldo
2563 913 3010 987 archiepiscopo,
3042 920 3321 976 transferri
3364 922 3500 981 fecit
3547 928 3604 982 in
3647 930 3749 985 Sa-

2120 1000 2363 1067 xoniam,
2391 1006 2446 1055 et
2472 1003 2867 1058 monasterium
2923 1010 3320 1066 monachorum
3350 1012 3407 1067 in
3433 1015 3557 1085 ejus
3589 1017 3748 1075 insti-

2119 1088 2474 1144 tuithonore.
2509 1090 2568 1143 In
2588 1107 2696 1162 qua
2729 1095 3088 1152 translatione
3124 1101 3296 1156 multa
3324 1102 3465 1159 mira
3496 1104 3751 1164 feruntur

2119 1187 2360 1235 ostensa.
2386 1180 2519 1234 Nam
2542 1188 2603 1235 ut
2635 1183 2792 1238 Anno
2819 1191 2950 1240 tunc
2991 1174 3186 1256 abbas,
3233 1208 3382 1249 nunc
3424 1197 3745 1270 episcopus,

2121 1271 2256 1325 mihi
2288 1271 2500 1338 retulit,
2535 1289 2568 1326 a
2613 1290 2724 1344 quo
2769 1276 2962 1331 eadem
3011 1294 3168 1335 sacra
3212 1283 3448 1356 pignora
3481 1290 3747 1347 translata

2119 1372 2267 1430 sunt,
2300 1365 2618 1435 praeteralia
2640 1366 2799 1437 plura
2821 1369 3088 1434 remedia,
3114 1371 3577 1433 duodeciminter
3594 1382 3748 1437 clau-

2122 1455 2222 1511 dos
2243 1462 2297 1511 et
2326 1472 2504 1511 caecos
2519 1456 2674 1513 fuere
2703 1460 2901 1516 curati.
2920 1461 3121 1518 Beatus
3148 1480 3375 1537 quoque
3390 1469 3743 1541 Apollinaris,

2120 1544 2342 1599 ossibus
2369 1546 2485 1600 suis
2532 1546 2589 1600 in
2620 1546 2931 1604 Orbacense
2967 1550 3166 1620 [Orbay
3219 1552 3305 1607 vel
3338 1554 3494 1627 Orbe]
3553 1574 3747 1616 mona.

2118 1637 2349 1691 sterium
2380 1638 2681 1705 translatis,
2714 1642 2999 1696 nonnullis
3041 1642 3184 1696 inibi
3232 1643 3432 1701 ﬂorere
3461 1658 3747 1719 spectatur

2115 1728 2418 1801 gratiarum
2446 1729 2782 1803 insignibus.

2772 1822 2984 1879 CAPUT
3019 1824 3077 1882 V.

2290 1918 2366 1969 De
2394 1917 2790 1972 successoribus
2809 1920 3218 1987 prmissorum
3241 1925 3568 1990 pmsulum.

2182 2002 2591 2073 Frequentibus
2622 2004 2793 2076 igitur
2822 2007 3274 2076 persecutionum
3307 2013 3570 2081 procellis
3600 2014 3744 2072 into-

2110 2092 2394 2156 nantibus,
2438 2094 2697 2149 Ecclesiae
2731 2096 2936 2166 puppis
2986 2107 3188 2152 nostrae
3212 2098 3438 2168 jactata,
3473 2101 3742 2160 diversis-

2109 2198 2219 2253 que
2250 2197 2518 2253 Oppressa
2543 2183 2826 2250 ﬂuctibus,
2860 2185 3126 2256 quoniam
3170 2195 3338 2258 caput
3358 2189 3446 2243 vix
3478 2193 3736 2250 attollere

2109 2279 2350 2341 poterat,
2389 2280 2595 2343 quanto
2630 2273 2792 2327 sedes
2838 2274 2960 2345 ipsa
3012 2284 3262 2347 tempore
3317 2286 3532 2334 rectore
3561 2297 3737 2338 vacua

2107 2360 2280 2434 digno
2311 2361 2603 2426 resederit,
2633 2362 2779 2416 haud
2836 2361 2997 2419 facile
3027 2364 3310 2435 panditur,
3349 2366 3491 2422 adeo
3519 2377 3581 2424 ut
3608 2381 3735 2441 post

2105 2454 2419 2524 praemissos
2450 2462 2650 2510 nostrae
2679 2454 2810 2509 ﬁdei
2843 2455 3054 2524 Patres,
3082 2456 3307 2525 beatum
3323 2458 3532 2514 Sixtum
3564 2473 3734 2534 atque

2101 2546 2393 2613 Sinicium,
2454 2563 2629 2602 unum
2695 2547 2961 2603 duntaxat
3024 2550 3318 2619 praesulem
3378 2550 3734 2611 inveniamus

2098 2634 2435 2690 Armarsium
2458 2635 2527 2689 ad
2559 2634 2855 2706 imperium
2887 2652 3066 2707 usque
3102 2636 3469 2708 Constantini,
3490 2641 3596 2697 sub
3618 2660 3730 2715 quo

2099 2726 2389 2781 Betausius
2415 2728 2711 2797 reperitur,
2756 2728 2852 2799 qui
2911 2744 3037 2783 eum
3087 2728 3463 2804 Primogenito
3493 2734 3730 2791 diacone

2098 2833 2219 2884 suo,
2260 2818 2474 2889 primus
2501 2835 2569 2874 ex
2600 2819 2701 2874 hac
2729 2819 2947 2893 Belgica
2978 2821 3263 2892 provincia
3310 2824 3513 2896 legitur
3538 2827 3730 2883 Arela-

2099 2910 2239 2965 tensi
2272 2910 2465 2982 primae
2514 2910 2833 2967 interfuisse
2864 2912 3078 2982 sydono
3108 2914 3295 2970 relatae
3325 2931 3425 2986 per
3454 2916 3724 2974 Marinum

2097 3002 2420 3073 episcOpum
2447 3002 2770 3059 beatissimo
2801 3020 2959 3075 papae
3007 3004 3296 3073 Silvestro,
3339 3008 3641 3064 Volusrano
3670 3020 3727 3065 et

2096 3095 2306 3150 Aniano
2334 3095 2677 3151 consulibus.
2718 3096 2841 3151 Post
2871 3113 3036 3168 quem
3066 3098 3232 3168 Aper,
3258 3099 3391 3154 inde
3430 3100 3725 3157 Maternia-

2095 3202 2220 3253 nus,
2251 3187 2412 3256 cujus
2456 3187 2725 3259 reliquias
2752 3187 2959 3244 ossium
3009 3188 3247 3245 domnus
3274 3190 3601 3247 Hincmarus
3630 3210 3725 3248 ar-

2017 3241 2067 3309 C
2092 3241 2956 3346 chiepiscopuvaudovicofregi

2091 3366 2299 3421 rexisse
2329 3375 2724 3423 commemorat
2772 3367 2829 3421 in
2862 3367 3099 3438 epistola
3140 3385 3238 3440 pro
3268 3369 3542 3439 ejusdem,
3575 3374 3721 3428 alio-

2091 3470 2322 3525 rumqne
2371 3464 2689 3510 sanctorum
2748 3455 3079 3530 pignoribus
3119 3458 3187 3512 ad
3219 3459 3477 3514 eumdem
3529 3476 3716 3534 regem

2088 3544 2426 3597 transmissa.
2497 3543 2633 3598 Hinc
2705 3544 3043 3600 Donatianus
3108 3547 3317 3621 exstitit
3393 3548 3714 3621 episcopus,

2086 3632 2245 3699 cujus
2292 3631 2457 3686 etiam
2491 3632 2723 3705 pignora
2758 3633 3064 3688 maritimas
3107 3620 3163 3688 in
3215 3643 3402 3705 partes
3439 3620 3714 3709 episcopii

2085 3718 2539 3791 Noviomagensis
2559 3722 2644 3775 vel
2683 3720 3049 3776 Tornacensis
3080 3723 3310 3793 perlata,
3336 3724 3491 3780 vario
3523 3726 3720 3799 signo-

2085 3827 2205 3865 rum
2255 3821 2634 3867 memorantur
2679 3813 2978 3883 splendore
3010 3814 3269 3871 decorata
3315 3816 3487 3881 Quem
3515 3817 3718 3873 beatus

2081 3899 2363 3954 Viventius
2421 3910 2529 3955 tam
2587 3900 2768 3956 celsus
2820 3902 3049 3957 illustris
3078 3903 3204 3959 vitae
3254 3905 3490 3971 meritis,
3539 3923 3711 3978 quam

2079 3988 2227 4043 claro
2276 3989 2610 4060 pontificalis
2656 3991 2912 4061 sequitur
2957 3992 3156 4048 ordine
3208 3993 3491 4050 culminis.
3539 3996 3712 4064 Cujus

2077 4077 2243 4132 etiam
2269 4094 2423 4134 sacra
2450 4080 2705 4134 membra
2734 4080 2938 4136 domno
2969 4076 3159 4137 Ebone
3201 4084 3452 4138 antistite
3515 4096 3707 4140 nostro

2076 4170 2379 4239 deferente,
2422 4187 2591 4241 super
2642 4171 2868 4226 fluvium
2901 4173 3102 4229 Mosam
3159 4176 3441 4242 translata,
3475 4177 3710 4249 Braquis

2075 4263 2341 4319 instructa
2391 4263 2649 4332 ecclesia,
2708 4264 3092 4338 dispositaque
3142 4266 3560 4324 famulariorum
3615 4287 3710 4326 ca—

2075 4362 2226 4409 terva
2255 4355 2604 4424 clericorum,
2661 4355 2854 4412 debito
2914 4358 3273 4428 deponuntur
3320 4361 3533 4417 honore
3582 4379 3707 4417 ser-

2072 4444 2269 4499 vanda.
2325 4444 2427 4498 Ubi
2483 4445 2651 4499 etiam
2698 4445 2957 4516 pluribus
3015 4448 3147 4502 olim
3185 4449 3455 4504 renituise
3498 4452 3711 4521 praedi-

2071 4539 2227 4587 catur
2280 4532 2616 4608 insignibus,
2668 4533 2882 4589 claudis
2933 4551 3209 4610 gressum,
3256 4540 3425 4594 caecis
3475 4556 3708 4613 quoque

2069 4619 2375 4675 reformans
2403 4630 2708 4691 aspectum,
2735 4625 2825 4678 cui
2856 4626 3125 4682 successit
3148 4629 3404 4683 Severus.

2706 4728 2918 4784 CAPUT
2964 4731 3049 4786 Vl.

2598 4821 2673 4872 De
2706 4823 2893 4873 sancto
2915 4821 3153 4877 Nicasio.

2134 4911 2264 4965 Post
2302 4910 2622 4981 praemissos
2674 4912 2947 4981 prwsules
2999 4913 3198 4967 beatus
3257 4912 3505 4970 Nicasius
3543 4919 3703 4974 cultu

2061 5003 2316 5073 sequitur
2340 5002 2720 5073 pontiﬁcatus,
2747 5019 2963 5077 magnae
2993 5005 3079 5060 vir
3112 5004 3418 5073 cliaritatis,
3453 5025 3707 5083 magnae-

2061 5108 2171 5162 que
2209 5094 2557 5160 constantiaa,
2596 5094 2699 5148 sub
2758 5094 3054 5150 Vandalica
3102 5095 3160 5149 in
3209 5096 3397 5151 Galliis
3428 5115 3703 5168 persecu-

2062 5184 2233 5250 tione,
2281 5195 2486 5241 sanctae
2545 5186 2654 5240 sibi
2709 5187 3020 5242 commissae
3074 5188 3449 5244 validissimus
3513 5204 3702 5247 rector

2062 5277 2340 5347 Ecclesiae,
2383 5278 2440 5335 in
2491 5293 2626 5349 pace
2651 5279 2878 5349 quidem
2912 5280 3240 5343 nobilitator
3280 5297 3345 5337 ac
3374 5284 3695 5352 decoratur,

2055 5367 2117 5421 in
2147 5367 2411 5437 periculis
2440 5383 2571 5423 vero
2621 5369 2940 5424 moderator
2968 5376 3023 5424 et
3080 5376 3250 5425 tutor.
3283 5370 3394 5441 piis
3420 5374 3693 5442 pupulum

2058 5459 2328 5514 doctrinis
2343 5468 2398 5515 et
2427 5461 2698 5531 exemplis
2728 5461 3048 5529 instituens,
3078 5462 3452 5535 decoremque
3466 5464 3697 5521 ccelibis

2058 5568 2277 5622 sponsa:
2309 5553 2506 5607 Christi
2541 5553 2782 5619 Ecclsiaa,
2817 5554 3043 5610 fabricis
3089 5562 3145 5610 et
3181 5556 3471 5610 ornatibus
3510 5560 3691 5613 attol-

2062 5641 2199 5696 lens.
2234 5643 2282 5696 ls
2306 5658 2544 5712 namque
2580 5643 2733 5697 sedis
2787 5643 2950 5711 hujus
2996 5651 3199 5699 sanctae
3230 5643 3463 5700 basilica
3493 5646 3550 5699 in
3583 5647 3694 5717 lio-

2064 5748 2199 5787 nore
2233 5743 2519 5803 perpetuae
2546 5733 2783 5806 virginis
2816 5735 2913 5789 Dei
2945 5737 3237 5809 genitricis
3256 5736 3462 5807 Mariae,
3493 5738 3691 5792 divina
