3884 6410
214 349 287 403 37

213 482 453 537 traditur
478 484 794 541 admonitus
822 491 1162 548 revelatione
1194 494 1476 565 fundasse,
1519 516 1681 570 quam
1715 518 1843 572 pro-

211 573 338 642 prio
371 589 590 645 quoque
621 581 965 635 consecravit
1014 585 1307 656 sanguine.
1371 588 1639 645 Cathedra
1669 594 1845 664 siqui-

207 662 341 716 dem
378 664 711 734 pontiticalis
738 670 1042 741 antiquitus
1069 674 1123 727 in
1172 678 1428 743 ecclesia,
1455 696 1579 750 quae
1604 682 1672 735 ad
1696 662 1845 754 Apo-

205 756 383 809 stolos
413 756 636 826 dicitur,
696 763 968 818 exstitisse
1030 766 1220 823 fertur.
1258 769 1353 824 Hic
1380 771 1575 827 beatus
1613 774 1844 830 antistes

203 845 461 919 angelica
526 851 949 918 prazmonitione
1008 853 1329 924 instructus,
1398 860 1633 915 futuram
1677 863 1841 937 longe

204 943 336 989 ante
361 936 647 1006 praescisse
694 940 928 995 docetur
951 942 1410 1015 internecionem,
1438 936 1840 1020 perniciosam-

204 1038 313 1093 que
346 1027 733 1096 prosperitatis
779 1030 1166 1107 redarguendo
1220 1037 1595 1105 securitatem,
1656 1041 1839 1097 immi-

204 1124 434 1171 nentem
456 1119 630 1174 divini
646 1122 967 1193 pra-dixisse
990 1127 1236 1183 verberis
1265 1129 1551 1186 ultionem.
1579 1133 1836 1191 Portabat

201 1218 390 1264 autem
424 1212 708 1268 charitatis
750 1216 994 1271 humeris
1022 1221 1216 1274 anxius
1249 1232 1602 1291 peccatorum
1636 1229 1829 1283 crediti

200 1301 309 1356 sibi
340 1303 526 1378 gregis
556 1307 793 1374 pondus,
854 1309 993 1364 mori
1057 1320 1279 1381 paratus
1311 1330 1408 1384 pro
1457 1317 1736 1384 omnibus,
1770 1329 1831 1376 ut

200 1393 757 1469 iramindignationis
816 1400 912 1454 Dei
967 1418 999 1456 a
1044 1406 1254 1474 populo
1309 1414 1603 1463 averteret.
1656 1412 1826 1464 autin

199 1485 320 1556 ipsa
341 1494 491 1542 certe
510 1489 773 1557 vindicta,
801 1493 1083 1549 caelestem
1106 1497 1455 1552 clementiam
1498 1501 1826 1558 humilitatis

195 1575 397 1644 spiritu
416 1585 472 1631 et
497 1579 681 1634 animo
710 1581 947 1637 contrito
978 1584 1242 1654 placeret,
1278 1603 1347 1640 ne
1370 1604 1548 1660 usque
1581 1589 1648 1644 ad
1697 1590 1821 1645 ani-

195 1680 362 1730 mam,
406 1665 537 1722 licet
556 1669 897 1739 temporalis,
945 1682 1003 1726 at
1048 1689 1159 1727 non
1198 1677 1477 1731 aaternalis
1507 1680 1823 1749 perveniret

191 1758 435 1829 gladius.
476 1758 583 1813 Sed
611 1761 704 1832 qui
742 1762 897 1816 verbi
928 1763 1023 1817 Dei
1052 1781 1243 1819 semen
1290 1767 1345 1821 in
1376 1769 1555 1838 spinis
1598 1771 1821 1825 divitia-

192 1861 309 1899 rum
357 1848 664 1903 suflocatur
721 1851 1016 1918 consitum,
1080 1868 1606 1929 prosperantesque,
1646 1868 1700 1913 et
1739 1860 1817 1913 'in

190 1939 432 1995 vanitate
464 1941 652 1996 szeculi
681 1943 1004 2016 gloriantes,
1038 1948 1246 2002 monita
1262 1949 1472 2017 salutis,
1490 1954 1819 2007 aurecordis

189 2027 255 2081 ad
294 2027 712 2086 frutificandum
769 2048 881 2088 non
911 2034 1205 2090 admittunt
1238 2054 1251 2090 :
1282 2037 1392 2092 imo
1426 2040 1814 2109 periturisim-

191 2120 376 2189 plicite
407 2125 889 2194 occupationibus,
924 2143 1029 2182 nec
1056 2144 1181 2182 vera
1214 2129 1357 2195 vitae,
1394 2131 1527 2201 quin
1562 2133 1813 2190 lethifera

190 2213 422 2281 peccati,
492 2216 797 2289 mortisque
835 2218 1113 2290 stipendia
1177 2231 1494 2293 sequentes,
1552 2228 1813 2296 quoniam

189 2299 428 2369 perfecte
461 2305 604 2360 mala
635 2321 743 2360 non
775 2307 1029 2373 oderant,
1076 2325 1204 2364 vera
1233 2311 1432 2364 sectari
1465 2312 1611 2367 bona
1646 2315 1812 2389 digne

187 2404 291 2443 non
315 2392 599 2448 valebant.
652 2394 801 2449 Piam
851 2395 1081 2467 insuper
1128 2398 1452 2468 religionem
1505 2402 1809 2475 negligere,

185 2478 486 2535 divinitatis
527 2492 804 2553 praecepta
849 2495 1211 2555 postponere.
1248 2489 1583 2544 vanitatibus
1631 2494 1808 2547 inser-

183 2571 315 2639 vire,
357 2575 829 2645 concupiscentia:
878 2578 1025 2633 vitiis
1082 2580 1352 2635 inhaerere
1381 2624 1396 2648 ,
1459 2585 1808 2641 schismatica

183 2664 440 2719 scandala
498 2668 785 2732 suscitare,
840 2670 1146 2743 Deumque,
1205 2674 1342 2743 proh
1375 2675 1665 2732 dolorlin
1722 2679 1806 2733 his

181 2752 437 2808 omnibus
467 2754 613 2809 haud
672 2759 993 2814 metuebant
1022 2760 1326 2818 offendere.
1364 2764 1425 2817 Et
1457 2781 1588 2821 ecce
1617 2768 1805 2824 subito

181 2843 424 2910 ejusdem
452 2849 839 2919 prosperitatis
870 2853 1240 2923 temporibus,
1271 2856 1593 2913 animositas
1636 2860 1803 2915 dirisâ€˜

179 2930 437 2988 simarum
472 2936 719 3010 gentium
759 2950 1052 3008 commota,
1101 2943 1196 2997 Dei
1228 2942 1550 3001 offensionis
1580 2948 1713 3003 iram
1748 2949 1802 3002 in

179 3023 414 3082 diversas
471 3028 819 3086 vindicatura
875 3034 1211 3103 provincias,
1246 3035 1560 3094 intentione
1612 3048 1803 3096 trucu-

177 3110 335 3179 lenta,
367 3114 768 3173 Wandalorum
798 3122 1094 3178 multitudo
1111 3135 1477 3195 properanter
1506 3130 1798 3195 accelerat,

177 3201 450 3258 subversis
474 3205 772 3261 multarum
800 3211 1209 3267 munitionibus
1231 3214 1451 3268 urbium
1498 3217 1799 3290 gladioque
1823 3198 1873 3268 C

178 3286 518 3363 interemptis
576 3295 861 3368 utriusque
925 3315 1090 3354 sexus
1162 3303 1616 3375 progenitoribus
1671 3324 1796 3361 cum

176 3379 318 3450 filiis,
351 3400 462 3440 non
485 3385 653 3441 aliam
685 3389 970 3463 dignitatis
994 3394 1248 3466 gloriam,
1281 3411 1390 3451 non
1421 3397 1571 3452 aliud
1590 3399 1795 3471 aliquid

177 3472 225 3524 in
256 3479 963 3547 temporalibuslucristam
995 3486 1379 3543 desideranter
1393 3491 1791 3561 concupiscere

173 3563 513 3631 cernebatur,
536 3583 702 3637 quam
736 3570 1036 3627 humanum
1067 3575 1291 3631 haurire
1321 3593 1386 3632 ac
1407 3578 1639 3634 fundere
1662 3598 1792 3634 san-

172 3653 409 3724 guinem,
456 3666 514 3712 et
560 3659 994 3719 Christianorum
1054 3667 1317 3722 duntaxat
1354 3671 1510 3725 sitire
1542 3672 1789 3727 interne-

171 3746 394 3803 cionem.
428 3751 545 3806 Sub
577 3753 743 3822 hujus
759 3771 890 3811 vero
923 3760 1267 3828 tempestatis
1299 3762 1785 3835 turbine,gloriosi

174 3837 476 3895 renitebant
527 3841 583 3894 in
642 3843 831 3897 Galliis
887 3844 1035 3899 inter
1065 3847 1359 3919 epiSCOpos
1388 3852 1514 3917 viri,
1546 3855 1785 3908 sanctis-

171 3922 330 3981 simus
377 3929 677 3986 Remorum
744 3934 947 4003 prmsul
1000 3935 1272 4003 Nicasius,
1326 3946 1381 3993 et
1430 3939 1784 3997 beatissimus

169 4014 639 4074 Aurelianensium
690 4022 939 4092 pontifex
995 4026 1262 4092 Anianus,
1295 4036 1519 4083 sanctus
1558 4047 1781 4102 quoque

172 4103 341 4176 Lupus
368 4112 744 4178 Trecassinus,
778 4122 833 4169 et
885 4116 1084 4173 beatus
1111 4120 1393 4173 Servatius
1441 4122 1783 4195 Tungrensis

170 4200 406 4269 antistes,
437 4205 647 4276 aliique
704 4209 955 4264 nonnulli
1009 4210 1305 4267 virtutibus
1359 4213 1627 4289 insignes,
1685 4220 1778 4289 qui

170 4290 299 4348 hanc
328 4295 728 4370 indignationis
777 4303 890 4370 Dei,
942 4304 1058 4359 suis
1114 4307 1328 4362 meritis
1381 4325 1443 4362 ac
1494 4311 1774 4380 precibus,

172 4381 291 4439 iram
312 4388 405 4443 diu
437 4389 661 4446 differre
689 4403 1060 4463 certaverunt,
1092 4406 1151 4454 ut
1181 4400 1442 4456 omnibus
1469 4403 1775 4461 haeresibus

168 4480 217 4526 et
235 4478 592 4544 pravitatibus
618 4484 808 4553 populi
838 4486 1138 4555 restinctis,
1168 4490 1237 4543 ad
1287 4491 1616 4547 catholicam
1644 4496 1776 4549 reli-

166 4564 370 4633 gionem
385 4581 439 4626 et
464 4590 657 4629 verum
688 4577 782 4631 Dei
836 4579 1044 4634 cultum
1067 4597 1169 4653 per
1199 4583 1583 4652 penitentiam
1615 4604 1777 4643 revo-
1802 4572 1857 4639 D

167 4672 359 4729 carent,
407 4680 471 4721 ac
520 4674 683 4723 tantae
730 4671 1136 4741 persecutionis
1171 4683 1226 4730 et
1271 4676 1470 4733 divinae
1523 4681 1776 4735 animad-

166 4751 419 4809 versionis
445 4758 690 4831 gladium
721 4760 792 4815 ab
824 4763 1081 4820 Ecclesia?
1120 4768 1430 4824 cervicibus
1458 4782 1770 4828 avocarent.

167 4834 281 4905 Sed,
305 4844 440 4911 proh
462 4845 619 4901 nefas
652 4846 666 4900 Î¹
719 4851 949 4921 Impius,
995 4862 1053 4910 ut
1105 4856 1370 4927 scriptum
1427 4869 1530 4923 est,
1564 4876 1683 4915 cum
1715 4865 1772 4915 in
1812 4870 1817 4881 '

164 4932 481 4997 profundum
528 4946 870 5008 peccatorum
925 4950 1152 5017 venerit,
1222 4955 1512 5006 contemnit
1584 4956 1765 5021 (Prov.

166 5029 298 5082 xvm,
350 5021 425 5090 3),
479 5025 812 5085 salutaribus
865 5047 1058 5088 eorum
1111 5039 1403 5109 praeceptis
1457 5041 1769 5103 nullatenus

166 5103 621 5180 obtemperabant.
659 5117 724 5172 At
752 5118 835 5175 vir
863 5103 1218 5179 beatissimus
1268 5103 1516 5183 Nicasius
1546 5134 1764 5202 praesul.

165 5191 476 5259 instantibus
503 5208 722 5277 studiis,
764 5213 1462 5295 continuisqueâ€™doctrinis
1491 5238 1556 5277 ac
1585 5224 1769 5293 preci-

164 5283 274 5355 bus,
303 5296 562 5364 p0pulum
610 5298 707 5356 Dei
761 5304 830 5358 ad
864 5283 1247 5375 paenitentiam
1278 5328 1376 5366 seu
1418 5283 1761 5384 patientiam,

164 5386 211 5431 et
232 5381 555 5458 triumphum
584 5395 830 5465 martyrii
870 5401 1223 5468 provocabat,
1260 5419 1323 5457 ut
1351 5421 1491 5475 quos
1542 5407 1763 5464 incauta

164 5477 473 5545 prosperitas
502 5483 568 5537 ad
594 5482 921 5545 offensionis
960 5491 1254 5564 impulerat
1284 5496 1521 5564 foveam,
1554 5500 1757 5556 adver-

160 5558 317 5617 sitatis
344 5566 539 5625 devota
569 5575 881 5646 tolerantia,
924 5558 1054 5635 non-
1060 5581 1333 5650 judicium
1364 5586 1754 5661 damnationis,

160 5654 246 5748 fed
271 5660 493 5730 gratiam
522 5668 884 5741 purgationis,
908 5689 1243 5748 causamque
1272 5678 1465 5733 salutis
1485 5680 1751 5739 efficeret.

162 5736 356 5802 Interea
410 5736 877 5815 castrametantur'
913 5764 1135 5837 agmina
1152 5736 1558 5824 -Wandalorum
1606 5772 1753 5828 circa

901 357 1229 418 HISTORIA]
1270 363 1598 423 ECCLESLE
1637 368 1963 426 REMENSIS
2004 372 2178 432 LIBRI
2220 378 2543 444 QUATUOR.
2572 419 2643 428 -â€”
2684 391 2805 446 LIB.
2851 396 2887 448 Î™.

3505 412 3574 466 38

1870 505 1918 575 Î‘
1946 507 2140 562 urbem
2176 511 2491 585 Remorum,
2536 520 2905 596 universaque
2937 532 3164 604 regione
3212 536 3570 611 depopulata,

1947 610 2111 650 neces
2143 606 2353 655 tantum
2394 604 2531 659 inibi
2597 609 2965 670 habitantium
3001 604 3404 684 ferventissime
3437 649 3569 702 per-

1945 692 2239 744 tractantes
2289 692 2744 756 Christianorum.
2808 707 2914 762 Hos
2967 712 3135 767 veluti
3179 716 3409 776 deorum
3437 692 3576 781 suo-

1944 794 2064 832 rum
2110 781 2385 853 inimicos,
2435 797 2490 843 et
2542 795 2791 850 moribus
2828 816 3167 873 paganorum
3235 817 3562 884 contrarios,

1943 868 2282 964 interimere,
2316 879 2647 954 penitusque
2690 887 2761 942 de
2810 868 2956 947 terra
2994 896 3180 954 delere
3219 868 3562 964 ambiebant:

1944 957 2136 1013 Beatus
2168 961 2352 1034 itaque
2409 968 2660 1027 Nicasius
2688 976 2926 1034 animam
2956 999 3111 1039 suam
3146 1006 3245 1058 pro
3277 994 3558 1066 fratribus,

1944 1047 1993 1066 Î·,
2052 1050 2062 1061 .
2105 1053 2138 1066 ,.

1940 1047 2140 1164 Ïá¼·Î¹Ï„Î¾Î´á¿‘á½¶
2168 1071 2408 1127 sequens
2441 1066 2776 1135 exemplum,
2820 1088 3027 1142 ponere
3084 1047 3326 1152 paratus,
3369 1047 3557 1164 elegit:

1937 1140 2253 1214 obnixeque
2302 1153 2609 1221 proposuit,
2670 1157 2777 1212 sibi
2834 1166 3187 1224 commissum
3248 1140 3563 1236 nullatenus

1937 1231 2191 1286 omittere
2226 1251 2475 1310 gregem,
2501 1258 2728 1311 prorsus
2778 1249 3035 1322 instituit,
3069 1269 3163 1313 aut
3193 1278 3316 1317 cum
3347 1269 3427 1320 eis
3463 1288 3560 1339 pa-

1930 1318 2067 1372 riter
2094 1321 2299 1389 vivere,
2317 1333 2411 1380 aut
2437 1330 2665 1398 pariter.
2683 1338 2832 1405 quod
2870 1356 2967 1395 eos
3016 1349 3410 1414 paterfamilias
3433 1318 3561 1428 pler-

1929 1409 2043 1477 peti
2072 1411 2257 1479 vellet,
2294 1415 2546 1485 sufferre,
2580 1437 2650 1476 ne
2707 1424 2992 1498 fugiendo,
3016 1409 3242 1493 -Christi
3275 1409 3557 1504 videretur

1927 1500 2075 1569 (sine
2098 1519 2209 1574 quo
2234 1522 2345 1560 non
2386 1522 2617 1579 possunt
2669 1516 2922 1575 homines
2974 1526 3060 1580 vel
3104 1530 3289 1587 vivere
3314 1539 3397 1590 vel
3431 1537 3551 1595 fieri

1925 1591 2239 1667 Christiani)
2297 1601 2554 1658 deserere
2628 1608 3015 1670 ministerium.
3080 1619 3232 1677 Unde
3292 1637 3345 1681 et
3395 1591 3550 1696 juata

1924 1682 2072 1738 beati
2133 1689 2423 1762 Augustini
2479 1700 2812 1756 sententiam
2871 1709 3047 1776 (epist.
3103 1715 3215 1779 80),
3285 1682 3549 1787 majorem

1922 1773 2204 1882 Eharthis
2235 1782 2441 1849 reperit
2494 1783 2731 1842 fructum
2779 1773 2945 1863 quam
2998 1800 3093 1869 qui

1921 1858 2136 1931 fratres,
2167 1868 2265 1921 sed
2288 1880 2517 1941 prOpter
2544 1878 2790 1947 seipsum
2823 1884 3060 1956 fugiens,
3102 1902 3270 1964 atque
3294 1858 3548 1970 cbmpre-

1922 1956 2129 2012 hensus
2161 1976 2272 2016 non
2306 1967 2528 2039 negavit
2585 1970 2877 2040 Christum,
2920 1984 3282 2058 succepitque
3340 1956 3546 2066 marty-

1921 2048 2082 2105 rium.
2114 2052 2390 2111 Metuebat
2437 2061 2584 2115 enim
2639 2067 2826 2135 potius
2883 2074 3112 2129 antistes
3140 2054 3539 2149 sanctissimus,

1917 2157 1987 2194 ne
2015 2157 2074 2196 se
2096 2144 2408 2214 deserente,
2463 2152 2674 2223 lapides
2702 2158 2807 2213 vivi
2844 2165 3347 2241 exstinguerentur,
3377 2195 3541 2248 quam

1916 2246 1985 2284 ne
2018 2232 2229 2303 lapides
2248 2247 2302 2291 et
2333 2238 2480 2311 ligna
2512 2252 2857 2304 terrenorum
2915 2232 3275 2328 aedificorum,
3308 2280 3368 2318 se
3396 2232 3540 2337 prae-

1915 2332 2091 2390 sente,
2147 2328 2598 2404 incenderentur,
2655 2341 2829 2413 magis
2886 2344 3110 2415 timens,
3177 2369 3247 2407 ne
3277 2328 3541 2416 destituta

1914 2415 2110 2472 Christi
2143 2424 2392 2491 corporis
2456 2430 2703 2486 membra
2731 2436 2966 2503 spiritali
3006 2442 3150 2497 victu
3188 2460 3537 2516 necarentur,

1912 2524 2075 2579 quam
2108 2527 2177 2566 ne
2199 2516 2449 2594 membra
2498 2524 2751 2592 corporis
2803 2529 2886 2582 sui
2931 2531 3405 2609 hostilioppressa
3437 2545 3539 2599 im-

1911 2609 2072 2670 pectu
2115 2611 2521 2676 torquerentur.
2547 2613 2773 2671 Paratus
2795 2620 2863 2673 ad
2887 2629 3205 2697 utrumque,
3241 2641 3321 2699 ut,
3354 2636 3533 2692 sinon

1908 2700 2095 2759 posset
2126 2693 2213 2747 hic
2235 2696 2372 2750 calix
2418 2701 2673 2768 transire,
2705 2693 3131 2770 ï¬eretvoluntaâ€˜s
3159 2693 3280 2786 ejus
3307 2693 3532 2790 (Matth.

1907 2780 2188 2871 xxv1,42),
2227 2784 2323 2853 qui
2378 2787 2506 2841 mali
2561 2791 2770 2864 aliquid
2831 2813 2942 2852 non
2999 2780 3386 2871 potest'vel'le.
3420 2780 3529 2869 Nec

1906 2870 2225 2940 requirebat
2252 2892 2377 2946 quae
2397 2894 2497 2933 sua
2522 2890 2670 2946 sunt,
2694 2887 2791 2940 sed
2816 2870 3037 2948 imitans
3075 2912 3202 2951 eum
3230 2901 3324 2971 qui
3352 2904 3488 2960 dixit
3517 2924 3529 2960 :

1904 2959 2021 3012 Non
2044 2967 2394 3035 quaeroquod
2426 2969 2559 3024 mihi
2594 2973 2727 3028 utile
2756 2986 2857 3042 est,
2893 2982 2992 3035 sed
3044 2987 3193 3054 quod
3235 2959 3440 3058 multis,

1903 3053 2039 3106 salvi
2066 3053 2201 3109 fiant
2221 3058 2271 3125 (Î™
2298 3060 2400 3114 Cor
2457 3078 2509 3127 Ï‡,
2543 3064 2652 3131 33).
2710 3067 2771 3121 Et
2815 3086 2883 3125 ne
2922 3053 3097 3147 magis
3127 3078 3393 3151 fugiendo
3423 3053 3530 3142 ob-

1902 3154 2049 3199 esset
2078 3149 2350 3218 exemplo,
2371 3169 2535 3222 quam
2559 3155 2795 3214 vivendo
2823 3164 3115 3231 prodesset
3138 3149 3346 3238 officio,
3378 3177 3528 3233 nulla

1902 3234 2112 3288 ratione
2143 3240 2428 3294 consensit
2459 3258 2583 3298 esse
2633 3245 2983 3318 fugiendum.
3018 3255 3208 3327 Neque
3246 3270 3527 3334 tempora-

1900 3326 2005 3379 lem
2030 3336 2262 3383 mortem
2294 3336 2433 3399 (quae
2489 3338 2826 3410 quandoque
2882 3326 3130 3401 ventura
3169 3358 3271 3418 est,
3302 3326 3522 3412 etiamst

1895 3422 2192 3486 caveatur),
2224 3423 2320 3476 sed
2347 3435 2610 3482 aeternam
2640 3441 2781 3501 (quae
2805 3444 2985 3504 potest
3034 3441 3079 3492 si
3120 3457 3232 3497 non
3263 3458 3525 3505 caveatur

1893 3510 2106 3579 venire,
2135 3521 2190 3566 et
2238 3525 2419 3585 potest
2462 3519 2506 3572 si
2540 3531 2800 3578 caveatur
2829 3528 2994 3583 etiam
3027 3546 3137 3587 non
3172 3538 3382 3597 veniret
3408 3540 3524 3596 for-

1890 3597 2106 3653 midans
2137 3618 2152 3665 ;
2182 3618 2292 3657 non
2337 3604 2441 3659 sibi
2504 3609 2746 3677 placens,
2801 3629 2904 3668 nec
2936 3634 3227 3685 personam
3276 3642 3431 3682 suam
3465 3632 3519 3685 in

1891 3688 2056 3743 tantis
2087 3692 2345 3759 periculis
2368 3693 2496 3770 fuga
2524 3698 2856 3771 digniorem,
2908 3715 3100 3775 utpote
3129 3714 3305 3788 gratia
3338 3720 3524 3773 excel-

1889 3777 2119 3843 lentem,
2154 3780 2435 3847 judicans,
2468 3801 2536 3839 ne
2585 3787 2952 3847 ministerium
3020 3796 3074 3849 in
3131 3777 3222 3853 his
3278 3808 3515 3862 maxime

1885 3866 2144 3934 periculis
2197 3873 2590 3939 necessarium,
2651 3893 2714 3932 ac
2766 3878 3038 3943 debitum.
3088 3887 3511 3950 subtraheretur

1885 3958 2160 4014 Ecclesiae.
2183 3961 2320 4028 Non,
2357 3974 2413 4017 ut
2444 3969 2821 4025 mercenarius
2843 3973 3037 4029 videns
3067 3976 3258 4048 lupum
3277 3985 3511 4041 venien-

1885 4056 2016 4110 tem,
2047 4048 2292 4105 dimissis
2345 4054 2543 4110 ovibus
2594 4057 2754 4132 fugit,
2796 4062 2895 4115 sed
2950 4073 3010 4117 ut
3063 4078 3251 4136 pastor
3303 4073 3484 4131 bonus

1886 4152 1985 4206 pro
2005 4154 2176 4211 grege
2217 4142 2325 4195 sibi
2361 4145 2573 4201 credito
2602 4149 2845 4205 animam
2886 4156 3272 4222 paratissimus
3304 4164 3510 4224 obtulit

1881 4231 2059 4296 (Joan.
2096 4234 2391 4304 x,11,12).
2431 4238 2491 4291 Et
2514 4242 2665 4310 quod
2698 4245 2898 4299 melius
2949 4250 3230 4322 agendum
3262 4253 3510 4316 invenire

1880 4324 2075 4392 potuit.
2096 4326 2319 4382 sedulas
2346 4329 2416 4384 ad
2450 4331 2741 4389 Dominum
2776 4354 2875 4407 pro
2907 4356 2968 4394 se
2998 4342 3227 4415 suisque
3274 4347 3509 4407 fundere

1878 4431 2075 4485 preces
2100 4419 2287 4491 elegit.
2322 4422 2580 4497 Fatigatis
2620 4426 2789 4500 igitur
2816 4432 3038 4487 tandem
3101 4438 3510 4506 praeliatoribus

1879 4505 2296 4575 impugnationc
2327 4512 2611 4578 continua,
2644 4518 2895 4573 excubiis
2925 4530 2981 4576 et
3032 4505 3237 4593 inedia,
3276 4529 3511 4588 furenti-

1875 4595 2093 4667 busque
2123 4600 2553 4676 circumquaque
2576 4606 2849 4678 hostibus,
2869 4628 2933 4668 ac
2955 4613 3171 4672 fortiter
3196 4619 3344 4678 bello
3375 4640 3505 4680 con-

1876 4689 2217 4747 cutientibus
2241 4694 2454 4763 urbem,
2490 4699 2661 4755 nimio
2695 4705 2919 4760 terroris
2957 4708 3120 4764 taedio
3156 4711 3349 4770 civitas
3378 4720 3506 4773 uni-

1873 4797 2031 4836 versa
2061 4784 2333 4854 perculsa,
2361 4789 2427 4843 ad
2472 4793 2880 4852 sanctissimum
2939 4799 3210 4857 Nieasium
3263 4805 3317 4860 in
3376 4825 3504 4865 ora-

1873 4873 2117 4931 tionibus
2146 4887 2478 4948 prostratum
2528 4886 2847 4955 decurrunt,
2882 4890 3122 4948 futuram
3157 4913 3498 4969 paganorum

1869 4962 2153 5020 victoriam
2190 4969 2664 5041 pertimescentes,
2720 4987 2775 5034 et
2804 4980 3067 5036 auxilium
3103 4988 3500 5049 consolationis

1869 5055 1937 5109 ab
1966 5074 2033 5113 eo
2061 5059 2210 5115 velut
2265 5079 2298 5116 a
2352 5074 2506 5134 patre
2560 5066 2681 5136 filii,
2733 5073 3094 5143 requirentes.
3154 5079 3500 5157 lnterrogant

1869 5149 2003 5219 quid
2030 5151 2222 5207 utilius
2251 5157 2469 5211 consilii
2528 5159 2838 5218 faciendum
2882 5166 3175 5236 decernat,
3208 5180 3302 5227 aut
3322 5176 3498 5231 servi-

1871 5238 1969 5292 tuti
1990 5243 2240 5311 gentium
2267 5260 2389 5298 sese
2414 5247 2656 5315 tradere,
2706 5260 2799 5306 aut
2823 5253 2892 5307 ad
2922 5264 3153 5313 mortem
3186 5277 3365 5333 usque
3392 5282 3493 5335 pro

1866 5326 2042 5381 salute
2076 5329 2231 5385 urbis
2262 5333 2545 5389 dimicare.
2593 5338 2789 5394 Beatus
2845 5352 3031 5400 autem
3094 5326 3493 5409 Nicasius

1864 5417 1994 5472 litus
2023 5420 2211 5476 divina
2228 5426 2526 5492 praesciens
2543 5429 2898 5499 revelatione,
2928 5436 3224 5496 Remorum
3249 5444 3489 5501 subver-

1862 5509 2081 5563 tendam
2143 5511 2438 5578 civitatem,
2507 5522 2803 5577 consolans
2856 5540 2974 5592 eos,
3068 5529 3489 5603 infatigabiliter

1861 5596 2074 5651 Domini
2104 5602 2458 5671 supplicabat
2498 5608 2833 5679 clementiae,
2858 5625 3134 5685 quatenus
3162 5596 3280 5675 haec
3307 5622 3483 5676 tribu-

1856 5683 1984 5741 latio
2016 5690 2206 5743 mortis
2251 5696 2620 5764 temporariae,
2675 5716 2784 5755 non
2830 5683 2899 5757 ad
2946 5706 3240 5775 judicium,
3273 5711 3372 5763 sed
3412 5711 3481 5763 ad

1856 5772 2280 5847 indulgentiam,
2321 5782 2751 5852 persistentibus
2808 5791 2863 5845 in
2902 5772 3031 5850 vera
3086 5772 3234 5851 fidei
3262 5797 3483 5851 confes-
