3884 6472
379 373 450 429 39
1511 363 1879 422 FLODOARDI
1919 357 2225 420 CANONICI
2263 365 2592 425 REIENSIS
3654 380 3717 438 40

380 508 540 563 sione
571 509 866 581 proﬁceret
900 524 913 567 ;
945 521 1044 577 pro
1092 504 1288 559 animae
1335 516 1582 575 pugnare
1637 500 1834 565 salute,
1889 512 2000 551 non
2030 498 2075 564 Α
2103 512 2213 567 que
2270 497 2769 569 triumphatoribus
2842 503 3070 571 sanctis,
3111 505 3347 576 adipisci
3402 510 3713 578 promeruit-

376 599 545 653 armis
571 598 902 663 visibilibus,
949 595 1047 650 sed
1078 592 1268 665 probis
1319 591 1526 644 docens
1572 587 1844 649 moribus,
1886 601 1997 641 non

374 686 745 757 corporalium
779 685 979 741 fiducia
999 683 1218 748 virium,
1268 680 1365 734 sed
1410 676 1741 748 spiritalium
1776 675 1995 730 exerci-

378 776 591 831 tatione
612 778 896 831 virtutum.
943 775 1092 827 Hanc
1119 786 1415 841 supernam
1440 768 1587 835 justo
1613 766 1709 820 Dei
1757 765 1994 833 judicio,

378 868 726 936 peccantium
757 862 1062 921 sceleribus
1101 861 1391 914 excitatam
1432 856 1819 911 demonstrans
1845 854 1992 909 indi-

374 958 676 1031 gationem.
709 957 928 1011 Certum
969 951 1164 1007 salutis
1216 951 1270 1005 id
1303 948 1612 1020 prmdicans
1645 962 1766 1001 esse
1810 946 1996 1001 consi-

375 1045 529 1110 lium,
558 1047 603 1101 si
634 1046 703 1100 ad
738 1045 924 1099 divina
966 1040 1283 1111 compuncti
1341 1037 1561 1112 ﬂagella
1607 1042 1997 1091 converterent

371 1140 640 1205 animum,
672 1135 1040 1207 suscipientes
1073 1134 1189 1187 hinc
1218 1147 1329 1187 non
1370 1128 1526 1185 inviti
1554 1136 1648 1183 aut
1684 1128 1991 1199 deSperan-

370 1235 473 1290 tes,
508 1236 569 1282 ut
598 1224 904 1299 iniquitatis
932 1222 1029 1277 lilii
1056 1240 1071 1288 ;
1100 1222 1235 1293 quin
1283 1220 1558 1290 patientes
1583 1234 1647 1272 ac
1691 1218 1987 1285 mansueti,

366 1335 468 1374 ceu
517 1318 614 1374 ﬁlii
669 1317 908 1389 pietatis,
941 1314 1215 1386 promissa
1260 1312 1418 1385 regni
1468 1310 1709 1366 caelestis
1761 1310 1989 1381 praemia

365 1412 700 1483 percepturi.
744 1411 1049 1465 Exhortans
1071 1422 1191 1476 eos,
1217 1420 1316 1476 spe
1345 1405 1540 1460 salutis
1593 1411 1815 1460 aeterna:
1843 1419 1987 1474 pra:—

362 1512 577 1559 sentem
608 1501 965 1558 devotissime
1005 1497 1234 1555 sufferre
1260 1496 1696 1562 tribulationem,
1725 1495 1986 1567 ultroque

360 1597 577 1667 seipsos
616 1597 685 1651 ad
706 1596 850 1651 hanc
887 1592 1083 1650 offerre
1140 1600 1581 1647 momentaneam
1632 1605 1847 1655 necem,
1874 1603 1984 1660 quo

362 1688 610 1744 debitam
674 1687 923 1743 reatibus
980 1694 1262 1758 perpetuae
1316 1682 1690 1738 damnationis
1746 1681 1983 1736 evadere

361 1788 710 1837 mererentur
737 1779 1030 1844 ultionem,
1083 1784 1360 1850 quatenus
1412 1776 1494 1831 eis
1540 1791 1690 1831 mors
1719 1789 1980 1845 prmsens.

360 1886 470 1926 non
496 1871 856 1944 supplicium,
875 1870 973 1925 sed
996 1869 1301 1924 animarum
1333 1866 1491 1922 ﬁeret
1510 1856 1759 1938 perenne
1804 1882 1987 1922 reme-

359 1960 535 2015 dium.
568 1960 672 2015 Pro
693 1958 936 2013 inimicis
958 1973 1056 2013 eos
1084 1956 1248 2012 etiam
1295 1956 1603 2012 admonens
1640 1971 1892 2021 exorare,
1924 1964 1984 2014 ut

359 2050 583 2105 tandem
640 2048 941 2119 aliquando
1001 2046 1395 2117 resipiscerent
1450 2044 1518 2099 ab
1594 2043 1982 2116 iniquitatibus

355 2138 495 2202 suis,
535 2144 592 2193 et
641 2137 738 2208 qui
782 2135 1019 2190 ministri
1085 2141 1216 2189 tunc
1266 2132 1601 2188 videbantur
1653 2133 1977 2204 impietatis,

355 2238 585 2300 possent
614 2230 855 2285 cultores
874 2242 1272 2298 nonnunquam
1300 2226 1544 2298 pietatis,
1565 2233 1978 2298 seclatoresque

354 2321 472 2376 fieri
507 2319 755 2378 veritatis
800 2320 1051 2391 Seipsum
1084 2327 1334 2390 paratum
1365 2335 1485 2374 esse
1516 2320 1880 2390 depromens,
1918 2327 1978 2374 ut

354 2413 560 2468 bonum
589 2413 750 2468 decet
779 2420 1076 2484 pastorem,
1129 2428 1229 2483 pro
1258 2412 1459 2468 ovibus
1487 2413 1725 2467 animam
1764 2428 1974 2483 ponere

350 2508 528 2571 (Joan.
547 2523 600 2569 x,
640 2506 744 2575 11),
777 2512 1216 2578 prmsentemque
1246 2506 1409 2562 vitam
1434 2515 1813 2567 contemnere,
1837 2522 1976 2576 qua-

278 2577 291 2584 -
350 2604 512 2651 tenus
538 2596 643 2667 ipsi
672 2577 1026 2668 peccatorum
1058 2597 1274 2651 veniam
1307 2605 1361 2650 et
1380 2597 1615 2651 salutem
1647 2612 1833 2652 secum
1857 2612 1976 2651 mer-

351 2694 608 2743 rerentur
648 2696 912 2744 aeternam
943 2689 1221 2759 accipere.
1263 2689 1464 2743 Aderat
1488 2689 1653 2743 etiam
1712 2705 1978 2763 germana

349 2795 449 2834 sua
515 2780 676 2835 beata
739 2765 1066 2849 EutrOpia,-
1098 2779 1256 2852 virgo
1313 2779 1514 2834 Christi
1577 2780 1970 2849 sacratissima,

348 2885 471 2941 quae
505 2870 577 2925 ob
604 2869 875 2925 castitatis
905 2869 1293 2932 munitionem,
1318 2870 1723 2925 sanctissimum
1752 2887 1974 2942 semper

350 2961 623 3017 imitando
655 2970 709 3017 et
764 2962 1102 3017 adhaerendo
1151 2962 1493 3033 sequebatur
1535 2964 1882 3034 episcopum,
1914 2972 1973 3018 ut

347 3052 486 3107 etab
519 3052 866 3124 spiritalibus
919 3052 1102 3108 aliena
1150 3053 1415 3125 nequitiis
1457 3071 1488 3108 a
1523 3055 1755 3110 Domino
1786 3072 1973 3110 serva-

348 3148 500 3197 retur
544 3141 756 3213 puritas
801 3141 1028 3208 mentis,
1074 3148 1129 3196 et
1176 3158 1206 3196 a
1254 3142 1557 3197 carnalium
1613 3145 1970 3215 corruptione

346 3230 778 3285 delcctationum
804 3236 1087 3303 tegeretur
1102 3230 1364 3284 immunis
1382 3231 1672 3303 integritas
1696 3234 1966 3303 corporis.

344 3320 518 3376 Ambo
550 3321 739 3391 itaque
788 3320 1011 3390 plebem
1053 3321 1147 3375 Dei
1181 3337 1280 3391 pro
1326 3321 1539 3377 viribus
1596 3323 1661 3377 ad
1709 3339 1970 3380 coronam

343 3410 591 3481 martyrii
616 3411 724 3481 piis
754 3412 1234 3469 exhortationibus
1262 3414 1603 3481 animabant,
1655 3424 1709 3472 et
1736 3433 1970 3491 agonem

342 3500 588 3557 victoria:
627 3520 740 3559 sua!
764 3505 1024 3561 'Domino
1058 3507 1321 3578 precibus
1350 3509 1831 3565 commendabant.
1880 3512 1976 3576 Dei

343 3594 567 3649 tandem
601 3596 823 3652 decreto
869 3598 1083 3666 judicio
1136 3599 1464 3671 irruptionis
1504 3601 1618 3667 die,
1649 3602 1779 3657 dum
1804 3620 1977 3677 pages

341 3699 537 3738 norum
569 3683 929 3741 furibundum
982 3688 1173 3744 beatus
1226 3690 1428 3759 praesul
1478 3691 1967 3749 Nicasinsirruere

338 3777 613 3846 comperit
642 3778 932 3849 impetum,
952 3781 1128 3835 sancti
1151 3781 1394 3852 Spiritus
1422 3782 1624 3838 virtute
1648 3784 1961 3851 roboratus,

338 3862 479 3918 alma
502 3865 800 3921 comitante
832 3882 1042 3931 sorore,
1068 3884 1197 3923 cum
1229 3870 1450 3939 hymnis
1482 3879 1536 3925 et
1580 3873 1812 3928 canticis
1842 3873 1961 3943 spi-

337 3955 588 4013 ritalibus
635 3959 704 4013 ad
734 3959 933 4014 ostium
977 3959 1221 4017 basilicae
1277 3973 1479 4019 sanctae
1532 3964 1626 4019 Dei
1674 3966 1960 4039 genitricis

336 4046 538 4115 Mariae,
573 4066 735 4121 quam
763 4049 833 4105 ab
858 4051 1054 4106 eodem
1075 4052 1131 4106 in
1154 4054 1318 4122 hujus
1338 4056 1495 4110 urbis
1519 4073 1645 4112 arce
1670 4057 1953 4113 fundatam

337 4138 786 4204 memoravimus,
827 4139 1063 4194 traditur
1100 4143 1428 4206 occurrisse,
1485 4146 1731 4218 dumque
1752 4148 1955 4204 divinae

334 4228 557 4285 deditus
582 4230 925 4301 psalmodize,
969 4248 1188 4289 versum
1246 4236 1480 4292 Domino
1510 4239 1831 4296 Davidicum
1863 4241 1956 4312 pia

333 4334 469 4372 voce
499 4318 774 4386 decantat,
808 4318 1070 4390 inquiens
1098 4338 1111 4375 :
1151 4324 1400 4380 Adhaasit
1427 4330 1736 4396 pavimento
1765 4333 1956 4385 anima

330 4425 449 4465 mea
479 4413 643 4479 (Psal.
676 4428 855 4473 cxvm,
887 4412 958 4467 25
981 4453 995 4480 ,
1039 4430 1186 4483 mox,
1236 4417 1570 4490 insequente
1617 4422 1803 4495 gladio
1829 4439 1951 4478 cer-

330 4498 508 4554 vicem
562 4500 710 4565 caesi,
735 4500 966 4557 verbum
1027 4504 1249 4574 pietatis
1290 4508 1358 4563 ab
1415 4526 1512 4566 ore
1569 4529 1679 4569 non
1720 4516 1947 4579 defecit,

330 4593 512 4663 capite
545 4593 599 4647 in
637 4603 837 4650 terram
851 4596 1107 4665 cadente,
1140 4599 1667 4676 immortalitatis(ut
1700 4609 1953 4673 traditur)

329 4686 661 4762 sententiam
694 4699 989 4759 prosecute
1020 4709 1034 4745 :
1067 4694 1297 4763 Viviﬁca
1315 4713 1398 4752 me
1414 4700 1705 4755 semiudum
1732 4702 1955 4757 verbum

326 4783 481 4834 tuum
501 4780 714 4850 (Ιὸἰά.),
742 4782 1035 4841 inferendo
1065 4786 1187 4857 [ms.
1221 4789 1375 4844 addit
1405 4791 1666 4863 Domine].

397 4869 595 4926 Sancta
624 4888 758 4928 vero
791 4874 1055 4946 Eutropia
1090 4876 1291 4932 videns
1320 4878 1662 4949 impietatem
1712 4881 1859 4937 circa
1887 4899 1949 4937 se
2010 4884 2015 4889 ’

324 4964 483 5033 quasi
517 4965 850 5041 mitigatam,
883 4975 940 5023 et
970 4968 1441 5040 pulchritudinem
1463 4989 1616 5027 suam
1649 4989 1747 5028 ceu
1780 4990 1950 5046 paga-

326 5067 524 5107 norum
550 5052 746 5110 litibus
778 5065 1131 5112 reservatam.
1161 5075 1329 5129 super
1355 5061 1612 5115 eumdem
1641 5062 1949 5117 sacerdotis

322 5141 738 5203 interfectorem
779 5149 1054 5217 insiliens,
1082 5167 1399 5224 magnoque
1428 5152 1669 5207 clamore
1700 5153 1948 5225 increpi-

318 5239 462 5299 tans,
496 5239 551 5288 et
580 5235 646 5289 ad
682 5238 924 5307 martyrii
965 5239 1051 5294 sui
1082 5239 1289 5294 bellum
1324 5257 1656 5312 provocans,
1686 5242 1940 5318 sacrilegi

318 5320 475 5390 alapa
496 5321 693 5378 faciem
712 5327 981 5395 percussi,
1005 5328 1220 5396 oculos,
1254 5328 1428 5383 divini
1460 5329 1663 5384 virtute
1692 5331 1943 5386 numinis

320 5411 560 5480 evulsos,
592 5411 647 5465 in
681 5421 881 5468 terram
907 5417 1160 5485 proditur
1176 5417 1460 5473 effudisse.
1491 5418 1620 5483 Qua:
1644 5435 1768 5474 mox
1798 5420 1942 5475 insa-

317 5502 589 5558 nientium
616 5503 1039 5580 ferrojugulata,
1067 5526 1223 5566 sacro
1236 5510 1357 5566 fuso
1384 5512 1673 5587 sanguine.
1700 5512 1938 5583 palmam

313 5591 558 5648 victoriae
580 5610 701 5649 cum
726 5610 990 5668 germano
1010 5613 1110 5653 suo
1142 5600 1404 5669 pontifice
1434 5600 1652 5667 Christi,
1683 5602 1936 5657 caeteris-

1993 3186 2045 3256 C

2101 583 2275 639 Fuere
2305 585 2583 657 siquidem
2633 591 2909 656 nonnulli,
2971 600 3080 647 tam
3132 609 3196 648 ex
3241 594 3413 661 clero,
3466 613 3626 668 quam
3656 614 3717 653 ex

2099 675 2280 731 laicali
2313 688 2491 745 coetu,
2516 682 2844 738 constantiae
2881 683 3046 751 hujus
3085 694 3495 743 consectatores
3522 705 3585 745 ac
3629 706 3719 746 co-

2099 768 2280 835 mites,
2316 770 2412 841 qui
2437 787 2539 841 per
2566 774 2855 842 praesentis
2876 775 3182 833 tolerantiae
3215 778 3708 850 participationem,

2096 864 2319 913 aeternae
2360 858 2721 916 beatitudinis
2750 879 2875 918 cum
2909 864 3014 919 hoc
3043 864 3367 923 beatissimo
3434 869 3591 925 Patre
3619 887 3711 927 suo

2096 947 2361 1018 consequi
2405 955 2689 1003 certavere
2754 952 3337 1010 communicationem.
3391 956 3540 1012 Inter
3581 975 3712 1030 quos

2097 1037 2409 1094 Florentius
2432 1040 2718 1107 diaconus,
2780 1051 2835 1099 et
2884 1044 3080 1101 beatus
3128 1047 3414 1104 Jocundus
3443 1051 3708 1106 exstitisse

2092 1130 2381 1186 clarissimi
2413 1132 2773 1201 referuntur;
2822 1152 3059 1209 quorum
3114 1140 3296 1212 capita
3350 1128 3538 1198 Remis
3595 1153 3711 1214 post

2090 1223 2262 1279 altare
2292 1234 2495 1281 sanctae
2516 1226 2614 1281 Dei
2642 1227 2929 1302 genitricis
2983 1230 3164 1287 Mariae
3197 1232 3465 1288 tumulata
3494 1249 3711 1289 servan-

2088 1316 2193 1365 tur.
2229 1312 2496 1368 Barbaros
2553 1315 2725 1388 igitur
2767 1317 2835 1371 de
2858 1320 3169 1375 constantia
3198 1321 3451 1396 virginis,
3494 1330 3548 1377 et
3589 1340 3711 1394 pro-

2088 1399 2197 1455 fani
2230 1403 2591 1472 speculatoris
2620 1404 2914 1462 subitanea
2953 1409 3313 1473 mulctatione
3356 1410 3706 1481 stupefactos,

2087 1492 2308 1562 expleta
2363 1493 2513 1548 caade
2566 1510 2723 1550 sacro
2782 1496 3086 1552 mundante
3151 1513 3382 1566 cruore,
3452 1500 3710 1555 terribilis

2086 1596 2281 1638 omnes
2313 1585 2509 1640 horror
2551 1586 2770 1652 invasit,
2830 1589 2989 1661 quasi
3038 1591 3293 1646 coelestes
3348 1590 3497 1652 acies
3547 1592 3708 1647 dimi-

2085 1684 2296 1743 cantes,
2321 1677 2456 1735 tanti
2495 1679 2724 1735 sceleris
2753 1681 3004 1737 vindices
3043 1683 3400 1755 aspicientes,
3434 1684 3552 1756 ipsa
3577 1702 3708 1756 quo-

2089 1781 2198 1835 que
2230 1766 2513 1823 horrendo
2545 1769 2808 1826 reboante
2834 1770 3065 1828 basilica
3084 1772 3290 1828 sonitu.
3326 1772 3551 1828 Relictis
3577 1790 3706 1848 ergo

2089 1858 2291 1927 passim
2323 1860 2561 1930 spolliis,
2623 1862 2814 1918 territa
2861 1863 3253 1921 Wandalorum
3302 1865 3543 1940 agmina,
3577 1866 3703 1921 dum

2084 1950 2327 2007 divinam
2359 1959 2615 2009 metuunt
2653 1954 2942 2023 ultionem,
2993 1957 3433 2014 irrevocabiliter
3474 1975 3578 2030 per
3624 1959 3709 2013 di-

2085 2059 2239 2099 versa
2266 2043 2562 2116 fugientes,
2611 2046 2856 2103 invasam
2886 2050 3088 2120 trepidi
3115 2050 3379 2106 deserunt
3409 2051 3704 2107 civitatem.

2082 2135 2196 2201 Qua
2222 2136 2316 2193 diu
2376 2139 2458 2195 sic
2503 2148 2762 2195 manente
2819 2140 3086 2206 solitaria,
3146 2141 3472 2197 Christianis
3513 2143 3605 2214 qui
3638 2143 3704 2197 ad

2082 2227 2423 2284 munitiones
2455 2232 2726 2288 montium
2760 2231 3037 2306 fugerant,
3081 2233 3430 2289 incursiones
3462 2250 3707 2309 pagano-

2078 2334 2197 2373 rum
2229 2319 2658 2390 trepidantibus,
2691 2322 2926 2396 paganis
2964 2338 3096 2377 vero
3154 2322 3406 2378 caelestes
3456 2339 3597 2395 quos
3627 2323 3705 2393 ibi

2077 2409 2418 2478 pertulerant
2473 2411 2732 2466 horrores
2785 2410 3329 2481 pertimescentibus,
3386 2412 3488 2467 sub
3520 2412 3706 2467 divina

2079 2500 2346 2556 duntaxat
2391 2503 2755 2575 angelicaque
2812 2504 3082 2571 custodia,
3140 2512 3453 2559 sanctorum
3508 2521 3703 2559 scrva-

2076 2592 2279 2650 bantur
2311 2594 2445 2651 inibi
2480 2604 2780 2667 martyrum
2811 2612 3043 2667 corpora
3074 2615 3089 2665 ;
3121 2596 3197 2652 ita
3250 2604 3309 2651 ut
3340 2596 3395 2650 in
3447 2597 3705 2653 noctibus

2078 2687 2303 2760 alonge
2331 2688 2581 2743 caelestia
2600 2697 2961 2744 cernerentur
3007 2689 3237 2754 lumina,
3280 2698 3336 2744 et
3388 2690 3704 2746 suavissimi

2076 2774 2312 2831 sidereis
2336 2792 2702 2847 supernarum
2734 2778 2857 2834 soni
2903 2778 3169 2834 virtutum
3209 2778 3426 2835 choreis
3470 2779 3709 2836 dulciter

2074 2863 2456 2931 reboantibus,
2488 2867 2816 2923 audirentur
2843 2879 2876 2923 a
2925 2868 3210 2924 nonnullis
3249 2869 3511 2925 carmina.
3548 2870 3705 2926 Unde

2074 2967 2129 3015 et
2149 2957 2394 3015 caelestis
2440 2959 2688 3015 victoriae
2732 2960 3073 3017 revelatione
3126 2961 3418 3016 confortati
3475 2964 3701 3019 tandem

2073 3051 2353 3116 concives,
2377 3051 2471 3122 qui
2513 3052 2579 3106 ad
2611 3052 2937 3124 sepelienda
2975 3062 3291 3111 sanctorum
3337 3071 3592 3126 corpora,
3617 3058 3708 3113 di—

2071 3141 2199 3196 vina
2229 3148 2612 3196 remanserant
2641 3141 3011 3211 providentia,
3040 3159 3165 3197 cum
3198 3160 3422 3214 precum
3459 3147 3605 3201 votis
3631 3150 3701 3203 ad

2073 3234 2265 3288 urbem
2282 3233 3118 3304 regredientesinaestimabilem
3141 3237 3429 3295 suavitatis
3448 3240 3702 3309 odorem,

2077 3321 2173 3376 ubi
2199 3329 2518 3377 sanctorum
2549 3322 2956 3378 decorabantur
2985 3324 3706 3403 fumera,lierariunt,gau-

2073 3415 2280 3487 dieque
2334 3417 2733 3487 permiscentes
2799 3417 3089 3489 gemitum,
3151 3419 3473 3490 lacrymosis
3514 3422 3706 3477 Domi-

2079 3520 2211 3559 num
2243 3505 2504 3560 laudibus
2529 3505 2899 3579 magnificam,
2943 3514 2999 3561 et
3029 3507 3095 3561 ad
3136 3508 3521 3565 tumulandum
3546 3527 3705 3567 sacra

2076 3609 2135 3648 se
2160 3603 2540 3664 praeparantes
2578 3595 2833 3667 pignora,
2864 3597 3126 3667 congruis
3151 3612 3216 3650 ea
3246 3597 3391 3652 circa
3418 3599 3704 3656 civitatem

2074 3681 2212 3737 locis
2250 3691 2583 3739 veneranter
2612 3685 2941 3739 recondunt.
2991 3685 3300 3739 Beatissimi
3333 3703 3465 3742 vero
3499 3689 3704 3745 Nicasii

2066 3772 2317 3843 praesulis
2347 3789 2410 3827 ac
2431 3772 2638 3827 sororis
2676 3773 2815 3840 ejus,
2867 3772 3235 3827 sacratissima
3277 3774 3610 3832 solemniter
3643 3779 3702 3833 in

2062 3860 2382 3916 cmmcterio
2405 3859 2581 3914 sancti
2639 3860 2929 3931 Agricola),
2973 3859 3179 3930 templo
3233 3862 3516 3930 quondam
3545 3883 3577 3920 a
3604 3867 3705 3922 Jo-

2060 3948 2213 4014 vino,
2276 3947 2742 4004 Christianissimo
2802 3947 3059 4003 Romana:
3122 3947 3334 4007 militiae
3399 3954 3700 4026 magistro,

2061 4042 2228 4115 longe
2259 4041 2471 4096 scilicet
2499 4049 2628 4096 ante
2670 4039 2923 4107 fundato,
2966 4038 3371 4129 magnificeque
3407 4043 3701 4132 decorata,

2056 4134 2332 4190 collocant
2384 4133 2652 4196 membra,
2693 4142 2752 4188 ut
2806 4142 3098 4204 appareat,
3155 4124 3419 4191 instinctu
3487 4124 3699 4196 divinae:

2057 4222 2483 4295 procurationis,
2527 4222 2594 4276 ad
2650 4221 2993 4277 celebritatis
3060 4223 3293 4279 istorum
3359 4226 3695 4302 dignitatern

2056 4313 2253 4387 magis,
2284 4329 2449 4384 quam
2501 4312 2569 4367 ad
2618 4311 2807 4383 prima:
2862 4321 3223 4383 praeparatam
3274 4312 3442 4369 fuisse
3492 4317 3699 4371 condi-

2056 4401 2227 4457 tionis
2258 4402 2662 4457 auctoritatem.
2722 4401 2872 4455 Hanc
2902 4410 3084 4457 autem
3114 4402 3398 4457 basilicam
3436 4404 3503 4473 β]
3542 4422 3698 4475 prte-

2055 4492 2232 4548 factus
2258 4494 2342 4547 vir
2370 4493 2621 4559 Jovinus,
2655 4494 2743 4548 his
2785 4494 3059 4565 versibus,
3110 4511 3278 4550 aureo
3329 4497 3696 4567 praelitulavit

2054 4581 2277 4636 decore.

1973 4651 2031 4721 D
2118 4671 2255 4735 Eclix
2280 4670 2483 4735 militia:
2510 4671 2725 4735 sumpsit
2756 4671 2937 4722 devota
2958 4671 3167 4720 Iovinus

2115 4731 2342 4796 Cingula,
2369 4731 2838 4783 virtutum—culmen
2864 4741 3126 4797 provectus
3163 4735 3213 4783 in
3241 4734 3397 4784 altum

2115 4797 2299 4861 Bisque
2334 4797 2481 4845 datus
2524 4797 2985 4861 meritisgequituin,
3011 4797 3335 4861 peditumque
3362 4799 3619 4860 magister,

2116 4858 2308 4908 Extulit
2332 4867 2571 4907 internum
2595 4858 2887 4908 szeculorum
2925 4858 2977 4907 in
3002 4858 3182 4908 szecula
3208 4858 3408 4919 neuneu,

2116 4921 2208 4984 Sed
2233 4921 2415 4984 pietate
2435 4921 2574 4984 gravi
2606 4929 2742 4969 tanta
2775 4922 2878 4969 hinc
2908 4922 3155 4983 praaconia
3182 4922 3319 4970 vicit.

2110 4983 2428 5046 Insignesque
2455 4983 2736 5046 triumphos
2758 4984 3011 5045 relligione
3033 4984 3235 5043 dicavit,

2114 5047 2174 5109 Ut
2198 5060 2346 5109 quem
2379 5046 2516 5109 fama
2536 5046 2690 5095 dabat
2713 5046 2860 5095 rebus
2889 5056 3145 5109 superaret
3167 5048 3426 5105 honorem,

2110 5108 2169 5171 Et
2196 5108 2352 5171 vitam
2374 5108 2530 5171 factis
2562 5120 2719 5171 posset
2747 5108 3255 5171 sperarc’pcrcnnem.

2107 5169 2345 5219 Conscius
2369 5170 2449 5218 hic
2474 5169 2645 5218 sancto
2670 5169 2922 5219 manantis
2949 5169 3082 5220 fonte
3103 5172 3295 5230 salutis,

2108 5232 2284 5282 Sedem
2300 5232 2860 5296 vivacemgmoribundis
2896 5248 3078 5296 ponere
3103 5235 3358 5292 memblis,

2105 5294 2341 5365 Corporis
2360 5294 2638 5365 hospitium
2660 5296 2800 5365 lectus
2826 5294 3035 5365 metator
3061 5296 3287 5356 adornat,
3372 5299 3377 5304 ’

2106 5357 2403 5407 Reddendos
2425 5357 2543 5405 vitae
2568 5358 2752 5406 solvari
2785 5359 3013 5408 providet
3046 5367 3199 5408 artus.
3544 5396 3569 5404 -

2102 5419 2685 5486 anipotens‘Chi-istus
2709 5419 2863 5486 judcx
2886 5421 3202 5486 venerabilis,
3240 5429 3388 5486 atque

2104 5482 2391 5548 Terribilis,
2408 5482 2503 5548 pio,
2529 5482 2846 5548 longanimis,
2876 5499 2987 5548 spes
3014 5484 3114 5532 lida
3137 5482 3446 5548 precantum,

2106 5546 2296 5594 Nobilis
2316 5544 2525 5593 eximios
2542 5544 2746 5593 famulis
2763 5559 2861 5594 non
2890 5544 3109 5608 imputat
3135 5544 3288 5595 actus.

2100 5609 2218 5658 Plus
2247 5608 2383 5671 justo
2398 5607 2518 5656 ﬁdei
2538 5623 2593 5657 ac
2625 5608 2823 5671 pietatis
2842 5607 3051 5671 praemia
3070 5609 3289 5659 vincant.

386 5818 463 5887 (2)
496 5818 621 5873 Haec
650 5818 821 5874 hodie
847 5826 932 5874 est
963 5819 1196 5876 ecclesia
1222 5823 1275 5878 S.
1311 5823 1478 5877 Nicsii
1507 5825 1789 5895 quomodo
1822 5826 1963 5880 intra
1990 5832 2237 5893 vocatur,
2278 5843 2308 5881 c
2337 5868 2350 5882 .
2384 5827 2471 5883 12.
