  <div class='ocr_page' id='page_1' title='image "/cluster/home/n/w/nwhite01/storage/ocr_20150623/134-135/uc1.31175013627537/540.png"; bbox 0 0 3884 6402; ppageno 0'>
   <div class='ocr_carea' id='block_1_1' title="bbox 178 417 3544 488">
    <p class='ocr_par' dir='ltr' id='par_1_1' title="bbox 178 417 3544 488">
     <span class='ocr_line' id='line_1_1' title="bbox 178 417 3544 488; baseline 0.004 -15"><span class='ocrx_word' id='word_1_1' title='bbox 178 419 241 473; x_wconf 83' lang='grc'><strong>41</strong></span> <span class='ocrx_word' id='word_1_2' title='bbox 861 418 1187 475; x_wconf 79' lang='lat' dir='ltr'><strong>HISTORUE</strong></span> <span class='ocrx_word' id='word_1_3' title='bbox 1226 417 1569 474; x_wconf 55' lang='lat' dir='ltr'><strong>ECCLESIZE</strong></span> <span class='ocrx_word' id='word_1_4' title='bbox 1611 418 1939 474; x_wconf 80' lang='lat' dir='ltr'><strong>REMENSIS</strong></span> <span class='ocrx_word' id='word_1_5' title='bbox 1979 420 2156 478; x_wconf 82' lang='lat' dir='ltr'><strong>LIBRI</strong></span> <span class='ocrx_word' id='word_1_6' title='bbox 2198 422 2522 488; x_wconf 80' lang='lat' dir='ltr'><strong>QUATUOR.</strong></span> <span class='ocrx_word' id='word_1_7' title='bbox 2550 462 2622 470; x_wconf 93' lang='lat'><strong>——</strong></span> <span class='ocrx_word' id='word_1_8' title='bbox 2664 428 2784 485; x_wconf 84' lang='lat' dir='ltr'><strong>LIB.</strong></span> <span class='ocrx_word' id='word_1_9' title='bbox 2828 431 2867 485; x_wconf 95' lang='lat' dir='ltr'><strong>I.</strong></span> <span class='ocrx_word' id='word_1_10' title='bbox 3474 434 3544 486; x_wconf 74' lang='grc'><strong>42</strong></span> 
     </span>
    </p>
   </div>
   <div class='ocr_carea' id='block_1_2' title="bbox 257 546 3539 629">
    <p class='ocr_par' dir='ltr' id='par_1_2' title="bbox 257 546 3539 629">
     <span class='ocr_line' id='line_1_2' title="bbox 257 546 3539 629; baseline 0.003 -24"><span class='ocrx_word' id='word_1_11' title='bbox 257 546 360 602; x_wconf 86' lang='lat' dir='ltr'>Ubi</span> <span class='ocrx_word' id='word_1_12' title='bbox 401 554 767 619; x_wconf 76' lang='lat' dir='ltr'><strong>posteaquam</strong></span> <span class='ocrx_word' id='word_1_13' title='bbox 807 556 937 603; x_wconf 89' lang='lat' dir='ltr'><strong>sunt</strong></span> <span class='ocrx_word' id='word_1_14' title='bbox 976 549 1171 603; x_wconf 87' lang='lat' dir='ltr'><strong>horum</strong></span> <span class='ocrx_word' id='word_1_15' title='bbox 1211 547 1466 618; x_wconf 83' lang='lat' dir='ltr'><strong>deposita</strong></span> <span class='ocrx_word' id='word_1_16' title='bbox 1495 553 1808 601; x_wconf 85' lang='lat' dir='ltr'><strong>sanctorum</strong></span> <span class='ocrx_word' id='word_1_17' title='bbox 1836 551 1883 618; x_wconf 86' lang='grc' dir='ltr'><strong>Α</strong></span> <span class='ocrx_word' id='word_1_18' title='bbox 1910 552 2114 625; x_wconf 76' lang='lat' dir='ltr'><strong>gratias</strong></span> <span class='ocrx_word' id='word_1_19' title='bbox 2135 563 2384 629; x_wconf 83' lang='lat' dir='ltr'><strong>agentes,</strong></span> <span class='ocrx_word' id='word_1_20' title='bbox 2411 559 2913 614; x_wconf 90' lang='lat' dir='ltr'><strong>nocturnasineunt</strong></span> <span class='ocrx_word' id='word_1_21' title='bbox 2943 559 3152 615; x_wconf 91' lang='lat' dir='ltr'><strong>laudes.</strong></span> <span class='ocrx_word' id='word_1_22' title='bbox 3189 560 3403 625; x_wconf 84' lang='lat' dir='ltr'><strong>Quibus</strong></span> <span class='ocrx_word' id='word_1_23' title='bbox 3424 559 3539 628; x_wconf 89' lang='lat' dir='ltr'><strong>jam</strong></span> 
     </span>
    </p>
   </div>
   <div class='ocr_carea' id='block_1_3' title="bbox 178 634 1813 707">
    <p class='ocr_par' dir='ltr' id='par_1_3' title="bbox 178 634 1813 707">
     <span class='ocr_line' id='line_1_3' title="bbox 178 634 1813 707; baseline -0.001 -18"><span class='ocrx_word' id='word_1_24' title='bbox 178 645 487 706; x_wconf 73' lang='lat' dir='ltr'><strong>martyrum</strong></span> <span class='ocrx_word' id='word_1_25' title='bbox 520 652 776 707; x_wconf 90' lang='lat' dir='ltr'><strong>corpora,</strong></span> <span class='ocrx_word' id='word_1_26' title='bbox 804 637 1311 692; x_wconf 83' lang='lat' dir='ltr'><strong>innumerabilibus</strong></span> <span class='ocrx_word' id='word_1_27' title='bbox 1340 636 1536 692; x_wconf 88' lang='lat' dir='ltr'><strong>eadem</strong></span> <span class='ocrx_word' id='word_1_28' title='bbox 1569 634 1813 688; x_wconf 80' lang='lat' dir='ltr'><strong>Ecclesia</strong></span> 
     </span>
    </p>
   </div>
   <div class='ocr_carea' id='block_1_4' title="bbox 177 729 1810 803">
    <p class='ocr_par' dir='ltr' id='par_1_4' title="bbox 177 729 1810 803">
     <span class='ocr_line' id='line_1_4' title="bbox 177 729 1810 803; baseline -0.002 -22"><span class='ocrx_word' id='word_1_29' title='bbox 177 735 397 784; x_wconf 80' lang='lat' dir='ltr'><strong>constat</strong></span> <span class='ocrx_word' id='word_1_30' title='bbox 426 729 820 784; x_wconf 82' lang='lat' dir='ltr'><strong>miraculorum</strong></span> <span class='ocrx_word' id='word_1_31' title='bbox 871 729 1047 803; x_wconf 82' lang='lat' dir='ltr'><strong>signis</strong></span> <span class='ocrx_word' id='word_1_32' title='bbox 1078 729 1359 797; x_wconf 77' lang='lat' dir='ltr'><strong>redimita,</strong></span> <span class='ocrx_word' id='word_1_33' title='bbox 1413 734 1473 782; x_wconf 92' lang='lat' dir='ltr'><strong>ut</strong></span> <span class='ocrx_word' id='word_1_34' title='bbox 1528 735 1582 781; x_wconf 92' lang='lat' dir='ltr'><strong>et</strong></span> <span class='ocrx_word' id='word_1_35' title='bbox 1621 742 1810 781; x_wconf 88' lang='lat' dir='ltr'><strong>eorum</strong></span> 
     </span>
    </p>
   </div>
   <div class='ocr_carea' id='block_1_5' title="bbox 180 816 1809 893">
    <p class='ocr_par' dir='ltr' id='par_1_5' title="bbox 180 816 1809 893">
     <span class='ocr_line' id='line_1_5' title="bbox 180 816 1809 893; baseline -0.001 -23"><span class='ocrx_word' id='word_1_36' title='bbox 180 817 396 871; x_wconf 88' lang='lat' dir='ltr'><strong>meritis</strong></span> <span class='ocrx_word' id='word_1_37' title='bbox 421 834 487 874; x_wconf 90' lang='lat' dir='ltr'><strong>ac</strong></span> <span class='ocrx_word' id='word_1_38' title='bbox 512 818 794 889; x_wconf 86' lang='lat' dir='ltr'><strong>precibus,</strong></span> <span class='ocrx_word' id='word_1_39' title='bbox 835 818 1134 873; x_wconf 78' lang='lat' dir='ltr'><strong>multitudo</strong></span> <span class='ocrx_word' id='word_1_40' title='bbox 1164 816 1543 893; x_wconf 83' lang='lat' dir='ltr'><strong>languentium</strong></span> <span class='ocrx_word' id='word_1_41' title='bbox 1574 830 1809 886; x_wconf 58' lang='lat' dir='ltr'><strong>recupeo</strong></span> 
     </span>
    </p>
   </div>
   <div class='ocr_carea' id='block_1_6' title="bbox 180 906 1815 982">
    <p class='ocr_par' dir='ltr' id='par_1_6' title="bbox 180 906 1815 982">
     <span class='ocr_line' id='line_1_6' title="bbox 180 906 1815 982; baseline -0.002 -19"><span class='ocrx_word' id='word_1_42' title='bbox 180 908 417 964; x_wconf 81' lang='lat' dir='ltr'><strong>rationis</strong></span> <span class='ocrx_word' id='word_1_43' title='bbox 471 910 612 965; x_wconf 92' lang='lat' dir='ltr'><strong>inibi</strong></span> <span class='ocrx_word' id='word_1_44' title='bbox 668 910 941 982; x_wconf 87' lang='lat' dir='ltr'><strong>percipiat</strong></span> <span class='ocrx_word' id='word_1_45' title='bbox 1006 910 1371 977; x_wconf 87' lang='lat' dir='ltr'><strong>alacritatem,</strong></span> <span class='ocrx_word' id='word_1_46' title='bbox 1429 918 1484 963; x_wconf 90' lang='lat' dir='ltr'><strong>et</strong></span> <span class='ocrx_word' id='word_1_47' title='bbox 1545 906 1815 977; x_wconf 91' lang='lat' dir='ltr'><strong>exemplis</strong></span> 
     </span>
    </p>
   </div>
   <div class='ocr_carea' id='block_1_7' title="bbox 181 996 1814 1071">
    <p class='ocr_par' dir='ltr' id='par_1_7' title="bbox 181 996 1814 1071">
     <span class='ocr_line' id='line_1_7' title="bbox 181 996 1814 1071; baseline 0 -21"><span class='ocrx_word' id='word_1_48' title='bbox 181 996 431 1068; x_wconf 90' lang='lat' dir='ltr'><strong>ipsorum</strong></span> <span class='ocrx_word' id='word_1_49' title='bbox 455 999 614 1070; x_wconf 83' lang='lat' dir='ltr'><strong>plebs</strong></span> <span class='ocrx_word' id='word_1_50' title='bbox 633 1001 701 1054; x_wconf 90' lang='lat' dir='ltr'><strong>ad</strong></span> <span class='ocrx_word' id='word_1_51' title='bbox 730 1001 1012 1055; x_wconf 69' lang='lat' dir='ltr'><strong>caelestem</strong></span> <span class='ocrx_word' id='word_1_52' title='bbox 1040 999 1372 1071; x_wconf 80' lang='lat' dir='ltr'><strong>[C.,devota]</strong></span> <span class='ocrx_word' id='word_1_53' title='bbox 1406 999 1585 1053; x_wconf 91' lang='lat' dir='ltr'><strong>discat</strong></span> <span class='ocrx_word' id='word_1_54' title='bbox 1613 1011 1814 1067; x_wconf 87' lang='lat' dir='ltr'><strong>prope—</strong></span> 
     </span>
    </p>
   </div>
   <div class='ocr_carea' id='block_1_8' title="bbox 180 1087 1816 1158">
    <p class='ocr_par' dir='ltr' id='par_1_8' title="bbox 180 1087 1816 1158">
     <span class='ocr_line' id='line_1_8' title="bbox 180 1087 1816 1158; baseline -0.001 -18"><span class='ocrx_word' id='word_1_55' title='bbox 180 1102 306 1142; x_wconf 84' lang='lat' dir='ltr'><strong>rare</strong></span> <span class='ocrx_word' id='word_1_56' title='bbox 327 1088 750 1145; x_wconf 84' lang='lat' dir='ltr'><strong>sublimitatem.</strong></span> <span class='ocrx_word' id='word_1_57' title='bbox 791 1090 1039 1145; x_wconf 87' lang='lat' dir='ltr'><strong>Meminit</strong></span> <span class='ocrx_word' id='word_1_58' title='bbox 1079 1090 1245 1158; x_wconf 85' lang='lat' dir='ltr'><strong>hujus</strong></span> <span class='ocrx_word' id='word_1_59' title='bbox 1292 1087 1601 1143; x_wconf 72' lang='lat' dir='ltr'><strong>barbarica!</strong></span> <span class='ocrx_word' id='word_1_60' title='bbox 1625 1101 1816 1155; x_wconf 87' lang='lat' dir='ltr'><strong>perse-</strong></span> 
     </span>
    </p>
   </div>
   <div class='ocr_carea' id='block_1_9' title="bbox 178 1175 1813 1253">
    <p class='ocr_par' dir='ltr' id='par_1_9' title="bbox 178 1175 1813 1253">
     <span class='ocr_line' id='line_1_9' title="bbox 178 1175 1813 1253; baseline -0.002 -21"><span class='ocrx_word' id='word_1_61' title='bbox 178 1178 427 1234; x_wconf 90' lang='lat' dir='ltr'><strong>cutionis</strong></span> <span class='ocrx_word' id='word_1_62' title='bbox 462 1181 657 1237; x_wconf 88' lang='lat' dir='ltr'><strong>beatus</strong></span> <span class='ocrx_word' id='word_1_63' title='bbox 687 1182 1053 1253; x_wconf 85' lang='lat' dir='ltr'><strong>Hieronymus</strong></span> <span class='ocrx_word' id='word_1_64' title='bbox 1103 1184 1282 1252; x_wconf 78' lang='lat' dir='ltr'><strong>(epist.</strong></span> <span class='ocrx_word' id='word_1_65' title='bbox 1326 1182 1415 1247; x_wconf 83' lang='lat' dir='ltr'><strong>ll)</strong></span> <span class='ocrx_word' id='word_1_66' title='bbox 1461 1178 1716 1235; x_wconf 91' lang='lat' dir='ltr'><strong>scribens</strong></span> <span class='ocrx_word' id='word_1_67' title='bbox 1745 1175 1813 1230; x_wconf 90' lang='lat' dir='ltr'><strong>ad</strong></span> 
     </span>
    </p>
   </div>
   <div class='ocr_carea' id='block_1_10' title="bbox 178 1268 1816 1343">
    <p class='ocr_par' dir='ltr' id='par_1_10' title="bbox 178 1268 1816 1343">
     <span class='ocr_line' id='line_1_10' title="bbox 178 1268 1816 1343; baseline 0 -23"><span class='ocrx_word' id='word_1_68' title='bbox 178 1268 484 1338; x_wconf 88' lang='lat' dir='ltr'><strong>quamdam</strong></span> <span class='ocrx_word' id='word_1_69' title='bbox 500 1271 971 1326; x_wconf 87' lang='lat' dir='ltr'><strong>adolescentulam</strong></span> <span class='ocrx_word' id='word_1_70' title='bbox 999 1272 1219 1327; x_wconf 87' lang='lat' dir='ltr'><strong>viduam</strong></span> <span class='ocrx_word' id='word_1_71' title='bbox 1246 1268 1686 1343; x_wconf 83' lang='lat' dir='ltr'><strong>Aggerunchiam</strong></span> <span class='ocrx_word' id='word_1_72' title='bbox 1715 1279 1816 1320; x_wconf 92' lang='lat' dir='ltr'><strong>no-</strong></span> 
     </span>
    </p>
   </div>
   <div class='ocr_carea' id='block_1_11' title="bbox 178 1358 1813 1436">
    <p class='ocr_par' dir='ltr' id='par_1_11' title="bbox 178 1358 1813 1436">
     <span class='ocr_line' id='line_1_11' title="bbox 178 1358 1813 1436; baseline 0.003 -25"><span class='ocrx_word' id='word_1_73' title='bbox 178 1358 379 1425; x_wconf 89' lang='lat' dir='ltr'><strong>bilem,</strong></span> <span class='ocrx_word' id='word_1_74' title='bbox 413 1368 471 1415; x_wconf 88' lang='lat' dir='ltr'><strong>et</strong></span> <span class='ocrx_word' id='word_1_75' title='bbox 500 1363 797 1418; x_wconf 89' lang='lat' dir='ltr'><strong>exhortans</strong></span> <span class='ocrx_word' id='word_1_76' title='bbox 827 1380 947 1419; x_wconf 91' lang='lat' dir='ltr'><strong>eam</strong></span> <span class='ocrx_word' id='word_1_77' title='bbox 965 1364 1033 1418; x_wconf 92' lang='lat' dir='ltr'><strong>de</strong></span> <span class='ocrx_word' id='word_1_78' title='bbox 1067 1363 1475 1436; x_wconf 85' lang='lat' dir='ltr'><strong>perseverantia</strong></span> <span class='ocrx_word' id='word_1_79' title='bbox 1506 1362 1813 1423; x_wconf 84' lang='lat' dir='ltr'><strong>viduitatis,</strong></span> 
     </span>
    </p>
   </div>
   <div class='ocr_carea' id='block_1_12' title="bbox 179 1449 1807 1511">
    <p class='ocr_par' dir='ltr' id='par_1_12' title="bbox 179 1449 1807 1511">
     <span class='ocr_line' id='line_1_12' title="bbox 179 1449 1807 1511; baseline 0.002 -7"><span class='ocrx_word' id='word_1_80' title='bbox 179 1449 258 1505; x_wconf 90' lang='lat' dir='ltr'><strong>ita</strong></span> <span class='ocrx_word' id='word_1_81' title='bbox 288 1454 651 1509; x_wconf 90' lang='lat' dir='ltr'><strong>memorando</strong></span> <span class='ocrx_word' id='word_1_82' title='bbox 709 1455 854 1511; x_wconf 88' lang='lat' dir='ltr'><strong>inter</strong></span> <span class='ocrx_word' id='word_1_83' title='bbox 892 1464 1126 1511; x_wconf 67' lang='lat' dir='ltr'><strong>caetera:</strong></span> <span class='ocrx_word' id='word_1_84' title='bbox 1187 1481 1212 1503; x_wconf 87' lang='lat'><strong>«</strong></span> <span class='ocrx_word' id='word_1_85' title='bbox 1270 1454 1714 1511; x_wconf 89' lang='lat' dir='ltr'><strong>Innumerabiles</strong></span> <span class='ocrx_word' id='word_1_86' title='bbox 1751 1462 1807 1508; x_wconf 91' lang='lat' dir='ltr'><strong>et</strong></span> 
     </span>
    </p>
   </div>
   <div class='ocr_carea' id='block_1_13' title="bbox 180 1538 1805 1615">
    <p class='ocr_par' dir='ltr' id='par_1_13' title="bbox 180 1538 1805 1615">
     <span class='ocr_line' id='line_1_13' title="bbox 180 1538 1805 1615; baseline 0.004 -23"><span class='ocrx_word' id='word_1_87' title='bbox 180 1538 545 1598; x_wconf 63' lang='lat' dir='ltr'><strong>ferocissima;</strong></span> <span class='ocrx_word' id='word_1_88' title='bbox 602 1543 858 1600; x_wconf 86' lang='lat' dir='ltr'><strong>nationes</strong></span> <span class='ocrx_word' id='word_1_89' title='bbox 890 1546 1177 1601; x_wconf 88' lang='lat' dir='ltr'><strong>universas</strong></span> <span class='ocrx_word' id='word_1_90' title='bbox 1209 1545 1411 1600; x_wconf 80' lang='lat' dir='ltr'><strong>Gallias</strong></span> <span class='ocrx_word' id='word_1_91' title='bbox 1441 1553 1805 1615; x_wconf 89' lang='lat' dir='ltr'><strong>occuparunt.</strong></span> 
     </span>
    </p>
   </div>
   <div class='ocr_carea' id='block_1_14' title="bbox 178 1630 1812 1707">
    <p class='ocr_par' dir='ltr' id='par_1_14' title="bbox 178 1630 1812 1707">
     <span class='ocr_line' id='line_1_14' title="bbox 178 1630 1812 1707; baseline 0.002 -23"><span class='ocrx_word' id='word_1_92' title='bbox 178 1630 466 1701; x_wconf 85' lang='lat' dir='ltr'><strong>Quidquid</strong></span> <span class='ocrx_word' id='word_1_93' title='bbox 490 1632 637 1687; x_wconf 91' lang='lat' dir='ltr'><strong>inter</strong></span> <span class='ocrx_word' id='word_1_94' title='bbox 664 1634 827 1704; x_wconf 68' lang='lat' dir='ltr'><strong>Alpes</strong></span> <span class='ocrx_word' id='word_1_95' title='bbox 853 1644 907 1690; x_wconf 91' lang='lat' dir='ltr'><strong>et</strong></span> <span class='ocrx_word' id='word_1_96' title='bbox 940 1636 1282 1707; x_wconf 65' lang='lat' dir='ltr'><strong>Pyrenaeum,</strong></span> <span class='ocrx_word' id='word_1_97' title='bbox 1319 1635 1467 1706; x_wconf 91' lang='lat' dir='ltr'><strong>quod</strong></span> <span class='ocrx_word' id='word_1_98' title='bbox 1496 1634 1710 1688; x_wconf 89' lang='lat' dir='ltr'><strong>Oceano</strong></span> <span class='ocrx_word' id='word_1_99' title='bbox 1757 1641 1812 1688; x_wconf 89' lang='lat' dir='ltr'><strong>et</strong></span> 
     </span>
    </p>
   </div>
   <div class='ocr_carea' id='block_1_15' title="bbox 178 1722 1809 1796">
    <p class='ocr_par' dir='ltr' id='par_1_15' title="bbox 178 1722 1809 1796">
     <span class='ocr_line' id='line_1_15' title="bbox 178 1722 1809 1796; baseline 0.002 -21"><span class='ocrx_word' id='word_1_100' title='bbox 178 1722 378 1779; x_wconf 82' lang='lat' dir='ltr'><strong>Rheno</strong></span> <span class='ocrx_word' id='word_1_101' title='bbox 438 1726 771 1792; x_wconf 91' lang='lat' dir='ltr'><strong>includitur,</strong></span> <span class='ocrx_word' id='word_1_102' title='bbox 841 1726 1102 1792; x_wconf 87' lang='lat' dir='ltr'><strong>Quadus,</strong></span> <span class='ocrx_word' id='word_1_103' title='bbox 1158 1726 1484 1796; x_wconf 88' lang='lat' dir='ltr'><strong>Wandalus,</strong></span> <span class='ocrx_word' id='word_1_104' title='bbox 1546 1728 1809 1791; x_wconf 89' lang='lat' dir='ltr'><strong>Sarmata,</strong></span> 
     </span>
    </p>
   </div>
   <div class='ocr_carea' id='block_1_16' title="bbox 179 1815 1812 1892">
    <p class='ocr_par' dir='ltr' id='par_1_16' title="bbox 179 1815 1812 1892">
     <span class='ocr_line' id='line_1_16' title="bbox 179 1815 1812 1892; baseline 0.002 -24"><span class='ocrx_word' id='word_1_105' title='bbox 179 1815 365 1883; x_wconf 77' lang='lat' dir='ltr'><strong>Alani,</strong></span> <span class='ocrx_word' id='word_1_106' title='bbox 420 1818 682 1889; x_wconf 80' lang='lat' dir='ltr'><strong>Gepides,</strong></span> <span class='ocrx_word' id='word_1_107' title='bbox 748 1819 976 1886; x_wconf 85' lang='lat' dir='ltr'><strong>Heruli,</strong></span> <span class='ocrx_word' id='word_1_108' title='bbox 1036 1821 1305 1887; x_wconf 82' lang='lat' dir='ltr'><strong>Saxones,</strong></span> <span class='ocrx_word' id='word_1_109' title='bbox 1371 1819 1812 1892; x_wconf 83' lang='lat' dir='ltr'><strong>Burgundiones,</strong></span> 
     </span>
    </p>
   </div>
   <div class='ocr_carea' id='block_1_17' title="bbox 1914 647 3545 724">
    <p class='ocr_par' dir='ltr' id='par_1_17' title="bbox 1914 647 3545 724">
     <span class='ocr_line' id='line_1_17' title="bbox 1914 647 3545 724; baseline 0.005 -26"><span class='ocrx_word' id='word_1_110' title='bbox 1914 662 2113 719; x_wconf 87' lang='lat' dir='ltr'><strong>magna</strong></span> <span class='ocrx_word' id='word_1_111' title='bbox 2143 655 2296 717; x_wconf 87' lang='lat' dir='ltr'><strong>parte</strong></span> <span class='ocrx_word' id='word_1_112' title='bbox 2328 647 2597 713; x_wconf 86' lang='lat' dir='ltr'><strong>decursis,</strong></span> <span class='ocrx_word' id='word_1_113' title='bbox 2651 651 2721 704; x_wconf 90' lang='lat' dir='ltr'><strong>ad</strong></span> <span class='ocrx_word' id='word_1_114' title='bbox 2789 651 2984 706; x_wconf 88' lang='lat' dir='ltr'><strong>horum</strong></span> <span class='ocrx_word' id='word_1_115' title='bbox 3030 666 3194 705; x_wconf 89' lang='lat' dir='ltr'><strong>voces</strong></span> <span class='ocrx_word' id='word_1_116' title='bbox 3255 652 3545 724; x_wconf 91' lang='lat' dir='ltr'><strong>presbyter</strong></span> 
     </span>
    </p>
   </div>
   <div class='ocr_carea' id='block_1_18' title="bbox 1912 740 3541 814">
    <p class='ocr_par' dir='ltr' id='par_1_18' title="bbox 1912 740 3541 814">
     <span class='ocr_line' id='line_1_18' title="bbox 1912 740 3541 814; baseline 0.002 -20"><span class='ocrx_word' id='word_1_117' title='bbox 1912 740 2196 807; x_wconf 87' lang='lat' dir='ltr'><strong>excitatur,</strong></span> <span class='ocrx_word' id='word_1_118' title='bbox 2221 756 2335 795; x_wconf 90' lang='lat' dir='ltr'><strong>rem</strong></span> <span class='ocrx_word' id='word_1_119' title='bbox 2366 758 2490 795; x_wconf 91' lang='lat' dir='ltr'><strong>cum</strong></span> <span class='ocrx_word' id='word_1_120' title='bbox 2522 742 2641 796; x_wconf 89' lang='lat' dir='ltr'><strong>suis</strong></span> <span class='ocrx_word' id='word_1_121' title='bbox 2675 742 2998 810; x_wconf 88' lang='lat' dir='ltr'><strong>admiratus,</strong></span> <span class='ocrx_word' id='word_1_122' title='bbox 3032 743 3266 814; x_wconf 86' lang='lat' dir='ltr'><strong>hymnos</strong></span> <span class='ocrx_word' id='word_1_123' title='bbox 3294 744 3541 799; x_wconf 92' lang='lat' dir='ltr'><strong>dicturus</strong></span> 
     </span>
    </p>
   </div>
   <div class='ocr_carea' id='block_1_19' title="bbox 1915 831 3537 905">
    <p class='ocr_par' dir='ltr' id='par_1_19' title="bbox 1915 831 3537 905">
     <span class='ocr_line' id='line_1_19' title="bbox 1915 831 3537 905; baseline 0.001 -18"><span class='ocrx_word' id='word_1_124' title='bbox 1915 848 2040 887; x_wconf 91' lang='lat' dir='ltr'><strong>cum</strong></span> <span class='ocrx_word' id='word_1_125' title='bbox 2115 831 2332 886; x_wconf 69' lang='lat' dir='ltr'><strong>caeteris</strong></span> <span class='ocrx_word' id='word_1_126' title='bbox 2391 832 2732 903; x_wconf 87' lang='lat' dir='ltr'><strong>stupefactus</strong></span> <span class='ocrx_word' id='word_1_127' title='bbox 2792 840 3143 902; x_wconf 85' lang='lat' dir='ltr'><strong>apprOperat.</strong></span> <span class='ocrx_word' id='word_1_128' title='bbox 3206 832 3537 905; x_wconf 85' lang='lat' dir='ltr'><strong>Nullamque</strong></span> 
     </span>
    </p>
   </div>
   <div class='ocr_carea' id='block_1_20' title="bbox 1915 929 3538 1000">
    <p class='ocr_par' dir='ltr' id='par_1_20' title="bbox 1915 929 3538 1000">
     <span class='ocr_line' id='line_1_20' title="bbox 1915 929 3538 1000; baseline -0.001 -17"><span class='ocrx_word' id='word_1_129' title='bbox 1915 929 2139 984; x_wconf 91' lang='lat' dir='ltr'><strong>demum</strong></span> <span class='ocrx_word' id='word_1_130' title='bbox 2170 931 2517 986; x_wconf 86' lang='lat' dir='ltr'><strong>accensionis</strong></span> <span class='ocrx_word' id='word_1_131' title='bbox 2558 931 2738 999; x_wconf 88' lang='lat' dir='ltr'><strong>hujus,</strong></span> <span class='ocrx_word' id='word_1_132' title='bbox 2768 930 2855 984; x_wconf 85' lang='lat' dir='ltr'><strong>vel</strong></span> <span class='ocrx_word' id='word_1_133' title='bbox 2904 930 3261 985; x_wconf 90' lang='lat' dir='ltr'><strong>reserationis</strong></span> <span class='ocrx_word' id='word_1_134' title='bbox 3294 930 3538 1000; x_wconf 87' lang='lat' dir='ltr'><strong>reperire</strong></span> 
     </span>
    </p>
   </div>
   <div class='ocr_carea' id='block_1_21' title="bbox 1916 1023 3539 1095">
    <p class='ocr_par' dir='ltr' id='par_1_21' title="bbox 1916 1023 3539 1095">
     <span class='ocr_line' id='line_1_21' title="bbox 1916 1023 3539 1095; baseline -0.001 -17"><span class='ocrx_word' id='word_1_135' title='bbox 1916 1032 2127 1095; x_wconf 89' lang='lat' dir='ltr'><strong>queunt</strong></span> <span class='ocrx_word' id='word_1_136' title='bbox 2156 1023 2712 1093; x_wconf 87' lang='lat' dir='ltr'><strong>administrationem,</strong></span> <span class='ocrx_word' id='word_1_137' title='bbox 2745 1024 2852 1079; x_wconf 91' lang='lat' dir='ltr'><strong>nisi</strong></span> <span class='ocrx_word' id='word_1_138' title='bbox 2881 1041 3159 1079; x_wconf 91' lang='lat' dir='ltr'><strong>summum</strong></span> <span class='ocrx_word' id='word_1_139' title='bbox 3191 1023 3365 1079; x_wconf 86' lang='lat' dir='ltr'><strong>divini</strong></span> <span class='ocrx_word' id='word_1_140' title='bbox 3398 1024 3539 1077; x_wconf 88' lang='lat' dir='ltr'><strong>dun-</strong></span> 
     </span>
    </p>
   </div>
   <div class='ocr_carea' id='block_1_22' title="bbox 1917 1100 3537 1191">
    <p class='ocr_par' dir='ltr' id='par_1_22' title="bbox 1917 1100 3537 1191">
     <span class='ocr_line' id='line_1_22' title="bbox 1917 1100 3537 1191; baseline -0.002 -20"><span class='ocrx_word' id='word_1_141' title='bbox 1917 1100 2086 1171; x_wconf 22' lang='lat' dir='ltr'><strong>taxat.</strong></span> <span class='ocrx_word' id='word_1_142' title='bbox 2126 1115 2376 1170; x_wconf 86' lang='lat' dir='ltr'><strong>muneris</strong></span> <span class='ocrx_word' id='word_1_143' title='bbox 2419 1116 2759 1191; x_wconf 85' lang='lat' dir='ltr'><strong>largitorem,</strong></span> <span class='ocrx_word' id='word_1_144' title='bbox 2818 1117 2910 1189; x_wconf 88' lang='lat' dir='ltr'><strong>qui</strong></span> <span class='ocrx_word' id='word_1_145' title='bbox 2967 1125 3281 1173; x_wconf 82' lang='lat' dir='ltr'><strong>sanctorum</strong></span> <span class='ocrx_word' id='word_1_146' title='bbox 3311 1131 3537 1171; x_wconf 92' lang='lat' dir='ltr'><strong>suorum</strong></span> 
     </span>
    </p>
   </div>
   <div class='ocr_carea' id='block_1_23' title="bbox 1910 1206 3541 1283">
    <p class='ocr_par' dir='ltr' id='par_1_23' title="bbox 1910 1206 3541 1283">
     <span class='ocr_line' id='line_1_23' title="bbox 1910 1206 3541 1283; baseline 0 -22"><span class='ocrx_word' id='word_1_147' title='bbox 1910 1206 2031 1280; x_wconf 90' lang='lat' dir='ltr'><strong>jugi</strong></span> <span class='ocrx_word' id='word_1_148' title='bbox 2057 1206 2322 1261; x_wconf 90' lang='lat' dir='ltr'><strong>mirorum</strong></span> <span class='ocrx_word' id='word_1_149' title='bbox 2342 1208 2663 1277; x_wconf 89' lang='lat' dir='ltr'><strong>splendore,</strong></span> <span class='ocrx_word' id='word_1_150' title='bbox 2710 1224 3020 1283; x_wconf 82' lang='lat' dir='ltr'><strong>propagare</strong></span> <span class='ocrx_word' id='word_1_151' title='bbox 3045 1225 3155 1263; x_wconf 90' lang='lat' dir='ltr'><strong>non</strong></span> <span class='ocrx_word' id='word_1_152' title='bbox 3197 1207 3415 1262; x_wconf 89' lang='lat' dir='ltr'><strong>desistit</strong></span> <span class='ocrx_word' id='word_1_153' title='bbox 3438 1207 3541 1262; x_wconf 84' lang='lat' dir='ltr'><strong>ho-</strong></span> 
     </span>
    </p>
   </div>
   <div class='ocr_carea' id='block_1_24' title="bbox 1870 1296 3544 1370">
    <p class='ocr_par' dir='ltr' id='par_1_24' title="bbox 1870 1296 3544 1370">
     <span class='ocr_line' id='line_1_24' title="bbox 1870 1296 3544 1370; baseline 0 -20"><span class='ocrx_word' id='word_1_154' title='bbox 1870 1340 1876 1345; x_wconf 94' lang='lat'><strong>.</strong></span> <span class='ocrx_word' id='word_1_155' title='bbox 1919 1312 2132 1352; x_wconf 90' lang='lat' dir='ltr'><strong>norem.</strong></span> <span class='ocrx_word' id='word_1_156' title='bbox 2168 1296 2339 1366; x_wconf 85' lang='lat' dir='ltr'><strong>Hujus</strong></span> <span class='ocrx_word' id='word_1_157' title='bbox 2392 1305 2576 1353; x_wconf 88' lang='lat' dir='ltr'><strong>autem</strong></span> <span class='ocrx_word' id='word_1_158' title='bbox 2636 1297 2784 1354; x_wconf 88' lang='lat' dir='ltr'><strong>beati</strong></span> <span class='ocrx_word' id='word_1_159' title='bbox 2847 1297 3126 1370; x_wconf 86' lang='lat' dir='ltr'><strong>pontiﬁcis</strong></span> <span class='ocrx_word' id='word_1_160' title='bbox 3174 1305 3229 1353; x_wconf 89' lang='lat' dir='ltr'><strong>et</strong></span> <span class='ocrx_word' id='word_1_161' title='bbox 3285 1298 3544 1369; x_wconf 89' lang='lat' dir='ltr'><strong>martyris</strong></span> 
     </span>
    </p>
   </div>
   <div class='ocr_carea' id='block_1_25' title="bbox 1918 1390 3540 1467">
    <p class='ocr_par' dir='ltr' id='par_1_25' title="bbox 1918 1390 3540 1467">
     <span class='ocr_line' id='line_1_25' title="bbox 1918 1390 3540 1467; baseline 0 -23"><span class='ocrx_word' id='word_1_162' title='bbox 1918 1390 2151 1463; x_wconf 80' lang='lat' dir='ltr'><strong>pignora</strong></span> <span class='ocrx_word' id='word_1_163' title='bbox 2171 1394 2425 1464; x_wconf 66' lang='lat' dir='ltr'><strong>quiedam</strong></span> <span class='ocrx_word' id='word_1_164' title='bbox 2449 1392 2969 1467; x_wconf 87' lang='lat' dir='ltr'><strong>Noviomagensium</strong></span> <span class='ocrx_word' id='word_1_165' title='bbox 2999 1393 3294 1463; x_wconf 91' lang='lat' dir='ltr'><strong>episcopus</strong></span> <span class='ocrx_word' id='word_1_166' title='bbox 3314 1390 3540 1463; x_wconf 90' lang='lat' dir='ltr'><strong>quidam</strong></span> 
     </span>
    </p>
   </div>
   <div class='ocr_carea' id='block_1_26' title="bbox 1911 1484 3541 1559">
    <p class='ocr_par' dir='ltr' id='par_1_26' title="bbox 1911 1484 3541 1559">
     <span class='ocr_line' id='line_1_26' title="bbox 1911 1484 3541 1559; baseline -0.001 -19"><span class='ocrx_word' id='word_1_167' title='bbox 1911 1486 2161 1552; x_wconf 89' lang='lat' dir='ltr'><strong>obtenta,</strong></span> <span class='ocrx_word' id='word_1_168' title='bbox 2189 1503 2342 1542; x_wconf 88' lang='lat' dir='ltr'><strong>suam</strong></span> <span class='ocrx_word' id='word_1_169' title='bbox 2378 1487 2606 1559; x_wconf 87' lang='lat' dir='ltr'><strong>pertulit</strong></span> <span class='ocrx_word' id='word_1_170' title='bbox 2650 1488 2720 1542; x_wconf 90' lang='lat' dir='ltr'><strong>ad</strong></span> <span class='ocrx_word' id='word_1_171' title='bbox 2761 1487 3065 1543; x_wconf 90' lang='lat' dir='ltr'><strong>civitatem.</strong></span> <span class='ocrx_word' id='word_1_172' title='bbox 3099 1487 3228 1551; x_wconf 76' lang='lat' dir='ltr'><strong>Quae</strong></span> <span class='ocrx_word' id='word_1_173' title='bbox 3256 1494 3365 1540; x_wconf 91' lang='lat' dir='ltr'><strong>tam</strong></span> <span class='ocrx_word' id='word_1_174' title='bbox 3396 1484 3541 1556; x_wconf 90' lang='lat' dir='ltr'><strong>apud</strong></span> 
     </span>
    </p>
   </div>
   <div class='ocr_carea' id='block_1_27' title="bbox 1912 1573 3539 1649">
    <p class='ocr_par' dir='ltr' id='par_1_27' title="bbox 1912 1573 3539 1649">
     <span class='ocr_line' id='line_1_27' title="bbox 1912 1573 3539 1649; baseline -0.002 -20"><span class='ocrx_word' id='word_1_175' title='bbox 1912 1575 2260 1643; x_wconf 86' lang='lat' dir='ltr'><strong>Noviomum,</strong></span> <span class='ocrx_word' id='word_1_176' title='bbox 2310 1593 2475 1649; x_wconf 88' lang='lat' dir='ltr'><strong>quam</strong></span> <span class='ocrx_word' id='word_1_177' title='bbox 2527 1583 2582 1632; x_wconf 90' lang='lat' dir='ltr'><strong>et</strong></span> <span class='ocrx_word' id='word_1_178' title='bbox 2627 1576 2772 1647; x_wconf 89' lang='lat' dir='ltr'><strong>apud</strong></span> <span class='ocrx_word' id='word_1_179' title='bbox 2803 1575 3105 1631; x_wconf 93' lang='lat' dir='ltr'><strong>Tornacum</strong></span> <span class='ocrx_word' id='word_1_180' title='bbox 3152 1582 3390 1629; x_wconf 89' lang='lat' dir='ltr'><strong>castrum</strong></span> <span class='ocrx_word' id='word_1_181' title='bbox 3422 1573 3539 1640; x_wconf 90' lang='lat' dir='ltr'><strong>(ubi</strong></span> 
     </span>
    </p>
   </div>
   <div class='ocr_carea' id='block_1_28' title="bbox 1915 1661 3541 1735">
    <p class='ocr_par' dir='ltr' id='par_1_28' title="bbox 1915 1661 3541 1735">
     <span class='ocr_line' id='line_1_28' title="bbox 1915 1661 3541 1735; baseline -0.002 -18"><span class='ocrx_word' id='word_1_182' title='bbox 1915 1680 2063 1719; x_wconf 92' lang='lat' dir='ltr'><strong>nunc</strong></span> <span class='ocrx_word' id='word_1_183' title='bbox 2091 1680 2315 1735; x_wconf 90' lang='lat' dir='ltr'><strong>quoque</strong></span> <span class='ocrx_word' id='word_1_184' title='bbox 2347 1664 2555 1719; x_wconf 89' lang='lat' dir='ltr'><strong>servari</strong></span> <span class='ocrx_word' id='word_1_185' title='bbox 2588 1663 2973 1734; x_wconf 85' lang='lat' dir='ltr'><strong>perhibentur)</strong></span> <span class='ocrx_word' id='word_1_186' title='bbox 3025 1662 3210 1729; x_wconf 89' lang='lat' dir='ltr'><strong>claris,</strong></span> <span class='ocrx_word' id='word_1_187' title='bbox 3243 1661 3541 1733; x_wconf 88' lang='lat' dir='ltr'><strong>multisque</strong></span> 
     </span>
    </p>
   </div>
   <div class='ocr_carea' id='block_1_29' title="bbox 1915 1752 3540 1808">
    <p class='ocr_par' dir='ltr' id='par_1_29' title="bbox 1915 1752 3540 1808">
     <span class='ocr_line' id='line_1_29' title="bbox 1915 1752 3540 1808; baseline -0.002 0"><span class='ocrx_word' id='word_1_188' title='bbox 1915 1752 2228 1808; x_wconf 86' lang='lat' dir='ltr'><strong>referuntur</strong></span> <span class='ocrx_word' id='word_1_189' title='bbox 2266 1753 2537 1808; x_wconf 88' lang='lat' dir='ltr'><strong>illustrata</strong></span> <span class='ocrx_word' id='word_1_190' title='bbox 2584 1752 2887 1808; x_wconf 89' lang='lat' dir='ltr'><strong>miraculis.</strong></span> <span class='ocrx_word' id='word_1_191' title='bbox 2933 1752 3131 1808; x_wconf 88' lang='lat' dir='ltr'><strong>Postea</strong></span> <span class='ocrx_word' id='word_1_192' title='bbox 3178 1766 3308 1805; x_wconf 88' lang='lat' dir='ltr'><strong>vero</strong></span> <span class='ocrx_word' id='word_1_193' title='bbox 3340 1758 3540 1805; x_wconf 71' lang='lat' dir='ltr'><strong>caetera</strong></span> 
     </span>
    </p>
   </div>
   <div class='ocr_carea' id='block_1_30' title="bbox 1916 1842 3540 1917">
    <p class='ocr_par' dir='ltr' id='par_1_30' title="bbox 1916 1842 3540 1917">
     <span class='ocr_line' id='line_1_30' title="bbox 1916 1842 3540 1917; baseline -0.004 -16"><span class='ocrx_word' id='word_1_194' title='bbox 1916 1846 2166 1917; x_wconf 92' lang='lat' dir='ltr'><strong>corporis</strong></span> <span class='ocrx_word' id='word_1_195' title='bbox 2216 1846 2470 1915; x_wconf 87' lang='lat' dir='ltr'><strong>ejusdem</strong></span> <span class='ocrx_word' id='word_1_196' title='bbox 2529 1843 2786 1915; x_wconf 86' lang='lat' dir='ltr'><strong>martyris</strong></span> <span class='ocrx_word' id='word_1_197' title='bbox 2840 1842 3005 1899; x_wconf 84' lang='lat' dir='ltr'><strong>Fulco</strong></span> <span class='ocrx_word' id='word_1_198' title='bbox 3060 1842 3540 1913; x_wconf 88' lang='lat' dir='ltr'><strong>archiepiscopus,</strong></span> 
     </span>
    </p>
   </div>
   <div class='ocr_carea' id='block_1_31' title="bbox 176 1905 3541 2005">
    <p class='ocr_par' dir='ltr' id='par_1_31' title="bbox 176 1905 3541 2005">
     <span class='ocr_line' id='line_1_31' title="bbox 176 1905 3541 2005; baseline 0.001 -48"><span class='ocrx_word' id='word_1_199' title='bbox 176 1905 496 1974; x_wconf 79' lang='lat' dir='ltr'><strong>Alamanni,</strong></span> <span class='ocrx_word' id='word_1_200' title='bbox 524 1916 599 1975; x_wconf 89' lang='lat' dir='ltr'><strong>et,</strong></span> <span class='ocrx_word' id='word_1_201' title='bbox 633 1908 931 1983; x_wconf 87' lang='lat' dir='ltr'><strong>olugenda</strong></span> <span class='ocrx_word' id='word_1_202' title='bbox 949 1908 1292 1980; x_wconf 83' lang='lat' dir='ltr'><strong>respublica!</strong></span> <span class='ocrx_word' id='word_1_203' title='bbox 1326 1909 1515 1964; x_wconf 89' lang='lat' dir='ltr'><strong>hostes</strong></span> <span class='ocrx_word' id='word_1_204' title='bbox 1543 1907 1812 1962; x_wconf 89' lang='lat' dir='ltr'><strong>Pannonii</strong></span> <span class='ocrx_word' id='word_1_205' title='bbox 1840 1921 1890 1988; x_wconf 76' lang='grc' dir='ltr'><strong>Β</strong></span> <span class='ocrx_word' id='word_1_206' title='bbox 1914 1905 2078 1989; x_wconf 65' lang='lat' dir='ltr'><strong>sim&#39;ul</strong></span> <span class='ocrx_word' id='word_1_207' title='bbox 2136 1905 2265 1989; x_wconf 64' lang='lat' dir='ltr'><strong>cum&quot;</strong></span> <span class='ocrx_word' id='word_1_208' title='bbox 2315 1950 2547 2005; x_wconf 62' lang='lat' dir='ltr'><strong>corpore</strong></span> <span class='ocrx_word' id='word_1_209' title='bbox 2600 1905 2777 1989; x_wconf 37' lang='lat' dir='ltr'><strong>begun</strong></span> <span class='ocrx_word' id='word_1_210' title='bbox 2827 1931 3038 1988; x_wconf 63' lang='lat' dir='ltr'><strong>sororis</strong></span> <span class='ocrx_word' id='word_1_211' title='bbox 3093 1932 3214 2000; x_wconf 56' lang='lat' dir='ltr'><strong>eius</strong></span> <span class='ocrx_word' id='word_1_212' title='bbox 3256 1905 3541 2002; x_wconf 40' lang='lat' dir='ltr'><strong>&#39;Eutrdpia,</strong></span> 
     </span>
    </p>
   </div>
   <div class='ocr_carea' id='block_1_32' title="bbox 177 2002 1810 2061">
    <p class='ocr_par' dir='ltr' id='par_1_32' title="bbox 177 2002 1810 2061">
     <span class='ocr_line' id='line_1_32' title="bbox 177 2002 1810 2061; baseline 0.003 -11"><span class='ocrx_word' id='word_1_213' title='bbox 177 2005 557 2054; x_wconf 86' lang='lat' dir='ltr'><strong>vastaverunt.</strong></span> <span class='ocrx_word' id='word_1_214' title='bbox 609 2004 822 2056; x_wconf 79' lang='lat' dir='ltr'><strong>Etenim</strong></span> <span class='ocrx_word' id='word_1_215' title='bbox 884 2003 1070 2057; x_wconf 80' lang='lat' dir='ltr'><strong>Assur</strong></span> <span class='ocrx_word' id='word_1_216' title='bbox 1119 2005 1265 2055; x_wconf 77' lang='lat' dir='ltr'><strong>venit</strong></span> <span class='ocrx_word' id='word_1_217' title='bbox 1318 2018 1437 2056; x_wconf 86' lang='lat' dir='ltr'><strong>cum</strong></span> <span class='ocrx_word' id='word_1_218' title='bbox 1486 2002 1597 2056; x_wconf 78' lang='lat' dir='ltr'><strong>illis</strong></span> <span class='ocrx_word' id='word_1_219' title='bbox 1646 2002 1810 2061; x_wconf 83' lang='lat' dir='ltr'><strong>(Psal.</strong></span> 
     </span>
    </p>
   </div>
   <div class='ocr_carea' id='block_1_33' title="bbox 180 2090 1811 2164">
    <p class='ocr_par' dir='ltr' id='par_1_33' title="bbox 180 2090 1811 2164">
     <span class='ocr_line' id='line_1_33' title="bbox 180 2090 1811 2164; baseline 0.004 -23"><span class='ocrx_word' id='word_1_220' title='bbox 180 2105 385 2148; x_wconf 82' lang='lat' dir='ltr'><strong>Lxxxu.</strong></span> <span class='ocrx_word' id='word_1_221' title='bbox 420 2090 491 2157; x_wconf 78' lang='lat'><strong>9;.</strong></span> <span class='ocrx_word' id='word_1_222' title='bbox 554 2091 951 2162; x_wconf 81' lang='lat' dir='ltr'><strong>Magontiacus,</strong></span> <span class='ocrx_word' id='word_1_223' title='bbox 1013 2093 1220 2147; x_wconf 88' lang='lat' dir='ltr'><strong>nobilis</strong></span> <span class='ocrx_word' id='word_1_224' title='bbox 1261 2092 1540 2164; x_wconf 88' lang='lat' dir='ltr'><strong>quondam</strong></span> <span class='ocrx_word' id='word_1_225' title='bbox 1597 2092 1811 2160; x_wconf 86' lang='lat' dir='ltr'><strong>civitas,</strong></span> 
     </span>
    </p>
   </div>
   <div class='ocr_carea' id='block_1_34' title="bbox 178 2184 1812 2253">
    <p class='ocr_par' dir='ltr' id='par_1_34' title="bbox 178 2184 1812 2253">
     <span class='ocr_line' id='line_1_34' title="bbox 178 2184 1812 2253; baseline 0.003 -18"><span class='ocrx_word' id='word_1_226' title='bbox 178 2190 347 2249; x_wconf 88' lang='lat' dir='ltr'><strong>capta</strong></span> <span class='ocrx_word' id='word_1_227' title='bbox 377 2188 541 2253; x_wconf 87' lang='lat' dir='ltr'><strong>atque</strong></span> <span class='ocrx_word' id='word_1_228' title='bbox 572 2184 837 2238; x_wconf 89' lang='lat' dir='ltr'><strong>subversa</strong></span> <span class='ocrx_word' id='word_1_229' title='bbox 878 2192 979 2250; x_wconf 91' lang='lat' dir='ltr'><strong>est,</strong></span> <span class='ocrx_word' id='word_1_230' title='bbox 1013 2192 1067 2239; x_wconf 93' lang='lat' dir='ltr'><strong>ct</strong></span> <span class='ocrx_word' id='word_1_231' title='bbox 1090 2185 1145 2239; x_wconf 89' lang='lat' dir='ltr'><strong>in</strong></span> <span class='ocrx_word' id='word_1_232' title='bbox 1179 2184 1415 2241; x_wconf 88' lang='lat' dir='ltr'><strong>ecclesia</strong></span> <span class='ocrx_word' id='word_1_233' title='bbox 1438 2185 1609 2239; x_wconf 89' lang='lat' dir='ltr'><strong>multa</strong></span> <span class='ocrx_word' id='word_1_234' title='bbox 1639 2185 1812 2240; x_wconf 87' lang='lat' dir='ltr'><strong>millia</strong></span> 
     </span>
    </p>
   </div>
   <div class='ocr_carea' id='block_1_35' title="bbox 177 2269 1811 2347">
    <p class='ocr_par' dir='ltr' id='par_1_35' title="bbox 177 2269 1811 2347">
     <span class='ocr_line' id='line_1_35' title="bbox 177 2269 1811 2347; baseline 0.006 -26"><span class='ocrx_word' id='word_1_235' title='bbox 177 2269 472 2324; x_wconf 88' lang='lat' dir='ltr'><strong>hominum</strong></span> <span class='ocrx_word' id='word_1_236' title='bbox 502 2272 790 2327; x_wconf 89' lang='lat' dir='ltr'><strong>trucidata.</strong></span> <span class='ocrx_word' id='word_1_237' title='bbox 830 2272 1164 2347; x_wconf 87' lang='lat' dir='ltr'><strong>Wangiones</strong></span> <span class='ocrx_word' id='word_1_238' title='bbox 1202 2273 1364 2346; x_wconf 85' lang='lat' dir='ltr'><strong>longa</strong></span> <span class='ocrx_word' id='word_1_239' title='bbox 1395 2274 1688 2330; x_wconf 90' lang='lat' dir='ltr'><strong>obsidione</strong></span> <span class='ocrx_word' id='word_1_240' title='bbox 1709 2276 1811 2331; x_wconf 88' lang='lat' dir='ltr'><strong>de-</strong></span> 
     </span>
    </p>
   </div>
   <div class='ocr_carea' id='block_1_36' title="bbox 175 2357 1802 2432">
    <p class='ocr_par' dir='ltr' id='par_1_36' title="bbox 175 2357 1802 2432">
     <span class='ocr_line' id='line_1_36' title="bbox 175 2357 1802 2432; baseline 0.004 -21"><span class='ocrx_word' id='word_1_241' title='bbox 175 2357 296 2412; x_wconf 88' lang='lat' dir='ltr'><strong>leti.</strong></span> <span class='ocrx_word' id='word_1_242' title='bbox 324 2358 618 2415; x_wconf 85' lang='lat' dir='ltr'><strong>Remorum</strong></span> <span class='ocrx_word' id='word_1_243' title='bbox 648 2360 780 2414; x_wconf 90' lang='lat' dir='ltr'><strong>urbs</strong></span> <span class='ocrx_word' id='word_1_244' title='bbox 802 2372 1137 2432; x_wconf 60' lang='lat' dir='ltr'><strong>prapotens,</strong></span> <span class='ocrx_word' id='word_1_245' title='bbox 1194 2363 1469 2428; x_wconf 82' lang='lat' dir='ltr'><strong>Ambiani,</strong></span> <span class='ocrx_word' id='word_1_246' title='bbox 1494 2363 1802 2429; x_wconf 85' lang='lat' dir='ltr'><strong>Atrabates,</strong></span> 
     </span>
    </p>
   </div>
   <div class='ocr_carea' id='block_1_37' title="bbox 173 2446 1805 2521">
    <p class='ocr_par' dir='ltr' id='par_1_37' title="bbox 173 2446 1805 2521">
     <span class='ocr_line' id='line_1_37' title="bbox 173 2446 1805 2521; baseline 0.004 -21"><span class='ocrx_word' id='word_1_247' title='bbox 173 2446 524 2519; x_wconf 89' lang='lat' dir='ltr'><strong>extremique</strong></span> <span class='ocrx_word' id='word_1_248' title='bbox 553 2449 841 2504; x_wconf 89' lang='lat' dir='ltr'><strong>hominum</strong></span> <span class='ocrx_word' id='word_1_249' title='bbox 874 2450 1065 2505; x_wconf 87' lang='lat' dir='ltr'><strong>Morini</strong></span> <span class='ocrx_word' id='word_1_250' title='bbox 1124 2451 1221 2521; x_wconf 81' lang='lat'><strong>(3),</strong></span> <span class='ocrx_word' id='word_1_251' title='bbox 1277 2451 1575 2520; x_wconf 88' lang='lat' dir='ltr'><strong>Tornacus,</strong></span> <span class='ocrx_word' id='word_1_252' title='bbox 1604 2453 1805 2507; x_wconf 89' lang='lat' dir='ltr'><strong>Nemc-</strong></span> 
     </span>
    </p>
   </div>
   <div class='ocr_carea' id='block_1_38' title="bbox 174 2540 1804 2615">
    <p class='ocr_par' dir='ltr' id='par_1_38' title="bbox 174 2540 1804 2615">
     <span class='ocr_line' id='line_1_38' title="bbox 174 2540 1804 2615; baseline 0.004 -23"><span class='ocrx_word' id='word_1_253' title='bbox 174 2546 280 2601; x_wconf 86' lang='lat' dir='ltr'><strong>tes,</strong></span> <span class='ocrx_word' id='word_1_254' title='bbox 311 2540 717 2613; x_wconf 88' lang='lat' dir='ltr'><strong>Argentoracus</strong></span> <span class='ocrx_word' id='word_1_255' title='bbox 772 2542 1045 2597; x_wconf 70' lang='lat' dir='ltr'><strong>translata:</strong></span> <span class='ocrx_word' id='word_1_256' title='bbox 1105 2544 1160 2597; x_wconf 90' lang='lat' dir='ltr'><strong>in</strong></span> <span class='ocrx_word' id='word_1_257' title='bbox 1214 2542 1561 2597; x_wconf 88' lang='lat' dir='ltr'><strong>Germaniam</strong></span> <span class='ocrx_word' id='word_1_258' title='bbox 1628 2544 1804 2615; x_wconf 80' lang='lat' dir='ltr'><strong>Aqui-</strong></span> 
     </span>
    </p>
   </div>
   <div class='ocr_carea' id='block_1_39' title="bbox 176 2630 1808 2710">
    <p class='ocr_par' dir='ltr' id='par_1_39' title="bbox 176 2630 1808 2710">
     <span class='ocr_line' id='line_1_39' title="bbox 176 2630 1808 2710; baseline 0.004 -26"><span class='ocrx_word' id='word_1_259' title='bbox 176 2630 370 2694; x_wconf 76' lang='lat' dir='ltr'><strong>tanize,</strong></span> <span class='ocrx_word' id='word_1_260' title='bbox 404 2631 719 2703; x_wconf 90' lang='lat' dir='ltr'><strong>Novcmque</strong></span> <span class='ocrx_word' id='word_1_261' title='bbox 752 2632 1086 2704; x_wconf 91' lang='lat' dir='ltr'><strong>populorum</strong></span> <span class='ocrx_word' id='word_1_262' title='bbox 1126 2634 1529 2710; x_wconf 81' lang='lat' dir='ltr'><strong>Lugdunensis,</strong></span> <span class='ocrx_word' id='word_1_263' title='bbox 1595 2643 1647 2690; x_wconf 90' lang='lat' dir='ltr'><strong>et</strong></span> <span class='ocrx_word' id='word_1_264' title='bbox 1675 2636 1808 2691; x_wconf 89' lang='lat' dir='ltr'><strong>Nar-</strong></span> 
     </span>
    </p>
   </div>
   <div class='ocr_carea' id='block_1_40' title="bbox 174 2722 1810 2798">
    <p class='ocr_par' dir='ltr' id='par_1_40' title="bbox 174 2722 1810 2798">
     <span class='ocr_line' id='line_1_40' title="bbox 174 2722 1810 2798; baseline 0.006 -23"><span class='ocrx_word' id='word_1_265' title='bbox 174 2722 452 2778; x_wconf 90' lang='lat' dir='ltr'><strong>bonensis</strong></span> <span class='ocrx_word' id='word_1_266' title='bbox 509 2724 832 2794; x_wconf 60' lang='lat' dir='ltr'><strong>provincias,</strong></span> <span class='ocrx_word' id='word_1_267' title='bbox 888 2734 1092 2797; x_wconf 67' lang='lat' dir='ltr'><strong>praeter</strong></span> <span class='ocrx_word' id='word_1_268' title='bbox 1143 2743 1343 2798; x_wconf 89' lang='lat' dir='ltr'><strong>paucas</strong></span> <span class='ocrx_word' id='word_1_269' title='bbox 1386 2728 1574 2795; x_wconf 88' lang='lat' dir='ltr'><strong>urbes,</strong></span> <span class='ocrx_word' id='word_1_270' title='bbox 1612 2736 1810 2784; x_wconf 90' lang='lat' dir='ltr'><strong>cuncta</strong></span> 
     </span>
    </p>
   </div>
   <div class='ocr_carea' id='block_1_41' title="bbox 178 2814 1814 2893">
    <p class='ocr_par' dir='ltr' id='par_1_41' title="bbox 178 2814 1814 2893">
     <span class='ocr_line' id='line_1_41' title="bbox 178 2814 1814 2893; baseline 0.005 -26"><span class='ocrx_word' id='word_1_271' title='bbox 178 2814 446 2885; x_wconf 82' lang='lat' dir='ltr'><strong>pepulata</strong></span> <span class='ocrx_word' id='word_1_272' title='bbox 505 2822 657 2886; x_wconf 87' lang='lat' dir='ltr'><strong>sunt,</strong></span> <span class='ocrx_word' id='word_1_273' title='bbox 715 2833 853 2888; x_wconf 91' lang='lat' dir='ltr'><strong>quas</strong></span> <span class='ocrx_word' id='word_1_274' title='bbox 909 2828 965 2873; x_wconf 91' lang='lat' dir='ltr'><strong>et</strong></span> <span class='ocrx_word' id='word_1_275' title='bbox 1004 2818 1153 2889; x_wconf 91' lang='lat' dir='ltr'><strong>ipsas</strong></span> <span class='ocrx_word' id='word_1_276' title='bbox 1196 2818 1329 2874; x_wconf 88' lang='lat' dir='ltr'><strong>foris</strong></span> <span class='ocrx_word' id='word_1_277' title='bbox 1377 2819 1613 2893; x_wconf 81' lang='lat' dir='ltr'><strong>gladius,</strong></span> <span class='ocrx_word' id='word_1_278' title='bbox 1666 2820 1814 2875; x_wconf 91' lang='lat' dir='ltr'><strong>intus</strong></span> 
     </span>
    </p>
   </div>
   <div class='ocr_carea' id='block_1_42' title="bbox 178 2903 1814 2983">
    <p class='ocr_par' dir='ltr' id='par_1_42' title="bbox 178 2903 1814 2983">
     <span class='ocr_line' id='line_1_42' title="bbox 178 2903 1814 2983; baseline 0.004 -25"><span class='ocrx_word' id='word_1_279' title='bbox 178 2913 358 2959; x_wconf 86' lang='lat' dir='ltr'><strong>vastat</strong></span> <span class='ocrx_word' id='word_1_280' title='bbox 393 2903 588 2973; x_wconf 89' lang='lat' dir='ltr'><strong>fames,</strong></span> <span class='ocrx_word' id='word_1_281' title='bbox 631 2930 656 2952; x_wconf 72' lang='grc' dir='ltr'><strong>η</strong></span> <span class='ocrx_word' id='word_1_282' title='bbox 715 2918 820 2963; x_wconf 86' lang='lat' dir='ltr'><strong>etc.</strong></span> <span class='ocrx_word' id='word_1_283' title='bbox 884 2909 945 2963; x_wconf 91' lang='lat' dir='ltr'><strong>In</strong></span> <span class='ocrx_word' id='word_1_284' title='bbox 1006 2910 1233 2981; x_wconf 60' lang='lat' dir='ltr'><strong>praefata</strong></span> <span class='ocrx_word' id='word_1_285' title='bbox 1298 2911 1544 2983; x_wconf 83' lang='lat' dir='ltr'><strong>denique</strong></span> <span class='ocrx_word' id='word_1_286' title='bbox 1584 2913 1814 2967; x_wconf 87' lang='lat' dir='ltr'><strong>basilica</strong></span> 
     </span>
    </p>
   </div>
   <div class='ocr_carea' id='block_1_43' title="bbox 176 2994 1815 3072">
    <p class='ocr_par' dir='ltr' id='par_1_43' title="bbox 176 2994 1815 3072">
     <span class='ocr_line' id='line_1_43' title="bbox 176 2994 1815 3072; baseline 0.005 -22"><span class='ocrx_word' id='word_1_287' title='bbox 176 2997 382 3052; x_wconf 90' lang='lat' dir='ltr'><strong>beatus</strong></span> <span class='ocrx_word' id='word_1_288' title='bbox 402 2994 688 3072; x_wconf 83' lang='lat' dir='ltr'><strong>Remigius</strong></span> <span class='ocrx_word' id='word_1_289' title='bbox 726 3001 980 3055; x_wconf 89' lang='lat' dir='ltr'><strong>morandi</strong></span> <span class='ocrx_word' id='word_1_290' title='bbox 1015 3001 1247 3056; x_wconf 89' lang='lat' dir='ltr'><strong>traditur</strong></span> <span class='ocrx_word' id='word_1_291' title='bbox 1277 3003 1542 3059; x_wconf 90' lang='lat' dir='ltr'><strong>habuisse</strong></span> <span class='ocrx_word' id='word_1_292' title='bbox 1575 3020 1815 3060; x_wconf 88' lang='lat' dir='ltr'><strong>consue-</strong></span> 
     </span>
    </p>
   </div>
   <div class='ocr_carea' id='block_1_44' title="bbox 177 3089 1817 3167">
    <p class='ocr_par' dir='ltr' id='par_1_44' title="bbox 177 3089 1817 3167">
     <span class='ocr_line' id='line_1_44' title="bbox 177 3089 1817 3167; baseline 0.006 -24"><span class='ocrx_word' id='word_1_293' title='bbox 177 3089 459 3157; x_wconf 90' lang='lat' dir='ltr'><strong>tudinem,</strong></span> <span class='ocrx_word' id='word_1_294' title='bbox 495 3098 768 3161; x_wconf 88' lang='lat' dir='ltr'><strong>quatenus</strong></span> <span class='ocrx_word' id='word_1_295' title='bbox 809 3103 1128 3148; x_wconf 88' lang='lat' dir='ltr'><strong>sanctorum</strong></span> <span class='ocrx_word' id='word_1_296' title='bbox 1169 3105 1469 3167; x_wconf 90' lang='lat' dir='ltr'><strong>martyrum</strong></span> <span class='ocrx_word' id='word_1_297' title='bbox 1501 3097 1735 3164; x_wconf 89' lang='lat' dir='ltr'><strong>meritis,</strong></span> <span class='ocrx_word' id='word_1_298' title='bbox 1758 3106 1817 3154; x_wconf 91' lang='lat' dir='ltr'><strong>ut</strong></span> 
     </span>
    </p>
   </div>
   <div class='ocr_carea' id='block_1_45' title="bbox 176 3181 1820 3257">
    <p class='ocr_par' dir='ltr' id='par_1_45' title="bbox 176 3181 1820 3257">
     <span class='ocr_line' id='line_1_45' title="bbox 176 3181 1820 3257; baseline 0.003 -19"><span class='ocrx_word' id='word_1_299' title='bbox 176 3190 299 3238; x_wconf 89' lang='lat' dir='ltr'><strong>erat</strong></span> <span class='ocrx_word' id='word_1_300' title='bbox 328 3181 531 3253; x_wconf 88' lang='lat' dir='ltr'><strong>spiritu</strong></span> <span class='ocrx_word' id='word_1_301' title='bbox 561 3198 804 3254; x_wconf 90' lang='lat' dir='ltr'><strong>semper,</strong></span> <span class='ocrx_word' id='word_1_302' title='bbox 834 3184 910 3239; x_wconf 91' lang='lat' dir='ltr'><strong>ita</strong></span> <span class='ocrx_word' id='word_1_303' title='bbox 950 3187 1233 3257; x_wconf 89' lang='lat' dir='ltr'><strong>proximus</strong></span> <span class='ocrx_word' id='word_1_304' title='bbox 1251 3188 1580 3243; x_wconf 88' lang='lat' dir='ltr'><strong>redderetur</strong></span> <span class='ocrx_word' id='word_1_305' title='bbox 1598 3198 1651 3244; x_wconf 90' lang='lat' dir='ltr'><strong>et</strong></span> <span class='ocrx_word' id='word_1_306' title='bbox 1690 3205 1820 3246; x_wconf 89' lang='lat' dir='ltr'><strong>cor-</strong></span> 
     </span>
    </p>
   </div>
   <div class='ocr_carea' id='block_1_46' title="bbox 1917 2024 3543 2094">
    <p class='ocr_par' dir='ltr' id='par_1_46' title="bbox 1917 2024 3543 2094">
     <span class='ocr_line' id='line_1_46' title="bbox 1917 2024 3543 2094; baseline -0.002 -13"><span class='ocrx_word' id='word_1_307' title='bbox 1917 2027 2060 2082; x_wconf 89' lang='lat' dir='ltr'><strong>intra</strong></span> <span class='ocrx_word' id='word_1_308' title='bbox 2108 2027 2404 2082; x_wconf 88' lang='lat' dir='ltr'><strong>Remensia</strong></span> <span class='ocrx_word' id='word_1_309' title='bbox 2460 2026 2764 2081; x_wconf 82' lang='lat' dir='ltr'><strong>transvexit</strong></span> <span class='ocrx_word' id='word_1_310' title='bbox 2817 2024 3057 2090; x_wconf 58' lang='lat' dir='ltr'><strong>mmnia,</strong></span> <span class='ocrx_word' id='word_1_311' title='bbox 3096 2032 3354 2094; x_wconf 88' lang='lat' dir='ltr'><strong>retroque</strong></span> <span class='ocrx_word' id='word_1_312' title='bbox 3418 2033 3543 2094; x_wconf 90' lang='lat' dir='ltr'><strong>post</strong></span> 
     </span>
    </p>
   </div>
   <div class='ocr_carea' id='block_1_47' title="bbox 1913 2112 3541 2191">
    <p class='ocr_par' dir='ltr' id='par_1_47' title="bbox 1913 2112 3541 2191">
     <span class='ocr_line' id='line_1_47' title="bbox 1913 2112 3541 2191; baseline -0.002 -20"><span class='ocrx_word' id='word_1_313' title='bbox 1913 2116 2084 2171; x_wconf 91' lang='lat' dir='ltr'><strong>altare</strong></span> <span class='ocrx_word' id='word_1_314' title='bbox 2132 2125 2336 2171; x_wconf 70' lang='lat' dir='ltr'><strong>sanctae</strong></span> <span class='ocrx_word' id='word_1_315' title='bbox 2387 2116 2482 2170; x_wconf 90' lang='lat' dir='ltr'><strong>Dei</strong></span> <span class='ocrx_word' id='word_1_316' title='bbox 2515 2115 2804 2191; x_wconf 87' lang='lat' dir='ltr'><strong>genitricis</strong></span> <span class='ocrx_word' id='word_1_317' title='bbox 2858 2114 3058 2177; x_wconf 69' lang='lat' dir='ltr'><strong>Marize.</strong></span> <span class='ocrx_word' id='word_1_318' title='bbox 3114 2112 3212 2167; x_wconf 88' lang='lat' dir='ltr'><strong>ubi</strong></span> <span class='ocrx_word' id='word_1_319' title='bbox 3265 2130 3330 2167; x_wconf 88' lang='lat' dir='ltr'><strong>ea</strong></span> <span class='ocrx_word' id='word_1_320' title='bbox 3374 2112 3541 2168; x_wconf 90' lang='lat' dir='ltr'><strong>modo</strong></span> 
     </span>
    </p>
   </div>
   <div class='ocr_carea' id='block_1_48' title="bbox 1912 2200 3539 2276">
    <p class='ocr_par' dir='ltr' id='par_1_48' title="bbox 1912 2200 3539 2276">
     <span class='ocr_line' id='line_1_48' title="bbox 1912 2200 3539 2276; baseline -0.001 -18"><span class='ocrx_word' id='word_1_321' title='bbox 1912 2219 2265 2271; x_wconf 88' lang='lat' dir='ltr'><strong>veneramur,</strong></span> <span class='ocrx_word' id='word_1_322' title='bbox 2310 2205 2465 2272; x_wconf 86' lang='lat' dir='ltr'><strong>juxta</strong></span> <span class='ocrx_word' id='word_1_323' title='bbox 2510 2204 2659 2259; x_wconf 87' lang='lat' dir='ltr'><strong>beati</strong></span> <span class='ocrx_word' id='word_1_324' title='bbox 2713 2221 2870 2276; x_wconf 72' lang='lat' dir='ltr'><strong>papae</strong></span> <span class='ocrx_word' id='word_1_325' title='bbox 2896 2202 3104 2257; x_wconf 85' lang='lat' dir='ltr'><strong>Callisti</strong></span> <span class='ocrx_word' id='word_1_326' title='bbox 3128 2200 3400 2268; x_wconf 87' lang='lat' dir='ltr'><strong>membra,</strong></span> <span class='ocrx_word' id='word_1_327' title='bbox 3434 2200 3539 2256; x_wconf 91' lang='lat' dir='ltr'><strong>de-</strong></span> 
     </span>
    </p>
   </div>
   <div class='ocr_carea' id='block_1_49' title="bbox 1912 2291 2737 2349">
    <p class='ocr_par' dir='ltr' id='par_1_49' title="bbox 1912 2291 2737 2349">
     <span class='ocr_line' id='line_1_49' title="bbox 1912 2291 2737 2349; baseline 0.005 -4"><span class='ocrx_word' id='word_1_328' title='bbox 1912 2291 2029 2348; x_wconf 90' lang='lat' dir='ltr'><strong>bita</strong></span> <span class='ocrx_word' id='word_1_329' title='bbox 2058 2294 2372 2349; x_wconf 90' lang='lat' dir='ltr'><strong>recondidit</strong></span> <span class='ocrx_word' id='word_1_330' title='bbox 2404 2293 2737 2349; x_wconf 85' lang='lat' dir='ltr'><strong>reverentia.</strong></span> 
     </span>
    </p>
   </div>
   <div class='ocr_carea' id='block_1_50' title="bbox 2516 2403 2923 2459">
    <p class='ocr_par' dir='ltr' id='par_1_50' title="bbox 2516 2403 2923 2459">
     <span class='ocr_line' id='line_1_50' title="bbox 2516 2403 2923 2459; baseline -0.007 0"><span class='ocrx_word' id='word_1_331' title='bbox 2516 2403 2727 2459; x_wconf 82' lang='lat' dir='ltr'>CAPUT</span> <span class='ocrx_word' id='word_1_332' title='bbox 2790 2404 2923 2459; x_wconf 90' lang='lat' dir='ltr'><strong>VIII.</strong></span> 
     </span>
    </p>
   </div>
   <div class='ocr_carea' id='block_1_51' title="bbox 2189 2475 3253 2544">
    <p class='ocr_par' dir='ltr' id='par_1_51' title="bbox 2189 2475 3253 2544">
     <span class='ocr_line' id='line_1_51' title="bbox 2189 2475 3253 2544; baseline -0.003 -12"><span class='ocrx_word' id='word_1_333' title='bbox 2189 2479 2264 2532; x_wconf 86' lang='lat' dir='ltr'><strong>De</strong></span> <span class='ocrx_word' id='word_1_334' title='bbox 2282 2481 2464 2531; x_wconf 85' lang='lat' dir='ltr'><strong>sancto</strong></span> <span class='ocrx_word' id='word_1_335' title='bbox 2487 2476 2704 2532; x_wconf 78' lang='lat' dir='ltr'><strong>Oriculo</strong></span> <span class='ocrx_word' id='word_1_336' title='bbox 2733 2479 2781 2529; x_wconf 83' lang='lat' dir='ltr'><strong>et</strong></span> <span class='ocrx_word' id='word_1_337' title='bbox 2810 2476 3088 2531; x_wconf 78' lang='lat' dir='ltr'><strong>sororibus</strong></span> <span class='ocrx_word' id='word_1_338' title='bbox 3118 2475 3253 2544; x_wconf 87' lang='lat' dir='ltr'><strong>ejus.</strong></span> 
     </span>
    </p>
   </div>
   <div class='ocr_carea' id='block_1_52' title="bbox 1978 2564 3531 2634">
    <p class='ocr_par' dir='ltr' id='par_1_52' title="bbox 1978 2564 3531 2634">
     <span class='ocr_line' id='line_1_52' title="bbox 1978 2564 3531 2634; baseline -0.003 -13"><span class='ocrx_word' id='word_1_339' title='bbox 1978 2566 2089 2621; x_wconf 90' lang='lat' dir='ltr'><strong>Sub</strong></span> <span class='ocrx_word' id='word_1_340' title='bbox 2119 2567 2313 2620; x_wconf 90' lang='lat' dir='ltr'><strong>eadem</strong></span> <span class='ocrx_word' id='word_1_341' title='bbox 2342 2564 2759 2630; x_wconf 87' lang='lat' dir='ltr'><strong>Wandalorum,</strong></span> <span class='ocrx_word' id='word_1_342' title='bbox 2789 2565 2874 2619; x_wconf 89' lang='lat' dir='ltr'><strong>vel</strong></span> <span class='ocrx_word' id='word_1_343' title='bbox 2910 2564 3232 2619; x_wconf 87' lang='lat' dir='ltr'><strong>Hunnorum</strong></span> <span class='ocrx_word' id='word_1_344' title='bbox 3269 2579 3531 2634; x_wconf 86' lang='lat' dir='ltr'><strong>persecu-</strong></span> 
     </span>
    </p>
   </div>
   <div class='ocr_carea' id='block_1_53' title="bbox 1910 2656 3540 2731">
    <p class='ocr_par' dir='ltr' id='par_1_53' title="bbox 1910 2656 3540 2731">
     <span class='ocr_line' id='line_1_53' title="bbox 1910 2656 3540 2731; baseline -0.002 -17"><span class='ocrx_word' id='word_1_345' title='bbox 1910 2660 2080 2721; x_wconf 88' lang='lat' dir='ltr'><strong>tione,</strong></span> <span class='ocrx_word' id='word_1_346' title='bbox 2107 2659 2330 2731; x_wconf 89' lang='lat' dir='ltr'><strong>quidam</strong></span> <span class='ocrx_word' id='word_1_347' title='bbox 2382 2658 2476 2711; x_wconf 89' lang='lat' dir='ltr'><strong>Dei</strong></span> <span class='ocrx_word' id='word_1_348' title='bbox 2525 2674 2740 2725; x_wconf 88' lang='lat' dir='ltr'><strong>servus,</strong></span> <span class='ocrx_word' id='word_1_349' title='bbox 2766 2656 3018 2712; x_wconf 90' lang='lat' dir='ltr'><strong>Oriculus</strong></span> <span class='ocrx_word' id='word_1_350' title='bbox 3040 2656 3265 2711; x_wconf 89' lang='lat' dir='ltr'><strong>nomine</strong></span> <span class='ocrx_word' id='word_1_351' title='bbox 3300 2656 3410 2711; x_wconf 93' lang='lat' dir='ltr'><strong>Deo</strong></span> <span class='ocrx_word' id='word_1_352' title='bbox 3438 2672 3540 2710; x_wconf 92' lang='lat' dir='ltr'><strong>va-</strong></span> 
     </span>
    </p>
   </div>
   <div class='ocr_carea' id='block_1_54' title="bbox 1914 2747 3540 2818">
    <p class='ocr_par' dir='ltr' id='par_1_54' title="bbox 1914 2747 3540 2818">
     <span class='ocr_line' id='line_1_54' title="bbox 1914 2747 3540 2818; baseline -0.003 -13"><span class='ocrx_word' id='word_1_353' title='bbox 1914 2750 2093 2816; x_wconf 89' lang='lat' dir='ltr'><strong>cabat,</strong></span> <span class='ocrx_word' id='word_1_354' title='bbox 2126 2766 2252 2805; x_wconf 90' lang='lat' dir='ltr'><strong>cum</strong></span> <span class='ocrx_word' id='word_1_355' title='bbox 2309 2748 2598 2804; x_wconf 90' lang='lat' dir='ltr'><strong>sororibus</strong></span> <span class='ocrx_word' id='word_1_356' title='bbox 2649 2747 2764 2802; x_wconf 87' lang='lat' dir='ltr'><strong>suis</strong></span> <span class='ocrx_word' id='word_1_357' title='bbox 2803 2747 3016 2802; x_wconf 88' lang='lat' dir='ltr'><strong>Oricola</strong></span> <span class='ocrx_word' id='word_1_358' title='bbox 3048 2748 3164 2818; x_wconf 89' lang='lat' dir='ltr'><strong>[ms.</strong></span> <span class='ocrx_word' id='word_1_359' title='bbox 3206 2751 3246 2809; x_wconf 68' lang='grc' dir='ltr'><strong>ί,</strong></span> <span class='ocrx_word' id='word_1_360' title='bbox 3281 2747 3540 2817; x_wconf 88' lang='lat' dir='ltr'><strong>Oricula],</strong></span> 
     </span>
    </p>
   </div>
   <div class='ocr_carea' id='block_1_55' title="bbox 1916 2836 3542 2907">
    <p class='ocr_par' dir='ltr' id='par_1_55' title="bbox 1916 2836 3542 2907">
     <span class='ocr_line' id='line_1_55' title="bbox 1916 2836 3542 2907; baseline -0.004 -12"><span class='ocrx_word' id='word_1_361' title='bbox 1916 2840 2238 2903; x_wconf 87' lang='lat' dir='ltr'><strong>etBasilica,</strong></span> <span class='ocrx_word' id='word_1_362' title='bbox 2282 2839 2339 2892; x_wconf 91' lang='lat' dir='ltr'><strong>in</strong></span> <span class='ocrx_word' id='word_1_363' title='bbox 2396 2838 2499 2893; x_wconf 92' lang='lat' dir='ltr'><strong>hoc</strong></span> <span class='ocrx_word' id='word_1_364' title='bbox 2539 2837 2737 2892; x_wconf 90' lang='lat' dir='ltr'><strong>eodem</strong></span> <span class='ocrx_word' id='word_1_365' title='bbox 2788 2836 3111 2907; x_wconf 87' lang='lat' dir='ltr'><strong>episcopatu</strong></span> <span class='ocrx_word' id='word_1_366' title='bbox 3172 2836 3453 2901; x_wconf 87' lang='lat' dir='ltr'><strong>Remensi,</strong></span> <span class='ocrx_word' id='word_1_367' title='bbox 3486 2836 3542 2889; x_wconf 93' lang='lat' dir='ltr'><strong>in</strong></span> 
     </span>
    </p>
   </div>
   <div class='ocr_carea' id='block_1_56' title="bbox 1917 2925 3542 3002">
    <p class='ocr_par' dir='ltr' id='par_1_56' title="bbox 1917 2925 3542 3002">
     <span class='ocr_line' id='line_1_56' title="bbox 1917 2925 3542 3002; baseline -0.003 -20"><span class='ocrx_word' id='word_1_368' title='bbox 1917 2944 2060 3002; x_wconf 88' lang='lat' dir='ltr'><strong>pago</strong></span> <span class='ocrx_word' id='word_1_369' title='bbox 2112 2927 2489 2993; x_wconf 89' lang='lat' dir='ltr'><strong>Dulcumcnsi,</strong></span> <span class='ocrx_word' id='word_1_370' title='bbox 2535 2926 2656 2983; x_wconf 85' lang='lat' dir='ltr'><strong>vico</strong></span> <span class='ocrx_word' id='word_1_371' title='bbox 2706 2926 2953 2981; x_wconf 90' lang='lat' dir='ltr'><strong>Sinduno</strong></span> <span class='ocrx_word' id='word_1_372' title='bbox 3011 2927 3067 2980; x_wconf 91' lang='lat' dir='ltr'><strong>in</strong></span> <span class='ocrx_word' id='word_1_373' title='bbox 3116 2925 3349 2981; x_wconf 80' lang='lat' dir='ltr'><strong>ecclesia</strong></span> <span class='ocrx_word' id='word_1_374' title='bbox 3379 2941 3542 2996; x_wconf 90' lang='lat' dir='ltr'><strong>quam</strong></span> 
     </span>
    </p>
   </div>
   <div class='ocr_carea' id='block_1_57' title="bbox 1920 3015 3543 3087">
    <p class='ocr_par' dir='ltr' id='par_1_57' title="bbox 1920 3015 3543 3087">
     <span class='ocr_line' id='line_1_57' title="bbox 1920 3015 3543 3087; baseline -0.004 -12"><span class='ocrx_word' id='word_1_375' title='bbox 1920 3026 2318 3083; x_wconf 85' lang='lat' dir='ltr'><strong>construxerat,</strong></span> <span class='ocrx_word' id='word_1_376' title='bbox 2351 3016 2446 3071; x_wconf 90' lang='lat' dir='ltr'><strong>ubi</strong></span> <span class='ocrx_word' id='word_1_377' title='bbox 2476 3016 2650 3071; x_wconf 84' lang='lat' dir='ltr'><strong>fertur</strong></span> <span class='ocrx_word' id='word_1_378' title='bbox 2678 3030 2902 3087; x_wconf 87' lang='lat' dir='ltr'><strong>quoque</strong></span> <span class='ocrx_word' id='word_1_379' title='bbox 2928 3023 3252 3086; x_wconf 86' lang='lat' dir='ltr'><strong>peremptus</strong></span> <span class='ocrx_word' id='word_1_380' title='bbox 3278 3032 3306 3068; x_wconf 90' lang='lat' dir='ltr'><strong>a</strong></span> <span class='ocrx_word' id='word_1_381' title='bbox 3338 3015 3543 3069; x_wconf 90' lang='lat' dir='ltr'><strong>barba-</strong></span> 
     </span>
    </p>
   </div>
   <div class='ocr_carea' id='block_1_58' title="bbox 1922 3106 3538 3180">
    <p class='ocr_par' dir='ltr' id='par_1_58' title="bbox 1922 3106 3538 3180">
     <span class='ocr_line' id='line_1_58' title="bbox 1922 3106 3538 3180; baseline -0.004 -15"><span class='ocrx_word' id='word_1_382' title='bbox 1922 3111 1999 3165; x_wconf 89' lang='lat' dir='ltr'><strong>ris</strong></span> <span class='ocrx_word' id='word_1_383' title='bbox 2038 3126 2162 3165; x_wconf 92' lang='lat' dir='ltr'><strong>cum</strong></span> <span class='ocrx_word' id='word_1_384' title='bbox 2222 3107 2504 3180; x_wconf 78' lang='lat' dir='ltr'><strong>praedictis</strong></span> <span class='ocrx_word' id='word_1_385' title='bbox 2552 3106 2841 3163; x_wconf 90' lang='lat' dir='ltr'><strong>sororibus</strong></span> <span class='ocrx_word' id='word_1_386' title='bbox 2896 3106 3032 3160; x_wconf 89' lang='lat' dir='ltr'><strong>suis.</strong></span> <span class='ocrx_word' id='word_1_387' title='bbox 3089 3106 3346 3160; x_wconf 88' lang='lat' dir='ltr'><strong>Traditur</strong></span> <span class='ocrx_word' id='word_1_388' title='bbox 3375 3107 3538 3161; x_wconf 91' lang='lat' dir='ltr'><strong>etiam</strong></span> 
     </span>
    </p>
   </div>
   <div class='ocr_carea' id='block_1_59' title="bbox 1924 3194 3541 3269">
    <p class='ocr_par' dir='ltr' id='par_1_59' title="bbox 1924 3194 3541 3269">
     <span class='ocr_line' id='line_1_59' title="bbox 1924 3194 3541 3269; baseline -0.003 -15"><span class='ocrx_word' id='word_1_389' title='bbox 1924 3208 2089 3269; x_wconf 88' lang='lat' dir='ltr'><strong>caput</strong></span> <span class='ocrx_word' id='word_1_390' title='bbox 2115 3213 2297 3264; x_wconf 89' lang='lat' dir='ltr'><strong>suum,</strong></span> <span class='ocrx_word' id='word_1_391' title='bbox 2339 3203 2631 3268; x_wconf 90' lang='lat' dir='ltr'><strong>postquam</strong></span> <span class='ocrx_word' id='word_1_392' title='bbox 2679 3194 2984 3250; x_wconf 89' lang='lat' dir='ltr'><strong>decollatus</strong></span> <span class='ocrx_word' id='word_1_393' title='bbox 3030 3203 3133 3261; x_wconf 86' lang='lat' dir='ltr'><strong>est,</strong></span> <span class='ocrx_word' id='word_1_394' title='bbox 3167 3194 3285 3265; x_wconf 83' lang='lat' dir='ltr'><strong>ipse</strong></span> <span class='ocrx_word' id='word_1_395' title='bbox 3318 3195 3373 3248; x_wconf 89' lang='lat' dir='ltr'><strong>in</strong></span> <span class='ocrx_word' id='word_1_396' title='bbox 3403 3210 3541 3266; x_wconf 92' lang='lat' dir='ltr'><strong>quo-</strong></span> 
     </span>
    </p>
   </div>
   <div class='ocr_carea' id='block_1_60' title="bbox 176 3270 3540 3367">
    <p class='ocr_par' dir='ltr' id='par_1_60' title="bbox 176 3270 3540 3367">
     <span class='ocr_line' id='line_1_60' title="bbox 176 3270 3540 3367; baseline 0.005 -37"><span class='ocrx_word' id='word_1_397' title='bbox 176 3290 338 3346; x_wconf 90' lang='lat' dir='ltr'><strong>pore.</strong></span> <span class='ocrx_word' id='word_1_398' title='bbox 364 3273 699 3367; x_wconf 72' lang='lat' dir='ltr'><strong>monstratur</strong></span> <span class='ocrx_word' id='word_1_399' title='bbox 750 3276 932 3332; x_wconf 89' lang='lat' dir='ltr'><strong>adhuc</strong></span> <span class='ocrx_word' id='word_1_400' title='bbox 981 3278 1216 3334; x_wconf 83' lang='lat' dir='ltr'><strong>aedicula</strong></span> <span class='ocrx_word' id='word_1_401' title='bbox 1281 3295 1443 3335; x_wconf 91' lang='lat' dir='ltr'><strong>secus</strong></span> <span class='ocrx_word' id='word_1_402' title='bbox 1509 3282 1679 3354; x_wconf 68' lang='lat' dir='ltr'><strong>altare</strong></span> <span class='ocrx_word' id='word_1_403' title='bbox 1713 3282 1807 3337; x_wconf 91' lang='lat' dir='ltr'><strong>ubi</strong></span> <span class='ocrx_word' id='word_1_404' title='bbox 1839 3270 2037 3353; x_wconf 74' lang='lat' dir='ltr'><strong>Cdam</strong></span> <span class='ocrx_word' id='word_1_405' title='bbox 2069 3296 2221 3352; x_wconf 68' lang='lat' dir='ltr'><strong>fonte</strong></span> <span class='ocrx_word' id='word_1_406' title='bbox 2260 3294 2477 3349; x_wconf 80' lang='lat' dir='ltr'><strong>lavisse.</strong></span> <span class='ocrx_word' id='word_1_407' title='bbox 2522 3294 2597 3347; x_wconf 85' lang='lat' dir='ltr'><strong>De</strong></span> <span class='ocrx_word' id='word_1_408' title='bbox 2617 3292 2890 3365; x_wconf 83' lang='lat' dir='ltr'><strong>sanguine</strong></span> <span class='ocrx_word' id='word_1_409' title='bbox 2935 3307 3159 3363; x_wconf 90' lang='lat' dir='ltr'><strong>quoque</strong></span> <span class='ocrx_word' id='word_1_410' title='bbox 3197 3307 3297 3347; x_wconf 91' lang='lat' dir='ltr'><strong>suo</strong></span> <span class='ocrx_word' id='word_1_411' title='bbox 3318 3291 3540 3367; x_wconf 88' lang='lat' dir='ltr'><strong>signum</strong></span> 
     </span>
    </p>
   </div>
   <div class='ocr_carea' id='block_1_61' title="bbox 176 3366 1810 3442">
    <p class='ocr_par' dir='ltr' id='par_1_61' title="bbox 176 3366 1810 3442">
     <span class='ocr_line' id='line_1_61' title="bbox 176 3366 1810 3442; baseline 0.006 -22"><span class='ocrx_word' id='word_1_412' title='bbox 176 3374 396 3422; x_wconf 86' lang='lat' dir='ltr'><strong>secrete</strong></span> <span class='ocrx_word' id='word_1_413' title='bbox 424 3366 657 3423; x_wconf 93' lang='lat' dir='ltr'><strong>Domino</strong></span> <span class='ocrx_word' id='word_1_414' title='bbox 697 3382 911 3434; x_wconf 88' lang='lat' dir='ltr'><strong>vacare,</strong></span> <span class='ocrx_word' id='word_1_415' title='bbox 946 3377 1000 3424; x_wconf 90' lang='lat' dir='ltr'><strong>et</strong></span> <span class='ocrx_word' id='word_1_416' title='bbox 1037 3370 1337 3442; x_wconf 88' lang='lat' dir='ltr'><strong>inspectori</strong></span> <span class='ocrx_word' id='word_1_417' title='bbox 1378 3389 1618 3441; x_wconf 91' lang='lat' dir='ltr'><strong>summo,</strong></span> <span class='ocrx_word' id='word_1_418' title='bbox 1674 3374 1810 3429; x_wconf 89' lang='lat' dir='ltr'><strong>bea-</strong></span> 
     </span>
    </p>
   </div>
   <div class='ocr_carea' id='block_1_62' title="bbox 177 3457 1806 3537">
    <p class='ocr_par' dir='ltr' id='par_1_62' title="bbox 177 3457 1806 3537">
     <span class='ocr_line' id='line_1_62' title="bbox 177 3457 1806 3537; baseline 0.005 -24"><span class='ocrx_word' id='word_1_419' title='bbox 177 3457 412 3513; x_wconf 67' lang='lat' dir='ltr'><strong>tissimae</strong></span> <span class='ocrx_word' id='word_1_420' title='bbox 443 3457 843 3528; x_wconf 90' lang='lat' dir='ltr'><strong>speculationis</strong></span> <span class='ocrx_word' id='word_1_421' title='bbox 868 3460 1094 3529; x_wconf 88' lang='lat' dir='ltr'><strong>hostias,</strong></span> <span class='ocrx_word' id='word_1_422' title='bbox 1138 3462 1312 3518; x_wconf 91' lang='lat' dir='ltr'><strong>turbis</strong></span> <span class='ocrx_word' id='word_1_423' title='bbox 1344 3472 1593 3520; x_wconf 91' lang='lat' dir='ltr'><strong>remotus</strong></span> <span class='ocrx_word' id='word_1_424' title='bbox 1624 3482 1806 3537; x_wconf 91' lang='lat' dir='ltr'><strong>popu-</strong></span> 
     </span>
    </p>
   </div>
   <div class='ocr_carea' id='block_1_63' title="bbox 176 3548 1827 3615">
    <p class='ocr_par' dir='ltr' id='par_1_63' title="bbox 176 3548 1827 3615">
     <span class='ocr_line' id='line_1_63' title="bbox 176 3548 1827 3615; baseline 0.007 -12"><span class='ocrx_word' id='word_1_425' title='bbox 176 3548 417 3615; x_wconf 90' lang='lat' dir='ltr'><strong>laribus,</strong></span> <span class='ocrx_word' id='word_1_426' title='bbox 471 3551 828 3607; x_wconf 90' lang='lat' dir='ltr'><strong>devotissime</strong></span> <span class='ocrx_word' id='word_1_427' title='bbox 883 3563 1248 3610; x_wconf 88' lang='lat' dir='ltr'><strong>consueverat</strong></span> <span class='ocrx_word' id='word_1_428' title='bbox 1306 3556 1614 3613; x_wconf 88' lang='lat' dir='ltr'><strong>immolare.</strong></span> <span class='ocrx_word' id='word_1_429' title='bbox 1669 3560 1827 3615; x_wconf 87' lang='lat' dir='ltr'><strong>Istuc.</strong></span> 
     </span>
    </p>
   </div>
   <div class='ocr_carea' id='block_1_64' title="bbox 176 3638 1810 3721">
    <p class='ocr_par' dir='ltr' id='par_1_64' title="bbox 176 3638 1810 3721">
     <span class='ocr_line' id='line_1_64' title="bbox 176 3638 1810 3721; baseline 0.007 -27"><span class='ocrx_word' id='word_1_430' title='bbox 176 3639 330 3694; x_wconf 89' lang='lat' dir='ltr'><strong>enim</strong></span> <span class='ocrx_word' id='word_1_431' title='bbox 362 3638 609 3695; x_wconf 90' lang='lat' dir='ltr'><strong>intentus</strong></span> <span class='ocrx_word' id='word_1_432' title='bbox 643 3640 728 3695; x_wconf 91' lang='lat' dir='ltr'><strong>his</strong></span> <span class='ocrx_word' id='word_1_433' title='bbox 745 3642 987 3716; x_wconf 85' lang='lat' dir='ltr'><strong>degebat</strong></span> <span class='ocrx_word' id='word_1_434' title='bbox 1017 3642 1240 3711; x_wconf 74' lang='lat' dir='ltr'><strong>officiis,</strong></span> <span class='ocrx_word' id='word_1_435' title='bbox 1275 3648 1498 3717; x_wconf 90' lang='lat' dir='ltr'><strong>quando</strong></span> <span class='ocrx_word' id='word_1_436' title='bbox 1524 3659 1810 3721; x_wconf 91' lang='lat' dir='ltr'><strong>comperto</strong></span> 
     </span>
    </p>
   </div>
   <div class='ocr_carea' id='block_1_65' title="bbox 176 3728 1813 3811">
    <p class='ocr_par' dir='ltr' id='par_1_65' title="bbox 176 3728 1813 3811">
     <span class='ocr_line' id='line_1_65' title="bbox 176 3728 1813 3811; baseline 0.008 -30"><span class='ocrx_word' id='word_1_437' title='bbox 176 3728 338 3783; x_wconf 89' lang='lat' dir='ltr'><strong>urbis</strong></span> <span class='ocrx_word' id='word_1_438' title='bbox 383 3728 661 3794; x_wconf 87' lang='lat' dir='ltr'><strong>incendio,</strong></span> <span class='ocrx_word' id='word_1_439' title='bbox 692 3746 815 3785; x_wconf 93' lang='lat' dir='ltr'><strong>cum</strong></span> <span class='ocrx_word' id='word_1_440' title='bbox 849 3731 1150 3788; x_wconf 88' lang='lat' dir='ltr'><strong>divinitatis</strong></span> <span class='ocrx_word' id='word_1_441' title='bbox 1200 3734 1552 3793; x_wconf 85' lang='lat' dir='ltr'><strong>invocatione</strong></span> <span class='ocrx_word' id='word_1_442' title='bbox 1606 3739 1813 3811; x_wconf 90' lang='lat' dir='ltr'><strong>depro-</strong></span> 
     </span>
    </p>
   </div>
   <div class='ocr_carea' id='block_1_66' title="bbox 179 3818 1815 3896">
    <p class='ocr_par' dir='ltr' id='par_1_66' title="bbox 179 3818 1815 3896">
     <span class='ocr_line' id='line_1_66' title="bbox 179 3818 1815 3896; baseline 0.007 -25"><span class='ocrx_word' id='word_1_443' title='bbox 179 3834 406 3888; x_wconf 90' lang='lat' dir='ltr'><strong>perans,</strong></span> <span class='ocrx_word' id='word_1_444' title='bbox 430 3825 743 3874; x_wconf 89' lang='lat' dir='ltr'><strong>sanctorum</strong></span> <span class='ocrx_word' id='word_1_445' title='bbox 767 3818 932 3876; x_wconf 79' lang='lat' dir='ltr'><strong>fultus</strong></span> <span class='ocrx_word' id='word_1_446' title='bbox 951 3820 1235 3895; x_wconf 66' lang='lat' dir='ltr'><strong>suﬁ‘ragio,</strong></span> <span class='ocrx_word' id='word_1_447' title='bbox 1260 3824 1541 3896; x_wconf 89' lang='lat' dir='ltr'><strong>lapidibus</strong></span> <span class='ocrx_word' id='word_1_448' title='bbox 1561 3827 1815 3885; x_wconf 75' lang='lat' dir='ltr'><strong>ecclesize</strong></span> 
     </span>
    </p>
   </div>
   <div class='ocr_carea' id='block_1_67' title="bbox 177 3907 1575 3989">
    <p class='ocr_par' dir='ltr' id='par_1_67' title="bbox 177 3907 1575 3989">
     <span class='ocr_line' id='line_1_67' title="bbox 177 3907 1575 3989; baseline 0.006 -27"><span class='ocrx_word' id='word_1_449' title='bbox 177 3907 453 3980; x_wconf 86' lang='lat' dir='ltr'><strong>graduum</strong></span> <span class='ocrx_word' id='word_1_450' title='bbox 485 3909 754 3980; x_wconf 89' lang='lat' dir='ltr'><strong>deinceps</strong></span> <span class='ocrx_word' id='word_1_451' title='bbox 780 3925 1040 3980; x_wconf 86' lang='lat' dir='ltr'><strong>expressa</strong></span> <span class='ocrx_word' id='word_1_452' title='bbox 1071 3911 1295 3984; x_wconf 90' lang='lat' dir='ltr'><strong>reliquit</strong></span> <span class='ocrx_word' id='word_1_453' title='bbox 1326 3914 1575 3989; x_wconf 90' lang='lat' dir='ltr'><strong>vestigia.</strong></span> 
     </span>
    </p>
   </div>
   <div class='ocr_carea' id='block_1_68' title="bbox 826 3999 1164 4057">
    <p class='ocr_par' dir='ltr' id='par_1_68' title="bbox 826 3999 1164 4057">
     <span class='ocr_line' id='line_1_68' title="bbox 826 3999 1164 4057; baseline 0.009 -3"><span class='ocrx_word' id='word_1_454' title='bbox 826 3999 1035 4056; x_wconf 77' lang='lat' dir='ltr'><strong>CAPUT</strong></span> <span class='ocrx_word' id='word_1_455' title='bbox 1054 4002 1164 4057; x_wconf 87' lang='lat' dir='ltr'><strong>VII.</strong></span> 
     </span>
    </p>
   </div>
   <div class='ocr_carea' id='block_1_69' title="bbox 574 4072 1423 4144">
    <p class='ocr_par' dir='ltr' id='par_1_69' title="bbox 574 4072 1423 4144">
     <span class='ocr_line' id='line_1_69' title="bbox 574 4072 1423 4144; baseline 0.007 -18"><span class='ocrx_word' id='word_1_456' title='bbox 574 4074 650 4127; x_wconf 87' lang='lat' dir='ltr'><strong>De</strong></span> <span class='ocrx_word' id='word_1_457' title='bbox 686 4072 964 4127; x_wconf 77' lang='lat' dir='ltr'><strong>miraculis</strong></span> <span class='ocrx_word' id='word_1_458' title='bbox 1001 4076 1172 4144; x_wconf 80' lang='lat' dir='ltr'><strong>ipsius</strong></span> <span class='ocrx_word' id='word_1_459' title='bbox 1193 4077 1423 4133; x_wconf 73' lang='lat' dir='ltr'><strong>ecclesiae</strong></span> 
     </span>
    </p>
   </div>
   <div class='ocr_carea' id='block_1_70' title="bbox 253 4164 1813 4235">
    <p class='ocr_par' dir='ltr' id='par_1_70' title="bbox 253 4164 1813 4235">
     <span class='ocr_line' id='line_1_70' title="bbox 253 4164 1813 4235; baseline 0.01 -16"><span class='ocrx_word' id='word_1_460' title='bbox 253 4164 496 4220; x_wconf 88' lang='lat' dir='ltr'><strong>Diversis</strong></span> <span class='ocrx_word' id='word_1_461' title='bbox 526 4164 693 4219; x_wconf 88' lang='lat' dir='ltr'><strong>etiam</strong></span> <span class='ocrx_word' id='word_1_462' title='bbox 714 4166 1043 4222; x_wconf 90' lang='lat' dir='ltr'><strong>multimoda</strong></span> <span class='ocrx_word' id='word_1_463' title='bbox 1059 4167 1455 4228; x_wconf 86' lang='lat' dir='ltr'><strong>clarificatione</strong></span> <span class='ocrx_word' id='word_1_464' title='bbox 1485 4172 1659 4232; x_wconf 88' lang='lat' dir='ltr'><strong>fertur</strong></span> <span class='ocrx_word' id='word_1_465' title='bbox 1693 4179 1813 4235; x_wconf 80' lang='lat' dir='ltr'><strong>haec</strong></span> 
     </span>
    </p>
   </div>
   <div class='ocr_carea' id='block_1_71' title="bbox 174 4256 1809 4337">
    <p class='ocr_par' dir='ltr' id='par_1_71' title="bbox 174 4256 1809 4337">
     <span class='ocr_line' id='line_1_71' title="bbox 174 4256 1809 4337; baseline 0.008 -27"><span class='ocrx_word' id='word_1_466' title='bbox 174 4256 457 4311; x_wconf 88' lang='lat' dir='ltr'><strong>illustrata</strong></span> <span class='ocrx_word' id='word_1_467' title='bbox 496 4256 844 4327; x_wconf 89' lang='lat' dir='ltr'><strong>temporibus</strong></span> <span class='ocrx_word' id='word_1_468' title='bbox 897 4258 1066 4314; x_wconf 70' lang='lat' dir='ltr'><strong>aedes.</strong></span> <span class='ocrx_word' id='word_1_469' title='bbox 1108 4258 1217 4316; x_wconf 91' lang='lat' dir='ltr'><strong>Sed</strong></span> <span class='ocrx_word' id='word_1_470' title='bbox 1246 4277 1348 4318; x_wconf 93' lang='lat' dir='ltr'><strong>nos</strong></span> <span class='ocrx_word' id='word_1_471' title='bbox 1374 4281 1547 4320; x_wconf 86' lang='lat' dir='ltr'><strong>unum</strong></span> <span class='ocrx_word' id='word_1_472' title='bbox 1574 4275 1809 4337; x_wconf 91' lang='lat' dir='ltr'><strong>tantum,</strong></span> 
     </span>
    </p>
   </div>
   <div class='ocr_carea' id='block_1_72' title="bbox 175 4344 1812 4418">
    <p class='ocr_par' dir='ltr' id='par_1_72' title="bbox 175 4344 1812 4418">
     <span class='ocr_line' id='line_1_72' title="bbox 175 4344 1812 4418; baseline 0.007 -17"><span class='ocrx_word' id='word_1_473' title='bbox 175 4345 328 4418; x_wconf 89' lang='lat' dir='ltr'><strong>quod</strong></span> <span class='ocrx_word' id='word_1_474' title='bbox 358 4345 561 4400; x_wconf 88' lang='lat' dir='ltr'><strong>nostris</strong></span> <span class='ocrx_word' id='word_1_475' title='bbox 591 4344 707 4399; x_wconf 86' lang='lat' dir='ltr'><strong>fere</strong></span> <span class='ocrx_word' id='word_1_476' title='bbox 731 4344 933 4401; x_wconf 90' lang='lat' dir='ltr'><strong>diebus</strong></span> <span class='ocrx_word' id='word_1_477' title='bbox 971 4352 1175 4418; x_wconf 89' lang='lat' dir='ltr'><strong>actum,</strong></span> <span class='ocrx_word' id='word_1_478' title='bbox 1209 4349 1582 4409; x_wconf 89' lang='lat' dir='ltr'><strong>referentibus</strong></span> <span class='ocrx_word' id='word_1_479' title='bbox 1612 4359 1812 4413; x_wconf 90' lang='lat' dir='ltr'><strong>nostris</strong></span> 
     </span>
    </p>
   </div>
   <div class='ocr_carea' id='block_1_73' title="bbox 174 4433 1808 4515">
    <p class='ocr_par' dir='ltr' id='par_1_73' title="bbox 174 4433 1808 4515">
     <span class='ocr_line' id='line_1_73' title="bbox 174 4433 1808 4515; baseline 0.008 -24"><span class='ocrx_word' id='word_1_480' title='bbox 174 4436 274 4509; x_wconf 89' lang='lat' dir='ltr'><strong>qui</strong></span> <span class='ocrx_word' id='word_1_481' title='bbox 336 4433 639 4489; x_wconf 87' lang='lat' dir='ltr'><strong>interfuere</strong></span> <span class='ocrx_word' id='word_1_482' title='bbox 695 4435 968 4506; x_wconf 87' lang='lat' dir='ltr'><strong>patribus,</strong></span> <span class='ocrx_word' id='word_1_483' title='bbox 1018 4439 1364 4511; x_wconf 89' lang='lat' dir='ltr'><strong>agnovimus,</strong></span> <span class='ocrx_word' id='word_1_484' title='bbox 1408 4446 1808 4515; x_wconf 81' lang='lat' dir='ltr'><strong>prapalandum</strong></span> 
     </span>
    </p>
   </div>
   <div class='ocr_carea' id='block_1_74' title="bbox 176 4525 1806 4606">
    <p class='ocr_par' dir='ltr' id='par_1_74' title="bbox 176 4525 1806 4606">
     <span class='ocr_line' id='line_1_74' title="bbox 176 4525 1806 4606; baseline 0.009 -25"><span class='ocrx_word' id='word_1_485' title='bbox 176 4526 517 4599; x_wconf 86' lang='lat' dir='ltr'><strong>putavimus.</strong></span> <span class='ocrx_word' id='word_1_486' title='bbox 550 4525 889 4581; x_wconf 89' lang='lat' dir='ltr'><strong>Solemnitas</strong></span> <span class='ocrx_word' id='word_1_487' title='bbox 920 4526 1146 4584; x_wconf 88' lang='lat' dir='ltr'><strong>hiemali</strong></span> <span class='ocrx_word' id='word_1_488' title='bbox 1171 4538 1422 4602; x_wconf 89' lang='lat' dir='ltr'><strong>tempore</strong></span> <span class='ocrx_word' id='word_1_489' title='bbox 1448 4536 1806 4606; x_wconf 82' lang='lat' dir='ltr'><strong>praefatorum</strong></span> 
     </span>
    </p>
   </div>
   <div class='ocr_carea' id='block_1_75' title="bbox 171 4618 1799 4694">
    <p class='ocr_par' dir='ltr' id='par_1_75' title="bbox 171 4618 1799 4694">
     <span class='ocr_line' id='line_1_75' title="bbox 171 4618 1799 4694; baseline 0.009 -20"><span class='ocrx_word' id='word_1_490' title='bbox 171 4618 452 4694; x_wconf 88' lang='lat' dir='ltr'><strong>agebatur</strong></span> <span class='ocrx_word' id='word_1_491' title='bbox 481 4626 779 4690; x_wconf 86' lang='lat' dir='ltr'><strong>martyrum</strong></span> <span class='ocrx_word' id='word_1_492' title='bbox 821 4635 944 4690; x_wconf 65' lang='lat' dir='ltr'><strong>quae</strong></span> <span class='ocrx_word' id='word_1_493' title='bbox 975 4621 1139 4678; x_wconf 91' lang='lat' dir='ltr'><strong>solito</strong></span> <span class='ocrx_word' id='word_1_494' title='bbox 1194 4641 1281 4679; x_wconf 82' lang='lat' dir='ltr'><strong>xix</strong></span> <span class='ocrx_word' id='word_1_495' title='bbox 1339 4626 1453 4683; x_wconf 89' lang='lat' dir='ltr'><strong>Kal.</strong></span> <span class='ocrx_word' id='word_1_496' title='bbox 1511 4629 1799 4689; x_wconf 74' lang='lat' dir='ltr'><strong>Ianuarias</strong></span> 
     </span>
    </p>
   </div>
   <div class='ocr_carea' id='block_1_76' title="bbox 174 4709 1811 4802">
    <p class='ocr_par' dir='ltr' id='par_1_76' title="bbox 174 4709 1811 4802">
     <span class='ocr_line' id='line_1_76' title="bbox 174 4709 1811 4802; baseline 0.013 -38"><span class='ocrx_word' id='word_1_497' title='bbox 174 4709 453 4802; x_wconf 77' lang='lat' dir='ltr'><strong>celebrari</strong></span> <span class='ocrx_word' id='word_1_498' title='bbox 493 4712 799 4802; x_wconf 87' lang='lat' dir='ltr'><strong>consuevit.</strong></span> <span class='ocrx_word' id='word_1_499' title='bbox 858 4712 937 4765; x_wconf 87' lang='lat' dir='ltr'><strong>Ad</strong></span> <span class='ocrx_word' id='word_1_500' title='bbox 988 4714 1145 4783; x_wconf 88' lang='lat' dir='ltr'><strong>cujus</strong></span> <span class='ocrx_word' id='word_1_501' title='bbox 1197 4717 1537 4776; x_wconf 88' lang='lat' dir='ltr'><strong>celebritatis</strong></span> <span class='ocrx_word' id='word_1_502' title='bbox 1592 4725 1811 4802; x_wconf 88' lang='lat' dir='ltr'><strong>vigilias</strong></span> 
     </span>
    </p>
   </div>
   <div class='ocr_carea' id='block_1_77' title="bbox 174 4799 1812 4881">
    <p class='ocr_par' dir='ltr' id='par_1_77' title="bbox 174 4799 1812 4881">
     <span class='ocr_line' id='line_1_77' title="bbox 174 4799 1812 4881; baseline 0.012 -26"><span class='ocrx_word' id='word_1_503' title='bbox 174 4799 379 4855; x_wconf 87' lang='lat' dir='ltr'><strong>fratres</strong></span> <span class='ocrx_word' id='word_1_504' title='bbox 408 4801 710 4871; x_wconf 89' lang='lat' dir='ltr'><strong>temperius</strong></span> <span class='ocrx_word' id='word_1_505' title='bbox 738 4811 1120 4876; x_wconf 87' lang='lat' dir='ltr'><strong>exsurgentes,</strong></span> <span class='ocrx_word' id='word_1_506' title='bbox 1143 4807 1403 4863; x_wconf 91' lang='lat' dir='ltr'><strong>custodes</strong></span> <span class='ocrx_word' id='word_1_507' title='bbox 1432 4810 1609 4881; x_wconf 91' lang='lat' dir='ltr'><strong>ipsius</strong></span> <span class='ocrx_word' id='word_1_508' title='bbox 1631 4799 1812 4875; x_wconf 77' lang='lat' dir='ltr'><strong>eccle-</strong></span> 
     </span>
    </p>
   </div>
   <div class='ocr_carea' id='block_1_78' title="bbox 174 4890 1811 4970">
    <p class='ocr_par' dir='ltr' id='par_1_78' title="bbox 174 4890 1811 4970">
     <span class='ocr_line' id='line_1_78' title="bbox 174 4890 1811 4970; baseline 0.011 -25"><span class='ocrx_word' id='word_1_509' title='bbox 174 4892 276 4946; x_wconf 72' lang='lat' dir='ltr'><strong>sim</strong></span> <span class='ocrx_word' id='word_1_510' title='bbox 316 4890 680 4957; x_wconf 89' lang='lat' dir='ltr'><strong>dormientes,</strong></span> <span class='ocrx_word' id='word_1_511' title='bbox 736 4893 879 4947; x_wconf 89' lang='lat' dir='ltr'><strong>ostia</strong></span> <span class='ocrx_word' id='word_1_512' title='bbox 926 4909 1151 4966; x_wconf 90' lang='lat' dir='ltr'><strong>quoque</strong></span> <span class='ocrx_word' id='word_1_513' title='bbox 1205 4896 1507 4970; x_wconf 88' lang='lat' dir='ltr'><strong>diligenter</strong></span> <span class='ocrx_word' id='word_1_514' title='bbox 1553 4904 1811 4963; x_wconf 89' lang='lat' dir='ltr'><strong>obserata</strong></span> 
     </span>
    </p>
   </div>
   <div class='ocr_carea' id='block_1_79' title="bbox 179 4980 1807 5063">
    <p class='ocr_par' dir='ltr' id='par_1_79' title="bbox 179 4980 1807 5063">
     <span class='ocr_line' id='line_1_79' title="bbox 179 4980 1807 5063; baseline 0.012 -28"><span class='ocrx_word' id='word_1_515' title='bbox 179 4981 471 5055; x_wconf 87' lang='lat' dir='ltr'><strong>reperiunt</strong></span> <span class='ocrx_word' id='word_1_516' title='bbox 516 4980 758 5053; x_wconf 75' lang='lat' dir='ltr'><strong>Quaeque</strong></span> <span class='ocrx_word' id='word_1_517' title='bbox 779 4982 991 5038; x_wconf 91' lang='lat' dir='ltr'><strong>diutius</strong></span> <span class='ocrx_word' id='word_1_518' title='bbox 1010 4983 1321 5042; x_wconf 91' lang='lat' dir='ltr'><strong>obterendo</strong></span> <span class='ocrx_word' id='word_1_519' title='bbox 1348 4988 1654 5063; x_wconf 89' lang='lat' dir='ltr'><strong>pulsantes,</strong></span> <span class='ocrx_word' id='word_1_520' title='bbox 1678 4996 1807 5054; x_wconf 91' lang='lat' dir='ltr'><strong>dum</strong></span> 
     </span>
    </p>
   </div>
   <div class='ocr_carea' id='block_1_80' title="bbox 177 5071 1806 5147">
    <p class='ocr_par' dir='ltr' id='par_1_80' title="bbox 177 5071 1806 5147">
     <span class='ocr_line' id='line_1_80' title="bbox 177 5071 1806 5147; baseline 0.012 -23"><span class='ocrx_word' id='word_1_521' title='bbox 177 5071 464 5126; x_wconf 85' lang='lat' dir='ltr'><strong>neminem</strong></span> <span class='ocrx_word' id='word_1_522' title='bbox 484 5086 750 5143; x_wconf 88' lang='lat' dir='ltr'><strong>responsa</strong></span> <span class='ocrx_word' id='word_1_523' title='bbox 762 5072 986 5128; x_wconf 88' lang='lat' dir='ltr'><strong>dantem</strong></span> <span class='ocrx_word' id='word_1_524' title='bbox 1008 5074 1233 5129; x_wconf 91' lang='lat' dir='ltr'><strong>deintus</strong></span> <span class='ocrx_word' id='word_1_525' title='bbox 1244 5076 1548 5147; x_wconf 87' lang='lat' dir='ltr'><strong>accipiunt,</strong></span> <span class='ocrx_word' id='word_1_526' title='bbox 1580 5083 1806 5143; x_wconf 91' lang='lat' dir='ltr'><strong>domum</strong></span> 
     </span>
    </p>
   </div>
   <div class='ocr_carea' id='block_1_81' title="bbox 176 5158 1808 5234">
    <p class='ocr_par' dir='ltr' id='par_1_81' title="bbox 176 5158 1808 5234">
     <span class='ocr_line' id='line_1_81' title="bbox 176 5158 1808 5234; baseline 0.01 -20"><span class='ocrx_word' id='word_1_527' title='bbox 176 5158 492 5231; x_wconf 87' lang='lat' dir='ltr'><strong>presbyteri</strong></span> <span class='ocrx_word' id='word_1_528' title='bbox 524 5167 722 5231; x_wconf 90' lang='lat' dir='ltr'><strong>petunt</strong></span> <span class='ocrx_word' id='word_1_529' title='bbox 743 5169 1070 5234; x_wconf 88' lang='lat' dir='ltr'><strong>portamque</strong></span> <span class='ocrx_word' id='word_1_530' title='bbox 1089 5163 1303 5219; x_wconf 88' lang='lat' dir='ltr'><strong>crebris</strong></span> <span class='ocrx_word' id='word_1_531' title='bbox 1325 5166 1660 5227; x_wconf 89' lang='lat' dir='ltr'><strong>incutientes</strong></span> <span class='ocrx_word' id='word_1_532' title='bbox 1678 5174 1808 5231; x_wconf 88' lang='lat' dir='ltr'><strong>icti-</strong></span> 
     </span>
    </p>
   </div>
   <div class='ocr_carea' id='block_1_82' title="bbox 177 5251 1802 5325">
    <p class='ocr_par' dir='ltr' id='par_1_82' title="bbox 177 5251 1802 5325">
     <span class='ocr_line' id='line_1_82' title="bbox 177 5251 1802 5325; baseline 0.011 -19"><span class='ocrx_word' id='word_1_533' title='bbox 177 5251 307 5320; x_wconf 90' lang='lat' dir='ltr'><strong>bus,</strong></span> <span class='ocrx_word' id='word_1_534' title='bbox 337 5259 396 5308; x_wconf 89' lang='lat' dir='ltr'><strong>et</strong></span> <span class='ocrx_word' id='word_1_535' title='bbox 437 5261 579 5309; x_wconf 86' lang='lat' dir='ltr'><strong>tecta</strong></span> <span class='ocrx_word' id='word_1_536' title='bbox 616 5254 898 5324; x_wconf 88' lang='lat' dir='ltr'><strong>lapidibus</strong></span> <span class='ocrx_word' id='word_1_537' title='bbox 926 5255 1303 5325; x_wconf 87' lang='lat' dir='ltr'><strong>verberantes,</strong></span> <span class='ocrx_word' id='word_1_538' title='bbox 1338 5259 1433 5313; x_wconf 90' lang='lat' dir='ltr'><strong>ubi</strong></span> <span class='ocrx_word' id='word_1_539' title='bbox 1468 5263 1679 5320; x_wconf 93' lang='lat' dir='ltr'><strong>nullum</strong></span> <span class='ocrx_word' id='word_1_540' title='bbox 1697 5268 1802 5323; x_wconf 85' lang='lat' dir='ltr'><strong>sibi</strong></span> 
     </span>
    </p>
   </div>
   <div class='ocr_carea' id='block_1_83' title="bbox 176 5345 1810 5431">
    <p class='ocr_par' dir='ltr' id='par_1_83' title="bbox 176 5345 1810 5431">
     <span class='ocr_line' id='line_1_83' title="bbox 176 5345 1810 5431; baseline 0.01 -31"><span class='ocrx_word' id='word_1_541' title='bbox 176 5346 271 5418; x_wconf 90' lang='lat' dir='ltr'><strong>qui</strong></span> <span class='ocrx_word' id='word_1_542' title='bbox 307 5345 519 5417; x_wconf 87' lang='lat' dir='ltr'><strong>pandat</strong></span> <span class='ocrx_word' id='word_1_543' title='bbox 547 5348 787 5404; x_wconf 86' lang='lat' dir='ltr'><strong>excitare</strong></span> <span class='ocrx_word' id='word_1_544' title='bbox 818 5351 1131 5421; x_wconf 80' lang='lat' dir='ltr'><strong>praevalent</strong></span> <span class='ocrx_word' id='word_1_545' title='bbox 1171 5351 1362 5422; x_wconf 89' lang='lat' dir='ltr'><strong>templi</strong></span> <span class='ocrx_word' id='word_1_546' title='bbox 1385 5353 1611 5422; x_wconf 88' lang='lat' dir='ltr'><strong>januam</strong></span> <span class='ocrx_word' id='word_1_547' title='bbox 1645 5376 1810 5431; x_wconf 91' lang='lat' dir='ltr'><strong>repe-</strong></span> 
     </span>
    </p>
   </div>
   <div class='ocr_carea' id='block_1_84' title="bbox 176 5446 1811 5515">
    <p class='ocr_par' dir='ltr' id='par_1_84' title="bbox 176 5446 1811 5515">
     <span class='ocr_line' id='line_1_84' title="bbox 176 5446 1811 5515; baseline 0.009 -21"><span class='ocrx_word' id='word_1_548' title='bbox 176 5446 300 5495; x_wconf 90' lang='lat' dir='ltr'><strong>tunt</strong></span> <span class='ocrx_word' id='word_1_549' title='bbox 343 5457 358 5505; x_wconf 89' lang='lat'><strong>;</strong></span> <span class='ocrx_word' id='word_1_550' title='bbox 400 5456 569 5511; x_wconf 89' lang='lat' dir='ltr'><strong>quam</strong></span> <span class='ocrx_word' id='word_1_551' title='bbox 599 5449 799 5513; x_wconf 90' lang='lat' dir='ltr'><strong>sponte</strong></span> <span class='ocrx_word' id='word_1_552' title='bbox 857 5450 1137 5515; x_wconf 88' lang='lat' dir='ltr'><strong>patentem</strong></span> <span class='ocrx_word' id='word_1_553' title='bbox 1177 5446 1541 5515; x_wconf 87' lang='lat' dir='ltr'><strong>reperientes,</strong></span> <span class='ocrx_word' id='word_1_554' title='bbox 1577 5464 1811 5508; x_wconf 90' lang='lat' dir='ltr'><strong>accensa</strong></span> 
     </span>
    </p>
   </div>
   <div class='ocr_carea' id='block_1_85' title="bbox 175 5532 1807 5601">
    <p class='ocr_par' dir='ltr' id='par_1_85' title="bbox 175 5532 1807 5601">
     <span class='ocr_line' id='line_1_85' title="bbox 175 5532 1807 5601; baseline 0.007 -15"><span class='ocrx_word' id='word_1_555' title='bbox 175 5532 475 5588; x_wconf 86' lang='lat' dir='ltr'><strong>luminaria</strong></span> <span class='ocrx_word' id='word_1_556' title='bbox 502 5542 703 5590; x_wconf 89' lang='lat' dir='ltr'><strong>cuncta</strong></span> <span class='ocrx_word' id='word_1_557' title='bbox 727 5535 921 5591; x_wconf 85' lang='lat' dir='ltr'><strong>vident</strong></span> <span class='ocrx_word' id='word_1_558' title='bbox 953 5553 968 5601; x_wconf 90' lang='lat'><strong>;</strong></span> <span class='ocrx_word' id='word_1_559' title='bbox 998 5537 1098 5591; x_wconf 89' lang='lat' dir='ltr'><strong>sed</strong></span> <span class='ocrx_word' id='word_1_560' title='bbox 1148 5543 1430 5593; x_wconf 87' lang='lat' dir='ltr'><strong>auctorem</strong></span> <span class='ocrx_word' id='word_1_561' title='bbox 1461 5539 1591 5594; x_wconf 82' lang='lat' dir='ltr'><strong>tacti</strong></span> <span class='ocrx_word' id='word_1_562' title='bbox 1625 5542 1807 5597; x_wconf 85' lang='lat' dir='ltr'><strong>nemi-</strong></span> 
     </span>
    </p>
   </div>
   <div class='ocr_carea' id='block_1_86' title="bbox 174 5624 1808 5701">
    <p class='ocr_par' dir='ltr' id='par_1_86' title="bbox 174 5624 1808 5701">
     <span class='ocr_line' id='line_1_86' title="bbox 174 5624 1808 5701; baseline 0.007 -22"><span class='ocrx_word' id='word_1_563' title='bbox 174 5640 302 5679; x_wconf 90' lang='lat' dir='ltr'><strong>nem</strong></span> <span class='ocrx_word' id='word_1_564' title='bbox 340 5624 493 5681; x_wconf 91' lang='lat' dir='ltr'><strong>intus</strong></span> <span class='ocrx_word' id='word_1_565' title='bbox 522 5627 819 5698; x_wconf 76' lang='lat' dir='ltr'><strong>aSpiciunt,</strong></span> <span class='ocrx_word' id='word_1_566' title='bbox 853 5628 1053 5701; x_wconf 89' lang='lat' dir='ltr'><strong>Sicque</strong></span> <span class='ocrx_word' id='word_1_567' title='bbox 1098 5636 1224 5700; x_wconf 93' lang='lat' dir='ltr'><strong>post</strong></span> <span class='ocrx_word' id='word_1_568' title='bbox 1253 5629 1561 5687; x_wconf 89' lang='lat' dir='ltr'><strong>orationem</strong></span> <span class='ocrx_word' id='word_1_569' title='bbox 1594 5632 1808 5691; x_wconf 90' lang='lat' dir='ltr'><strong>Christo</strong></span> 
     </span>
    </p>
   </div>
   <div class='ocr_carea' id='block_1_87' title="bbox 256 5742 1803 5822">
    <p class='ocr_par' dir='ltr' id='par_1_87' title="bbox 256 5742 1803 5822">
     <span class='ocr_line' id='line_1_87' title="bbox 256 5742 1803 5822; baseline 0.004 -25"><span class='ocrx_word' id='word_1_570' title='bbox 256 5742 336 5815; x_wconf 84' lang='lat'><strong>(3)</strong></span> <span class='ocrx_word' id='word_1_571' title='bbox 390 5742 812 5801; x_wconf 87' lang='lat' dir='ltr'><strong>Hemistichium</strong></span> <span class='ocrx_word' id='word_1_572' title='bbox 843 5753 929 5801; x_wconf 89' lang='lat' dir='ltr'><strong>est</strong></span> <span class='ocrx_word' id='word_1_573' title='bbox 960 5746 1321 5822; x_wconf 86' lang='lat' dir='ltr'><strong>Virgilianum</strong></span> <span class='ocrx_word' id='word_1_574' title='bbox 1354 5762 1421 5802; x_wconf 89' lang='lat' dir='ltr'><strong>ex</strong></span> <span class='ocrx_word' id='word_1_575' title='bbox 1448 5746 1666 5803; x_wconf 65' lang='lat' dir='ltr'><strong>Alneid.</strong></span> <span class='ocrx_word' id='word_1_576' title='bbox 1711 5766 1803 5804; x_wconf 81' lang='lat' dir='ltr'><strong>ix:</strong></span> 
     </span>
    </p>
   </div>
   <div class='ocr_carea' id='block_1_88' title="bbox 1910 3382 3541 3456">
    <p class='ocr_par' dir='ltr' id='par_1_88' title="bbox 1910 3382 3541 3456">
     <span class='ocr_line' id='line_1_88' title="bbox 1910 3382 3541 3456; baseline -0.003 -12"><span class='ocrx_word' id='word_1_577' title='bbox 1910 3386 2090 3443; x_wconf 90' lang='lat' dir='ltr'><strong>crucis</strong></span> <span class='ocrx_word' id='word_1_578' title='bbox 2116 3385 2282 3456; x_wconf 71' lang='lat' dir='ltr'><strong>(quod</strong></span> <span class='ocrx_word' id='word_1_579' title='bbox 2309 3384 2493 3438; x_wconf 89' lang='lat' dir='ltr'><strong>adhuc</strong></span> <span class='ocrx_word' id='word_1_580' title='bbox 2525 3382 2818 3438; x_wconf 88' lang='lat' dir='ltr'><strong>manifeste</strong></span> <span class='ocrx_word' id='word_1_581' title='bbox 2851 3400 3045 3454; x_wconf 87' lang='lat' dir='ltr'><strong>parere</strong></span> <span class='ocrx_word' id='word_1_582' title='bbox 3062 3383 3284 3450; x_wconf 71' lang='lat' dir='ltr'><strong>dicitur)</strong></span> <span class='ocrx_word' id='word_1_583' title='bbox 3325 3383 3381 3437; x_wconf 90' lang='lat' dir='ltr'><strong>in</strong></span> <span class='ocrx_word' id='word_1_584' title='bbox 3403 3401 3541 3456; x_wconf 89' lang='lat' dir='ltr'><strong>qua-</strong></span> 
     </span>
    </p>
   </div>
   <div class='ocr_carea' id='block_1_89' title="bbox 1910 3475 3541 3550">
    <p class='ocr_par' dir='ltr' id='par_1_89' title="bbox 1910 3475 3541 3550">
     <span class='ocr_line' id='line_1_89' title="bbox 1910 3475 3541 3550; baseline -0.001 -17"><span class='ocrx_word' id='word_1_585' title='bbox 1910 3479 2037 3533; x_wconf 90' lang='lat' dir='ltr'><strong>dam</strong></span> <span class='ocrx_word' id='word_1_586' title='bbox 2077 3485 2233 3548; x_wconf 90' lang='lat' dir='ltr'><strong>petra</strong></span> <span class='ocrx_word' id='word_1_587' title='bbox 2271 3476 2444 3550; x_wconf 89' lang='lat' dir='ltr'><strong>digito</strong></span> <span class='ocrx_word' id='word_1_588' title='bbox 2480 3475 2747 3549; x_wconf 88' lang='lat' dir='ltr'><strong>figurasse</strong></span> <span class='ocrx_word' id='word_1_589' title='bbox 2777 3493 2902 3543; x_wconf 90' lang='lat' dir='ltr'><strong>suo,</strong></span> <span class='ocrx_word' id='word_1_590' title='bbox 2952 3484 3006 3531; x_wconf 90' lang='lat' dir='ltr'><strong>et</strong></span> <span class='ocrx_word' id='word_1_591' title='bbox 3038 3476 3325 3547; x_wconf 90' lang='lat' dir='ltr'><strong>proprium</strong></span> <span class='ocrx_word' id='word_1_592' title='bbox 3360 3476 3541 3531; x_wconf 91' lang='lat' dir='ltr'><strong>mani-</strong></span> 
     </span>
    </p>
   </div>
   <div class='ocr_carea' id='block_1_90' title="bbox 1910 3564 3539 3637">
    <p class='ocr_par' dir='ltr' id='par_1_90' title="bbox 1910 3564 3539 3637">
     <span class='ocr_line' id='line_1_90' title="bbox 1910 3564 3539 3637; baseline -0.001 -16"><span class='ocrx_word' id='word_1_593' title='bbox 1910 3567 2017 3621; x_wconf 92' lang='lat' dir='ltr'><strong>bus</strong></span> <span class='ocrx_word' id='word_1_594' title='bbox 2047 3564 2433 3637; x_wconf 89' lang='lat' dir='ltr'><strong>caputferens,</strong></span> <span class='ocrx_word' id='word_1_595' title='bbox 2467 3564 2804 3636; x_wconf 70' lang='lat' dir='ltr'><strong>sepulcrum,</strong></span> <span class='ocrx_word' id='word_1_596' title='bbox 2830 3564 2980 3637; x_wconf 90' lang='lat' dir='ltr'><strong>quod</strong></span> <span class='ocrx_word' id='word_1_597' title='bbox 3013 3564 3539 3632; x_wconf 83' lang='lat' dir='ltr'><strong>sibiconstruxerat,</strong></span> 
     </span>
    </p>
   </div>
   <div class='ocr_carea' id='block_1_91' title="bbox 1916 3656 3539 3732">
    <p class='ocr_par' dir='ltr' id='par_1_91' title="bbox 1916 3656 3539 3732">
     <span class='ocr_line' id='line_1_91' title="bbox 1916 3656 3539 3732; baseline -0.002 -17"><span class='ocrx_word' id='word_1_598' title='bbox 1916 3659 2032 3732; x_wconf 83' lang='lat' dir='ltr'><strong>[ms.</strong></span> <span class='ocrx_word' id='word_1_599' title='bbox 2088 3661 2128 3725; x_wconf 76' lang='grc' dir='ltr'><em>ἱ,</em></span> <span class='ocrx_word' id='word_1_600' title='bbox 2197 3656 2543 3728; x_wconf 89' lang='lat' dir='ltr'><strong>condiderat]</strong></span> <span class='ocrx_word' id='word_1_601' title='bbox 2608 3656 2888 3727; x_wconf 85' lang='lat' dir='ltr'><strong>expetisse</strong></span> <span class='ocrx_word' id='word_1_602' title='bbox 2939 3672 2956 3724; x_wconf 89' lang='lat'><strong>;</strong></span> <span class='ocrx_word' id='word_1_603' title='bbox 3010 3657 3079 3711; x_wconf 91' lang='lat' dir='ltr'><strong>ad</strong></span> <span class='ocrx_word' id='word_1_604' title='bbox 3143 3657 3292 3729; x_wconf 93' lang='lat' dir='ltr'><strong>quod</strong></span> <span class='ocrx_word' id='word_1_605' title='bbox 3369 3658 3539 3713; x_wconf 90' lang='lat' dir='ltr'><strong>multa</strong></span> 
     </span>
    </p>
   </div>
   <div class='ocr_carea' id='block_1_92' title="bbox 1916 3748 3540 3821">
    <p class='ocr_par' dir='ltr' id='par_1_92' title="bbox 1916 3748 3540 3821">
     <span class='ocr_line' id='line_1_92' title="bbox 1916 3748 3540 3821; baseline -0.001 -15"><span class='ocrx_word' id='word_1_606' title='bbox 1916 3750 2182 3806; x_wconf 91' lang='lat' dir='ltr'><strong>miracula</strong></span> <span class='ocrx_word' id='word_1_607' title='bbox 2203 3749 2520 3806; x_wconf 86' lang='lat' dir='ltr'><strong>referuntur</strong></span> <span class='ocrx_word' id='word_1_608' title='bbox 2546 3757 2787 3805; x_wconf 88' lang='lat' dir='ltr'><strong>ostensa.</strong></span> <span class='ocrx_word' id='word_1_609' title='bbox 2831 3748 2955 3803; x_wconf 89' lang='lat' dir='ltr'><strong>Erat</strong></span> <span class='ocrx_word' id='word_1_610' title='bbox 3000 3748 3132 3803; x_wconf 92' lang='lat' dir='ltr'><strong>olim</strong></span> <span class='ocrx_word' id='word_1_611' title='bbox 3181 3748 3413 3821; x_wconf 88' lang='lat' dir='ltr'><strong>quidam</strong></span> <span class='ocrx_word' id='word_1_612' title='bbox 3448 3767 3540 3804; x_wconf 89' lang='lat' dir='ltr'><strong>ru-</strong></span> 
     </span>
    </p>
   </div>
   <div class='ocr_carea' id='block_1_93' title="bbox 1913 3841 3536 3909">
    <p class='ocr_par' dir='ltr' id='par_1_93' title="bbox 1913 3841 3536 3909">
     <span class='ocr_line' id='line_1_93' title="bbox 1913 3841 3536 3909; baseline -0.002 -10"><span class='ocrx_word' id='word_1_613' title='bbox 1913 3845 2087 3900; x_wconf 91' lang='lat' dir='ltr'><strong>sticus</strong></span> <span class='ocrx_word' id='word_1_614' title='bbox 2119 3843 2197 3898; x_wconf 90' lang='lat' dir='ltr'><strong>ibi</strong></span> <span class='ocrx_word' id='word_1_615' title='bbox 2231 3858 2482 3909; x_wconf 90' lang='lat' dir='ltr'><strong>manens,</strong></span> <span class='ocrx_word' id='word_1_616' title='bbox 2516 3842 2604 3898; x_wconf 91' lang='lat' dir='ltr'><strong>cui</strong></span> <span class='ocrx_word' id='word_1_617' title='bbox 2637 3841 2902 3899; x_wconf 88' lang='lat' dir='ltr'><strong>revelatio</strong></span> <span class='ocrx_word' id='word_1_618' title='bbox 2934 3841 2991 3895; x_wconf 92' lang='lat' dir='ltr'><strong>in</strong></span> <span class='ocrx_word' id='word_1_619' title='bbox 3022 3842 3233 3897; x_wconf 87' lang='lat' dir='ltr'><strong>somnis</strong></span> <span class='ocrx_word' id='word_1_620' title='bbox 3252 3841 3393 3897; x_wconf 86' lang='lat' dir='ltr'><strong>facta</strong></span> <span class='ocrx_word' id='word_1_621' title='bbox 3432 3851 3536 3906; x_wconf 89' lang='lat' dir='ltr'><strong>est,</strong></span> 
     </span>
    </p>
   </div>
   <div class='ocr_carea' id='block_1_94' title="bbox 1913 3933 3541 4008">
    <p class='ocr_par' dir='ltr' id='par_1_94' title="bbox 1913 3933 3541 4008">
     <span class='ocr_line' id='line_1_94' title="bbox 1913 3933 3541 4008; baseline -0.004 -15"><span class='ocrx_word' id='word_1_622' title='bbox 1913 3944 1973 3993; x_wconf 92' lang='lat' dir='ltr'><strong>ut</strong></span> <span class='ocrx_word' id='word_1_623' title='bbox 1997 3939 2208 3993; x_wconf 82' lang='lat' dir='ltr'><strong>fontem</strong></span> <span class='ocrx_word' id='word_1_624' title='bbox 2237 3936 2306 3991; x_wconf 86' lang='lat' dir='ltr'><strong>de</strong></span> <span class='ocrx_word' id='word_1_625' title='bbox 2338 3952 2447 4008; x_wconf 91' lang='lat' dir='ltr'><strong>quo</strong></span> <span class='ocrx_word' id='word_1_626' title='bbox 2493 3943 2659 4007; x_wconf 89' lang='lat' dir='ltr'><strong>caput</strong></span> <span class='ocrx_word' id='word_1_627' title='bbox 2702 3934 3083 3990; x_wconf 89' lang='lat' dir='ltr'><strong>sibi.sanctus</strong></span> <span class='ocrx_word' id='word_1_628' title='bbox 3110 3934 3231 4001; x_wconf 90' lang='lat' dir='ltr'><strong>Dei,</strong></span> <span class='ocrx_word' id='word_1_629' title='bbox 3262 3950 3363 3989; x_wconf 90' lang='lat' dir='ltr'><strong>ceu</strong></span> <span class='ocrx_word' id='word_1_630' title='bbox 3395 3933 3541 3987; x_wconf 88' lang='lat' dir='ltr'><strong>dixi-</strong></span> 
     </span>
    </p>
   </div>
   <div class='ocr_carea' id='block_1_95' title="bbox 1913 4024 3538 4098">
    <p class='ocr_par' dir='ltr' id='par_1_95' title="bbox 1913 4024 3538 4098">
     <span class='ocr_line' id='line_1_95' title="bbox 1913 4024 3538 4098; baseline -0.004 -13"><span class='ocrx_word' id='word_1_631' title='bbox 1913 4046 2054 4095; x_wconf 89' lang='lat' dir='ltr'><strong>mus,</strong></span> <span class='ocrx_word' id='word_1_632' title='bbox 2080 4030 2307 4094; x_wconf 84' lang='lat' dir='ltr'><strong>laverat,</strong></span> <span class='ocrx_word' id='word_1_633' title='bbox 2332 4036 2477 4084; x_wconf 89' lang='lat' dir='ltr'><strong>tecto</strong></span> <span class='ocrx_word' id='word_1_634' title='bbox 2508 4026 2839 4098; x_wconf 89' lang='lat' dir='ltr'><strong>cooperiret.</strong></span> <span class='ocrx_word' id='word_1_635' title='bbox 2870 4026 2972 4092; x_wconf 91' lang='lat' dir='ltr'><strong>Qui</strong></span> <span class='ocrx_word' id='word_1_636' title='bbox 3000 4032 3293 4097; x_wconf 89' lang='lat' dir='ltr'><strong>postquam</strong></span> <span class='ocrx_word' id='word_1_637' title='bbox 3327 4024 3412 4079; x_wconf 90' lang='lat' dir='ltr'><strong>bis</strong></span> <span class='ocrx_word' id='word_1_638' title='bbox 3436 4027 3538 4079; x_wconf 92' lang='lat' dir='ltr'><strong>ad-</strong></span> 
     </span>
    </p>
   </div>
   <div class='ocr_carea' id='block_1_96' title="bbox 1912 4112 3535 4183">
    <p class='ocr_par' dir='ltr' id='par_1_96' title="bbox 1912 4112 3535 4183">
     <span class='ocr_line' id='line_1_96' title="bbox 1912 4112 3535 4183; baseline -0.003 -9"><span class='ocrx_word' id='word_1_639' title='bbox 1912 4118 2157 4174; x_wconf 91' lang='lat' dir='ltr'><strong>monitus</strong></span> <span class='ocrx_word' id='word_1_640' title='bbox 2181 4117 2365 4173; x_wconf 75' lang='lat' dir='ltr'><strong>iacere</strong></span> <span class='ocrx_word' id='word_1_641' title='bbox 2412 4118 2467 4171; x_wconf 89' lang='lat' dir='ltr'><strong>id</strong></span> <span class='ocrx_word' id='word_1_642' title='bbox 2497 4116 2730 4183; x_wconf 89' lang='lat' dir='ltr'><strong>distulit,</strong></span> <span class='ocrx_word' id='word_1_643' title='bbox 2779 4115 2836 4170; x_wconf 91' lang='lat' dir='ltr'><strong>in</strong></span> <span class='ocrx_word' id='word_1_644' title='bbox 2894 4112 3273 4169; x_wconf 77' lang='lat' dir='ltr'><strong>infirmitatem</strong></span> <span class='ocrx_word' id='word_1_645' title='bbox 3305 4112 3535 4183; x_wconf 87' lang='lat' dir='ltr'><strong>decidit,</strong></span> 
     </span>
    </p>
   </div>
   <div class='ocr_carea' id='block_1_97' title="bbox 1913 4206 3537 4285">
    <p class='ocr_par' dir='ltr' id='par_1_97' title="bbox 1913 4206 3537 4285">
     <span class='ocr_line' id='line_1_97' title="bbox 1913 4206 3537 4285; baseline -0.004 -19"><span class='ocrx_word' id='word_1_646' title='bbox 1913 4212 1970 4266; x_wconf 91' lang='lat' dir='ltr'><strong>in</strong></span> <span class='ocrx_word' id='word_1_647' title='bbox 1994 4228 2104 4283; x_wconf 91' lang='lat' dir='ltr'><strong>qua</strong></span> <span class='ocrx_word' id='word_1_648' title='bbox 2136 4222 2350 4285; x_wconf 84' lang='lat' dir='ltr'><strong>integro</strong></span> <span class='ocrx_word' id='word_1_649' title='bbox 2381 4226 2529 4267; x_wconf 88' lang='lat' dir='ltr'><strong>anno</strong></span> <span class='ocrx_word' id='word_1_650' title='bbox 2574 4216 2850 4285; x_wconf 65' lang='lat' dir='ltr'><strong>tegrotans</strong></span> <span class='ocrx_word' id='word_1_651' title='bbox 2879 4207 3194 4263; x_wconf 88' lang='lat' dir='ltr'><strong>decubavit.</strong></span> <span class='ocrx_word' id='word_1_652' title='bbox 3253 4207 3381 4262; x_wconf 90' lang='lat' dir='ltr'><strong>Post</strong></span> <span class='ocrx_word' id='word_1_653' title='bbox 3423 4206 3537 4261; x_wconf 67' lang='lat' dir='ltr'><strong>haec</strong></span> 
     </span>
    </p>
   </div>
   <div class='ocr_carea' id='block_1_98' title="bbox 1912 4296 3534 4370">
    <p class='ocr_par' dir='ltr' id='par_1_98' title="bbox 1912 4296 3534 4370">
     <span class='ocr_line' id='line_1_98' title="bbox 1912 4296 3534 4370; baseline -0.003 -14"><span class='ocrx_word' id='word_1_654' title='bbox 1912 4300 2075 4366; x_wconf 89' lang='lat' dir='ltr'><strong>votis,</strong></span> <span class='ocrx_word' id='word_1_655' title='bbox 2108 4308 2168 4356; x_wconf 91' lang='lat' dir='ltr'><strong>ut</strong></span> <span class='ocrx_word' id='word_1_656' title='bbox 2218 4300 2373 4369; x_wconf 87' lang='lat' dir='ltr'><strong>jussa</strong></span> <span class='ocrx_word' id='word_1_657' title='bbox 2416 4299 2743 4370; x_wconf 86' lang='lat' dir='ltr'><strong>compleret,</strong></span> <span class='ocrx_word' id='word_1_658' title='bbox 2798 4297 3107 4369; x_wconf 90' lang='lat' dir='ltr'><strong>promissis,</strong></span> <span class='ocrx_word' id='word_1_659' title='bbox 3160 4296 3459 4362; x_wconf 89' lang='lat' dir='ltr'><strong>convaluit,</strong></span> <span class='ocrx_word' id='word_1_660' title='bbox 3485 4304 3534 4351; x_wconf 91' lang='lat' dir='ltr'><strong>et</strong></span> 
     </span>
    </p>
   </div>
   <div class='ocr_carea' id='block_1_99' title="bbox 1911 4390 3536 4466">
    <p class='ocr_par' dir='ltr' id='par_1_99' title="bbox 1911 4390 3536 4466">
     <span class='ocr_line' id='line_1_99' title="bbox 1911 4390 3536 4466; baseline -0.001 -19"><span class='ocrx_word' id='word_1_661' title='bbox 1911 4391 2121 4447; x_wconf 87' lang='lat' dir='ltr'><strong>fontem</strong></span> <span class='ocrx_word' id='word_1_662' title='bbox 2153 4392 2357 4466; x_wconf 90' lang='lat' dir='ltr'><strong>ligneis</strong></span> <span class='ocrx_word' id='word_1_663' title='bbox 2397 4391 2599 4447; x_wconf 90' lang='lat' dir='ltr'><strong>tabulis</strong></span> <span class='ocrx_word' id='word_1_664' title='bbox 2647 4391 3018 4455; x_wconf 84' lang='lat' dir='ltr'><strong>circumdans,</strong></span> <span class='ocrx_word' id='word_1_665' title='bbox 3042 4390 3303 4461; x_wconf 87' lang='lat' dir='ltr'><strong>operuit;</strong></span> <span class='ocrx_word' id='word_1_666' title='bbox 3328 4406 3393 4444; x_wconf 89' lang='lat' dir='ltr'><strong>ex</strong></span> <span class='ocrx_word' id='word_1_667' title='bbox 3428 4405 3536 4461; x_wconf 93' lang='lat' dir='ltr'><strong>quo</strong></span> 
     </span>
    </p>
   </div>
   <div class='ocr_carea' id='block_1_100' title="bbox 1911 4479 3534 4554">
    <p class='ocr_par' dir='ltr' id='par_1_100' title="bbox 1911 4479 3534 4554">
     <span class='ocr_line' id='line_1_100' title="bbox 1911 4479 3534 4554; baseline 0 -20"><span class='ocrx_word' id='word_1_668' title='bbox 1911 4480 2064 4537; x_wconf 89' lang='lat' dir='ltr'><strong>fonte</strong></span> <span class='ocrx_word' id='word_1_669' title='bbox 2086 4490 2361 4553; x_wconf 87' lang='lat' dir='ltr'><strong>potantes,</strong></span> <span class='ocrx_word' id='word_1_670' title='bbox 2411 4498 2442 4535; x_wconf 91' lang='lat' dir='ltr'><strong>a</strong></span> <span class='ocrx_word' id='word_1_671' title='bbox 2471 4481 2705 4536; x_wconf 90' lang='lat' dir='ltr'><strong>diversis</strong></span> <span class='ocrx_word' id='word_1_672' title='bbox 2749 4479 2907 4539; x_wconf 87' lang='lat' dir='ltr'><strong>multi</strong></span> <span class='ocrx_word' id='word_1_673' title='bbox 2955 4487 3219 4535; x_wconf 88' lang='lat' dir='ltr'><strong>curantur</strong></span> <span class='ocrx_word' id='word_1_674' title='bbox 3250 4480 3534 4554; x_wconf 87' lang='lat' dir='ltr'><strong>languori-</strong></span> 
     </span>
    </p>
   </div>
   <div class='ocr_carea' id='block_1_101' title="bbox 1909 4571 3535 4650">
    <p class='ocr_par' dir='ltr' id='par_1_101' title="bbox 1909 4571 3535 4650">
     <span class='ocr_line' id='line_1_101' title="bbox 1909 4571 3535 4650; baseline -0.001 -24"><span class='ocrx_word' id='word_1_675' title='bbox 1909 4571 2030 4628; x_wconf 89' lang='lat' dir='ltr'><strong>bus.</strong></span> <span class='ocrx_word' id='word_1_676' title='bbox 2062 4574 2359 4650; x_wconf 85' lang='lat' dir='ltr'><strong>Presbyter</strong></span> <span class='ocrx_word' id='word_1_677' title='bbox 2383 4571 2633 4642; x_wconf 71' lang='lat' dir='ltr'><strong>cjusdem</strong></span> <span class='ocrx_word' id='word_1_678' title='bbox 2660 4571 2789 4639; x_wconf 88' lang='lat' dir='ltr'><strong>loci,</strong></span> <span class='ocrx_word' id='word_1_679' title='bbox 2824 4572 3049 4628; x_wconf 90' lang='lat' dir='ltr'><strong>nomine</strong></span> <span class='ocrx_word' id='word_1_680' title='bbox 3074 4572 3253 4638; x_wconf 91' lang='lat' dir='ltr'><strong>Betto,</strong></span> <span class='ocrx_word' id='word_1_681' title='bbox 3272 4572 3535 4627; x_wconf 89' lang='lat' dir='ltr'><strong>balneum</strong></span> 
     </span>
    </p>
   </div>
   <div class='ocr_carea' id='block_1_102' title="bbox 1823 4641 3538 4738">
    <p class='ocr_par' dir='ltr' id='par_1_102' title="bbox 1823 4641 3538 4738">
     <span class='ocr_line' id='line_1_102' title="bbox 1823 4641 3538 4738; baseline -0.001 -20"><span class='ocrx_word' id='word_1_682' title='bbox 1823 4641 1880 4709; x_wconf 76' lang='grc' dir='ltr'><strong>Ι)</strong></span> <span class='ocrx_word' id='word_1_683' title='bbox 1903 4680 1968 4720; x_wconf 94' lang='lat' dir='ltr'><strong>ex</strong></span> <span class='ocrx_word' id='word_1_684' title='bbox 1998 4646 2175 4738; x_wconf 87' lang='lat' dir='ltr'><strong>ipsius</strong></span> <span class='ocrx_word' id='word_1_685' title='bbox 2209 4675 2398 4736; x_wconf 90' lang='lat' dir='ltr'><strong>puteo,</strong></span> <span class='ocrx_word' id='word_1_686' title='bbox 2430 4679 2597 4736; x_wconf 89' lang='lat' dir='ltr'><strong>quem</strong></span> <span class='ocrx_word' id='word_1_687' title='bbox 2649 4662 2791 4718; x_wconf 87' lang='lat' dir='ltr'><strong>infra</strong></span> <span class='ocrx_word' id='word_1_688' title='bbox 2848 4663 3141 4719; x_wconf 87' lang='lat' dir='ltr'><strong>ecclesiam</strong></span> <span class='ocrx_word' id='word_1_689' title='bbox 3169 4663 3262 4718; x_wconf 89' lang='lat' dir='ltr'><strong>hic</strong></span> <span class='ocrx_word' id='word_1_690' title='bbox 3315 4673 3538 4720; x_wconf 87' lang='lat' dir='ltr'><strong>sanctus</strong></span> 
     </span>
    </p>
   </div>
   <div class='ocr_carea' id='block_1_103' title="bbox 1913 4752 3536 4828">
    <p class='ocr_par' dir='ltr' id='par_1_103' title="bbox 1913 4752 3536 4828">
     <span class='ocr_line' id='line_1_103' title="bbox 1913 4752 3536 4828; baseline -0.003 -16"><span class='ocrx_word' id='word_1_691' title='bbox 1913 4766 2120 4828; x_wconf 87' lang='lat' dir='ltr'><strong>martyr</strong></span> <span class='ocrx_word' id='word_1_692' title='bbox 2167 4754 2412 4811; x_wconf 89' lang='lat' dir='ltr'><strong>edidisse</strong></span> <span class='ocrx_word' id='word_1_693' title='bbox 2442 4753 2699 4819; x_wconf 88' lang='lat' dir='ltr'><strong>traditur,</strong></span> <span class='ocrx_word' id='word_1_694' title='bbox 2732 4753 2841 4807; x_wconf 90' lang='lat' dir='ltr'><strong>sibi</strong></span> <span class='ocrx_word' id='word_1_695' title='bbox 2875 4752 3054 4823; x_wconf 87' lang='lat' dir='ltr'><strong>parari</strong></span> <span class='ocrx_word' id='word_1_696' title='bbox 3109 4753 3393 4824; x_wconf 73' lang='lat' dir='ltr'><strong>praecepit,</strong></span> <span class='ocrx_word' id='word_1_697' title='bbox 3426 4769 3536 4824; x_wconf 92' lang='lat' dir='ltr'><strong>quo</strong></span> 
     </span>
    </p>
   </div>
   <div class='ocr_carea' id='block_1_104' title="bbox 1912 4844 3536 4921">
    <p class='ocr_par' dir='ltr' id='par_1_104' title="bbox 1912 4844 3536 4921">
     <span class='ocr_line' id='line_1_104' title="bbox 1912 4844 3536 4921; baseline -0.004 -16"><span class='ocrx_word' id='word_1_698' title='bbox 1912 4856 2205 4921; x_wconf 87' lang='lat' dir='ltr'><strong>postquam</strong></span> <span class='ocrx_word' id='word_1_699' title='bbox 2223 4846 2446 4902; x_wconf 90' lang='lat' dir='ltr'><strong>ablutus</strong></span> <span class='ocrx_word' id='word_1_700' title='bbox 2487 4852 2571 4901; x_wconf 90' lang='lat' dir='ltr'><strong>est</strong></span> <span class='ocrx_word' id='word_1_701' title='bbox 2597 4845 2800 4900; x_wconf 89' lang='lat' dir='ltr'><strong>balneo</strong></span> <span class='ocrx_word' id='word_1_702' title='bbox 2846 4844 2927 4900; x_wconf 90' lang='lat' dir='ltr'><strong>sic</strong></span> <span class='ocrx_word' id='word_1_703' title='bbox 2970 4845 3236 4918; x_wconf 86' lang='lat' dir='ltr'><strong>elanguit,</strong></span> <span class='ocrx_word' id='word_1_704' title='bbox 3273 4853 3334 4899; x_wconf 91' lang='lat' dir='ltr'><strong>ut</strong></span> <span class='ocrx_word' id='word_1_705' title='bbox 3362 4861 3536 4916; x_wconf 88' lang='lat' dir='ltr'><strong>usque</strong></span> 
     </span>
    </p>
   </div>
   <div class='ocr_carea' id='block_1_105' title="bbox 1912 4936 3538 5013">
    <p class='ocr_par' dir='ltr' id='par_1_105' title="bbox 1912 4936 3538 5013">
     <span class='ocr_line' id='line_1_105' title="bbox 1912 4936 3538 5013; baseline -0.003 -15"><span class='ocrx_word' id='word_1_706' title='bbox 1912 4942 1980 4998; x_wconf 90' lang='lat' dir='ltr'><strong>ad</strong></span> <span class='ocrx_word' id='word_1_707' title='bbox 2003 4941 2134 4997; x_wconf 88' lang='lat' dir='ltr'><strong>anni</strong></span> <span class='ocrx_word' id='word_1_708' title='bbox 2167 4940 2463 4996; x_wconf 89' lang='lat' dir='ltr'><strong>terminum</strong></span> <span class='ocrx_word' id='word_1_709' title='bbox 2496 4946 2737 5013; x_wconf 66' lang='lat' dir='ltr'><strong>aegrotus</strong></span> <span class='ocrx_word' id='word_1_710' title='bbox 2769 4936 3034 5006; x_wconf 88' lang='lat' dir='ltr'><strong>jacuisse,</strong></span> <span class='ocrx_word' id='word_1_711' title='bbox 3068 4952 3172 4992; x_wconf 88' lang='lat' dir='ltr'><strong>nec</strong></span> <span class='ocrx_word' id='word_1_712' title='bbox 3200 4936 3382 4993; x_wconf 89' lang='lat' dir='ltr'><strong>adhuc</strong></span> <span class='ocrx_word' id='word_1_713' title='bbox 3406 4956 3538 5009; x_wconf 89' lang='lat' dir='ltr'><strong>per-</strong></span> 
     </span>
    </p>
   </div>
   <div class='ocr_carea' id='block_1_106' title="bbox 1910 5030 3536 5108">
    <p class='ocr_par' dir='ltr' id='par_1_106' title="bbox 1910 5030 3536 5108">
     <span class='ocr_line' id='line_1_106' title="bbox 1910 5030 3536 5108; baseline -0.003 -16"><span class='ocrx_word' id='word_1_714' title='bbox 1910 5036 2051 5092; x_wconf 87' lang='lat' dir='ltr'><strong>fecte</strong></span> <span class='ocrx_word' id='word_1_715' title='bbox 2091 5044 2285 5107; x_wconf 88' lang='lat' dir='ltr'><strong>postea</strong></span> <span class='ocrx_word' id='word_1_716' title='bbox 2315 5032 2622 5108; x_wconf 86' lang='lat' dir='ltr'><strong>reviguisse</strong></span> <span class='ocrx_word' id='word_1_717' title='bbox 2649 5030 2981 5087; x_wconf 90' lang='lat' dir='ltr'><strong>constiterit.</strong></span> <span class='ocrx_word' id='word_1_718' title='bbox 3016 5031 3255 5096; x_wconf 88' lang='lat' dir='ltr'><strong>Quorum</strong></span> <span class='ocrx_word' id='word_1_719' title='bbox 3309 5039 3536 5088; x_wconf 80' lang='lat' dir='ltr'><strong>sancto-</strong></span> 
     </span>
    </p>
   </div>
   <div class='ocr_carea' id='block_1_107' title="bbox 1909 5122 3531 5197">
    <p class='ocr_par' dir='ltr' id='par_1_107' title="bbox 1909 5122 3531 5197">
     <span class='ocr_line' id='line_1_107' title="bbox 1909 5122 3531 5197; baseline -0.004 -14"><span class='ocrx_word' id='word_1_720' title='bbox 1909 5144 2030 5183; x_wconf 91' lang='lat' dir='ltr'><strong>rum</strong></span> <span class='ocrx_word' id='word_1_721' title='bbox 2097 5141 2329 5197; x_wconf 88' lang='lat' dir='ltr'><strong>corpora</strong></span> <span class='ocrx_word' id='word_1_722' title='bbox 2383 5140 2497 5180; x_wconf 91' lang='lat' dir='ltr'><strong>uno</strong></span> <span class='ocrx_word' id='word_1_723' title='bbox 2556 5123 2767 5178; x_wconf 90' lang='lat' dir='ltr'><strong>dudum</strong></span> <span class='ocrx_word' id='word_1_724' title='bbox 2833 5122 3177 5192; x_wconf 86' lang='lat' dir='ltr'><strong>sarcOphago</strong></span> <span class='ocrx_word' id='word_1_725' title='bbox 3246 5123 3531 5178; x_wconf 79' lang='lat' dir='ltr'><strong>recondita</strong></span> 
     </span>
    </p>
   </div>
   <div class='ocr_carea' id='block_1_108' title="bbox 1909 5212 3537 5290">
    <p class='ocr_par' dir='ltr' id='par_1_108' title="bbox 1909 5212 3537 5290">
     <span class='ocr_line' id='line_1_108' title="bbox 1909 5212 3537 5290; baseline -0.003 -15"><span class='ocrx_word' id='word_1_726' title='bbox 1909 5227 2160 5290; x_wconf 90' lang='lat' dir='ltr'><strong>tempore</strong></span> <span class='ocrx_word' id='word_1_727' title='bbox 2189 5215 2355 5272; x_wconf 82' lang='lat' dir='ltr'><strong>Seulli</strong></span> <span class='ocrx_word' id='word_1_728' title='bbox 2388 5212 2798 5286; x_wconf 81' lang='lat' dir='ltr'><strong>archiepiscopi</strong></span> <span class='ocrx_word' id='word_1_729' title='bbox 2831 5214 3083 5268; x_wconf 86' lang='lat' dir='ltr'><strong>levantur</strong></span> <span class='ocrx_word' id='word_1_730' title='bbox 3104 5228 3135 5267; x_wconf 90' lang='lat' dir='ltr'><strong>e</strong></span> <span class='ocrx_word' id='word_1_731' title='bbox 3166 5220 3333 5281; x_wconf 88' lang='lat' dir='ltr'><strong>terra,</strong></span> <span class='ocrx_word' id='word_1_732' title='bbox 3368 5215 3537 5271; x_wconf 91' lang='lat' dir='ltr'><strong>humo</strong></span> 
     </span>
    </p>
   </div>
   <div class='ocr_carea' id='block_1_109' title="bbox 1908 5306 3536 5384">
    <p class='ocr_par' dir='ltr' id='par_1_109' title="bbox 1908 5306 3536 5384">
     <span class='ocr_line' id='line_1_109' title="bbox 1908 5306 3536 5384; baseline -0.002 -17"><span class='ocrx_word' id='word_1_733' title='bbox 1908 5311 2062 5384; x_wconf 88' lang='lat' dir='ltr'><strong>prius</strong></span> <span class='ocrx_word' id='word_1_734' title='bbox 2104 5317 2303 5382; x_wconf 89' lang='lat' dir='ltr'><strong>sponte</strong></span> <span class='ocrx_word' id='word_1_735' title='bbox 2350 5308 2646 5381; x_wconf 85' lang='lat' dir='ltr'><strong>patefacta,</strong></span> <span class='ocrx_word' id='word_1_736' title='bbox 2676 5315 2731 5362; x_wconf 92' lang='lat' dir='ltr'><strong>et</strong></span> <span class='ocrx_word' id='word_1_737' title='bbox 2772 5306 2976 5374; x_wconf 90' lang='lat' dir='ltr'><strong>loculo,</strong></span> <span class='ocrx_word' id='word_1_738' title='bbox 3023 5306 3078 5362; x_wconf 92' lang='lat' dir='ltr'><strong>in</strong></span> <span class='ocrx_word' id='word_1_739' title='bbox 3111 5322 3222 5379; x_wconf 92' lang='lat' dir='ltr'><strong>quo</strong></span> <span class='ocrx_word' id='word_1_740' title='bbox 3243 5308 3536 5377; x_wconf 89' lang='lat' dir='ltr'><strong>jacebant,</strong></span> 
     </span>
    </p>
   </div>
   <div class='ocr_carea' id='block_1_110' title="bbox 1911 5399 2908 5461">
    <p class='ocr_par' dir='ltr' id='par_1_110' title="bbox 1911 5399 2908 5461">
     <span class='ocr_line' id='line_1_110' title="bbox 1911 5399 2908 5461; baseline -0.006 -1"><span class='ocrx_word' id='word_1_741' title='bbox 1911 5404 2061 5461; x_wconf 90' lang='lat' dir='ltr'><strong>ultro</strong></span> <span class='ocrx_word' id='word_1_742' title='bbox 2085 5419 2304 5459; x_wconf 90' lang='lat' dir='ltr'><strong>sursum</strong></span> <span class='ocrx_word' id='word_1_743' title='bbox 2323 5399 2656 5457; x_wconf 84' lang='lat' dir='ltr'><strong>mirabiliter</strong></span> <span class='ocrx_word' id='word_1_744' title='bbox 2677 5400 2908 5455; x_wconf 88' lang='lat' dir='ltr'><strong>elevato.</strong></span> 
     </span>
    </p>
   </div>
   <div class='ocr_carea' id='block_1_111' title="bbox 2552 5490 2893 5547">
    <p class='ocr_par' dir='ltr' id='par_1_111' title="bbox 2552 5490 2893 5547">
     <span class='ocr_line' id='line_1_111' title="bbox 2552 5490 2893 5547; baseline 0 -1"><span class='ocrx_word' id='word_1_745' title='bbox 2552 5490 2764 5547; x_wconf 87' lang='lat' dir='ltr'><strong>CAPUT</strong></span> <span class='ocrx_word' id='word_1_746' title='bbox 2805 5491 2893 5546; x_wconf 81' lang='lat' dir='ltr'><strong>IX.</strong></span> 
     </span>
    </p>
   </div>
   <div class='ocr_carea' id='block_1_112' title="bbox 2268 5584 3180 5643">
    <p class='ocr_par' dir='ltr' id='par_1_112' title="bbox 2268 5584 3180 5643">
     <span class='ocr_line' id='line_1_112' title="bbox 2268 5584 3180 5643; baseline 0 -2"><span class='ocrx_word' id='word_1_747' title='bbox 2268 5589 2341 5641; x_wconf 79' lang='lat' dir='ltr'><strong>De</strong></span> <span class='ocrx_word' id='word_1_748' title='bbox 2355 5584 2750 5641; x_wconf 79' lang='lat' dir='ltr'><strong>successoribus</strong></span> <span class='ocrx_word' id='word_1_749' title='bbox 2780 5585 2922 5639; x_wconf 77' lang='lat' dir='ltr'><strong>beati</strong></span> <span class='ocrx_word' id='word_1_750' title='bbox 2948 5587 3180 5643; x_wconf 82' lang='lat' dir='ltr'><strong>Nicasii.</strong></span> 
     </span>
    </p>
   </div>
   <div class='ocr_carea' id='block_1_113' title="bbox 1981 5671 3533 5747">
    <p class='ocr_par' dir='ltr' id='par_1_113' title="bbox 1981 5671 3533 5747">
     <span class='ocr_line' id='line_1_113' title="bbox 1981 5671 3533 5747; baseline -0.003 -16"><span class='ocrx_word' id='word_1_751' title='bbox 1981 5676 2111 5733; x_wconf 87' lang='lat' dir='ltr'><strong>Post</strong></span> <span class='ocrx_word' id='word_1_752' title='bbox 2149 5679 2626 5747; x_wconf 79' lang='lat' dir='ltr'><strong>praememoratam</strong></span> <span class='ocrx_word' id='word_1_753' title='bbox 2681 5671 3079 5731; x_wconf 84' lang='lat' dir='ltr'><strong>Wandalorum</strong></span> <span class='ocrx_word' id='word_1_754' title='bbox 3114 5674 3533 5731; x_wconf 90' lang='lat' dir='ltr'><strong>discessionem.</strong></span> 
     </span>
    </p>
   </div>
   <div class='ocr_carea' id='block_1_114' title="bbox 1048 5844 2468 5910">
    <p class='ocr_par' dir='ltr' id='par_1_114' title="bbox 1048 5844 2468 5910">
     <span class='ocr_line' id='line_1_114' title="bbox 1048 5844 2468 5910; baseline -0.001 -15"><span class='ocrx_word' id='word_1_755' title='bbox 1048 5844 1374 5909; x_wconf 81' lang='lat' dir='ltr'><strong>Extremique</strong></span> <span class='ocrx_word' id='word_1_756' title='bbox 1396 5846 1660 5898; x_wconf 86' lang='lat' dir='ltr'><strong>hominum</strong></span> <span class='ocrx_word' id='word_1_757' title='bbox 1692 5847 1873 5899; x_wconf 81' lang='lat' dir='ltr'><strong>Morini</strong></span> <span class='ocrx_word' id='word_1_758' title='bbox 1901 5846 2203 5910; x_wconf 81' lang='lat' dir='ltr'><strong>Rhenusque</strong></span> <span class='ocrx_word' id='word_1_759' title='bbox 2234 5844 2468 5895; x_wconf 85' lang='lat' dir='ltr'><strong>bicornis.</strong></span> 
     </span>
    </p>
   </div>
   <div class='ocr_carea' id='block_1_115' title="bbox 476 5932 1139 6000">
    <p class='ocr_par' dir='ltr' id='par_1_115' title="bbox 476 5932 1139 6000">
     <span class='ocr_line' id='line_1_115' title="bbox 476 5932 1139 6000; baseline 0.002 -3"><span class='ocrx_word' id='word_1_760' title='bbox 476 5932 760 6000; x_wconf 79' lang='lat' dir='ltr'><strong>PATROL.</strong></span> <span class='ocrx_word' id='word_1_761' title='bbox 809 5933 1139 5999; x_wconf 85' lang='lat' dir='ltr'><strong>CXXXV.</strong></span> 
     </span>
    </p>
   </div>
   <div class='ocr_carea' id='block_1_116' title="bbox 3254 5933 3295 5996">
    <p class='ocr_par' dir='ltr' id='par_1_116' title="bbox 3254 5933 3295 5996">
     <span class='ocr_line' id='line_1_116' title="bbox 3254 5933 3295 5996; baseline 0 0"><span class='ocrx_word' id='word_1_762' title='bbox 3254 5933 3295 5996; x_wconf 78' lang='lat'><strong><em>2</em></strong></span> 
     </span>
    </p>
   </div>
  </div>
