3884 6404
378 463 447 518 43

1501 443 1868 500 FLODOARDI
1909 437 2214 496 CANONICI
2253 435 2582 493 REMENSIS

3663 423 3742 477 44

380 601 545 654 beato
582 591 801 650 Nicasio
833 591 1003 644 Baruc
1036 586 1152 657 [ηις.
1188 578 1489 647 Baructius]
1524 574 1825 647 episcopali
1858 574 1991 628 sede
2019 576 2071 643 Α
2096 571 2146 625 ei
2177 569 2336 638 (Psal.
2369 584 2441 632 e1,
2466 564 2681 631 20-23).
2718 582 2743 613 »
2782 561 2843 616 Et
2881 559 3031 632 quod
3063 555 3263 612 Cilinia
3316 554 3373 609 in
3401 560 3562 609 utero
3593 567 3744 608 con-

384 688 617 745 traditur
646 681 1002 743 successisse,
1035 689 1199 747 quem
1232 668 1513 732 Barucius,
1537 665 1666 720 inde
1718 662 1995 717 Barnabas

382 776 663 835 subsecuti
720 774 1007 831 feruntur;
1056 773 1168 819 tum
1225 758 1558 821 Bennadius,
1618 755 1775 823 cujus
1814 761 1994 808 tamen

386 867 698 940 Bennagius
722 876 923 917 nomen
954 858 1011 910 in
1043 858 1370 909 testamento
1410 863 1534 913 suo,
1567 842 1792 915 prOpria
1818 840 1999 911 ipsius

385 977 551 1016 manu
575 935 760 1025 “(velut
788 949 927 1006 inibi
976 946 1194 1020 legitur)
1234 939 1564 1012 perscripto,
1612 935 1887 1006 reperitur
1906 950 2000 989 ca-

386 1059 650 1110 raxatum.
685 1045 857 1113 Hujus
903 1040 1051 1095 enim
1109 1037 1227 1107 ipse
1287 1031 1599 1089 testamenti
1648 1027 1998 1091 auctoritate,

388 1158 572 1198 rerum
603 1150 825 1191 suarum
856 1128 1133 1185 haredem
1165 1125 1495 1178 Remensem
1526 1119 1661 1173 fecit
1700 1116 2000 1172 Ecclesiam

385 1248 508 1287 cum
536 1225 720 1282 fratris
755 1221 840 1276 sui
872 1218 1007 1284 filio,
1030 1230 1195 1287 quem
1218 1213 1272 1267 in
1302 1225 1459 1265 sacro
1480 1207 1653 1272 fonte,
1677 1206 1778 1261 sub
1810 1205 2001 1275 gratia

385 1318 734 1390 sempiternae
768 1307 1087 1370 traditione,
1121 1319 1178 1357 se
1235 1304 1631 1356 commemorat
1667 1294 1977 1364 suscepisse

391 1386 535 1463 Inter
554 1410 752 1460 catera
781 1413 912 1455 vero
953 1411 1050 1451 vas
1076 1397 1400 1465 argenteum
1431 1386 1499 1441 ab
1523 1394 1872 1440 antecessore
1902 1394 2001 1435 suo

384 1507 588 1556 sancta
623 1487 1025 1550 recordationis
1053 1485 1319 1555 episcOpo
1352 1478 1621 1546 Barnaba,
1637 1476 1769 1542 sibi,
1801 1480 1862 1529 ut
1887 1489 2006 1528 me-

388 1592 570 1655 minit,
620 1590 950 1642 testamento
1003 1577 1284 1642 collatum,
1334 1571 1593 1629 Ecclesia
1624 1584 1737 1624 sua
1788 1567 2009 1638 delegat

386 1680 612 1744 haredi,
646 1676 794 1749 quod
829 1673 897 1728 ad
926 1670 1104 1742 ipsius
1125 1671 1511 1723 ornamentum
1533 1660 1685 1731 (cum
1714 1656 1849 1711 illud
1878 1670 2009 1725 pro-

384 1775 534 1845 prios
565 1768 871 1825 distrahere
905 1761 1177 1834 potuisset
1207 1758 1264 1811 in
1298 1755 1450 1823 usus)
1485 1768 1544 1807 se
1589 1749 1783 1805 asserit
1831 1762 2008 1801 reser-

383 1838 557 1919 vasse.
583 1854 1114 1931 Deputatetsolidos
1154 1847 1349 1922 viginti
1370 1844 1439 1900 ad
1472 1843 1722 1913 ejusdem
1751 1838 2006 1895 Ecclesia

2096 661 2332 732 cipicns,
2356 656 2532 711 filium
2560 660 2799 726 pareret,
2851 650 3077 706 nomine
3103 646 3443 721 Remigium,
3492 644 3586 699 cui
3616 643 3742 698 sal-

2096 753 2309 809 vandus
2338 750 2480 806 foret
2510 748 2748 819 populus
2795 742 3247 800 cemmittendus.
3281 739 3375 794 Vir
3421 737 3598 810 igitur
3627 736 3744 790 iste

2096 842 2432 900 venerabilis
2478 847 2627 896 tanto
2696 843 2960 908 percepto
2998 834 3288 898 solamine,
3349 837 3476 903 post
3504 829 3744 885 tertiam

2098 934 2300 989 divina
2319 946 2487 1003 super
2516 929 2605 983 his
2637 923 3028 999 praceptionis
3057 920 3521 985 admonitionem,
3555 917 3746 973 visio-

2104 1026 2190 1079 nis
2219 1025 2474 1080 atherea
2507 1020 2726 1075 nuntiat
2755 1018 3039 1074 oraculum
3085 1014 3323 1071 Cilinia.
3371 1012 3497 1067 Hac
3545 1016 3746 1065 autem

2103 1119 2266 1173 beata
2294 1114 2535 1191 genitrix
2564 1113 2620 1166 in
2651 1111 2787 1166 ﬂore
2841 1109 3052 1164 dudum
3104 1104 3439 1175 juventutis,
3467 1119 3534 1158 ex
3566 1101 3746 1156 unico

2101 1207 2220 1262 viro
2250 1221 2351 1261 suo
2398 1201 2617 1257 1Emilio
2667 1205 2957 1272 pepererat
3003 1194 3366 1266 Principium,
3400 1194 3746 1247 Suessorum

2102 1304 2341 1360 civitatis
2370 1311 2563 1373 postea
2591 1305 2842 1353 sanctum
2875 1295 3220 1367 episcopum.
3261 1298 3317 1365 et
3339 1297 3555 1363 patrem
3584 1289 3746 1345 beati

2106 1393 2266 1464 Lupi,
2299 1389 2549 1461 ejusdem
2608 1387 2871 1458 Principii
2904 1383 3259 1440 successoris.
3310 1381 3543 1435 Miratur
3573 1380 3748 1435 beata

2108 1485 2324 1549 Cilinia,
2348 1489 2540 1553 utpote
2583 1482 2695 1549 jam
2727 1487 3004 1552 provecta,
3037 1490 3277 1547 quonam
3308 1482 3470 1544 pacto
3501 1475 3577 1529 sit
3599 1489 3750 1527 anus

2110 1573 2376 1647 paritura,
2407 1573 2491 1627 vel
2513 1571 2763 1626 sobolem
2796 1571 3080 1624 laetatura.
3106 1566 3169 1621 Et
3192 1566 3323 1637 quia
3344 1572 3455 1620 tam
3474 1564 3563 1620 vir
3595 1564 3749 1633 ejus,

2108 1682 2273 1739 quam
2307 1666 2428 1735 ipsa
2456 1663 2651 1718 diebus
2684 1663 2797 1731 jam
2836 1660 3024 1716 multis
3050 1664 3473 1731 processerant,
3508 1655 3665 1711 eﬂ‘eti
3692 1663 3750 1709 et

2109 1772 2273 1812 carne
2328 1753 2636 1820 infecundi,
2691 1768 2794 1807 nec
2850 1765 2978 1821 spes
3007 1749 3089 1805 eis
3114 1748 3347 1803 ulterius
3378 1747 3747 1819 procreandi,

2110 1863 2213 1902 nec
2237 1846 2520 1918 appetitus
2574 1845 2752 1898 inerat
2807 1842 3076 1916 pignoris.
3111 1841 3311 1895 Beatus
3364 1854 3499 1895 vero
3529 1838 3752 1894 Monta-

384 1955 814 2027 reparationem.
870 1963 995 2003 cum
1043 1942 1237 2016 agellis
1297 1947 1351 1995 ει
1417 1936 1620 2009 εγινὶες
1665 1930 2008 2004 presbyteris
2040 1913 2232 2002 Bnus,
2268 1942 2329 1990 ut
2377 1934 2589 1988 meritis
2634 1913 2973 1987 accresceret
3015 1929 3320 2001 patientia,
3361 1929 3749 2000 corporalium

382 2046 559 2117 ipsius
616 2040 867 2097 ecclesia
930 2034 1139 2090 solidos
1187 2039 1312 2086 octo
1357 2045 1370 2082 :
1424 2024 1760 2081 diaconibus
1804 2020 2009 2076 solidos

380 2113 620 2210 quatuor
648 2155 663 2199 ;
698 2134 766 2188 ad
782 2130 1029 2202 captivos
1053 2125 1262 2181 solidos
1290 2120 1489 2193 viginti
1525 2137 1539 2184 ;
1574 2113 2012 2171 subdiaconibus

380 2202 591 2283 solidos
636 2224 823 2285 duos;
880 2215 1183 2273 lectoribus
1228 2211 1468 2267 solidum
1516 2222 1686 2262 unum
1723 2223 1737 2270 ;
1768 2202 2013 2259 ostiariis

382 2330 437 2374 et
468 2315 758 2372 exorcistis
788 2311 1027 2366 solidum
1084 2321 1278 2369 unum,
1310 2297 1829 2357 sanctimonialibus
1872 2302 1926 2348 et
1957 2294 2013 2346 in

387 2410 674 2466 matricula
730 2402 927 2477 positis
956 2400 1168 2455 solidos
1197 2406 1308 2451 tres
1364 2392 1646 2447 Haredem
1697 2404 1848 2442 suam
1878 2386 2016 2440 sub-

387 2497 686 2553 inferendo
716 2494 1004 2563 alloquens
1061 2484 1373 2548 ecclesiam,
1408 2489 1468 2536 ut
1518 2480 1573 2532 in
1607 2494 1669 2531 se
1694 2477 1859 2530 ducat
1897 2490 2016 2526 esse

387 2592 737 2653 collocatum,
766 2581 1040 2657 quidquid
1074 2574 1434 2649 presbyteris,
1474 2568 1824 2628 diaconibus,
1859 2565 2021 2620 acdi-

390 2684 565 2739 versis
589 2679 915 2736 clericorum
972 2670 1198 2735 scholis,
1255 2664 1487 2736 captivis
1542 2675 1765 2731 quoque
1797 2665 1851 2711 et
1884 2673 2021 2727 pau-

391 2775 640 2847 peribus,
674 2786 774 2841 pro
834 2762 1122 2837 refrigerio
1181 2758 1265 2813 sui
1296 2757 1493 2811 fuisset
1528 2753 1584 2805 in
1616 2764 2023 2806 commemora-

391 2869 544 2924 tione
570 2865 857 2919 devotum.

1057 2921 1267 2978 CAPUT
1299 2919 1360 2973 X.

934 3022 1003 3075 De
1023 3020 1209 3073 sancto
1226 3012 1487 3078 Remigio.

468 3120 699 3177 Prafato
759 3111 1042 3182 Bennagio
1091 3104 1449 3161 beatissimus
1478 3099 1786 3155 succedens
1840 3095 2023 3151 Remi-

2111 2030 2354 2100 privatus
2384 2026 2669 2082 oculorum
2702 2025 2770 2079 ad
2811 2032 3032 2095 tempus
3077 2022 3361 2077 exstiterat
3380 2020 3617 2077 lumine.
3643 2022 3750 2087 Qui

2113 2122 2278 2178 dictis
2309 2129 2368 2176 ut
2398 2119 2564 2174 fidem
2596 2120 2818 2185 faceret,
2843 2118 3035 2174 oculos
3063 2117 3170 2171 sibi
3203 2118 3343 2173 lacte
3386 2117 3569 2188 ipsius
3594 2133 3753 2172 asse-

2116 2212 2184 2266 rit
2238 2210 2650 2282 perungendos,
2713 2223 2952 2280 moxque
3008 2207 3197 2261 lumen
3248 2206 3538 2271 amissum,
3590 2208 3754 2276 pueri

2114 2301 2219 2354 sibi
2252 2300 2368 2355 fotu
2398 2299 2799 2370 recipiendum.
2850 2296 3059 2351 Gavisis
3091 2311 3222 2368 ergo
3258 2296 3327 2349 de
3371 2302 3527 2349 tanta
3546 2310 3754 2351 conso-

2119 2394 2324 2477 latione
2356 2392 2685 2463 parentibus
2715 2390 3028 2461 concipitur
3058 2389 3275 2444 futurus
3304 2387 3515 2442 Christi.
3559 2390 3756 2459 ponti-

2120 2484 2202 2539 fex
2252 2501 2266 2548 ;
2312 2484 2469 2549 cujus
2514 2480 2951 2535 adminiculante
3017 2478 3193 2549 gratia
3244 2477 3483 2532 feliciter
3541 2478 3752 2543 editus,

2125 2593 2324 2633 nomen
2359 2590 2513 2629 sacro
2543 2572 2711 2628 sumit
2734 2590 2764 2626 e
2792 2571 2943 2626 fonte
2970 2569 3273 2645 Remigius.
3310 2569 3369 2622 In
3396 2568 3557 2637 cujus
3589 2570 3757 2623 lacta-

2125 2670 2273 2725 tione
2322 2667 2654 2739 promissum
2709 2664 2921 2736 pridem
2978 2663 3089 2718 vati
3140 2660 3426 2736 gaudium,
3479 2660 3756 2715 veraciter

2126 2758 2475 2829 adimpletur,
2506 2756 2637 2810 dum
2667 2754 2788 2821 ejus
2820 2752 2998 2807 oculis
3016 2751 3193 2806 beata
3224 2748 3584 2805 matrisillius
3615 2750 3754 2803 lacte

2126 2851 2306 2916 tactis,
2367 2848 2553 2903 lumen
2611 2846 2742 2901 olim
2803 2844 3078 2915 perditum
3111 2847 3417 2912 reparatur.
3470 2839 3637 2895 Ortus
3671 2850 3754 2894 est

2125 2950 2310 2997 autem
2361 2956 2498 3012 puer
2556 2939 2683 3006 iste,
2743 2934 3038 3008 praconiis
3084 2933 3395 2989 declaratus
3451 2939 3751 3003 antequam

2125 3039 2288 3085 natus
2316 3030 2371 3083 in
2403 3043 2545 3103 pago
2579 3024 2954 3090 Laudunensi,
2987 3023 3098 3079 alto
3130 3029 3421 3093 parentum
3453 3021 3753 3094 sanguine,

2119 3123 2232 3191 jam
2270 3131 2458 3177 tamen
2506 3136 2723 3185 senum,
2784 3116 2993 3188 diuque
3049 3115 3321 3170 sterilium
3361 3113 3753 3183 resplendens,

399 3211 547 3287 gius?
580 3201 991 3299 imbuendislad
1024 3190 1621 3299 ﬁd‘fW.Prmfu_lg-idum
2052 3282 2091 3299 η
2119 3184 2346 3292 insigne
2384 3212 2711 3269 miriﬁcatus
2752 3210 2809 3265 in
2841 3184 2986 3277 ortu,
3020 3209 3116 3281 qui
3152 3205 3452 3281 magniﬁce
3483 3206 3754 3277 dispone-

399 3320 526 3359 men
556 3299 837 3374 ἓθηίὼυδ-
894 3296 1065 3359 Quem
1106 3288 1298 3345 (“Vina
1356 3285 1558 3356 pictas“
1604 3288 1664 3337 ut
1694 3280 2024 3374 Formmws
2047 3282 2094 3347 (ἶ
2122 3280 2288 3362 ὺῖιῑιῖιο
2316 3305 2696 3360 mirificandus
2726 3303 2782 3356 in
2811 3309 2954 3357 actu.
3000 3280 3209 3354 Nemen
3254 3280 3329 3352 illi
3365 3296 3535 3373 digne
3568 3296 3755 3351 divina

396 3372 618 3468 quoque
650 3400 812 3463 poeta
841 3393 1028 3442 noster
1059 3379 1254 3437 asserit
1286 3378 1463 3449 (initio
1501 3377 1637 3431 Vita
1660 3374 1716 3429 S.
1746 3372 2020 3438 Remigii),

400 3467 511 3543 non
534 3487 711 3541 solum
744 3477 1066 3552 priusquam
1119 3477 1460 3534 nasceretur,
1487 3467 1586 3521 sed
1618 3472 1673 3521 et
1726 3471 2022 3534 antequam

398 3580 807 3649 conciperetur,
835 3570 1038 3643 elegit;
1072 3568 1129 3620 in
1156 3559 1768 3624 tantum,‘utMontanus
1798 3555 2024 3627 quidam

401 3647 725 3735 monachus,
756 3667 885 3721 dum
924 3659 1205 3717 levissimo
1253 3669 1456 3725 sopore
1487 3651 1821 3722 quiesceret,
1864 3647 2027 3701 tertio

400 3766 596 3821 fuisset
629 3763 764 3834 [012,
796 3756 977 3826 fuerit]
1038 3749 1423 3807 admonitione
1466 3743 1738 3815 pulsatus,
1775 3748 1834 3814 ut
1864 3738 2024 3797 matri

400 3876 513 3913 sua
538 3854 849 3911 benedicta
880 3847 1114 3909 Cilinia,
1139 3841 1289 3915 quod
1338 3837 1643 3893 masculum
1694 3840 2030 3904 eonceptura

402 3957 570 4017 esset,
596 3945 841 4004 veridica
876 3939 1147 3997 relatione
1194 3932 1542 4006 pradiceret,
1576 3935 1631 3983 et
1671 3943 1875 3987 nomen
1911 3925 2031 3994 ejus

402 4043 487 4097 vel
530 4015 789 4094 meritum
842 4031 1183 4104 designaret.
1244 4022 1339 4077 Hic
1387 4021 1577 4091 itaque
1634 4017 1924 4071 Montanus
1974 4015 2029 4068 in

404 4132 717 4190 reclusione
755 4123 1060 4182 solitariam
1089 4118 1257 4174 vitam
1285 4114 1514 4175 ducens,
1550 4109 1802 4179 jejuniis,
1826 4105 2033 4179 vigiliis

403 4235 458 4282 et
486 4220 834 4281 orationibus
889 4212 1110 4270 assidue
1157 4222 1377 4271 vacans,
1442 4210 1764 4258 caterarum
1809 4213 2030 4269 quoque

403 4317 665 4372 virtutum
713 4302 1031 4381 insignibus
1085 4295 1361 4354 divinitati
1419 4309 1478 4348 se
1528 4287 2030 4347 commendabilem

405 4405 667 4468 reddens,
724 4378 855 4453 dum
903 4405 1200 4464 supernam
1265 4383 1462 4446 Christi
1521 4378 1873 4437 clementiam
1933 4390 2031 4447 pro

406 4509 541 4566 pace
560 4465 765 4547 sancta
797 4484 974 4557 ipsius
997 4477 1274 4544 Ecclesia,
1309 4489 1431 4547 qua
1458 4470 1623 4528 variis
1652 4468 1799 4540 apud
1830 4465 2048 4521 Galliam

406 4555 530 4640 eum
574 4555 891 4652 provincias
948 4568 1249 4626 vexabatur
1276 4561 1700 4626 afﬂictionibus,
1733 4555 2029 4613 indefessis
2054 4561 2110 4629 ι)

410 4648 672 4744 precibus
724 4669 977 4721 exoraret
1011 4678 1025 4725 ;
1058 4658 1156 4713 ubi
1199 4654 1439 4727 quadam
1466 4659 1630 4707 nocte
1659 4648 1841 4704 carnis
1868 4660 2027 4701 com-

413 4737 652 4836 pellente
683 4755 1000 4829 fragilitate,
1027 4748 1279 4806 membra
1302 4743 1572 4817 permittit
1602 4738 1811 4811 sopori.
1846 4737 2035 4808 quiete

410 4826 738 4925 reparanda,
770 4826 1067 4921 angelicis
1123 4838 1309 4895 subito
1367 4850 1466 4905 per
1519 4830 1764 4914 divinam
1795 4826 2029 4893 gratiam

411 4914 613 4999 chloris.
646 4914 1074 5003 sanctarumque
1123 4925 1232 4982 sibi
1260 4921 1480 4979 videtur
1537 4919 1847 4974 animarum
1879 4914 2033 4970 coeti-

412 5036 520 5089 bus
542 5033 835 5093 interesse,
868 5021 1289 5083 celeberrimum
1347 5028 1570 5087 quoque
1610 5009 1832 5065 haurire
1863 5007 2038 5062 collo-

414 5124 630 5196 quium,
662 5131 869 5187 eosque
902 5114 972 5168 de
1019 5109 1311 5165 Gallicana
1342 5101 1661 5172 dejectione
1691 5098 1777 5152 vel
1825 5096 2039 5151 restitu-

418 5190 567 5266 tione
591 5204 849 5262 Ecclesia
877 5199 1251 5264 conferentes,
1279 5202 1334 5249 et
1356 5192 1487 5264 quia
1508 5190 1621 5260 jam
1653 5195 1872 5258 tempus
1895 5191 2041 5240 esset

417 5294 719 5354 miserendi
742 5293 881 5359 ejus,
907 5295 1322 5360 percensentes,
1347 5281 1568 5337 audire.
1605 5279 1819 5333 Interea
1850 5290 2040 5330 vocem

416 5410 447 5446 a
476 5378 865 5459 sup'erioribus
905 5391 1069 5451 atque
1114 5371 1511 5432 secretioribus
1538 5366 1863 5424 suavissime
1895 5364 2045 5418 into-

416 5456 643 5533 nantem
671 5470 904 5539 excipit:
941 5493 965 5515 ‹‹
997 5467 1151 5532 Quod
1205 5463 1470 5520 Dominus
1500 5461 1566 5514 de
1607 5456 1825 5511 excelso
1854 5461 2043 5508 sancto

417 5587 520 5625 suo
553 5562 857 5638 prospexit,
890 5562 959 5616 de
990 5559 1129 5615 calo
1161 5559 1215 5613 in
1237 5564 1438 5612 terram
1471 5550 1705 5622 aspexit,
1737 5556 1795 5601 ut
1827 5546 2045 5600 audiret

418 5657 661 5732 gemitus
680 5648 1143 5720 eompeditorum,
1172 5657 1231 5701 ut
1270 5644 1508 5699 solveret
1529 5638 2047 5705 ﬁliosinterempto-

424 5764 566 5812 rum,
628 5751 687 5797 ut
717 5740 1072 5796 annuntietur
1132 5752 1335 5805 nomen
1388 5734 1508 5802 ejus
1564 5732 1619 5784 in
1676 5727 1956 5803 gentibus,
1990 5725 2044 5778 in

423 5830 808 5891 conveniendo
850 5825 1086 5899 populos
1132 5825 1188 5878 in
1233 5838 1404 5878 unum
1437 5828 1491 5876 et
1519 5834 1699 5892 reges,
1723 5824 1783 5871 ut
1802 5813 2046 5870 serviant

2124 3400 2430 3472 imponitur
2459 3398 2712 3468 jussione
2742 3395 3046 3470 Remigius,
3099 3400 3293 3464 utpote
3323 3391 3420 3463 qui
3452 3389 3753 3445 Ecclesiam

2125 3493 2244 3559 Dei,
2271 3492 2700 3564 specialiterque
2756 3489 3078 3555 Remorum,
3139 3485 3197 3538 in
3237 3484 3401 3552 hujus
3434 3481 3755 3537 ﬂuctuantis

2124 3586 2250 3640 vita
2271 3586 2388 3641 salo
2412 3585 2579 3640 remis
2607 3590 2725 3638 erat
2750 3580 3016 3637 doctrina
3049 3588 3322 3642 recturus,
3357 3585 3412 3631 et
3431 3575 3499 3630 ad
3534 3582 3751 3645 portum

2127 3674 2322 3728 salutis
2352 3682 2595 3737 aterna,
2629 3670 2841 3740 meritis
2887 3676 2940 3725 et
2970 3665 3316 3723 orationibus
3361 3664 3752 3735 perducturus.

2132 3768 2458 3823 Remedium
2490 3774 2674 3821 tamen
2706 3780 2831 3819 eum
2863 3762 3033 3818 fuisse
3091 3766 3342 3817 vocatum
3376 3758 3433 3811 in
3471 3756 3757 3812 veteribus

2131 3857 2468 3930 quibusdam
2501 3855 2778 3925 reperitur
2826 3851 3068 3922 scriptis.
3116 3847 3271 3913 Quod
3312 3856 3367 3901 et
3418 3845 3622 3901 merita
3675 3846 3755 3900 vel

2133 3956 2252 4004 acta
2282 3948 2460 4018 ipsius
2491 3943 2864 4007 attendentes,
2899 3941 3000 3996 rite
3037 3938 3411 3999 crederemus,
3457 3934 3568 3988 nisi
3593 3933 3757 4009 gestis

2106 4034 2625 4100 ‘emendatioribus,
2684 4031 2907 4087 oraculo
2957 4029 3111 4083 illum
3174 4024 3388 4089 divino,
3442 4022 3753 4098 Remigium

2136 4128 2442 4200 nuncupari
2461 4126 2668 4182 debere
2704 4134 3185 4198 cognosceremus.
3216 4118 3276 4171 ln
3305 4115 3568 4173 versibus
3597 4115 3756 4170 etiam

2133 4222 2207 4277 ab
2238 4237 2305 4277 eo
2322 4218 2664 4290 compositis,
2699 4222 2752 4271 et
2784 4215 2905 4283 ejus
2954 4219 3233 4284 pracepto
3267 4208 3324 4263 in
3351 4224 3479 4263 vase
3520 4207 3756 4279 quodam

2136 4332 2233 4385 per
2261 4312 2518 4369 eumdem
2546 4311 2660 4365 Deo
2714 4308 2897 4364 dicato
2957 4304 3206 4376 sculptis,
3269 4303 3345 4358 ita
3376 4303 3581 4357 lectum
3612 4315 3761 4356 asse-

2135 4404 2272 4460 ritur
2303 4421 2315 4457 :

2196 4489 2407 4540 Hauriat
2427 4488 2541 4538 hinc
2570 4486 2782 4552 populus
2801 4485 2960 4552 vitam
2981 4483 3043 4532 de
3067 4480 3308 4552 sanguine
3330 4492 3485 4537 sacro,

2199 4553 2381 4615 lniccto
2398 4542 2618 4615 aeternus
2634 4542 2782 4615 quem
2797 4548 2937 4615 fudit
2956 4542 3407 4615 vulnere’Chri‘stus
3440 4555 3450 4587 :

2200 4604 2452 4678 Remigius
2482 4604 2879 4663 reddit'Domino
2900 4624 2991 4658 sua
3010 4615 3126 4658 vota
3146 4604 3384 4655 sacerdos.
3404 4673 3415 4685 Χ

2208 4720 2362 4787 Quod
2385 4736 2479 4775 vas
2505 4733 2681 4790 usque
2735 4716 2804 4771 ad
2844 4713 3113 4770 moderna
3140 4718 3393 4780 tempora
3422 4704 3756 4778 perduravit,

2137 4816 2317 4871 donec
2348 4814 2551 4877 fusum,
2586 4807 2954 4866 Nordmannis
2983 4804 3196 4859 dudum
3229 4801 3287 4855 in
3326 4796 3758 4868 redemptionem

2134 4905 2322 4959 datum
2353 4910 2436 4957 est
2464 4899 2926 4955 Christianorum.
2983 4892 3156 4961 Hujus
3188 4887 3497 4963 beatissimi
3530 4884 3759 4956 Remigii

2140 4994 2325 5050 nutrix
2380 4992 2549 5045 beata
2578 4984 2850 5041 Balsamia
2908 4983 3079 5038 fuisse
3132 4980 3392 5045 traditur,
3432 4991 3556 5048 qua
3594 4981 3762 5031 mater

2140 5085 2414 5140 exstitisse
2465 5078 2639 5135 sancti
2694 5074 2897 5131 Celsini
2951 5076 3338 5135 memoratur;
3387 5067 3482 5139 qui
3539 5074 3595 5122 et
3649 5066 3760 5136 ipse

2143 5180 2293 5236 beati
2327 5172 2563 5246 Remigii
2593 5167 2899 5240 discipulus
2953 5165 3129 5220 fuisse
3164 5161 3456 5219 familiaris
3485 5159 3756 5220 asseritur,

2147 5268 2426 5325 miraculis
2450 5277 2672 5336 quoque
2727 5258 3081 5332 postmodum
3112 5253 3377 5311 claruisse
3404 5250 3757 5326 dignoscitur,

2147 5371 2200 5417 et
2228 5372 2515 5431 aquorum
2541 5354 2779 5408 maxime
2798 5351 2943 5407 votis
2984 5348 3167 5403 adhuc
3198 5344 3439 5419 insignis
3491 5341 3720 5397 habetur
3746 5358 3757 5392 :

2147 5455 2203 5508 in
2235 5452 2394 5521 cujus
2446 5455 2502 5503 et
2531 5448 2651 5518 ipsa
2679 5445 2842 5501 beata
2903 5439 3139 5517 genitrix
3193 5437 3445 5507 ejusdem
3475 5432 3762 5506 requiescit

2152 5544 2406 5600 ecclesia.
2436 5540 2690 5596 Traditus
2709 5555 2740 5592 a
2761 5534 3090 5608 parentibus
3119 5532 3323 5588 schola
3368 5530 3567 5586 beatus
3591 5525 3760 5581 Remi-

2146 5634 2270 5707 gius
2300 5630 2501 5685 litteris
2556 5626 2914 5687 imbuendus,
2976 5620 3133 5675 brevi
3184 5619 3409 5685 coavis,
3441 5616 3541 5671 sed
3572 5624 3626 5669 et
3643 5621 3759 5669 natu

2147 5704 2448 5789 majoribus
2498 5715 2749 5773 doctrina
2778 5711 3118 5769 eminentior
3151 5716 3236 5765 est
3261 5706 3511 5763 effectus.
3542 5704 3761 5760 Cunctos

2145 5824 2415 5881 superans
2440 5802 2878 5876 condiscipulos,
2903 5796 3119 5857 morum
3161 5797 3476 5854 maturitate
3507 5810 3570 5850 ac
3599 5791 3760 5848 bene—
