3884 6410
158 456 241 513 45

846 456 1174 513 HIS'I‘ORl/E
1215 458 1545 514 ECCLESI/E
1582 458 1910 513 REMENSIS
1952 457 2126 512 LIBRI
2169 457 2493 521 QUATUOR.
2522 488 2594 496 —
2633 458 2757 512 LIB.
2800 459 2839 512 l.
3450 463 3519 517 46

162 585 437 641 volentia
458 586 747 651 charitate,
774 586 1104 657 pepulorum
1135 589 1366 643 studens
1389 589 1579 643 turbas
1599 589 1795 655 vitare,
1829 602 1872 659 Α
1902 603 2053 648 cura.
2102 588 2208 642 nisi
2239 595 2332 641 aut
2361 588 2429 641 de
2468 590 2579 643 Deo
2629 587 2684 641 in
2734 588 2996 654 lectione,
3046 600 3213 660 atque
3240 604 3519 657 sermone,

163 685 343 748 atque
375 677 660 733 solitarius
680 678 736 732 in
762 678 1074 734 reclusione
1097 679 1329 735 Domino
1343 680 1800 752 deservire,quod

166 773 230 819 et
259 765 526 832 obtinuit,
560 766 881 837 liabitaque,
904 777 1109 823 sancta
1129 769 1571 826 conversationis
1601 770 1803 825 studiis

168 851 515 908 adolescens
546 854 688 924 pius,
710 854 1041 918 inclusione.
1074 857 1326 915 Lauduni
1349 858 1564 913 Christo
1594 858 1800 913 milita-

170 939 275 994 vit.

827 1036 1034 1091 CAPUT
1071 1038 1135 1092 XI

250 1130 329 1182 De
355 1128 703 1185 ordinatione
726 1133 901 1200 ipsius
929 1134 1379 1204 adepiscopatam
1401 1137 1727 1193 Remensem.

253 1218 349 1271 Ast
381 1218 476 1272 ubi
497 1218 822 1275 vicesimum
862 1222 1168 1276 secundum
1224 1224 1403 1279 atatis
1462 1225 1639 1280 subiit
1696 1242 1800 1281 an-

177 1324 343 1375 num,
376 1309 646 1366 defuncto
676 1312 904 1383 prafato
954 1315 1261 1370 venerabili
1296 1317 1580 1373 Bennadio
1617 1319 1804 1372 archi-

177 1401 474 1472 episcOpo,
511 1402 566 1456 in
593 1403 697 1475 hac
714 1404 852 1460 urbe
882 1407 1162 1475 Remensi,
1194 1408 1442 1463 omnium
1470 1409 1809 1482 generaliter

180 1492 332 1548 votis
359 1495 429 1549 ad
447 1496 664 1565 apicem
698 1496 1055 1568 pontiﬁcatus
1087 1514 1197 1553 non
1246 1507 1353 1555 tam
1385 1502 1612 1567 electus,
1642 1520 1807 1574 quam

181 1591 383 1653 raptus
415 1584 585 1640 fuisse
617 1587 987 1661 dignoscitur.
1023 1588 1106 1643 Fit
1145 1589 1421 1660 siquidem
1455 1593 1647 1662 populi
1676 1609 1811 1648 con-

179 1687 406 1733 cursus,
433 1672 638 1728 diversi
658 1675 885 1745 quidem
923 1692 1109 1742 sexus,
1135 1678 1493 1748 conditionis,
1524 1681 1814 1755 dignitatis

182 1770 243 1816 et
269 1764 470 1829 atatis,
493 1781 603 1820 una
636 1766 947 1839 eademque
973 1771 1269 1835 sententia,
1331 1772 1481 1828 hunc
1526 1790 1653 1830 vere
1701 1776 1812 1831 Deo

184 1848 447 1923 dignum,
466 1858 521 1906 et
540 1852 636 1924 qui
664 1855 887 1926 populis
920 1856 1125 1926 pratici
1149 1859 1403 1926 deberet,
1435 1863 1806 1920 acclamantis.

182 1941 584 1999 Sanctissimae
615 1945 783 2017 igitur
831 1947 1155 2004 adolescens
1184 1951 1271 2004 his
1300 1952 1596 2022 depressus
1625 1972 1807 2030 angu-
1835 1910 1890 1980 B

183 2034 334 2098 stiis,
368 2036 630 2105 quoniam
659 2053 765 2093 nec
794 2038 937 2113 fuga
986 2042 1140 2096 locus
1189 2044 1239 2098 ei
1286 2044 1503 2115 uspiam
1563 2048 1811 2118 patebat,

186 2137 296 2176 nec
324 2124 531 2194 papulo
562 2132 622 2180 ut
648 2126 717 2180 ab
759 2127 1069 2184 intentione
1121 2137 1303 2201 capta
1357 2133 1669 2201 desisteret,
1702 2135 1814 2191 ullo

188 2214 360 2269 modo
421 2216 739 2273 satisfacere
787 2226 1048 2288 poterat,
1118 2237 1287 2293 super
1360 2225 1538 2280 atatis
1583 2225 1815 2282 inﬁrma

190 2305 367 2376 capit
392 2310 661 2379 conqueri
676 2318 946 2381 tempore,
969 2323 1025 2368 et
1045 2316 1195 2384 quod
1219 2304 1599 2373 ecclesiastica
1626 2320 1817 2392 regula

189 2399 342 2454 hanc
371 2407 591 2455 atatem
624 2404 691 2457 ad
715 2412 921 2460 tantam
953 2422 1063 2462 non
1093 2407 1411 2464 admitteret
1465 2410 1815 2484 dignitatem,

186 2507 329 2547 voce
361 2494 586 2563 publica
614 2497 933 2566 praedicare.
964 2500 1071 2554 Sed
1102 2516 1226 2556 cum
1254 2501 1696 2559 irrevocabiliter
1717 2521 1819 2575 po—

186 2579 310 2650 puli
337 2582 666 2639 acclamaret
695 2584 1029 2657 frequentia,
1061 2596 1118 2644 et
1137 2590 1222 2643 vir
1254 2590 1348 2644 Dei
1371 2608 1570 2663 magna
1602 2594 1816 2648 retine-

187 2680 349 2727 retur
406 2677 740 2745 constantia,
789 2678 994 2748 placuit
1064 2682 1434 2752 omnipotenti
1496 2685 1606 2739 Deo
1635 2685 1821 2739 mani-

189 2760 515 2819 festissimis
553 2763 779 2821 indiciis
819 2768 1129 2839 propalare,
1156 2771 1306 2841 quod
1338 2770 1457 2841 ipse
1484 2772 1554 2825 de
1584 2788 1649 2827 eo
1665 2773 1819 2841 judi-

190 2849 342 2904 cium
405 2852 740 2926 dignabatur
792 2855 1023 2911 habere.
1066 2857 1319 2912 Traditur
1374 2860 1520 2914 enim
1577 2862 1823 2918 calestis

197 2943 339 2997 radii
377 2944 564 3000 lumen
594 2963 768 3019 super
790 2948 966 3019 ipsius
985 2957 1237 3005 sanctum
1258 2951 1445 3008 subito
1460 2952 1822 3010 descendisse

194 3032 488 3098 verticem,
522 3044 575 3090 et
608 3052 732 3091 cum
764 3037 883 3109 ipso
914 3038 1122 3094 lumine
1180 3040 1400 3095 calitus
1430 3042 1551 3110 ejus
1582 3042 1823 3098 infusum

195 3129 369 3199 capiti
398 3130 664 3203 unguinis
692 3131 865 3186 divini
892 3131 1187 3203 liquorem,
1211 3134 1524 3201 cujussacri
1560 3138 1823 3203 nectaris,

197 3219 457 3287 ejusdem
490 3229 667 3274 totum
699 3221 982 3276 videretur
1001 3230 1168 3292 caput
1196 3222 1474 3280 inlusione
1488 3226 1799 3282 delibutum

195 3309 359 3364 Omni
383 3325 515 3384 ergo
544 3311 863 3380 posthabita
930 3312 1300 3382 dubitatione,
1360 3320 1656 3387 prasulum
1714 3319 1826 3375 Re-

195 3403 412 3457 mensis
434 3402 802 3459 unanimitate
844 3406 1167 3476 provincia,
1205 3406 1827 3478 pontificaliconsecra—

203 3502 296 3549 tur
351 3494 768 3552 benedictione.
819 3499 895 3551 Ad
954 3500 1102 3570 quod
1133 3499 1379 3556 ofﬁcium
1437 3500 1669 3557 miriﬁce
1702 3519 1825 3558 mox

198 3583 436 3639 devotus
466 3594 523 3639 et
541 3585 865 3656 aptissimus
885 3589 1143 3658 apparuit
1159 3591 1576 3661 exsequendum
1602 3609 1616 3657 ;
1642 3591 1827 3667 largus

201 3675 261 3729 in
292 3675 691 3747 eleemosynis,
725 3678 954 3734 sedulus
981 3680 1034 3735 in
1058 3679 1285 3753 vigiliis,
1319 3689 1562 3738 attentus
1615 3684 1675 3738 in
1703 3700 1826 3738 ora-

202 3769 476 3833 tionibus,
514 3770 569 3825 in
612 3772 958 3827 humanitate
985 3773 1266 3844 profusus,
1299 3775 1354 3829 in
1395 3775 1662 3831 charitatc
1702 3792 1829 3846 per-

202 3857 403 3924 fectus,
466 3858 522 3913 in
578 3860 831 3916 doctrina
893 3862 1236 3934 pracipuus,
1296 3864 1352 3918 in
1406 3865 1841 3931 conversatione“

202 3951 614 4007 sanctissimus.
670 3953 870 4009 Mentis
928 3955 1236 4026 purissima
1270 3959 1691 4027 sinceritatem,
1750 3962 1825 4032 pii

202 4041 393 4096 vultus
470 4040 803 4112 praferebat
884 4045 1212 4115 alacritate,
1294 4050 1829 4122 clementissimique

201 4128 394 4185 cordis
449 4128 853 4203 benignitatem
882 4135 1156 4189 sermonis
1188 4136 1472 4192 indicabat
1504 4139 1827 4210 tranquilli-

207 4228 342 4278 tate.
363 4221 567 4278 Salutis
587 4231 810 4280 aterna
831 4225 1022 4281 munia
1043 4243 1152 4283 non
1175 4228 1356 4285 minus
1379 4231 1617 4301 implens
1638 4246 1827 4303 Opere,

206 4328 381 4384 quam
410 4313 655 4369 edocens
695 4315 1090 4385 praedicatione
1124 4336 1139 4384 ;
1197 4321 1534 4376 reverendus
1581 4331 1829 4393 aspectu,

208 4406 567 4462 venerandus
595 4406 853 4475 incessu,
897 4410 1232 4466 metuendus
1267 4413 1585 4481 severitate,
1619 4414 1835 4484 ample-

205 4498 451 4554 ctendus
475 4496 843 4573 benignitate,
891 4516 1183 4556 censuram
1242 4503 1606 4560 districtionis
1627 4506 1838 4576 permi-

205 4590 395 4646 stione
433 4591 780 4662 temperabat
830 4594 1297 4651 mansuetudinis.
1360 4597 1550 4655 Minari
1611 4598 1835 4669 quidem

208 4679 414 4735 frontis
439 4646 734 4737 videbatur
761 4682 1078 4752 austeritas,
1101 4685 1198 4738 sed
1239 4685 1423 4741 cordis
1444 4646 1839 4744 blandiebatur
1867 4646 1897 4714 ί

206 4768 527 4835 serenitas;
560 4779 768 4843 uterga
793 4770 1027 4827 devotos
1048 4772 1239 4828 Petrus
1270 4783 1565 4846 appareret
1593 4775 1649 4831 in
1682 4780 1835 4832 vultu

210 4870 411 4915 contra
440 4859 834 4931 delinquentes
897 4861 1096 4916 Paulus
1154 4862 1436 4919 videretur
1472 4865 1529 4919 in
1587 4865 1786 4937 spiritu
1822 4908 1835 4932 ,

209 4953 407 5025 sicque
436 4951 741 5027 gratiarum
771 4953 1092 5011 diversitate
1132 4954 1189 5010 in
1247 4972 1417 5011 unum
1446 4959 1837 5022 conveniente,

214 5044 368 5099 illius
410 5043 653 5116 pietatis.
691 5045 856 5114 hujus
886 5053 1005 5102 erat
1034 5046 1282 5103 imitator
1335 5052 1698 5118 auctoritatis,
1742 5068 1842 5107 ne-

213 5138 432 5211 glector
452 5135 679 5208 quietis,
720 5137 913 5212 refuga
942 5139 1266 5210 voluptatis,
1301 5141 1581 5212 appetitor
1610 5144 1838 5211 laboris,

216 5228 442 5298 patiens
498 5225 848 5297 abjectionis,
905 5227 1203 5299 impatiens
1234 5229 1483 5300 honoris,
1527 5249 1741 5305 pauper
1787 5234 1842 5288 in

216 5320 481 5392 pecunia,
517 5319 674 5375 dives
704 5320 761 5375 in"
810 5323 1175 5397 conscientia,
1219 5324 1446 5380 humilis
1502 5326 1570 5381 ad
1628 5327 1842 5395 merita,

216 5412 504 5485 superbus
525 5412 593 5466 ad
626 5413 779 5468 vitia.
815 5414 953 5470 Etut
973 5424 1102 5473 ante
1126 5432 1227 5473 nos
1241 5418 1311 5472 de
1343 5417 1464 5489 ipso
1486 5419 1844 5490 praedicatum

215 5503 426 5578 legitur
457 5501 874 5573 (Hmcuaausin
906 5503 1034 5559 libr.
1073 5508 1149 5560 De
1186 5508 1313 5560 Vita
1340 5508 1561 5576 ipsius),
1590 5507 1671 5563 sic
1705 5509 1760 5563 in
1785 5526 1847 5564 se

215 5592 466 5649 diversas
488 5590 734 5647 excoluit
762 5592 1066 5667 gratiarum
1090 5595 1346 5662 virtutes,
1371 5605 1432 5650 ut
1476 5597 1565 5651 vix
1588 5598 1663 5651 ita
1689 5599 1848 5667 pauci

213 5688 479 5740 tenerent
505 5681 779 5753 singulas,
800 5683 1081 5755 quomodo
1111 5683 1205 5739 ille
1237 5683 1489 5755 implevit
1542 5686 1847 5743 universas.

210 5776 456 5848 Semper
484 5773 547 5828 in
576 5773 755 5829 sancti
780 5774 972 5846 Operis
996 5775 1283 5844 exercitio,
1344 5792 1567 5848 semper
1607 5777 1661 5831 in
1691 5794 1850 5835 com-

213 5865 552 5942 punctionis
610 5864 830 5934 aﬁectu,
849 5868 1003 5925 nulla
1024 5868 1106 5925 illi
1135 5886 1203 5925 ex
1231 5869 1496 5926 omnibus
1522 5871 1857 5940 pr0pensior

1903 687 1996 735 aut
2066 696 2189 734 cum
2269 682 2379 734 Deo
2458 680 2514 734 in
2588 682 2840 736 oratione
2900 681 3101 753 loqui;
3159 681 3350 753 sicque
3424 692 3515 738 at-

1904 776 2130 825 tenuato
2161 769 2497 824 continuatis
2509 770 2740 838 jejuniis
2771 786 3026 841 corpore,
3060 771 3129 825 de
3163 779 3520 843 persecutore

1904 858 2152 914 certabat
2182 857 2430 924 inimico,
2458 858 2579 930 jugi
2631 858 2972 929 triumphare
3030 864 3319 931 martyrio.
3376 862 3524 915 Inter

1908 951 2026 1005 hac
2060 958 2241 1004 tamen
2271 949 2457 1005 omnia
2498 949 2825 1005 intendebat
2880 950 2964 1007 vir
3025 951 3406 1019 beatissimus,
3465 961 3524 1006 ut

1907 1037 2074 1093 etiam
2101 1037 2172 1091 ab
2197 1037 2323 1091 aliis
2345 1037 2415 1092 de
2440 1038 2565 1109 ipso
2582 1039 2911 1107 jamdudum
2934 1040 3295 1110 pradicatum
3324 1040 3527 1115 legitur

1908 1130 2246 1198 (HINCMARUS
2270 1131 2406 1185 ibid.
2439 1139 2494 1185 et
2524 1130 2895 1199 Foa'rusnus)
2927 1150 2940 1186 :
2991 1132 3318 1187 Jactantiam
3350 1132 3527 1188 virtu-

1908 1231 2021 1279 tum
2043 1223 2259 1297 fugere,
2294 1223 2349 1277 in
2376 1239 2490 1294 quo
2519 1239 2629 1280 non
2667 1232 2882 1295 poterat
2930 1225 3107 1298 gratia
3152 1225 3301 1279 celsa
3333 1225 3523 1280 latere.

1908 1313 2313 1368 Praeminebat
2336 1313 2486 1368 enim
2518 1315 2586 1369 ad
2611 1314 3035 1370 admirationem
3059 1314 3327 1381 omnium,
3358 1315 3526 1371 veluti

1908 1406 2106 1462 civitas
2131 1421 2301 1476 supra
2333 1407 2539 1461 montis
2579 1407 2841 1463 verticem
2875 1407 2980 1462 sita
3012 1425 3024 1461 :
3059 1423 3162 1463 nec
3191 1408 3294 1464 sub
3342 1408 3530 1464 modio

1910 1497 2083 1553 voluit
2139 1496 2404 1552 Dominus
2431 1498 2574 1553 hanc
2599 1498 2781 1554 occuli
2820 1499 3130 1567 lucernam,
3163 1515 3328 1572 quam
3362 1516 3530 1571 supra

1911 1586 2230 1642 candelabri
2308 1587 2675 1643 constituerat
2752 1588 3114 1644 eminentiam
3183 1592 3383 1661 (Matth
3474 1606 3524 1644 v.

1913 1680 2121 1747 14-15),
2147 1679 2276 1751 igne
2306 1679 2511 1734 divina
2532 1680 2783 1736 tribuens
2830 1697 2951 1736 eam
3001 1682 3287 1737 charitatis
3313 1682 3529 1751 ardere,

1912 1768 2171 1839 claraque
2187 1768 2606 1839 splendidarum
2622 1770 2884 1827 Ecclesia
2900 1787 3014 1827 sua
3034 1772 3297 1828 virtutum
3323 1771 3533 1826 lumina

1915 1858 2253 1913 ministrare.

2153 1946 2162 1955 ’
2546 1948 2755 2005 CAPUT
2784 1950 2901 2005 XII.

1915 2043 1990 2094 De
2018 2040 2249 2095 diversis
2277 2041 2347 2095 ab
2374 2056 2432 2095 eo
2466 2045 2708 2110 patratis
2736 2041 3043 2109 miraculis,
3097 2044 3147 2095 et
3193 2039 3259 2095 de
3285 2038 3535 2093 doctrina

2606 2136 2803 2203 ipsius.

1991 2223 2068 2277 Ad
2100 2225 2260 2293 cujus
2284 2224 2612 2291 sanctitatis,
2638 2239 2750 2278 non
2783 2221 3181 2284 innocentiam,
3205 2235 3317 2275 non
3350 2221 3530 2276 solum

1922 2313 2332 2369 rationabilium
2373 2356 2387 2381 ,
2445 2313 2543 2368 sed
2626 2314 2793 2369 etiam
2863 2311 3329 2367 irrationabilium
3399 2326 3535 2366 con-

1919 2404 2233 2477 sueverant]
2294 2405 2537 2476 agrestia
2589 2406 2756 2462 corda
2821 2420 3235 2469 mansuescere,
3282 2404 3422 2459 adeo
3480 2410 3540 2458 ut

1921 2497 2050 2552 dum
2101 2497 2246 2552 inter
2297 2496 2633 2553 domesticos
2694 2497 2965 2553 secretius
3035 2513 3160 2551 cum
3218 2496 3541 2569 contigisset

1922 2586 2130 2641 habere
2161 2587 2495 2654 convivium,
2534 2597 2589 2642 et
2618 2587 2990 2643 delectaretur
3022 2585 3080 2640 in
3107 2585 3386 2640 hilaritate
3407 2586 3541 2641 cha-

1924 2691 2129 2744 rorum,
2163 2691 2419 2747 passeres
2447 2676 2512 2731 ad
2545 2693 2672 2731 eum
2708 2678 2829 2732 sine
2887 2674 3257 2746 trepidatione
3297 2674 3537 2729 descen—

1922 2766 2120 2823 derent
2146 2774 2202 2822 et
2228 2783 2433 2824 mensa
2450 2768 2717 2840 reliquias
2742 2769 2810 2823 ab
2842 2768 2962 2837 ejus
2991 2784 3156 2822 manu
3186 2767 3543 2841 colligerent,

1925 2857 2282 2912 discederent
2338 2856 2432 2912 alii
2484 2858 2680 2923 saturi,
2726 2857 3057 2913 accederent
3096 2856 3187 2911 alii
3237 2857 3545 2910 saturandi.

1926 2949 2081 3013 Quod
2105 2948 2175 3025 ab
2208 2949 2407 3004 eodem
2441 2965 2793 3021 nequaquam
2842 2948 3107 3017 jactantia
3155 2948 3549 3019 pr0palabatur

1926 3043 2268 3105 meritorum,
2297 3042 2393 3096 sed
2424 3042 2478 3095 id
2535 3042 2815 3097 Dominus
2868 3041 2956 3114 agi
3012 3050 3161 3097 certa
3199 3041 3549 3111 disposuerat

1926 3137 2166 3193 utilitate
2197 3133 2635 3200 convivantium,
2666 3142 2732 3189 ut
2760 3135 2865 3188 hoc
2892 3133 3128 3205 aliisque
3159 3132 3547 3205 frequentissi-

1928 3227 2032 3281 mis
2048 3242 2147 3296 per
2184 3225 2332 3279 hunc
2354 3222 2550 3277 Christi
2605 3222 2867 3277 famulum
2919 3220 3053 3277 visis
3084 3223 3388 3290 miraculis,
3421 3239 3546 3278 sese

1927 3315 2224 3373 dominicis
2257 3312 2563 3368 ferventius
2593 3313 2885 3367 studerent
2927 3313 3245 3385 mancipare
3275 3313 3542 3368 servitiis.

2001 3407 2095 3462 llic
2128 3405 2211 3458 vir
2236 3401 2614 3466 beatissimus,
2644 3418 2768 3457 cum
2800 3419 2866 3457 ex
2898 3419 3074 3468 more,
3128 3403 3366 3475 quodam
3403 3413 3546 3459 tem-

1930 3515 2063 3571 pore
2102 3494 2363 3567 pastorali
2395 3493 2621 3548 solertia
2652 3493 2947 3564 parochias
3002 3495 3339 3561 circumiret,
3396 3503 3457 3551 ut
3503 3496 3548 3549 si

1930 3590 2278 3666 negligenter
2333 3585 2546 3657 aliquid
2611 3584 2665 3639 in
2708 3584 2924 3640 divinis
2973 3587 3215 3642 cultibus
3269 3594 3547 3661 ageretur,

1930 3683 2114 3738 ﬁdelis
2145 3678 2345 3736 Christi
2377 3693 2571 3733 servus
2608 3685 2956 3752 agnosceret,
3017 3679 3074 3733 in
3104 3678 3306 3737 vicum.
3343 3678 3548 3734 Calmi-

1930 3778 2144 3834 ciacum
2176 3771 2425 3836 nomine,
2491 3769 2671 3840 ipsius
2725 3769 2961 3825 accessit
3007 3770 3178 3825 studii
3229 3771 3547 3826 devotione.

1933 3870 2058 3937 Ubi,
2080 3868 2210 3922 dum
2244 3865 2469 3937 quidam
2497 3878 2680 3919 cacus
2708 3862 2776 3917 ab
2810 3877 2877 3918 eo
2907 3862 3308 3920 misericordia
3350 3872 3548 3936 postu-

1932 3965 2098 4018 lasset
2141 3974 2326 4030 opem,
2381 3956 2571 4027 capit,
2619 3972 2730 4028 qua
2784 3955 2993 4011 dudum
3024 3963 3220 4027 captus
3268 3958 3552 4011 exstiterat

1932 4054 2296 4112 infestatione
2324 4051 2615 4121 damonis,
2646 4051 2942 4107 vexatione
2981 4052 3228 4123 torqueri
3278 4052 3547 4123 corporis.

1931 4146 2083 4201 'l‘unc
2107 4151 2333 4197 sanctus
2353 4140 2642 4215 Remigius
2667 4141 2723 4194 in
2745 4140 3016 4206 oratione,
3047 4157 3155 4212 qua
3203 4140 3311 4195 Deo
3332 4156 3555 4212 semper

1933 4230 2455 4289 sanctaintentione
2501 4229 2775 4302 vacabat,
2807 4245 3076 4301 corporea
3125 4245 3186 4284 se
3241 4229 3554 4298 dejectione

1937 4324 2249 4398 prostravit,
2283 4323 2583 4394 statimque
2602 4322 2903 4393 pristinum
2944 4337 3091 4377 caeo
3154 4322 3340 4377 lumen
3367 4323 3558 4376 redhi-

1936 4417 2096 4476 bens.
2128 4413 2400 4469 immundi
2454 4427 2677 4483 quoque
2724 4418 2933 4481 pestem
2987 4409 3217 4482 spiritus
3274 4409 3555 4486 eﬁ‘ugavit,

1939 4506 2143 4580 triplici
2194 4505 2466 4571 remedio,
2521 4504 2785 4559 nimirum
2845 4504 2995 4559 victu
3043 4504 3231 4559 solans
3296 4521 3554 4579 egenum,

1944 4611 2242 4654 munerans
2269 4595 2391 4651 visu
2414 4600 2702 4657 cacatum,
2756 4593 3055 4648 restituens
3112 4593 3353 4648 libertati
3382 4596 3559 4666 capti-

1943 4702 2070 4743 vum
2083 4728 2094 4740 .

2011 4775 2130 4831 Alio
2152 4788 2375 4846 quoque
2408 4779 2683 4843 tempore,
2706 4770 2837 4825 dum
2861 4771 3163 4843 pontiﬁcali
3183 4772 3559 4829 sollicitudine

1943 4866 2261 4939 parochiam
2305 4869 2647 4937 peragraret,
2683 4868 2908 4934 rogatus
2965 4877 2996 4914 a
3035 4860 3273 4932 quadam
3333 4861 3559 4916 sobrina

1941 4977 2062 5024 sua,
2095 4958 2321 5014 nomine
2346 4954 2644 5019 Celsa,Deo
2668 4960 2901 5021 sacrata,
2934 4953 3121 5008 villam
3165 4954 3362 5024 ipsius,
3394 4970 3561 5008 voca-

1943 5053 2077 5108 bulo
2099 5050 2309 5105 Celtum
2329 5048 2468 5117 (Gal,
2503 5045 2929 5114 Cmv:ay,,adiit.
2957 5044 3038 5099 lbi
3063 5044 3191 5099 dum
3227 5047 3426 5098 beatus
3454 5045 3560 5107 vir,
3654 5079 3669 5089 ο

1943 5139 2290 5213 spiritalibus
2320 5135 2616 5208 colloquiis
2637 5135 2764 5190 vita
2795 5134 3055 5205 propinat
3078 5133 3286 5204 hospiti
3307 5133 3379 5188 de
3405 5149 3560 5189 more

1945 5233 2168 5306 pocula,
2193 5232 2450 5287 minister
2481 5229 2722 5301 prafata
2749 5228 2939 5293 Celsa,
2998 5228 3114 5283 vini
3171 5226 3561 5283 sufﬁcientiam

1945 5322 2188 5378 domina
2218 5336 2332 5376 sua
2373 5319 2589 5376 nuntiat
2621 5332 2731 5372 non
2769 5317 2988 5375 adesse.
3043 5317 3121 5372 Ite
3175 5316 3581 5385 hujuscemodi-

1948 5416 2189 5491 cognita,
2249 5421 2471 5468 sanctus
2524 5409 2808 5484 Remigius
2865 5410 3008 5465 hanc
3056 5408 3217 5464 hilari
3250 5411 3570 5465 consolatur

1949 5507 2102 5562 vultu
2123 5514 2177 5560 et
2206 5510 2329 5574 post
2358 5500 2564 5557 blanda
2596 5500 2751 5556 verbi
2810 5500 3081 5556 solamina
3140 5501 3390 5569 ejusdem
3459 5501 3565 5555 sibi

1950 5600 2148 5655 domus
2178 5594 2398 5652 ostendi
2423 5593 2687 5665 pracepit
2710 5592 3027 5649 habitacula
3071 5594 3273 5666 Sicque
3305 5593 3375 5648 de
3403 5594 3570 5648 indu-

1952 5693 2086 5749 stria
2140 5689 2294 5762 prius
2328 5690 2671 5760 perlustrans
2700 5699 2921 5755 catera,
2985 5691 3208 5744 tandem
3240 5687 3341 5753 \ad
3374 5687 3567 5741 cellam

1955 5782 2208 5853 pervenit
2232 5782 2502 5838 vinariam
2535 5801 2552 5837 :
2600 5797 2764 5854 quam
2796 5779 2903 5835 sibi
2936 5779 3148 5834 faciens
3170 5775 3394 5848 aperiri,
3418 5774 3571 5846 rogi-

1960 5880 2043 5929 tat
2072 5872 2118 5928 si
2149 5871 2291 5930 forte
2319 5883 2661 5930 remanserat
2682 5873 2739 5928 in
2784 5872 2971 5942 aliquo
3005 5882 3255 5924 vasorum
3284 5863 3568 5937 quidpiam
