3884 6458
344 577 413 631 47
1473 562 1842 619 FLODOARDI
1881 559 2189 617 CANONICI
2225 560 2555 619 REMENSIS
3621 565 3687 620 48

349 705 487 761 vini.
518 703 580 758 Et
603 702 894 774 designato
930 698 1037 754 sibi
1057 712 1207 764 vase,
1240 695 1297 750 in
1329 708 1438 767 quo
1490 692 1762 749 tantillum
1816 691 1958 757 vini,
1983 694 2036 762 Î‘
2065 691 2783 750 interminationevindictm
2814 694 2870 749 in
2895 709 3021 751 eum
3043 710 3167 767 quae
3196 696 3366 753 vetita
3402 698 3520 753 haec
3548 714 3687 769 pra:-

351 812 451 867 pro
490 794 756 850 salvando
785 792 999 847 scilicet
1020 790 1237 855 eodem,
1269 787 1523 842 relictum
1544 784 1739 847 fuerat,
1779 783 1960 838 claudi

352 888 619 960 praecepit
647 886 872 948 ostium,
910 885 1179 955 jussoque
1209 880 1513 936 consistere
1553 879 1675 933 loco
1730 876 1965 932 cellera-

352 981 653 1051 rium;ipse
674 994 805 1034 vero
827 978 893 1032 ad
942 976 1171 1030 alteram
1223 973 1497 1028 accedens
1516 969 1663 1026 vasis
1702 968 1958 1036 frontem,

349 1069 700 1141 superidem,
716 1066 864 1138 quod
878 1070 995 1119 erat
1010 1078 1120 1118 non
1142 1061 1375 1117 modicae
1393 1058 1739 1132 quantitatis,
1759 1057 1962 1115 Christi

351 1163 577 1217 adnotat
605 1174 847 1225 crucem,
898 1157 1239 1226 flectensque
1277 1169 1457 1227 genua
1480 1168 1642 1208 secus
1671 1150 1961 1223 parietem,

353 1251 492 1305 caelo
513 1250 767 1303 devotam
795 1245 985 1318 dirigit
1015 1259 1258 1315 precem.
1292 1242 1471 1313 Coepit
1498 1242 1731 1307 interea,
1764 1239 1963 1294 mirum

353 1343 525 1409 dictu,
578 1341 766 1396 vinum
799 1355 897 1410 per
946 1336 1194 1393 foramen
1250 1334 1513 1407 superius
1543 1333 1844 1398 exundare,
1901 1347 1965 1387 ac

350 1451 517 1507 supra
547 1433 923 1506 pavimentum
976 1429 1331 1485 abundanter
1379 1425 1630 1483 effluere.
1686 1424 1966 1479 Exclamat

351 1529 459 1582 hoc
493 1526 613 1582 viso
659 1522 1002 1590 cellerarius,
1029 1530 1254 1593 stupore
1274 1519 1583 1592 perculsus.
1614 1517 1721 1572 Sed
1751 1531 1876 1571 mox
1934 1532 1964 1570 a

352 1623 543 1671 sancto
571 1614 690 1669 viro
709 1627 1028 1692 repressus,
1061 1626 1131 1665 ne
1148 1610 1204 1664 id
1235 1609 1414 1680 palam
1444 1607 1630 1675 faciat,
1657 1604 1962 1661 inhibetur.

353 1706 417 1760 At
437 1704 566 1776 quia
596 1710 705 1757 tam
737 1701 868 1756 clari
897 1700 1086 1755 lumen
1115 1699 1304 1769 operis
1346 1697 1577 1753 minime
1630 1695 1805 1753 valuit
1835 1695 1966 1750 abs-

350 1790 537 1855 condi,
570 1790 666 1844 ubi
681 1789 1016 1845 consobrina
1035 1805 1136 1845 sua
1155 1788 1361 1844 factum
1383 1787 1677 1860 comperit,
1710 1786 1965 1841 eamdem

350 1881 536 1935 villam
571 1882 770 1953 ipsi,et
792 1882 1050 1937 Ecclesiae
1066 1880 1245 1952 ipsius
1265 1880 1543 1952 perpetim
1567 1878 1962 1951 possidendam

346 1974 592 2037 tradidit,
628 1990 690 2030 ac
720 1974 885 2049 legali
912 1974 1040 2043 jure
1080 1972 1449 2029 confirmavit.

420 2063 556 2118 Huic
602 2062 783 2117 simile
839 2062 1010 2117 ferme
1061 2062 1387 2117 miraculum
1431 2060 1501 2115 ab
1533 2060 1729 2117 eodem
1763 2060 1967 2115 domno

344 2154 594 2228 Remigio
625 2154 680 2208 in
703 2154 812 2209 olei
841 2154 1015 2209 fertur
1042 2154 1260 2226 liquore
1286 2160 1584 2224 patratum.
1620 2151 1753 2207 Cum
1792 2165 1970 2224 {egro-

341 2253 428 2301 tus
469 2247 694 2318 quidam
727 2246 955 2301 familiae
978 2263 1090 2302 non
1121 2244 1407 2321 ignobilis,
1442 2262 1547 2300 nec
1579 2253 1762 2302 tamen
1790 2242 1969 2314 bapti-

340 2343 514 2403 zatus,
547 2353 576 2390 a
607 2346 796 2393 sancto
850 2338 1104 2410 Remigio
1154 2354 1214 2392 se
1271 2337 1481 2392 visitari
1531 2337 1881 2408 postulasset,
1916 2341 1971 2391 et

336 2425 449 2493 jam
480 2425 629 2480 velut
659 2426 715 2479 in
764 2425 960 2482 ultimo
1003 2424 1203 2497 spiritu
1234 2441 1293 2480 se
1333 2425 1564 2481 credere
1596 2426 1880 2489 fateretur,
1913 2432 1970 2478 et

341 2518 607 2588 baptizari
651 2518 1000 2589 deposceret,
1041 2518 1239 2573 beatus
1283 2516 1533 2588 pontifex
1567 2533 1599 2572 a
1643 2517 1969 2588 presbytero

342 2605 447 2660 loci
505 2607 689 2660 oleum
749 2614 803 2660 et
851 2606 1090 2660 chrisma
1148 2606 1460 2675 requirens,
1487 2606 1716 2676 jamque
1748 2605 1971 2677 penitus

341 2695 396 2748 in
427 2695 686 2765 ampullis
725 2700 1025 2765 utrumque
1080 2693 1354 2747 defecisse
1415 2694 1767 2764 comperiens
1820 2694 1971 2765 ipsas

340 2784 612 2854 ampullas
643 2799 788 2854 pene
845 2799 1045 2837 vacuas
1100 2798 1270 2853 super
1323 2783 1493 2836 altare
1527 2783 1730 2851 posuit,
1761 2798 1824 2837 ac
1844 2800 1970 2839 sese

341 2873 398 2927 in
428 2873 679 2928 oratione
736 2872 1052 2942 prostravit.
1096 2872 1340 2945 Surgens
1389 2878 1575 2926 autem
1620 2872 1689 2926 ab
1721 2873 1969 2928 oratione

342 2964 561 3017 vascula
590 2963 757 3033 plena
787 2961 1013 3032 reperit,
1043 2969 1099 3015 et
1128 2960 1209 3014 sic
1239 2957 1518 3014 infirmum
1550 2960 1672 3016 oleo
1702 2961 1971 3017 divinitus

342 3055 469 3111 dato
494 3069 836 3128 perungens,
864 3050 1242 3107 ecclesiastico
1274 3049 1343 3104 de
1366 3066 1520 3106 more
1559 3052 1879 3123 baptizavit.
1914 3060 1970 3108 et

340 3145 637 3201 chrismate
666 3143 885 3198 caelitus
930 3142 1130 3198 collato
1187 3140 1388 3207 linivit,
1440 3142 1769 3215 redditaque
1817 3144 1971 3199 sani-

341 3247 471 3304 tate,
514 3245 623 3293 tam
653 3237 850 3292 anima:
875 3237 1053 3291 salute
1090 3250 1259 3306 quam
1309 3235 1561 3306 corporis
1590 3236 1971 3293 incolumitate

341 3332 584 3388 donavit.

2062 785 2408 857 sumpsisset,
2441 786 2706 843 inhibuit.
2730 787 2859 842 Post
2886 787 3099 859 aliquot
3137 806 3271 846 vero
3321 807 3496 849 annos
3552 793 3686 849 civis

2062 877 2310 948 quidam,
2357 876 2584 933 nomine
2640 878 2976 947 Fersinctus,
3024 895 3185 935 secus
3238 882 3414 952 ipsam
3472 890 3684 953 portam

2063 982 2443 1034 commanens,
2474 968 2771 1023 maceriem
2820 985 2931 1040 qua
2976 969 3172 1024 eadem
3204 977 3361 1042 porta
3390 971 3568 1028 fuerat
3587 973 3687 1028 ob-

2062 1063 2289 1123 structa,
2324 1064 2384 1112 ut
2410 1072 2525 1111 suae
2551 1056 2750 1112 domus
2798 1057 2929 1114 hinc
2960 1058 3187 1127 ejiceret
3232 1060 3454 1127 rudera,
3497 1060 3687 1132 perfo-

2066 1150 2224 1205 ravit.
2256 1149 2365 1204 Sed
2383 1164 2509 1204 mox
2530 1149 2669 1205 ultio
2694 1156 2846 1205 tanta
2887 1149 3060 1205 fertur
3089 1151 3211 1219 ejus
3235 1152 3525 1207 audaciam
3555 1169 3689 1209 con-

2066 1249 2275 1309 secuta,
2301 1247 2363 1297 ut
2377 1257 2487 1297 non
2517 1257 2711 1314 pecus,
2740 1258 2844 1298 nec
2865 1242 3048 1307 homo,
3073 1244 3229 1299 clade
3260 1245 3688 1316 superveniente

2064 1331 2122 1386 in
2151 1331 2404 1387 eamdem
2434 1332 2763 1387 remanserit
2789 1333 2974 1387 domo.

2137 1424 2267 1492 Quae
2284 1424 2409 1478 dam
2440 1424 2627 1494 puella
2646 1425 2927 1495 praeclaris
2939 1424 3008 1479 ab
3020 1424 3161 1480 urbe
3188 1426 3383 1481 Tolosa
3413 1424 3691 1481 natalibus

2066 1526 2206 1585 orta,
2238 1516 2467 1592 maligni
2515 1517 2746 1588 spiritus
2803 1517 2872 1572 ab
2924 1517 3157 1572 infantia
3212 1518 3506 1573 tenebatur
3534 1518 3693 1573 obsi-

2066 1609 2235 1666 dione
2255 1608 2490 1681 captiva.
2528 1609 2697 1673 Quam
2756 1627 2880 1665 cum
2938 1618 3133 1665 tenero
3183 1610 3465 1684 genitores
3506 1626 3693 1665 amore

2066 1698 2386 1774 diligerent,
2414 1698 2483 1752 ad
2533 1700 2849 1770 sepulcrum
2881 1699 3055 1754 sancti
3086 1698 3233 1753 Petri
3283 1698 3518 1769 apostoli
3567 1714 3692 1754 cum

2065 1807 2265 1867 magna
2294 1790 2591 1846 devotione
2623 1791 2920 1846 duxerunt.
2955 1791 3017 1844 In
3047 1790 3258 1845 eisdem
3288 1807 3527 1861 namque
3558 1808 3692 1861 par-

2067 1879 2217 1935 tibus
2240 1879 2490 1934 enitebat
2533 1888 2664 1935 tunc
2718 1879 2921 1933 virtute
2967 1877 3305 1933 venerabilis
3337 1879 3691 1941 Benedictus,

1994 1967 2324 2081 Bplurimis
2372 1966 2644 2041 effulgens
2668 1968 2988 2022 virtutibus.
3025 1967 3193 2036 Cujus
3222 1974 3506 2037 comperta
3527 1966 3686 2030 fama,

2070 2058 2265 2081 _---IIM
2297 2064 2549 2081 ..-Î¹Î»-Î¹Î¹...
2582 2058 2724 2081 1.---
2766 2056 2829 2081 -,1
2893 2057 3147 2081 ,Î¹Îº-..Î¹Î‘Î¼
3191 2058 3494 2081 ..Î‘-,Î”Î·Î¼Î‘-,Î¹
3538 2064 3650 2081 --Î¹-

2070 2058 2268 2130 puellae
2297 2064 2552 2128 patentes
2582 2058 2726 2112 hanc
2764 2056 2833 2111 ad
2890 2057 3148 2112 eumdem
3191 2058 3499 2128 perducere
3536 2064 3690 2112 sata-

2069 2152 2226 2220 gunt,
2259 2147 2353 2218 qui
2410 2146 2599 2200 multis
2623 2146 2856 2215 jejuniis
2884 2154 2941 2201 et
2983 2145 3331 2202 orationibus
3378 2162 3477 2218 pro
3517 2146 3695 2219 ipsius

2068 2235 2468 2291 emundatione
2516 2236 2794 2303 laborans,
2829 2252 2955 2291 cum
2985 2236 3093 2290 diri
3142 2237 3419 2307 serpentis
3446 2236 3599 2291 virus
3623 2236 3692 2290 ab

2012 2334 2025 2347 â€™
2069 2346 2136 2386 ea
2177 2346 2290 2387 non
2317 2330 2583 2387 valuisset
2614 2330 2839 2398 ejicere,
2890 2330 2995 2385 hoc
3024 2336 3237 2384 tantum
3268 2328 3544 2400 responsi,
3593 2342 3697 2384 no-

2070 2425 2239 2481 minis
2264 2424 2439 2480 divini
2464 2423 2859 2488 obtestatione,
2893 2421 2962 2476 ab
2981 2420 3211 2494 antiquo
3239 2429 3570 2493 extorquere
3590 2436 3696 2491 po-

2070 2519 2176 2575 tuit
2199 2520 2381 2585 hoste,
2414 2516 2563 2589 quod
2596 2532 2881 2589 nunquam
2941 2513 3172 2570 alterius
3196 2513 3266 2568 de
3296 2513 3493 2569 eodem
3532 2512 3697 2568 habi-

2071 2610 2275 2676 taculo,
2308 2606 2412 2662 nisi
2446 2606 2613 2674 hujus
2634 2604 2940 2661 beatissimi
2989 2603 3225 2677 Remigii
3257 2600 3539 2674 pontificis
3567 2617 3698 2657 ora-

2072 2697 2319 2753 tionibus
2348 2702 2537 2767 posset
2607 2694 2827 2766 expelli.
2882 2693 3033 2748 Tunc
3077 2700 3337 2764 parentes
3384 2693 3525 2762 ejus,
3583 2698 3695 2747 tam

2072 2794 2248 2864 ipsius
2278 2792 2426 2848 beati
2457 2789 2768 2856 Benedicti,
2812 2803 2974 2859 quam
3007 2786 3172 2841 etiam
3222 2785 3525 2841 Gothorum
3549 2786 3700 2859 regis

2070 2884 2268 2941 Alarici
2336 2881 2595 2938 affatibus
2648 2879 2952 2953 suï¬‚'ragati,
2996 2892 3302 2947 eorumque
3359 2877 3560 2932 litteris
3626 2878 3696 2932 ad

2068 2975 2294 3030 beatum
2360 2972 2673 3044 Remigium
2732 2971 2894 3037 datis,
2962 2976 3023 3024 ut
3089 2968 3340 3034 traditur,
3409 2967 3558 3035 freti,
3629 2970 3699 3023 ad

2071 3067 2335 3124 eumdum
2365 3071 2617 3121 sanctum
2670 3065 2971 3120 antistitem
3018 3078 3144 3118 cum
3189 3060 3445 3116 devincta
3502 3060 3699 3117 sobole

2072 3161 2463 3228 pervenerunt,
2504 3154 2763 3209 virtutem
2812 3153 3175 3223 deprecantes
3218 3150 3340 3218 ejus
3382 3148 3441 3202 in
3489 3166 3700 3223 purga-

2071 3254 2225 3308 tione
2245 3248 2419 3322 prolis
2433 3261 2753 3320 agnoscere,
2779 3261 2944 3317 quam
2986 3242 3216 3299 latronis
3227 3241 3342 3311 jam
3392 3243 3698 3313 praescive-

2072 3349 2196 3398 rant
2260 3339 2629 3397 confessione.
2699 3337 2764 3392 At
2817 3334 3175 3391 beatissimus
3232 3329 3536 3403 Remigius,
3568 3347 3697 3386 cum

419 3382 582 3387 Ï€-.-Ï
2074 3382 2196 3398 ......
2261 3382 2629 3397 Î½Ï‰Î¼Î½Ï…Ï‰Î½Î·Î½.
2820 3382 3172 3391 --_--------_-
3237 3382 3536 3403 --Î¼Î·Ï„ÏÎ·
3576 3382 3695 3386 Ï€Î±Î½

412 3421 643 3478 Humani
683 3420 925 3492 denique
954 3420 1176 3494 generis
1209 3420 1410 3487 hOSIiS,
1434 3420 1732 3476 ostendere
1766 3421 1971 3493 DGQUi-
1998 3382 2048 3451 ÎŸ
2070 3432 2331 3487 diuturna
2360 3426 2723 3483 reluctatione
2760 3441 2821 3479 se
2853 3440 2963 3480 non
2993 3440 3116 3479 esse
3160 3423 3389 3498 dignum
3422 3428 3699 3476 assereret

342 3512 471 3567 tiam
502 3525 614 3565 non
643 3509 919 3564 desistens
956 3526 1070 3565 suae
1129 3509 1507 3584 malignitatis,
1541 3510 1733 3565 urbem
1767 3512 1966 3567 Remo-

342 3620 483 3670 rum,
517 3600 876 3677 surgentibus
922 3600 1265 3657 ï¬‚ammarum
1296 3601 1480 3657 subito
1512 3601 1714 3676 globis,
1759 3603 1970 3659 immis-

339 3697 498 3752 sione
537 3696 660 3749 dira
714 3694 1027 3761 succendit,
1088 3693 1413 3765 crudelique
1470 3695 1794 3761 vastatione,
1852 3697 1967 3765 jam

343 3797 552 3859 partem
585 3787 698 3841 fere
747 3787 964 3841 tertiam
1023 3788 1395 3843 concrematio
1452 3795 1673 3858 peracta
1703 3804 1966 3845 consum-

342 3887 526 3948 pserat
555 3895 569 3942 ;
599 3886 653 3931 et
682 3876 832 3947 quod
884 3876 1167 3932 residuum
1210 3883 1328 3932 erat
1354 3877 1550 3933 victrix
1574 3877 1795 3934 flamma
1826 3879 1967 3934 lam-

340 3968 528 4022 bebat.
559 3966 723 4035 Cujus
750 3966 829 4020 rei
862 3966 1116 4021 nuntium
1170 3966 1365 4021 beatus
1404 3968 1635 4023 antistes
1663 3970 1966 4041 accipiens,

339 4057 408 4110 ad
438 4056 603 4111 solita
630 4071 755 4110 sese
777 4056 992 4111 confert
1031 4056 1296 4113 orationis
1321 4058 1599 4129 praesidia.
1653 4068 1707 4115 et
1734 4061 1790 4115 in
1818 4062 1967 4117 beati

341 4145 539 4201 Nicasii
569 4144 827 4215 martyris
849 4144 1100 4211 basilica,
1133 4146 1229 4201 ubi
1260 4155 1393 4202 tunc
1423 4150 1686 4220 temporis
1714 4152 1967 4207 morandi

337 4234 800 4290 consuetudinem
850 4234 1075 4302 fecerat,
1135 4235 1333 4291 Christi
1397 4246 1701 4308 prostratus
1724 4242 1972 4311 exposcit

338 4322 615 4397 suffragia.
649 4323 1003 4395 Surgensque
1053 4323 1122 4405 ab
1155 4326 1428 4391 oratione,
1457 4327 1648 4384 oculos
1672 4330 1742 4385 ad
1768 4331 1970 4386 caelum

337 4417 555 4481 attollit,
596 4423 651 4471 et
697 4415 1011 4471 exclamans
1036 4434 1161 4473 cum
1211 4420 1444 4492 gemitu,
1474 4422 1551 4477 ait
1581 4442 1596 4477 :
1634 4423 1797 4493 Deus,
1825 4425 1969 4481 Deus

341 4524 517 4574 meus,
549 4508 742 4563 adesto
767 4509 888 4564 voci
947 4525 1105 4564 meae.
1141 4510 1341 4582 Sicque
1389 4527 1555 4567 cursu
1586 4515 1826 4580 concito,
1870 4534 1970 4587 per

336 4601 564 4677 gradus,
622 4608 749 4655 ante
816 4600 992 4672 ipsam
1061 4602 1347 4674 lapidibus
1403 4613 1606 4661 stratos
1673 4609 1968 4664 ecclesiam

336 4693 701 4757 descendens,
752 4693 1027 4749 civitatem
1068 4696 1228 4765 petiit
1269 4714 1284 4763 ;
1321 4695 1376 4749 in
1431 4698 1638 4769 quibus
1692 4701 1964 4774 graduum

336 4782 638 4854 lapidibus,
667 4796 731 4836 ac
756 4781 801 4836 si
856 4800 1025 4854 supra
1077 4786 1245 4840 molle
1299 4785 1476 4842 lutum
1532 4789 1818 4862 depressa,
1861 4791 1966 4848 ho-

335 4875 561 4947 dieque,
592 4874 659 4929 ad
709 4876 1033 4931 memoriam
1092 4877 1267 4932 divini
1317 4878 1590 4947 miraculi,
1646 4881 1864 4957 signata
1882 4885 1967 4942 vi-

335 4970 534 5019 suntur
569 4963 821 5037 vestigia.
854 4962 1144 5037 Celerique
1193 4966 1549 5024 festinatione
1586 4970 1968 5044 deprOperans

332 5073 391 5110 se
436 5054 672 5109 ï¬‚ammis
722 5055 949 5125 objecit,
1009 5057 1327 5130 statimque,
1383 5069 1444 5115 ut
1498 5070 1727 5117 extensa
1775 5076 1968 5121 contra

332 5149 519 5221 ignem
578 5148 838 5215 dextera,
900 5150 1121 5224 signum
1188 5151 1370 5207 crucis
1430 5167 1553 5208 cum
1614 5155 1965 5215 invocatione

334 5236 530 5292 Christi
561 5238 803 5293 nominis
833 5238 1031 5306 edidit,
1067 5247 1242 5295 totum
1301 5240 1439 5296 illud
1477 5241 1818 5314 incendium,
1861 5248 1970 5304 fra-

332 5333 421 5380 cta
439 5331 495 5379 et
526 5324 583 5378 in
611 5339 734 5379 sese
765 5325 931 5380 relisa
961 5328 1187 5391 virtute,
1237 5330 1461 5395 cedere,
1491 5339 1657 5403 atque
1706 5345 1833 5390 ante
1865 5337 1967 5392 viri

336 5416 429 5469 Dei
461 5416 814 5485 praesentiam
863 5419 1021 5490 quasi
1069 5419 1261 5495 fugere
1313 5422 1501 5493 coepit.
1563 5424 1718 5488 Quod
1772 5428 1967 5486 beatus

336 5506 621 5578 Remigius
656 5507 974 5578 insequens,
1036 5519 1094 5566 et
1124 5529 1181 5567 se
1233 5513 1376 5568 inter
1428 5514 1613 5589 ignem
1658 5527 1713 5572 et
1744 5533 1807 5573 ea
1838 5538 1962 5592 quae

335 5599 519 5653 adhuc
568 5596 904 5655 videbantur
963 5602 1185 5670 intacta,
1248 5621 1372 5660 cum
1434 5607 1594 5680 signo
1656 5613 1962 5668 sanctitatis

1983 4749 2043 4819 D

2070 3530 2124 3577 et
2154 3520 2467 3576 humilitate
2492 3517 2655 3573 solita
2686 3524 3041 3592 repugnaret,
3095 3514 3358 3586 precibus
3388 3520 3471 3568 est
3499 3511 3697 3585 populi

2067 3608 2435 3682 supplicantis
2465 3607 2698 3673 evictus,
2730 3613 2793 3662 ut
2839 3606 3149 3662 orationem
3194 3621 3294 3677 pro
3339 3606 3459 3677 ipsa
3488 3603 3700 3659 funde-

2069 3711 2174 3771 ret,
2205 3719 2268 3758 ac
2298 3708 2589 3772 parentum
2620 3699 2877 3770 lacrymis
2901 3698 3242 3754 condoleret.
3272 3697 3477 3753 Meritis
3507 3697 3701 3768 itaque

2067 3792 2376 3848 sanctitatis
2424 3796 2687 3856 armatus,
2720 3788 2875 3843 verbi
2909 3788 3175 3859 praecepit
3200 3787 3459 3858 imperio,
3491 3795 3554 3842 ut
3575 3787 3698 3841 ini-

2068 3898 2213 3955 quus
2241 3881 2430 3952 praedo
2481 3896 2582 3951 per
2629 3878 2779 3951 quod
2810 3878 3095 3951 ingressus
3139 3875 3321 3931 fuerat
3375 3875 3697 3942 discedens,

2069 3971 2267 4028 Christi
2306 3970 2570 4025 famulam
2606 3969 2895 4024 relaxaret.
2951 3968 3152 4040 Sicque
3204 3984 3329 4024 cum
3382 3968 3558 4024 nimio
3593 3984 3697 4024 vo-

2070 4065 2209 4120 mitu
2240 4071 2297 4118 et
2325 4063 2568 4118 obsceno
2598 4062 2817 4132 foetore,
2866 4077 2968 4132 per
3011 4076 3074 4117 os
3126 4076 3237 4134 quo
3288 4060 3468 4117 fuerat
3516 4062 3700 4117 intro-

2069 4159 2292 4225 missus,
2324 4157 2615 4213 abscessit.
2658 4156 2765 4211 Sed
2795 4156 2959 4228 paulo
2989 4162 3137 4227 post,
3164 4156 3464 4211 recedente
3506 4156 3701 4227 ponti-

2070 4248 2195 4313 tice,
2226 4247 2357 4303 dum
2390 4246 2563 4301 nimio
2619 4245 2807 4301 labore
2866 4244 3010 4301 fessa
3058 4251 3299 4315 nutaret,
3355 4246 3482 4302 vitae
3513 4245 3702 4301 calore

2070 4341 2305 4412 privata,
2335 4336 2592 4407 spiritum
2645 4335 2871 4391 vitalem
2903 4334 3106 4390 amisit.
3160 4335 3375 4390 Iteratis
3403 4351 3537 4409 ergo
3569 4352 3706 4407 pre-

2070 4436 2251 4503 cibus,
2304 4432 2468 4489 turba
2525 4429 2936 4502 supplicantum
2987 4429 3222 4484 recurrit
3271 4428 3342 4483 ad
3389 4427 3698 4484 medicum.

2070 4527 2269 4581 Beatus
2297 4530 2481 4579 autem
2539 4519 2826 4594 Remigius
2878 4535 2939 4573 se
2988 4518 3176 4589 potius
3229 4523 3448 4573 accusat
3479 4518 3704 4574 facinus

2070 4622 2440 4687 perpetrasse,
2499 4624 2666 4681 quam
2722 4608 2975 4664 sanitatis
3030 4608 3339 4663 remedium
3371 4608 3699 4674 indulsisse,

2069 4708 2472 4778 homicidiique
2493 4722 2647 4761 reum
2677 4704 2974 4771 exstitisse,
3008 4719 3119 4759 non
3153 4702 3458 4758 remedium
3497 4712 3705 4759 contu-

2067 4800 2216 4855 lisse.
2247 4798 2419 4873 lgitur
2447 4797 2517 4852 ad
2537 4796 2712 4851 sancti
2750 4794 2982 4851 Joannis
3020 4794 3329 4858 basilicam,
3361 4794 3458 4848 ubi
3490 4811 3702 4866 corpus

2061 4887 2286 4957 jacebat
2316 4887 2589 4954 exanime,
2631 4885 2824 4957 populi
2882 4885 3147 4941 obtentus
3175 4885 3567 4957 deprecatione
3608 4902 3702 4940 reâ€”

2067 4978 2338 5052 greditur,
2371 4977 2564 5049 ibique
2602 4992 2728 5031 cum
2785 4975 3044 5046 lacrymis
3090 4975 3159 5031 ad
3210 4976 3525 5048 pavimenta
3568 4991 3705 5031 san-

2068 5076 2281 5127 ctorum
2312 5069 2370 5125 in
2400 5070 2650 5126 oratione
2704 5069 3097 5141 prosternitur,
3130 5077 3187 5124 et
3238 5067 3485 5140 reliquos
3526 5074 3589 5122 ut
3617 5066 3700 5122 ita

2068 5160 2317 5216 facerent
2345 5160 2685 5216 adhortatur.
2718 5160 2857 5215 Hinc
2912 5158 3087 5214 effuso
3119 5159 3484 5230 lacrymarum
3514 5158 3703 5213 imbre

2068 5268 2428 5326 consurgens,
2453 5252 2738 5308 suscitavit
2756 5260 3055 5322 mortuam,
3086 5268 3250 5324 quam
3298 5251 3455 5322 prius
3483 5267 3699 5323 purga-

2069 5353 2153 5401 rat
2183 5347 2487 5402 obsessam.
2521 5346 2648 5411 Quae
2680 5345 2955 5416 protinus,
2986 5345 3336 5416 apprehensa
3360 5359 3529 5399 manu
3552 5358 3700 5414 pon-

2067 5437 2253 5505 tificis,
2322 5455 2448 5493 cum
2494 5438 2713 5512 integra
2761 5437 3143 5493 incolumitate
3198 5436 3458 5503 surrexit,
3508 5441 3563 5490 et
3622 5437 3696 5491 ad

2066 5529 2291 5599 prOpria
2320 5527 2557 5585 feliciter
2583 5528 2869 5584 remeavit.

2136 5617 2302 5686 Cujus
2322 5633 2450 5673 vero
2495 5617 2783 5684 doctrinae,
2816 5619 2976 5687 cujus
3023 5618 3332 5674 sanctitatis
3385 5627 3554 5690 atque
3600 5635 3698 5673 sa-

332 5701 645 5785 opponenï¬s,
682 5687 849 5785 .hanc
887 5704 1108 5746 omnem
1158 5692 1502 5750 flammarum
1557 5696 1957 5755 immanitatem
2063 5706 2290 5775 pientiae
2313 5706 2668 5761 beatissimus
2697 5707 2788 5762 hic
2816 5713 2975 5778 pater
3000 5707 3180 5763 nitore
3202 5687 3501 5764 radiaverit
3519 5724 3695 5780 opera

330 5781 531 5830 antese
582 5773 908 5845 fugientem,
941 5794 1043 5848 per
1086 5788 1371 5851 patentem
1416 5794 1650 5854 portam,
1684 5786 1854 5844 fultus
1875 5790 1961 5847 di-

2136 5801 2331 5850 stantur
2382 5797 2576 5867 ipsius,
2627 5795 2759 5867 quia
2788 5773 2918 5852 vera
2973 5799 3165 5869 procul
3209 5798 3382 5854 dubio
3412 5773 3699 5871 sapientia

327 5869 469 5922 vinas
499 5869 764 5939 potentia:
794 5869 1091 5939 preesidiis,
1122 5872 1353 5942 expulit,
1378 5881 1432 5929 et
1457 5877 1708 5932 eamdem
1740 5888 1955 5950 portam
2057 5898 2180 5937 esse
2203 5883 2568 5955 dignoscitur,
2610 5901 2733 5957 quae
2753 5900 2986 5957 operum
3016 5888 3382 5957 exhibitione,
3413 5869 3569 5945 velut
3597 5905 3697 5944 ar-

329 5960 529 6017 clausit
559 5978 573 6027 ;
607 5969 774 6032 utque
807 5978 1090 6031 nunquam
1149 5965 1462 6031 aperiretur
1491 5967 1559 6022 ab
1591 5968 1799 6039 aliquo,
1830 5987 1955 6029 cum
2056 5970 2161 6026 bor
2189 5972 2486 6042 fructibus,
2544 5978 2904 6047 approbatur.
2938 5981 3190 6040 Testatur
3236 5996 3375 6057 gens
3428 5979 3701 6035 Francica
