3884 6418
246 373 320 426 49
924 367 1248 423 ΗΙΞΤΟΒΙᾹΞ
1294 363 1630 420 ECCLESI/E
1672 361 1999 416 REMENSIS
2041 365 2218 420 LIBRI
2260 365 2680 430 QUATUOR.—-
2719 367 2842 420 LIB.
2889 369 2926 422 I.
3530 375 3600 431 50

247 517 351 572 per
431 515 558 554 eum
593 497 663 551 ad
706 495 873 550 ﬁdem
913 497 1112 554 Christi
1156 509 1442 560 conversa,
1502 499 1557 546 et
1613 489 1872 562 baptismi
1901 498 1948 564 Α
1978 493 2068 548 hic
2094 494 2252 549 Pater
2275 511 2338 548 ac
2369 503 2556 564 pastor
2583 495 2761 549 almus
2813 496 3107 565 exstiterit,
3139 516 3302 569 quam
3337 500 3516 556 ﬁdelis
3546 515 3601 560 et

244 589 689 647 sanctificatione
739 596 1078 643 consecrata.
1141 589 1430 642 Testantur
1477 584 1696 639 diversa
1743 601 1876 654 pru—

244 683 572 739 dentissime
595 681 664 736 ab
699 680 820 751 ipso
879 687 989 735 tam
1020 680 1161 735 facta
1199 694 1364 751 quam
1425 676 1740 747 praedicata.
1773 676 1877 730 Te-

243 785 465 832 stantur
498 775 731 830 diversa!
761 773 940 844 ipsius
969 788 1219 844 persona:
1251 769 1537 840 temporis,
1579 785 1642 822 ex
1675 768 1880 839 quibus

244 868 484 935 Sidonii,
513 869 884 921 Arvernorum
929 863 1200 934 episcopi,
1247 862 1349 915 viri
1394 858 1779 924 eruditissimi,
1826 865 1880 911 et

245 965 355 1010 tam
388 969 598 1028 genere
628 969 792 1024 quam
847 951 1118 1024 religione
1165 966 1230 1005 ac
1278 964 1536 1004 sermone
1562 945 1876 1010 clarissimi,

246 1046 542 1118 epistolam
585 1044 719 1099 huic
762 1042 1085 1097 beatissimo
1136 1039 1384 1112 pontiﬁci
1434 1039 1701 1093 directam
1731 1037 1879 1091 inse-

249 1154 368 1193 rere
393 1136 838 1208 placuit-(Stnos.
871 1136 1151 1198 Avonam,
1188 1134 1280 1186 lib.
1316 1149 1390 1198 ix,
1413 1133 1570 1200 epist.
1595 1131 1684 1196 7):

322 1257 345 1276 κ
409 1230 719 1294 SIDONIUS,
787 1241 974 1281 nomo
1037 1242 1186 1280 parit:
1253 1225 1484 1277 Remoto
1527 1263 1541 1288 ,
1607 1235 1872 1274 SALUTEM.

245 1317 480 1382 Quidam
502 1316 571 1370 ab
608 1313 864 1369 Arvernis
893 1313 1168 1388 Belgicam
1194 1319 1391 1382 petens
1445 1311 1701 1380 (persona
1738 1306 1873 1360 mihi

243 1408 472 1481 cognita
516 1413 621 1473 est,
649 1421 816 1461 causa
862 1405 1164 1479 incognita,
1214 1420 1317 1459 nec
1337 1401 1548 1470 refert),
1583 1407 1873 1470 postquam

245 1498 451 1551 Remos
490 1494 808 1559 advenerat,
841 1493 1081 1547 scribam
1133 1498 1285 1546 tuum
1317 1491 1432 1545 sive
1483 1487 1870 1557 bibliOpolam,

245 1588 428 1660 pretio
460 1587 574 1641 fors
604 1585 719 1640 fuat
762 1583 1016 1640 ofﬁciove
1071 1583 1424 1647 demeritum,
1463 1578 1869 1650 c0piosissimo,

242 1675 385 1730 velis
413 1674 579 1740 nolis,
613 1673 1081 1728 declamationum
1116 1680 1332 1726 tuarum
1349 1668 1579 1724 schedio
1600 1665 1868 1721 emunxit.

243 1768 346 1833 Qui
389 1768 562 1822 redux
586 1767 749 1823 nobis
776 1774 942 1837 atque
974 1766 1181 1836 Oppido
1211 1762 1615 1839 gloriabundus
1646 1760 1872 1831 (quippe

1983 587 2228 656 prudens
2258 586 2312 639 in
2343 587 2623 658 eroganda
2679 585 2894 641 Domini
2928 587 3012 640 sui
3059 590 3297 656 pecunia
3338 592 3598 663 viguerit,

1978 678 2334 745 Francorum,
2358 689 2418 733 ut
2437 677 2801 750 praetulimus,
2831 679 2898 733 ab
2922 678 3086 734 idolis
3116 682 3184 734 ad
3217 683 3386 736 Deum
3409 701 3595 739 verum

1978 766 2120 823 facta
2148 785 2248 839 per
2303 770 2483 840 ipsum
2529 769 2726 840 probat
2777 769 3090 836 conversio,
3119 771 3215 840 qui
3270 771 3502 828 Gallicas
3533 790 3599 828 eo

1980 863 2230 927 tempore
2261 859 2491 914 transito
2537 859 2728 913 Rheno
2776 858 3229 928 depredabantur
3263 863 3598 932 provincias,

1979 957 2034 1003 et
2055 949 2409 1024 Agrippinam
2425 951 2540 1018 jam
2571 949 2873 1017 Coloniam,
2909 951 3175 1021 quasdam
3199 968 3422 1026 quoque
3465 956 3602 1010 alias

1978 1047 2382 1108 occupaverant
2443 1039 2630 1094 Galliae
2701 1039 2972 1094 civitates.
3039 1039 3104 1092 At
3164 1049 3454 1112 postquam
3505 1060 3597 1098 rex

1979 1130 2224 1200 ipsorum
2259 1128 2564 1183 Clodoveus
2593 1127 2891 1200 Siagrium,
2938 1129 3243 1183 Romanum
3297 1132 3595 1200 quemdam

1979 1218 2313 1288 principem,
2351 1217 2446 1288 qui
2485 1216 2674 1270 Galliis
2722 1225 2854 1272 tunc
2912 1225 3166 1288 przeerat,
3216 1219 3383 1273 evicit
3430 1229 3595 1292 atque

1977 1309 2234 1382 peremit,
2251 1307 2401 1363 omni
2425 1322 2568 1377 pene
2585 1306 2771 1360 Galliae
2793 1306 3064 1361 dominari
3083 1309 3271 1380 coepit.
3307 1311 3596 1382 Comperta

1977 1409 2281 1464 beatissimi
2341 1417 2620 1480 gestorum
2678 1409 2822 1462 fama
2871 1407 3126 1479 Remigii,
3183 1409 3330 1479 quod
3385 1410 3597 1466 scilicet

1977 1504 2215 1558 eniteret
2247 1502 2451 1556 virtute
2505 1501 2813 1556 sanctitatis
2857 1519 2919 1557 ac
2948 1501 3259 1571 sapientia},
3298 1501 3596 1557 miraculo-

1975 1613 2094 1650 rum
2139 1596 2437 1666 przeclarus
2489 1591 2854 1657 exhibitione,
2913 1592 3269 1646 reverebatur
3335 1608 3483 1657 eum,
3540 1600 3594 1646 et

1975 1685 2104 1739 licet
2125 1700 2390 1755 paganus,
2423 1670 2692 1756 diligebat
2741 1689 2922 1736 tamen
2955 1681 3132 1736 illum.
3167 1682 3281 1744 Quo
3313 1680 3591 1752 quondam

1974 1785 2135 1824 secus
2155 1771 2352 1825 urbem
2395 1771 2688 1824 Remorum
2738 1769 3031 1822 transitum
3063 1768 3320 1833 faciente,
3350 1768 3591 1839 quibus-

244 1858 528 1929 perccptis
586 1866 667 1914 tot
719 1858 1120 1925 voluminibus)
1177 1870 1524 1927 quaecunque
1577 1820 2099 1916 detulerat,Bdam
2154 1859 2425 1914 militibus
2479 1859 2600 1926 ejus
2657 1857 2895 1931 agminis
2938 1820 3589 1930 ablata'qureilajiiirlie-

240 1969 562 2025 quanquam
620 1949 855 2004 mercari
903 1949 1130 2019 paratis,
1192 1947 1341 2018 quod
1402 1946 1560 2011 civis,
1601 1960 1705 1999 nec
1754 1949 1872 1996 erat

242 2047 536 2114 injustum,
566 2057 666 2114 pro
688 2057 919 2096 munere
939 2041 1190 2115 ingessit.
1225 2040 1378 2095 Curae
1409 2038 1545 2093 mihi
1578 2055 1608 2092 e
1634 2034 1870 2107 vestigio

241 2136 368 2199 fuit,
395 2134 595 2204 hisque
641 2132 737 2202 qui
790 2132 1034 2196 student,
1068 2146 1194 2184 eum
1233 2130 1430 2184 merito
1460 2126 1867 2191 lecturiremus,

239 2227 483 2298 plurima
522 2231 734 2290 tenere,
790 2231 987 2278 cuncta
1041 2222 1430 2276 transcribere.
1485 2217 1739 2273 Omnium
1771 2232 1867 2269 as-

235 2335 408 2373 sensu
449 2317 867 2388 pronuntiatum
903 2329 1109 2384 paucos
1139 2329 1286 2367 nunc
1313 2327 1472 2383 posse
1530 2308 1732 2363 similia
1780 2306 1869 2360 di-

236 2419 413 2466 ctare.
449 2409 666 2463 Etenim
699 2423 855 2461 rarus
903 2414 998 2461 aut
1023 2405 1209 2460 nullus
1255 2414 1357 2470 est,
1406 2403 1493 2458 cui
1536 2400 1867 2455 meditaturo

238 2516 343 2569 par
368 2495 898 2567 assistatdispositio
927 2510 1025 2565 per
1047 2509 1258 2556 causas,
1287 2491 1493 2563 positio
1518 2505 1615 2560 per
1633 2489 1864 2553 litteras,

237 2590 575 2662 compositio
620 2604 720 2660 per
775 2587 1034 2659 syllabas.
1079 2585 1157 2638 Ad
1191 2585 1296 2638 hoc
1353 2580 1741 2654 Opportunitas
1807 2577 1863 2630 in

237 2682 532 2752 exemplis,
577 2680 716 2735 fides
773 2679 830 2733 in
869 2677 1224 2742 testimoniis,
1268 2675 1579 2746 proprietas
1628 2673 1682 2725 in
1740 2670 1864 2740 epi-

237 2772 432 2837 thetis,
464 2760 748 2826 urbanitas
804 2768 861 2821 in
895 2767 1110 2840 figuris,
1178 2765 1352 2819 virtus
1408 2763 1464 2817 in
1499 2759 1860 2835 argumentis,

237 2864 462 2935 pondus
502 2863 560 2917 in
616 2861 895 2926 sensibus,
948 2860 1153 2914 flumen
1197 2859 1252 2912 in
1283 2857 1488 2922 verbis,
1543 2854 1756 2910 fulmen
1806 2852 1861 2905 in

236 2959 523 3014 clausulis.
577 2959 860 3012 Structura
915 2970 1046 3010 vero
1119 2953 1276 3009 fortis
1324 2961 1380 3006 et
1400 2951 1576 3017 ﬁrma,
1628 2950 1862 3017 conjun-

235 3049 624 3119 ctionumque,
658 3047 1058 3118 perfacetarum
1116 3059 1253 3098 nexa
1303 3042 1529 3097 caesuris
1585 3037 1862 3094 insolubi-

237 3142 409 3195 libus.
438 3141 546 3195 Sed
569 3155 671 3194 nec
700 3140 833 3194 hinc
863 3138 1047 3192 minus
1075 3135 1289 3191 lubrica
1323 3144 1378 3188 et
1422 3133 1559 3188 levis
1583 3133 1639 3204 [ἰ.
1675 3130 1858 3200 lenis],

234 3249 301 3288 ac
331 3232 514 3287 modis
529 3231 790 3286 omnibus
816 3229 1144 3284 erotundata
1174 3246 1186 3281 :
1219 3242 1454 3298 quaeque
1500 3225 1725 3280 lectoris
1755 3223 1862 3277 lin-

232 3341 400 3398 guam
435 3321 762 3378 inoffensam
806 3322 1068 3377 decenter
1105 3319 1383 3390 expediat,
1428 3333 1497 3372 ne
1551 3316 1862 3371 salebrosas

233 3430 397 3484 passa
436 3413 745 3481 juncturas,
805 3427 905 3483 per
942 3425 1216 3465 cameram
1263 3407 1429 3478 palati
1471 3405 1712 3460 volutata
1742 3402 1865 3457 bal-

232 3505 435 3558 butiat.
465 3505 598 3558 Tota
627 3503 873 3574 denique
905 3501 1116 3574 liquida
1165 3515 1390 3570 prorsus
1416 3507 1472 3553 et
1491 3497 1736 3562 ductilis,
1762 3512 1861 3550 ve-

233 3595 335 3649 luti
369 3611 496 3649 cum
522 3593 866 3664 crystallinas
909 3597 1141 3656 crustas,
1200 3594 1293 3643 aut
1331 3587 1721 3658 onychintinas
1753 3600 1861 3638 non

235 3687 480 3756 impacto
511 3686 760 3759 dignitus
790 3700 976 3756 ungue
1018 3680 1358 3752 perlabitur:
1410 3678 1618 3750 quippe
1649 3675 1693 3730 si
1724 3673 1863 3728 nihil

233 3798 363 3839 cum
393 3778 613 3833 rimosis
633 3776 892 3832 obicibus
917 3780 1206 3844 exceptum
1258 3780 1415 3826 tenax
1447 3771 1655 3824 factura
1689 3768 1856 3838 [0rig.

231 3872 277 3936 ἱ,
312 3868 570 3938 fractura]
614 3873 940 3922 remoretur.
990 3863 1132 3929 Quid
1189 3862 1346 3933 plura
1371 3861 1398 3914 ἲ)
1429 3876 1539 3915 non
1589 3865 1766 3914 exstat
1795 3858 1863 3912 ad

233 3978 487 4034 praesens
514 3961 624 4014 vivi
657 3958 899 4014 hominis
927 3958 1126 4023 oratio,
1177 3971 1342 4027 quam
1376 3953 1576 4024 peritia
1603 3960 1694 4008 tua
1752 3967 1862 4008 non

231 4055 360 4109 sine
392 4052 583 4107 labore
632 4049 913 4124 transgedi
946 4053 1114 4119 queat
1144 4063 1206 4102 ac
1253 4045 1649 4116 supervadere.
1708 4045 1864 4098 Unde

236 4163 416 4220 prope
478 4144 774 4214 suspicor,.
812 4143 1014 4198 domne
1074 4157 1234 4211 papa,
1292 4146 1520 4209 propter
1578 4137 1863 4209 eloquium

235 4237 530 4292 exundans
560 4242 724 4305 atque
756 4231 1039 4287 ineffabile
1064 4230 1245 4299 (venia
1276 4229 1347 4282 sit
1376 4228 1544 4297 dicto}
1587 4236 1637 4281 te
1659 4243 1861 4298 super-

235 4329 385 4383 bire.
419 4325 525 4380 Sed
557 4325 688 4379 licet
719 4323 868 4379 bono
896 4321 1128 4394 fulgeas,
1165 4327 1222 4374 ut
1252 4318 1631 4385 conscientiae,
1663 4319 1742 4374 sic
1770 4319 1862 4372 di-

236 4417 450 4474 ctionis
466 4413 892 4470 ordinatissimae
927 4430 941 4477 ;
969 4427 1071 4465 nos
1088 4418 1269 4465 tamen
1291 4410 1390 4465 tibi
1423 4409 1654 4464 minime
1675 4423 1866 4463 sumus

237 4507 580 4583 refugiendi,
631 4506 725 4577 qui
778 4505 922 4559 bene
969 4503 1173 4574 scripta
1231 4503 1543 4573 laudamus,
1593 4504 1696 4558 etsi
1749 4503 1862 4558 lau-

237 4603 429 4658 danda
478 4615 587 4654 non
627 4598 944 4653 scribimus.
979 4598 1245 4661 Quocirca
1275 4596 1546 4652 desinein
1581 4605 1863 4668 posterum

239 4702 433 4748 nostra
477 4689 758 4745 declinare
796 4689 1030 4759 judicia,
1081 4705 1206 4759 qua:
1236 4688 1375 4742 nihil
1425 4689 1673 4754 mordax,
1728 4691 1870 4745 nihil

237 4795 469 4853 quoque
496 4779 778 4833 minantur
808 4778 1263 4848 increpatorium.
1309 4777 1568 4850 Alioquin
1615 4779 1660 4832 si
1694 4779 1872 4834 distu-

239 4870 376 4925 leris
417 4875 660 4924 nostram
700 4867 1050 4922 sterilitatem
1083 4866 1336 4921 facundis
1367 4866 1662 4922 fecundare
1695 4867 1871 4923 collo-

236 4963 412 5036 quiis,
445 4961 850 5033 aucupabimur
904 4959 1183 5014 nundinas
1231 4961 1594 5032 involantum,
1637 4969 1692 5016 et
1727 4963 1871 5018 ultro

236 5052 450 5108 scrinia
487 5058 603 5115 tua,
636 5049 1068 5105 conniventibus
1117 5049 1280 5104 nobis
1308 5066 1372 5105 ac
1413 5050 1870 5116 subornantibus,

237 5142 597 5198 effractorum
627 5155 824 5195 manus
843 5149 1036 5211 arguta
1053 5140 1413 5212 populabitur
1436 5158 1448 5194 :
1473 5141 1874 5212 inchoabisque

238 5243 376 5287 tunc
405 5231 610 5286 frustra
659 5229 868 5286 moveri
900 5230 1170 5302 spoliatus
1201 5231 1366 5297 furto,
1399 5231 1443 5284 si
1472 5247 1620 5286 nunc
1653 5239 1875 5305 rogatus

241 5336 358 5377 non
383 5318 624 5374 moveris
655 5318 861 5374 officio.
890 5340 920 5370 ι)
1665 5330 1667 5333 ·

876 5412 1086 5468 CAPUT
1115 5414 1253 5468 XIII.

641 5507 715 5558 De
758 5508 1096 5560 conversione
1123 5509 1480 5573 Francorum,

313 5593 488 5662 Cujus
519 5601 702 5647 autem
733 5594 1066 5664 prudentia),
1091 5611 1252 5666 quam
1283 5597 1458 5651 sancti
1491 5597 1660 5652 studii
1691 5607 1877 5656 noster

318 5761 386 5826 (4i)
434 5759 612 5814 Locus
643 5758 940 5815 divisionis
969 5761 1071 5816 fuit
1100 5761 1295 5818 civitas
1320 5764 1702 5821 Suessionum.

1888 4553 1946 4623 D

1974 1954 2181 2009 mensis
2211 1953 2466 2007 Ecclesiae
2496 1968 2624 2006 vasa
2682 1950 3016 2006 referuntur.
3078 1950 3150 2003 Ea
3198 1950 3345 2004 inter
3394 1964 3593 2002 urceus

1971 2048 2138 2101 etiam
2173 2061 2406 2118 magnus
2446 2052 2763 2116 argenteus,
2822 2050 2876 2097 et
2918 2042 3120 2096 decora
3178 2038 3592 2110 pulchritudine

1969 2142 2245 2206 comptus,
2277 2148 2376 2204 pro
2426 2148 2538 2203 quo
2570 2131 2767 2185 beatus
2815 2129 3098 2200 Remigius
3127 2129 3338 2202 legatos
3367 2127 3432 2181 ad
3462 2142 3588 2181 eum

1970 2226 2239 2280 direxisse
2271 2222 2525 2287 traditur,
2573 2230 2632 2276 ut
2682 2220 2836 2273 illum
2881 2221 3074 2274 saltem
3129 2220 3377 2289 recipere
3411 2234 3592 2271 mere-

1969 2329 2138 2376 retur.
2164 2325 2252 2375 Ast
2283 2318 2379 2373 ubi
2411 2318 2480 2371 ad
2507 2317 2688 2371 locum
2721 2314 3012 2369 divisionis
3051 2313 3121 2382 (4)
3147 2313 3344 2382 przedae
3365 2318 3589 2365 ventum

1969 2421 2073 2476 est,
2125 2416 2282 2481 rogat
2316 2424 2410 2461 rex
2441 2405 2648 2460 milites
2685 2419 2834 2470 suos,
2896 2411 2956 2456 ut
2985 2403 3166 2472 ipsum
3214 2401 3321 2454 sibi
3356 2401 3485 2455 dare
3525 2417 3593 2454 ne

1968 2512 2203 2560 renuant
2236 2516 2484 2555 urceum.
2521 2497 2778 2552 Pluribus
2808 2497 2978 2571 igitur
3007 2495 3408 2561 annuentibus,
3463 2495 3592 2565 qui-

1965 2603 2090 2655 dam
2116 2599 2358 2652 Francus
2396 2590 2630 2662 bipenni
2658 2589 2974 2659 percutiens
3005 2603 3254 2649 urceum,
3289 2585 3427 2638 nihil
3461 2583 3590 2637 hinc

1964 2715 1995 2752 a
2026 2709 2156 2765 rege
2214 2688 2320 2742 nisi
2369 2693 2518 2741 sorte
2567 2683 2872 2737 tollendum
2939 2682 3259 2751 proclamat.
3313 2681 3588 2751 Obstupe-

1967 2787 2124 2844 factis
2145 2786 2248 2838 hac
2281 2778 2592 2834 temeritate
2623 2776 2857 2839 cazteris,
2889 2791 2984 2829 rex
3028 2773 3285 2842 injuriam
3316 2775 3589 2843 patientes

1964 2882 2033 2936 ad
2060 2887 2278 2947 tempus
2300 2873 2562 2935 tolerans,
2596 2869 3030 2938 apprehensum,
3065 2866 3319 2937 plurimis
3353 2867 3588 2921 faventi-

1962 2974 2087 3036 bus,
2121 2967 2402 3024 vasculum
2436 2961 2812 3016 ecclesiastico
2834 2959 3078 3013 reddidit
3100 2959 3285 3026 misso,
3319 2959 3454 3012 iram
3482 2959 3586 3013 sub

1962 3065 2127 3120 corde
2160 3069 2356 3116 tectam
2393 3071 2699 3109 reservans.
2737 3054 2964 3107 Peracto
2996 3051 3240 3121 denique
3279 3066 3424 3104 anno
3448 3067 3589 3105 cun-

1921 3185 1936 3204 π
1963 3166 2110 3213 ctum
2142 3152 2226 3207 sui
2252 3150 2528 3206 exercitus
2558 3152 2882 3216 apparatum
2898 3143 3061 3197 solito
3093 3141 3317 3212 prodire
3342 3141 3504 3206 jubet
3531 3142 3586 3194 in

1962 3260 2238 3315 campum,
2264 3247 2324 3294 ut
2353 3252 2628 3294 armorum
2663 3232 2982 3303 Speculetur
3000 3232 3069 3285 de
3102 3248 3252 3286 more
3299 3232 3534 3286 nitorem
3572 3248 3584 3284 :

1964 3354 2128 3409 quem
2161 3338 2515 3395 conventum,
2548 3345 2578 3382 a
2616 3327 2805 3392 Marte,
2836 3325 3086 3379 Martium
3116 3340 3312 3381 vocare
3349 3341 3588 3381 consue-

1964 3434 2173 3483 verant.
2201 3424 2310 3477 Rex
2343 3434 2475 3493 ergo
2506 3418 2804 3472 instructas
2845 3415 3178 3471 circumiens
3209 3417 3312 3473 rite
3346 3418 3584 3488 phalan-

1964 3532 2080 3588 ges,
2105 3516 2172 3570 ad
2223 3531 2350 3569 eum
2399 3513 2494 3583 qui
2544 3510 2751 3564 dudum
2797 3521 3148 3580 percusserat
3190 3527 3415 3565 urceum
3459 3527 3588 3581 per-

1963 3605 2134 3661 venit.
2170 3605 2482 3676 spretisque
2532 3601 2709 3673 ipsius
2765 3598 2954 3667 armis,
2997 3599 3116 3666 ejus
3167 3598 3385 3653 tandem
3437 3599 3587 3652 fran-

1964 3701 2165 3756 ciscam
2213 3695 2448 3769 projecit
2493 3694 2547 3748 in
2596 3700 2796 3747 terram
2830 3733 2844 3758 ,
2900 3691 2968 3743 ad
3019 3707 3184 3761 quam
3210 3691 3583 3762 recipiendam

1966 3795 2228 3850 inclinato
2243 3789 2404 3844 militi
2440 3806 2532 3843 rex
2566 3789 2622 3842 in
2642 3794 2808 3857 caput
2837 3800 2992 3839 suam
3033 3783 3226 3857 defigit
3257 3783 3581 3854 bipennem,

1964 3899 2128 3953 quam
2158 3881 2374 3952 pridem
2409 3879 2463 3932 in
2493 3893 2620 3932 vase
2645 3882 3077 3949 perpetraverat,
3109 3889 3231 3927 cum
3277 3874 3583 3944 increpita-

1965 3972 2134 4028 tionis
2161 3971 2484 4037 acerbitate,
2518 3983 2896 4024 rememorans
2922 3964 3434 4036 praesumptionem.
3469 3966 3585 4030 Quo

1965 4063 2045 4118 sic
2071 4063 2427 4130 interempto,
2460 4059 2627 4113 timor
2648 4058 2845 4129 ingens
2870 4055 3016 4129 regis
3039 4055 3139 4109 hac
3159 4070 3326 4124 super
3351 4054 3586 4121 ultione,

1966 4159 2292 4208 cmterorum
2339 4147 2664 4220 prestringit
2721 4147 2887 4202 corda
2940 4146 3294 4199 Francorum.
3330 4145 3392 4197 At
3425 4151 3585 4214 post-

1967 4260 2130 4315 quam
2163 4241 2469 4295 Clodoveus
2495 4238 2849 4311 Thoringiam
2889 4237 2996 4291 sibi
3023 4236 3362 4306 provinciam
3395 4235 3590 4303 subju-

1967 4334 2136 4407 gavit,
2161 4338 2215 4386 et
2243 4346 2472 4403 regnum
2497 4330 2581 4383 vel
2615 4328 2885 4382 ditionem
2935 4342 3089 4380 suam
3117 4325 3386 4390 dilatavit,
3420 4326 3586 4380 etiam

1967 4425 2308 4490 Rothildim,
2359 4422 2527 4476 filiam
2588 4420 2924 4492 Chilperici,
2982 4419 3164 4473 fratris
3221 4419 3586 4474 Gundebaudi

1969 4513 2423 4586 Burgundionum
2454 4510 2623 4582 regis,
2649 4510 2705 4563 in
2734 4508 3145 4563 matrimonium
3171 4511 3426 4580 sumpsit.
3463 4511 3590 4575 Qum

1971 4621 2095 4661 cum
2153 4611 2300 4657 esset
2349 4601 2655 4655 Christiana
2713 4606 2767 4654 et
2815 4598 2960 4654 ﬁlios
3005 4615 3070 4653 ex
3126 4617 3254 4674 rege
3304 4608 3594 4672 susceptos

1972 4693 2301 4764 baptismate
2342 4690 2675 4756 consecrari,
2731 4690 2930 4744 marito
2963 4704 3186 4760 quoque
3221 4689 3468 4755 nolente,
3501 4690 3588 4744 fe-

1971 4785 2155 4848 cisset,
2189 4783 2354 4836 etiam
2376 4781 2553 4835 virum
2575 4780 2641 4834 ad
2677 4780 2875 4834 Christi
2901 4778 3065 4833 fidem
3098 4781 3402 4850 perducere
3421 4797 3592 4835 cona-
3660 4805 3663 4814 ·

1971 4874 2152 4927 batur.
2182 4871 2288 4926 Sed
2321 4870 2567 4925 animum
2614 4869 2837 4924 barbari
2898 4869 3098 4923 mulier
3140 4870 3208 4923 ad
3253 4871 3590 4926 credendum

1973 4963 2196 5016 ﬂectere
2229 4976 2337 5016 non
2369 4960 2604 5014 valebat.
2645 4961 2857 5014 Interea
2889 4958 3098 5012 bellum
3147 4959 3369 5013 Francis
3396 4961 3594 5015 adver-

1971 5067 2065 5106 sus
2103 5050 2436 5104 Alemannos
2467 5049 2687 5114 accidit,
2745 5059 2799 5103 et
2830 5047 3050 5102 Francis
3080 5049 3229 5103 crede
3262 5049 3431 5103 nimia
3462 5066 3592 5105 cor-

1974 5143 2288 5210 ruentibus,
2343 5158 2435 5195 rex
2487 5141 2554 5194 ab
2588 5141 2882 5195 Aureliano
2913 5140 3233 5195 consiliario
3263 5157 3362 5195 suo
3391 5143 3596 5198 suade-

1976 5243 2084 5301 tur,
2118 5243 2178 5289 ut
2208 5233 2507 5288 credensin
2538 5232 2813 5286 Christum
2848 5233 3142 5303 ipsumque
3161 5250 3344 5308 regem
3381 5252 3592 5308 regum,

1975 5337 2030 5382 et
2066 5327 2190 5381 coeli
2231 5343 2296 5380 ac
2353 5335 2512 5380 terrae
2563 5325 2733 5378 Deum
2781 5323 3072 5390 confitens,
3123 5325 3361 5393 invocet,
3418 5329 3512 5400 qui
3546 5329 3597 5384 ei

1973 5419 2262 5474 victoriam
2311 5434 2409 5488 pro
2440 5417 2582 5472 velle
2630 5417 2803 5487 possit
2850 5416 3124 5472 conferre.
3158 5419 3313 5483 Quod
3358 5436 3482 5474 cum
3516 5421 3600 5476 fe-

1975 5511 2162 5574 cisset,
2185 5507 2498 5579 Christique
2524 5505 2845 5579 suffragium
2871 5507 2984 5575 jam
3017 5507 3247 5563 devotus
3274 5511 3595 5580 expetisset,

1977 5601 2336 5672 fiendumque
2380 5617 2439 5655 se
2498 5599 2868 5656 Christianum
2927 5601 3186 5669 vovisset,
3242 5603 3286 5656 si
3336 5603 3594 5658 virtutem
