3884 6480
726 107 2219 133 W

313 445 449 499 51‘

1432 440 1797 496 FLODOARDI
1841 438 2147 494 CANONICI
2187 438 2517 494 REMENSIS

2238 107 2539 121 γ’-

3593 444 3675 497 52

318 576 495 647 ipsius
514 575 572 630 in
597 574 871 646 capiendo
891 575 1179 632 victoriam
1197 572 1435 644 experiri
1471 572 1764 627 meruisset
1783 588 1796 624 :
1815 577 1938 642 post
1969 575 2015 640 Α
2041 570 2405 642 subsequenti
2435 569 2815 627 consolatione
2845 570 3144 639 demulcet,
3177 578 3238 626 ut
3258 571 3467 643 quibus
3496 590 3682 645 appa-

322 665 486 734 hujus
537 659 649 720 voti
683 664 1143 735 pollicitationem
1190 678 1315 717 mox
1358 661 1412 714 in
1446 660 1629 732 fugam
1651 668 1941 715 vertuntur

319 756 630 824 Alemanni,
644 771 944 829 regemque
955 770 1113 809 suum
1137 751 1544 823 comperientes
1565 749 1935 815 interfectum,

323 845 582 902 Clodovei
613 860 673 899 se
700 843 1180 899 subduntditioni.
1224 842 1370 905 Quos
1394 840 1487 894 ille
1513 841 1616 895 sub
1641 841 1777 913 jugo
1807 857 1940 896 con-

323 936 561 991 stituens
576 933 890 998 tributario,
925 932 1220 986 revertitur
1247 930 1424 986 victor
1453 931 1511 984 in
1527 947 1647 995 sua,
1675 931 1940 1003 gaudium

324 1026 570 1081 referens
598 1040 859 1097 magnum
892 1023 1129 1097 reginae,
1184 1023 1334 1093 quod
1387 1023 1457 1077 ad
1510 1023 1939 1089 invocationem,

324 1118 556 1185 scilicet,
588 1114 786 1169 Christi
828 1113 1089 1181 nominis,
1150 1114 1437 1169 victoriam
1493 1115 1759 1189 meruerit
1785 1115 1941 1171 obti-

326 1223 476 1261 nere.
499 1206 647 1260 Tunc
668 1202 859 1276 regina
889 1203 1117 1258 beatum
1165 1203 1478 1278 Remigium
1521 1214 1700 1272 vocat,
1733 1206 1941 1276 depre—

324 1295 715 1369 cans,ut‘regi
770 1294 915 1349 viam
967 1295 1164 1351 salutis
1199 1296 1472 1352 ostendat.
1526 1298 1697 1361 Quem
1722 1304 1946 1353 sanctus

325 1385 586 1440 sacerdos
615 1383 868 1439 doctrina
892 1384 1020 1440 vitae
1070 1384 1329 1441 salutaris
1378 1384 1701 1454 informans,
1743 1387 1813 1442 ad
1844 1387 1946 1443 ba-

327 1476 510 1549 ptismi
543 1483 859 1532 commonet
880 1476 1073 1532 venire
1093 1483 1454 1532 sacramenta.
1490 1478 1584 1533 llle
1599 1494 1657 1534 se
1679 1482 1943 1552 p0pulum

325 1582 494 1637 super
525 1565 613 1620 his
663 1566 1010 1620 exhortatum
1069 1564 1149 1620 ire
1179 1566 1548 1636 respondens,
1580 1567 1734 1623 affari
1764 1571 1951 1626 studet

325 1656 650 1727 exercitum,
681 1664 742 1711 ut
767 1656 923 1722 deos,
956 1656 1051 1727 qui
1097 1656 1181 1711 eis
1208 1658 1505 1712 subvenire
1536 1675 1645 1714 non
1674 1668 1949 1731 poterant,

327 1749 671 1813 deserentes,
696 1746 874 1817 ipsius
902 1747 1113 1802 cultum
1141 1747 1510 1819 susciperent,
1542 1748 1638 1820 qui
1669 1757 1781 1804 tam
1812 1766 1953 1821 prae-

328 1840 532 1895 claram
560 1837 796 1909 largitus
819 1838 902 1893 eis
930 1838 1218 1894 victoriam
1251 1839 1448 1896 fuerat.
1477 1840 1790 1897 Conclamat
1811 1842 1955 1896 mul-

331 1930 532 1992 titudo,
588 1930 779 1985 divina
837 1946 899 1985 se
945 1930 1323 2001 praeveniente
1368 1933 1564 2006 gratia,
1606 1934 1867 1989 mortales
1894 1950 1953 1989 se

330 2022 467 2076 deos
500 2019 840 2091 relinquere,
869 2026 1038 2092 atque
1065 2020 1122 2074 in
1154 2020 1427 2076 Christum
1450 2022 1544 2094 qui
1567 2023 1673 2077 sibi
1694 2025 1954 2095 praesidio

333 2112 532 2175 fuerat,
565 2111 816 2166 credere.
841 2111 1177 2167 Nuntiantur
1202 2113 1320 2169 haec
1349 2122 1539 2170 sancto
1570 2115 1842 2191 Remigio,
1858 2118 1954 2189 qui

333 2216 533 2275 magno
561 2200 806 2271 repletus
824 2201 1052 2273 gaudio,
1085 2217 1272 2274 regem
1292 2203 1696 2277 populumque,
1719 2207 1958 2279 qualiter

334 2288 557 2346 diabolo
584 2298 641 2343 et
664 2289 932 2359 operibus
957 2305 1021 2345 ac
1040 2290 1453 2362 pompisipsius
1473 2294 1954 2365 abrenuntiantes,

334 2380 506 2434 Deum
535 2395 727 2435 verum
766 2380 994 2435 credere
1047 2379 1291 2436 debeant
1322 2382 1597 2440 instruere
1628 2386 1827 2461 satagit
1856 2405 1870 2454 ;
1903 2398 1959 2445 et

335 2472 467 2544 quia
490 2472 765 2543 paschalis
794 2471 1118 2527 solemnitas
1147 2472 1496 2543 imminebat,
1530 2476 1727 2534 indicit
1754 2479 1835 2535 eis
1873 2480 1961 2550 je-

331 2563 551 2632 junium
577 2563 735 2633 juxta
758 2578 968 2620 morem
1001 2561 1269 2619 fidelium.

413 2652 506 2707 Die
536 2668 664 2707 vero
695 2652 973 2709 Passionis
1000 2652 1319 2720 Dominicae,
1351 2654 1532 2725 pridie
1559 2656 1772 2715 scilicet
1802 2667 1960 2714 ante-

334 2761 498 2815 quam
524 2744 786 2815 baptismi
807 2745 1041 2819 gratiam
1073 2748 1385 2818 percepturi
1427 2757 1603 2814 erant,
1650 2758 1772 2821 post
1803 2754 1961 2824 hym-

337 2849 454 2899 nos,
505 2849 812 2906 precesque
862 2844 1180 2903 nocturnas,
1251 2837 1453 2907 praesul
1513 2839 1726 2910 regium
1775 2841 1960 2898 cubile

336 2924 517 2996 petiit,
551 2932 611 2979 ut
639 2924 895 2982 absoluto
943 2927 1092 2982 curis
1134 2930 1495 2986 saecularibus
1548 2949 1699 3005 rege,
1731 2933 1963 2990 liberius

337 3015 388 3070 ei
439 3017 787 3073 committere
831 3035 988 3075 sacra
1043 3021 1251 3077 valeret
1297 3024 1560 3094 mysteria
1608 3026 1783 3081 verbi.
1847 3027 1962 3092 Quo

340 3113 657 3160 reverenter
734 3123 766 3161 a
837 3107 1125 3164 cubilariis
1181 3110 1453 3178 admisso,
1526 3129 1620 3169 rex
1668 3115 1965 3185 prosiliens

338 3198 537 3253 obvius
589 3197 844 3254 alacriter
881 3201 1141 3267 occurrit,
1184 3211 1240 3256 et
1305 3202 1604 3258 oratorium
1657 3204 1965 3261 beatissimi

339 3290 715 3360 apostolorum
768 3290 1038 3363 principis
1085 3292 1253 3359 Petri,
1301 3292 1560 3348 cubiculo
1617 3295 1764 3367 regis
1821 3295 1960 3351 forte

340 3381 686 3452 contiguum,
719 3381 927 3452 pariter
968 3382 1377 3455 ingrediuntur.
1404 3382 1651 3455 Cumque
1682 3384 1967 3455 dispositis

340 3470 633 3534 sedilibus,
668 3470 940 3542 pontifex,
995 3488 1085 3526 rex
1118 3480 1283 3543 atque
1321 3472 1511 3544 regina
1559 3475 1965 3543 consedissent,

343 3563 674 3619 intromissis
741 3564 1077 3634 quibusdam
1134 3566 1375 3631 clericis,
1436 3568 1533 3622 sed
1588 3577 1642 3623 et
1684 3569 1967 3641 aliquibus

345 3652 459 3723 regi
487 3652 816 3707 necessariis
863 3669 927 3708 ac
965 3654 1304 3721 domesticis,
1352 3664 1406 3710 et
1444 3658 1781 3713 venerabilis
1811 3660 1968 3714 Pater

344 3757 529 3814 regem
568 3742 799 3797 monitis
829 3742 1109 3799 imbueret
1159 3744 1517 3813 salutaribus,
1573 3749 1640 3803 ad
1692 3750 1963 3805 corrobo—

344 3836 568 3890 randam
589 3836 929 3891 salutiferam
973 3838 1159 3894 fidelis
1202 3839 1345 3895 servi
1370 3840 1455 3895 sui
1488 3841 1816 3908 doctrinam,
1850 3843 1963 3898 Do-

342 3924 526 3977 minus
556 3923 720 3978 etiam
749 3924 1047 3981 visibiliter
1075 3926 1336 3997 dignatus
1378 3938 1461 3983 est
1492 3931 1809 3999 ostendere,
1842 3948 1965 3987 sese

343 4010 602 4067 ﬁdelibus
632 4012 687 4067 in
710 4015 935 4070 nomine
966 4031 1067 4071 suo
1112 4017 1482 4090 congregatis.
1519 4025 1579 4074 ut
1611 4020 1962 4090 promiserat,

341 4118 558 4173 semper
586 4102 783 4158 adesse
827 4106 1046 4172 (Matth.
1081 4121 1235 4172 xvnr,
1288 4105 1400 4174 ΞΟ).
1442 4106 1688 4179 Repente
1722 4127 1962 4183 namque

342 4195 432 4248 lux
455 4201 564 4248 tam
596 4195 823 4267 cepiosa
873 4203 1042 4252 totam
1098 4197 1333 4268 replevit
1378 4199 1692 4269 ecclesiam,
1745 4210 1804 4258 ut
1831 4203 1964 4259 solis

341 4285 625 4341 videretur
661 4287 922 4343 evincere
957 4289 1283 4345 claritatem.
1341 4291 1461 4347 Mox
1509 4310 1635 4349 cum
1684 4297 1805 4352 luce
1859 4313 1962 4353 vox

343 4375 483 4429 facta
512 4383 616 4442 est,
667 4375 928 4448 inquiens
961 4395 974 4432 :
1017 4378 1125 4433 Pax
1165 4379 1345 4447 vobis,
1378 4397 1481 4454 ego
1510 4399 1653 4449 sum,
1688 4384 1860 4440 nolite
1894 4387 1963 4441 ti-

342 4484 490 4521 mere
552 4470 698 4523 tLuc.
759 4486 905 4537 xxiv,
956 4469 1064 4539 36).
1123 4471 1334 4527 Manete
1395 4472 1449 4527 in
1490 4474 1791 4533 dilectione
1840 4496 1963 4536 mea

343 4556 514 4624 (Ιοαη.
567 4574 654 4624 xv,
693 4557 765 4627 9).
809 4559 937 4616 Post
968 4577 1090 4632 quae
1119 4561 1289 4618 verba
1320 4565 1409 4619 lux
1465 4583 1589 4638 quae
1641 4568 1960 4638 advenerat,

2041 658 2443 730 ruitpatribus,
2485 660 2725 730 primum
2755 659 2982 731 quidem
3040 675 3299 731 pavorem
3348 660 3676 719 incusserit.

2040 758 2097 805 at
2125 759 2316 820 postea
2357 767 2456 823 per
2487 752 2710 822 pietatis
2756 751 2992 826 gratiam
3025 752 3232 808 laetitiae
3282 752 3677 808 blandimenta

2040 840 2329 898 refuderit.
2390 843 2688 899 lrradiatus
2717 861 2942 918 quoque
2969 846 3054 901 vir
3082 843 3440 901 beatissimus
3480 844 3678 899 Remi-

2041 935 2187 1009 gius,
2216 943 2278 990 ut
2303 935 2568 1005 exterius,
2585 938 2792 994 veteris
2834 937 3086 1009 exemplo
3108 936 3461 1010 legislatoris,
3478 937 3677 992 vultus

2044 1030 2434 1094 illustrations,
2467 1030 2563 1096 ita,
2622 1031 2910 1103 multoque
2960 1031 3158 1104 magis,
3203 1029 3459 1095 interius,
3491 1028 3677 1083 divini

2044 1121 2277 1196 fulgoris
2303 1122 2735 1190 illuminatione,
2758 1122 2959 1194 spiritu
2978 1122 3332 1194 prophetico,
3355 1138 3478 1194 quas
3505 1123 3674 1194 ipsis.

2043 1216 2131 1271 vel
2161 1231 2353 1271 eorum
2411 1215 2596 1271 forent
2627 1225 2897 1271 eventura
2928 1216 3226 1288 prosapiae,
3266 1216 3504 1272 traditur
3530 1232 3685 1288 prae-

2045 1309 2275 1364 dixisse.
2306 1307 2594 1372 Quomodo
2617 1306 3089 1364 videliceteorum
3116 1308 3415 1379 posteritas
3442 1324 3682 1381 regnum

2046 1395 2313 1451 nobiliter
2340 1402 2487 1450 esset
2513 1404 2904 1467 propagatura,
2933 1395 3233 1452 Ecclesium
3264 1412 3486 1469 quoque
3518 1397 3689 1455 Chri-

2046 1486 2115 1541 sti
2147 1482 2534 1550 sublimatura,
2568 1484 2924 1556 Romanaque
2941 1484 3212 1559 dignitate
3240 1484 3328 1539 vel
3375 1499 3549 1557 regno
3569 1501 3684 1556 po-

2052 1574 2237 1640 titura,
2269 1581 2325 1629 et
2352 1572 2611 1628 victorias
2666 1579 2858 1628 contra
2888 1573 3130 1644 impetus
3157 1573 3389 1629 aliarum
3418 1574 3678 1647 gentium

2048 1671 2397 1735 perceptura,
2428 1662 2473 1716 si
2501 1678 2613 1717 non
2638 1678 2672 1716 a
2698 1661 2848 1717 bono
2876 1662 3299 1735 degenerantes,
3313 1661 3509 1718 salutis
3527 1663 3677 1718 viam

2051 1752 2188 1807 forte
2215 1751 2614 1823 relinquerent,
2668 1760 2723 1806 et
2773 1751 2980 1822 quibus
3032 1752 3175 1806 Deus
3201 1750 3500 1807 offenditur
3545 1768 3681 1808 see-

2052 1842 2168 1896 lera
2220 1841 2548 1905 consectari,
2583 1840 2969 1911 pestiferorum
3017 1840 3278 1895 vitiorum
3327 1841 3556 1912 laqueos
3586 1842 3684 1896 in-

1982 1938 2357 2037 Bcurrerent,
2414 1930 2620 2002 quibus
2666 1945 2837 2002 regna
2874 1929 3145 1993 subverti,
3193 1938 3359 2002 atque
3389 1930 3459 1986 de
3506 1938 3684 2005 gente

2054 2022 2237 2075 solent
2282 2020 2337 2074 in
2378 2027 2601 2093 gentem
2642 2019 2927 2075 transferri
2975 2021 3158 2088 (Eccli.
3203 2038 3260 2088 x,
3316 2022 3387 2091 8).
3441 2022 3482 2075 A
3511 2022 3685 2077 domo

2055 2108 2302 2180 denique
2332 2109 2481 2180 regis
2508 2108 2677 2162 eundi
2695 2108 2764 2163 ad
2780 2109 3170 2179 baptisterium
3200 2110 3289 2165 via
3318 2119 3688 2182 praeparatur,

2056 2201 2179 2255 vela
2220 2200 2564 2271 cortinaque
2628 2201 3060 2272 appenduntur,
3114 2202 3246 2257 hinc
3296 2203 3430 2258 inde
3485 2204 3691 2275 plateae

2057 2298 2381 2347 sternuntur
2413 2309 2428 2357 ;
2462 2292 2700 2346 ecclesia
2728 2291 3101 2361 componitur,
3132 2291 3533 2363 baptisterium
3562 2294 3694 2349 bal-

2059 2399 2233 2449 samo,
2266 2384 2598 2455 caeterisque
2644 2384 3025 2439 odoramentis
3071 2385 3402 2458 aspergitur,
3445 2394 3691 2443 tantam-

2060 2493 2170 2547 que
2225 2476 2489 2532 Dominus
2535 2478 2743 2547 populo
2791 2476 3023 2548 gratiam
3084 2476 3562 2541 subministrabat,
3628 2486 3692 2534 ut

2063 2565 2331 2621 odoribus
2355 2582 2414 2620 se
2443 2566 2686 2636 paradisi
2718 2567 2954 2624 refoveri
2993 2569 3280 2643 gauderet.
3313 2568 3513 2639 Sicque
3543 2584 3694 2639 pm-

2058 2656 2390 2711 cedentibus
2418 2657 2782 2713 sacrosanctis
2812 2658 3146 2730 Evangeliis,
3192 2667 3248 2713 et
3278 2659 3541 2714 crucibus
3560 2674 3692 2714 cum

2058 2736 2301 2818 litaniis,
2349 2748 2570 2819 hymnis
2626 2757 2682 2803 et
2731 2749 2965 2805 canticis
3007 2750 3353 2819 spiritalibus
3384 2792 3399 2819 ,
3441 2767 3698 2807 summus

2062 2836 2311 2907 pontifex
2357 2852 2580 2892 manum
2608 2844 2804 2892 tenens
2850 2837 3016 2910 regis,
3068 2837 3447 2908 subsequente
3500 2840 3698 2914 regina

2062 2944 2189 2983 cum
2219 2928 2448 2997 populo,
2481 2927 2550 2982 ab
2581 2927 2707 2983 aula
2737 2927 2918 3001 pergit
2960 2928 3027 2983 ad
3070 2928 3479 2999 baptisterium.
3516 2931 3583 2985 Et
3611 2931 3700 2986 in-

2065 3022 2148 3069 ter
2175 3015 2420 3069 eundum
2455 3032 2546 3069 rex
2577 3016 2848 3089 rogitasse
2897 3016 3071 3071 fertur
3109 3016 3460 3088 episcopum,
3512 3035 3587 3074 an
3639 3020 3697 3074 id

2066 3114 2183 3161 erat
2213 3107 2329 3171 Dei,
2364 3108 2512 3179 quod
2561 3108 2669 3163 sibi
2728 3108 3055 3179 promiserat
3112 3124 3365 3181 regnum.
3415 3108 3536 3163 Non
3566 3111 3696 3176 hoc,

2067 3196 2268 3267 praesul
2314 3198 2516 3269 inquit,
2567 3197 2706 3252 illud
2762 3207 2846 3251 est
2903 3212 3160 3270 regnum,
3202 3196 3301 3250 sed
3335 3196 3559 3251 initium
3587 3198 3693 3253 via:

2063 3306 2173 3359 qua
2200 3290 2524 3360 pervenitur
2553 3290 2621 3344 ad
2672 3290 2876 3360 ipsum.
2930 3289 3031 3344 Ubi
3062 3304 3193 3345 vero
3225 3288 3293 3343 ad
3321 3300 3695 3360 praeparatum

2066 3378 2382 3449 baptisterii
2426 3386 2751 3449 perventum
2789 3385 2873 3433 est
2920 3378 3125 3444 locum,
3175 3377 3412 3432 clericus
3456 3378 3701 3434 chrisma

2068 3471 2253 3525 ferens
2284 3487 2313 3526 a
2371 3472 2581 3542 pepulo
2638 3472 2982 3542 interceptus
3019 3471 3090 3525 ad
3136 3470 3346 3525 fontem
3377 3470 3701 3543 pertingere

2068 3560 2292 3629 penitus
2332 3567 2415 3614 est
2446 3559 2766 3631 impeditus.
2825 3557 3177 3615 Sanctificato
3229 3559 3472 3630 denique
3525 3558 3702 3623 fonte,

2067 3658 2203 3704 nutu
2236 3648 2426 3705 divino
2458 3650 2700 3705 chrisma
2730 3648 2927 3703 defuit.
2961 3648 3198 3703 Sanctus
3236 3656 3420 3702 autem
3448 3645 3704 3718 pontifex

2067 3741 2245 3796 oculis
2301 3741 2368 3795 ad
2422 3740 2622 3795 cmlum
2678 3738 2969 3810 porrectis,
3027 3737 3192 3792 tacite
3248 3735 3482 3791 traditur
3512 3751 3703 3790 orasse

2067 3850 2193 3888 cum
2224 3832 2500 3904 lacrymis.
2537 3833 2598 3886 Et
2617 3848 2744 3888 ecce
2784 3830 2971 3886 subito
3007 3830 3287 3896 columba,
3316 3845 3419 3884 ceu
3452 3828 3568 3895 nix,
3600 3828 3701 3883 ad-

2065 3920 2212 3976 volat
2243 3921 2500 3987 candida,
2560 3928 2735 3975 rostro
2791 3918 3053 3974 deferens
3097 3918 3397 3990 ampullam
3454 3918 3702 3973 caelestis

2065 4010 2196 4065 doni
2229 4009 2527 4065 chrismate
2576 4009 2865 4080 repletam.
2900 4007 3067 4077 Cujus
3092 4008 3283 4063 odoris
3333 4006 3578 4063 mirabili
3612 4022 3701 4062 re-

2062 4101 2240 4174 spersi
2274 4110 2519 4167 nectare,
2551 4098 2935 4155 inaestimabili
2967 4099 3063 4170 qui
3095 4100 3328 4154 aderant
3353 4114 3526 4169 super
3582 4114 3705 4155 om-

2063 4194 2157 4249 nia
2187 4195 2392 4267 quibus
2421 4202 2587 4250 antea
2640 4192 2900 4248 delectati
2946 4191 3164 4247 fuerant
3212 4191 3518 4262 replentur,
3550 4206 3684 4247 sua-

2062 4286 2250 4342 vitate.
2283 4286 2521 4355 Accepta
2550 4283 2737 4355 itaque
2767 4292 2991 4341 sanctus
3013 4282 3216 4352 praesul
3252 4280 3516 4352 ampulla,
3537 4288 3689 4351 post-

2063 4395 2228 4450 quam
2281 4377 2577 4433 chrismate
2633 4374 2843 4431 fontem
2898 4374 3231 4444 conspersit,
3284 4372 3504 4444 species
3560 4388 3685 4428 mox

2062 4466 2336 4523 columba;
2364 4464 2655 4537 disparuit.
2706 4464 2816 4518 Rex
2862 4472 3044 4518 autem
3093 4470 3259 4518 tantas
3314 4462 3505 4535 gratiae
3550 4477 3687 4518 con-

2062 4567 2249 4628 specto
2290 4554 2558 4610 miraculo
2614 4555 2791 4619 laetus,
2843 4559 3088 4608 actutum
3142 4550 3351 4606 diaboli
3385 4550 3605 4622 pompis
3633 4561 3688 4607 et

343 4645 602 4712 abcessit,
654 4648 752 4702 sed
800 4647 1100 4705 ineffabilis
1128 4651 1266 4706 odor
1311 4654 1600 4709 suavitatis
1654 4656 1709 4709 in
1769 4651 2040 4716 eadem!)
2065 4648 2333 4720 operibus
2362 4645 2673 4720 abnegatis,
2722 4662 2755 4700 ³
2784 4644 3088 4700 τενθτθηάο
3119 4659 3179 4698 se
3226 4642 3368 4714 Pem
3420 4642 3686 4713 Ponliﬁce

342 4735 510 4790 domo
554 4736 836 4791 remansit.
890 4737 955 4793 Ut
984 4738 1273 4794 evidenter
1301 4741 1509 4798 valeret
1547 4746 1771 4816 agnosci
1804 4746 1962 4810 lucis,

345 4827 496 4897 pacis
520 4837 685 4899 atque
717 4829 821 4900 pia
845 4830 1160 4886 dulcedinis
1189 4833 1321 4889 illuc
1344 4843 1625 4891 auctorem
1650 4838 1963 4906 advenisse,

343 4916 540 4970 beatus
568 4915 735 4971 etiam
764 4919 964 4989 praesul
993 4935 1057 4973 ex
1080 4920 1277 4975 eodem
1301 4921 1532 4992 lumine,
1552 4941 1663 4981 non
1684 4927 1961 4984 modicum

345 5005 495 5059 visus
516 5012 599 5060 est
627 5008 815 5062 vultus
846 5007 1115 5083 fulgorem
1167 5010 1396 5066 traxisse
1472 5014 1581 5067 Rex
1616 5014 1782 5087 igitur
1796 5024 1963 5090 atque

348 5097 539 5170 regina
569 5098 808 5168 pedibus
834 5100 964 5155 almi
990 5100 1299 5157 sacerdotis
1322 5104 1574 5173 adstrati,
1604 5122 1727 5161 cum
1762 5125 1960 5184 magno

348 5203 547 5257 pavore
576 5189 752 5261 ipsius
781 5191 1071 5263 requirunt
1091 5194 1527 5250 consolationem
1558 5197 1961 5270 audire,opere

344 5280 651 5352 adimplere
704 5284 879 5353 parati
935 5300 1058 5355 quae
1106 5284 1532 5355 propalarentur
1569 5302 1665 5343 ore
1718 5291 1957 5359 patroni.

347 5372 772 5430 Delectabantur
798 5377 1006 5430 etenim
1022 5376 1209 5433 verbis
1238 5396 1362 5452 qum
1391 5378 1703 5446 audierant,
1726 5380 1962 5438 interius

342 5462 661 5528 illuminati,
688 5483 852 5537 quam
894 5469 1168 5537 viderant,
1207 5470 1354 5538 luce,
1386 5472 1516 5527 licet
1541 5472 1814 5529 exteriore
1845 5483 1959 5530 ter-

345 5553 434 5608 riti
476 5553 704 5612 luminis
742 5558 1007 5617 claritate.
1038 5564 1270 5619 Sanctus
1297 5571 1483 5620 autem
1509 5564 1669 5619 Pater
1701 5582 1956 5638 supernae

341 5646 585 5715 repletus
599 5648 897 5716 splendore
927 5654 1216 5724 sapientiae
1245 5655 1315 5710 de
1341 5656 1580 5710 caelestis
1607 5672 1705 5711 eos
1733 5657 1956 5713 instruit

338 5735 571 5791 visionis
625 5743 1049 5809 consuetudine,
1106 5764 1229 5817 quae
1276 5748 1517 5803 adventu
1564 5749 1789 5819 quidem
1848 5766 1950 5805 suo

335 5824 500 5881 corda
530 5827 847 5883 mortalium
879 5835 1067 5900 terret,
1113 5833 1211 5887 sed
1242 5833 1496 5889 timorem
1544 5837 1948 5907 praeedentem

2068 4737 2354 4810 baptizari.
2387 4738 2504 4803 Quo
2524 4736 2650 4791 vitae
2667 4735 2877 4791 fontem
2910 4734 3177 4806 perennis
3219 4733 3517 4807 ingressio,
3548 4733 3684 4790 bea-

2066 4841 2153 4887 tus
2174 4829 2419 4902 profatur
2444 4829 2646 4901 praesul
2694 4843 2789 4883 ore
2815 4826 3086 4883 facundo:
3116 4829 3268 4883 Mitis
3298 4827 3499 4897 depone
3528 4827 3683 4891 colla,

2064 4925 2361 4981 Sicamber.
2395 4923 2587 4978 Adora
2606 4921 2751 4993 quod
2780 4921 3086 4988 incendisti,
3116 4920 3336 4975 incende
3372 4921 3517 4989 quod
3546 4921 3683 4975 ado-

2063 5019 2220 5072 rasti.
2269 5016 2472 5087 Sicque
2522 5022 2647 5085 post
2691 5013 3014 5069 orthodoxae
3068 5010 3475 5067 confessionem
3535 5009 3684 5078 fidei,

2064 5110 2207 5165 trina
2238 5109 2441 5164 tinctus
2470 5108 2772 5174 mersione,
2805 5106 2995 5162 divino
3017 5122 3246 5161 summa:
3272 5104 3685 5177 individuaque

2060 5198 2365 5266 Trinitatis,
2397 5198 2592 5264 Patris,
2625 5205 2682 5251 et
2707 5196 2853 5263 Filii,
2894 5202 2949 5250 et
2986 5195 3223 5266 Spiritus
3249 5192 3425 5249 sancti
3451 5194 3555 5247 sub
3584 5209 3683 5249 uo-

2062 5290 2233 5356 mine,
2263 5290 2566 5361 suscipitur
2594 5288 2663 5344 ab
2680 5288 2878 5343 eodem
2909 5294 3101 5342 sancto
3130 5283 3415 5356 pontiﬁce,
3447 5283 3684 5356 divoque

2062 5391 2414 5438 consecratur
2442 5380 2742 5456 insignitus
2768 5379 3037 5454 unguine.
3088 5377 3443 5448 Baptizautur
3469 5391 3684 5432 sorores

2062 5475 2209 5548 regis
2235 5472 2534 5529 Alboffedis
2547 5480 2600 5528 et
2632 5470 3006 5538 Landehildis,
3035 5468 3311 5540 simulque
3338 5468 3407 5522 de
3439 5467 3680 5522 Franco-

2060 5583 2180 5621 rum
2216 5565 2459 5621 exercitu
2488 5565 2734 5619 virorum
2763 5563 2868 5618 tria
2919 5562 3110 5629 millia,
3164 5568 3363 5632 praeter
3389 5558 3682 5614 mulierum

2058 5659 2525 5730 parvulorumque
2553 5657 2798 5713 nomina.
2837 5658 2953 5722 Quo
3008 5654 3099 5708 die
3130 5668 3391 5724 magnum
3424 5649 3482 5704 in
3535 5651 3684 5706 caelis

2053 5748 2395 5804 celebratum
2427 5749 2634 5804 sanctis
2679 5747 2946 5822 gaudium
2994 5745 3224 5801 credere
3253 5758 3552 5814 possumus
3580 5758 3679 5796 an-

2049 5839 2191 5912 gelis
2220 5846 2275 5895 et
2303 5839 2624 5897 hominibus
2667 5839 2916 5894 laetitiam
2972 5853 3083 5894 non
3111 5835 3388 5893 modicam
3430 5834 3487 5888 in
3539 5842 3678 5890 terra
