3884 6414
204 357 278 412 53
880 349 1207 406 HISTORI/E
1244 344 1585 403 ECCLESIZE
1624 344 1955 401 REMENSIS
1996 346 2173 402 LIBRI
2214 346 2540 413 QUATUOR.
2567 380 2638 388 ——
2678 347 2783 402 LlB
2846 352 2886 405 Ι.
3495 361 3565 416 54

206 484 450 542 devotis.
504 482 790 539 Exercitus
844 488 1029 537 autem
1088 497 1219 552 pars
1258 495 1459 553 magna
1506 477 1839 533 Francorum
1863 482 1915 549 Α
1941 493 2086 548 pene
2132 478 2505 549 desperatum,
2539 480 2743 537 blande
2772 485 3045 541 consolari
3098 490 3316 563 satagit,
3375 492 3565 548 dolere

206 578 453 633 necdum
511 576 581 630 ad
626 573 795 631 ﬁdem
840 572 1043 629 Christi
1096 587 1382 639 conversa,
1441 588 1567 627 cum
1599 570 1838 641 quodam

206 664 524 738 Raganario
578 663 853 735 principe,
909 669 1061 717 trans
1116 661 1376 717 Somnam
1436 659 1665 715 fluvium
1718 667 1842 729 post

202 757 537 830 aliquandiu
570 757 627 810 in
658 754 990 811 inﬁdelitate
1021 763 1236 809 versata
1266 760 1371 820 est,
1403 753 1582 808 donec
1600 766 1841 821 superna

200 846 544 917 disponente
568 842 769 918 gratia,
802 841 1032 914 praefato
1085 857 1214 916 rege
1272 841 1551 896 Ludovico
1581 838 1841 913 gloriosis

204 934 388 1006 potito
415 932 683 995 victoriis,
716 932 865 986 idem
914 931 1257 1003 Raganarius
1286 930 1621 1005 ﬂagitiorum
1652 935 1837 985 secta-

204 1036 293 1083 tor
323 1042 389 1081 ac
402 1024 839 1096 turpitudinum,
865 1024 1086 1081 vinctus
1135 1041 1166 1078 a
1194 1023 1420 1079 Francis
1470 1024 1703 1079 traditus
1733 1028 1836 1089 est,

202 1126 260 1174 et
287 1118 693 1189 interemptus,
750 1116 1046 1188 omnisque
1084 1115 1420 1171 Francorum
1478 1118 1718 1189 populus
1770 1114 1839 1168 ad

203 1209 410 1265 Christi
465 1209 656 1277 ﬁdem,
710 1226 812 1282 per
855 1209 1082 1266 beatum
1126 1209 1440 1282 Remigium
1499 1208 1843 1267 convertitur

200 1321 267 1360 ac
284 1305 621 1376 baptizatur.

836 1391 1047 1448 CAPUT
1077 1391 1209 1447 XIV.

194 1487 275 1539 De
296 1482 736 1554 possessionibus
784 1497 922 1552 quas
966 1485 1014 1536 ei
1058 1497 1158 1535 rea:
1204 1483 1509 1541 Ludovicus
1559 1490 1610 1540 ct
1638 1487 1840 1540 Franci

842 1575 1197 1629 contulerunt.

276 1666 393 1720 Rex
451 1665 641 1739 igitur,
672 1664 1120 1735 Fraucorumque
1152 1671 1431 1736 potentes,
1455 1667 1723 1738 plurimas
1773 1668 1832 1722 B.

194 1754 459 1828 Remigio
491 1752 875 1824 possessiones
895 1769 996 1823 per
1022 1753 1271 1809 diversas
1296 1757 1581 1812 contulere
1609 1758 1838 1829 provin-

195 1845 340 1910 cias,
384 1858 452 1897 ex
483 1840 690 1913 quibus
730 1840 845 1909 ille,
876 1848 986 1896 tam
1012 1841 1366 1913 Remensem,
1396 1863 1560 1918 quam
1594 1848 1838 1920 reliquas

196 1932 506 1988 nonnullas
536 1929 783 1986 Francia
813 1931 1025 1987 dotavit
1068 1932 1237 2003 [ms.j,
1295 1934 1510 2008 ditavit]
1549 1938 1832 1993 ecclesias.

192 2026 317 2080 Non
368 2021 649 2079 modicam
713 2038 932 2079 necnon
984 2025 1306 2081 earumdem
1362 2038 1576 2100 partem
1627 2046 1832 2098 rerum,

191 2118 453 2174 ecclesiae
478 2127 684 2174 sanctae
729 2118 913 2174 Mariae
970 2118 1222 2174 Lauduni
1276 2121 1495 2190 clavati,
1546 2124 1838 2180 Remensis

195 2209 482 2280 parochiaa
512 2209 697 2275 castri,
730 2208 827 2264 ubi
863 2209 1106 2264 nutritus
1127 2208 1324 2278 fuerat,
1344 2213 1608 2269 tradidit:
1642 2214 1833 2286 ibique

193 2302 824 2369 Genebaudum-carne
854 2301 1098 2357 nobilem
1159 2302 1361 2369 virum,
1402 2312 1627 2378 tamque
1663 2309 1835 2363 sacris

193 2410 365 2465 quam
398 2393 762 2449 sacularibus
789 2393 996 2448 litteris
1028 2392 1330 2461 eruditum,
1357 2395 1450 2466 qui
1476 2396 1667 2452 relicta
1692 2413 1832 2452 con-

185 2486 349 2560 juge,
382 2486 559 2540 sancti
591 2484 852 2560 Remigii,
881 2501 984 2540 ceu
1016 2485 1273 2554 traditur,
1315 2495 1483 2559 nepte
1515 2490 1830 2564 religiosam

188 2577 450 2633 subierat
488 2577 681 2645 vitam,
740 2576 1018 2632 ordinavit
1046 2576 1395 2650 episcopum,
1423 2580 1833 2654 comitatusque

193 2668 588 2724 Laudunensis
634 2667 819 2723 eidem
848 2677 1028 2724 castro
1080 2668 1321 2738 subjecit
1358 2673 1698 2742 parochiam.
1733 2676 1834 2740 Qui

192 2758 576 2814 Genebaudus
606 2758 677 2812 de
736 2765 865 2813 ante
912 2765 1033 2815 acta
1063 2759 1176 2814 vita
1229 2760 1487 2830 nimium,
1518 2765 1834 2836 gradusque

191 2849 547 2906 sublimitate
577 2847 888 2919 conﬁdens,
920 2850 988 2905 ab
1012 2866 1180 2906 uxore
1203 2868 1367 2923 quam
1391 2853 1713 2926 reliquerat,
1747 2856 1836 2911 in-

192 2949 382 3004 caute,
416 2937 574 3009 quasi
620 2954 722 3009 pro
770 2938 1096 2995 instruenda
1125 2956 1212 3008 ea,
1252 2958 1312 2996 se
1337 2943 1589 2998 crebrius
1621 2945 1833 3002 visitari

196 3031 484 3104 permisit.
522 3029 637 3086 Sed
678 3038 739 3087 ut
759 3032 949 3089 divina
989 3040 1259 3089 testantur
1288 3036 1511 3107 eloquia
1553 3055 1567 3093 :
1600 3041 1836 3111 Lapides

1860 1802 1912 1868 B

1942 584 2000 622 se
2017 576 2348 640 protestans,
2384 588 2495 628 non
2521 582 2630 629 tam
2663 575 2733 631 de
2763 587 3081 648 perpetrato
3110 579 3374 651 facinore,
3400 601 3563 654 quam

1941 657 2089 727 quod
2106 657 2201 713 ille
2230 659 2302 713 de
2331 660 2547 716 Domini
2579 663 2874 720 videbatur
2908 666 3254 742 benignitate
3286 670 3564 740 difﬁdere,

1942 746 2030 800 cui
2052 757 2267 804 constat
2295 749 2435 804 nihil
2465 751 2615 823 quod
2646 753 2885 810 voluerit
2914 756 3263 827 impossibile
3298 779 3310 814 :
3345 762 3440 834 qui
3465 778 3566 834 pro

1945 838 2160 894 nullum
2173 841 2240 895 ad
2259 858 2318 895 se
2332 850 2698 899 revertentem
2712 854 3060 917 peccatorem
3075 850 3334 922 despicit,
3358 854 3452 925 qui
3465 871 3566 924 pro

1942 934 2329 1002 peccatoribus
2359 938 2525 991 etiam
2556 940 2884 1014 sanguinem
2923 957 3083 998 suum
3113 943 3273 1001 fudit.
3327 948 3569 1003 Diversis

1942 1019 2129 1097 itaque
2158 1022 2241 1079 vir
2269 1024 2549 1097 benignus
2573 1029 2887 1098 etprudens
2916 1031 3131 1105 erigere
3158 1034 3371 1105 lapsum
3395 1043 3568 1094 certat

1941 1112 2231 1181 exemplis,
2286 1114 2433 1185 quod
2490 1118 2639 1187 apud
2692 1118 2862 1175 Deum
2897 1122 3110 1176 scilicet
3166 1122 3349 1190 facile,
3384 1133 3568 1181 reatus

1940 1200 2108 1268 hujus
2122 1202 2343 1257 veniam
2362 1205 2570 1261 valeret
2609 1206 2883 1276 obtinere,
2915 1210 2961 1264 si
2992 1211 3192 1285 dignos
3222 1214 3566 1284 paenitentiae

1941 1288 2152 1345 fructus
2199 1294 2311 1349 Deo
2360 1296 2608 1353 studeret
2639 1297 2857 1355 offerre.
2893 1301 2983 1357 Sic
3011 1302 3235 1359 demum
3258 1306 3443 1379 dignis
3462 1323 3563 1362 ex-

1939 1379 2352 1438 hortationibus
2401 1385 2597 1442 indicit
2615 1388 2859 1445 animato
2888 1393 3294 1461 paenitentiam,
3328 1402 3567 1451 structa-

1939 1483 2048 1538 quc
2065 1471 2470 1541 mansiuncula,
2501 1475 2806 1532 fenestellis
2852 1480 3034 1551 parvis
3066 1482 3395 1551 illuminata,
3439 1500 3562 1539 cum

1939 1559 2182 1615 oratorio
2234 1565 2376 1632 (quae
2404 1565 2585 1621 adhuc
2631 1582 2794 1623 secus
2833 1570 3123 1628 ecclesiam
3154 1574 3327 1629 sancti
3358 1575 3563 1629 Juliani

1938 1665 2164 1706 manere
2194 1653 2467 1726 feruntur)
2505 1658 2562 1712 in
2606 1675 2667 1713 ea
2718 1661 3083 1731 poenitentem
3131 1666 3414 1721 concludit
3444 1666 3567 1738 epi-

1938 1757 2188 1814 scopum.
2242 1748 2372 1818 Ejus
2402 1767 2626 1824 quoque
2676 1769 2779 1824 per
2807 1770 2982 1811 annos
3005 1765 3219 1829 septem
3244 1759 3565 1832 gubernans

1936 1839 2277 1909 parochiam,
2314 1861 2479 1900 unam
2522 1847 2709 1902 Remis
2746 1849 3109 1918 Dominicam,
3138 1853 3561 1909 Lauduuicele-

1937 1926 2101 1981 brare
2154 1943 2518 1990 consueverat
2576 1937 2824 1992 alteram.
2898 1940 3011 2005 Qua
3067 1944 3169 1995 sub
3230 1942 3562 2010 reclusione,

1939 2034 2161 2097 quanta:
2229 2032 2581 2087 contritionis
2632 2051 2696 2089 ac
2725 2036 3084 2092 continentiae
3139 2038 3485 2093 districtione
3505 2054 3563 2093 se

1935 2121 2020 2176 vir
2060 2122 2322 2191 praefatus
2338 2128 2720 2196 coarctaverit,
2773 2146 2937 2201 quam
2971 2130 3169 2204 dignos
3199 2132 3340 2186 inibi
3374 2132 3560 2203 poeni-

1938 2216 2125 2270 tentiaz
2157 2217 2366 2275 fructus
2396 2222 2661 2295 exegerit,
2686 2222 2874 2278 divina
2887 2226 3238 2293 postmodum
3256 2225 3565 2297 propalavit

1936 2308 2247 2365 clementia.
2294 2315 2453 2369 Anno
2490 2313 2769 2385 siquidem
2813 2314 3071 2385 septimo,
3130 2332 3256 2370 cum
3286 2316 3340 2368 in
3373 2314 3565 2387 vigilia

1936 2416 2107 2456 creua;
2140 2401 2439 2458 Dominicze
2490 2403 2770 2475 paenitens
2799 2412 3151 2474 pernoctaret
3183 2405 3238 2458 in
3287 2405 3561 2472 oratione,

1937 2498 2181 2568 seipsum
2233 2498 2447 2553 deflens
2477 2498 2533 2552 in
2566 2499 2690 2564 hoc,
2724 2497 2986 2568 quoniam
3042 2499 3135 2569 qui
3190 2498 3255 2552 ad
3289 2497 3343 2551 id
3386 2514 3563 2568 usque

1938 2601 2231 2664 provectus
2262 2592 2553 2648 fuerat.-ut
2591 2591 2824 2647 Domino
2858 2590 3192 2661 pmnitentes
3237 2589 3564 2646 reconcilia-

1939 2694 2041 2752 ret,
2073 2688 2177 2742 hac
2214 2686 2306 2741 die
2334 2704 2437 2743 nec
2480 2688 2625 2741 inter
2662 2681 2998 2755 pmnitentes
3048 2682 3165 2752 ipse
3214 2679 3564 2751 (criminibus

1938 2786 2053 2839 suis
2073 2782 2445 2857 exigentibus)
2482 2760 2541 2834 in
2572 2778 2808 2834 ecclesia
2855 2776 3175 2831 merebatur
3203 2774 3509 2829 consistere
3546 2791 3559 2837 ;

1938 2880 2169 2950 angelus
2198 2876 2417 2933 llomini
2461 2874 2609 2929 circa
2665 2870 2903 2926 mediam
2958 2876 3176 2924 noctem
3217 2883 3417 2940 magna
3436 2883 3558 2922 cum

1938 2975 2063 3029 luce
2094 2971 2247 3027 venit
2274 2968 2343 3022 ad
2371 2982 2519 3031 eum,
2554 2963 2650 3018 ubi
2701 2977 2911 3033 pronus
2954 2960 3177 3029 jacebat
3209 2959 3263 3013 in
3295 2959 3557 3025 oratorio,

1939 3067 2149 3137 talique
2211 3059 2583 3117 decubantem
2634 3054 2997 3124 compellasse
3040 3051 3213 3107 fertur
3259 3050 3506 3122 alloquio
3544 3071 3557 3107 :

191 3130 467 3238 θωοαυίξπτ
497 3141 672 3195 aqua,
701 3131 751 3181 θτ
766 3128 1037 3183 alluvione
1055 3134 1205 3184 ίθννα
1223 3135 1578 3200 consumat”,
1607 3141 1657 3191 ετ
1676 3142 1832 3209 rupis
1857 3171 1906 3238 Ο
1933 3187 1958 3220 α
1980 3128 2336 3217 Genebaude,
2358 3146 2631 3204 exauditae
2662 3151 2794 3197 sunt
2848 3156 2946 3211 pro
2980 3148 3029 3195 te
3075 3140 3356 3195 orationes
3387 3140 3561 3195 Patris

428 3219 762 3238 μημρωλω
1152 3223 1203 3238 η
1241 3224 1253 3238 .
1455 3225 1511 3238 ,η
1574 3226 1607 3238 ..
2560 3235 2569 3238 -
2653 3233 2680 3238 _
2794 3230 2803 3238 .
3105 3229 3135 3238 ._
3250 3229 3258 3238 .
3390 3237 3394 3238 ν

193 3217 395 3290 [rupes]
427 3219 763 3285 transfertur
786 3220 985 3275 deloco
1013 3236 1110 3277 suo
1147 3223 1265 3289 (Job
1308 3240 1421 3290 xw,
1449 3225 1529 3293 19)
1550 3226 1648 3290 ;ita
1677 3245 1824 3300 quo-

190 3324 304 3381 que
336 3307 471 3363 huic
500 3310 755 3385 contigit,
783 3320 844 3367 ut
866 3312 1189 3385 frequentes
1210 3314 1462 3371 mulieris
1476 3317 1827 3377 visitationes

190 3398 516 3470 blandaque
547 3398 847 3471 colloquia,
872 3401 1071 3456 durum
1094 3400 1454 3476 validumque
1484 3414 1675 3463 contra
1695 3409 1827 3464 libi-

189 3490 382 3544 dinem
409 3496 605 3560 pectus
634 3492 950 3548 emollirent
979 3494 1251 3566 episc0pi,
1281 3505 1335 3551 et
1354 3498 1513 3568 quasi
1541 3516 1734 3570 rupem
1754 3503 1826 3557 de

189 3582 314 3638 loco
346 3582 657 3637 sanctitatis
694 3584 763 3638 ad
794 3600 1014 3641 cmnum
1046 3586 1409 3643 transferrent
1439 3591 1689 3648 luxuriae.
1725 3595 1824 3660 Qui

189 3671 456 3727 suasione
488 3670 764 3728 diabolica
816 3672 874 3727 in
926 3673 1180 3731 libidinis
1234 3676 1482 3734 ﬂammas
1520 3682 1827 3755 exagitatus

189 3759 400 3831 erupit,
423 3758 712 3833 veterique
737 3776 799 3815 se
830 3762 1071 3819 miscens
1099 3765 1297 3833 sodali,
1326 3766 1500 3824 ﬁlium
1534 3785 1599 3823 ex
1631 3770 1823 3825 eadem

191 3854 513 3927 progenuit,
561 3871 727 3926 quem
776 3857 928 3913 velut
989 3858 1045 3913 in
1099 3859 1392 3917 latrocinio
1452 3871 1822 3933 procreatum,

190 3950 481 4005 Latronem
513 3950 790 4007 nominari
819 3954 1104 4025 prtecepit.
1137 3954 1202 4009 Et
1218 3956 1349 4027 quia
1377 3957 1541 4028 culpa
1568 3959 1823 4028 pluribus

187 4048 381 4119 ignota
415 4046 429 4115 (
471 4062 539 4101 ne
561 4046 619 4101 in
638 4048 1013 4119 suspicionem
1034 4049 1167 4105 hinc
1182 4048 1322 4105 forte
1354 4051 1696 4121 procederet,
1720 4055 1764 4108 si
1789 4070 1820 4109 a

184 4135 353 4192 solita
378 4151 438 4190 se
456 4137 711 4206 prmsulis
727 4136 1049 4193 visitatione
1078 4137 1282 4194 femina
1300 4140 1676 4208 submoveret)
1704 4157 1819 4197 cce-

189 4227 293 4299 pit,
328 4234 390 4281 ut
420 4235 605 4294 antea,
637 4227 863 4284 domum
894 4228 1248 4300 frequentare
1279 4227 1578 4301 pontiﬁcis.
1614 4231 1813 4304 Sicque

190 4322 400 4376 factum
419 4328 503 4375 est
522 4329 585 4376 ut
607 4321 931 4377 hominibus
954 4322 1119 4392 culpa
1146 4322 1344 4389 celata,
1379 4324 1689 4395 tacitusque
1710 4331 1815 4379 tam

190 4411 292 4466 viri
327 4426 496 4481 quam
525 4411 780 4468 mulieris
807 4411 992 4479 ardor,
1038 4412 1097 4467 in
1145 4413 1331 4479 corde,
1366 4413 1638 4477 libidinis,
1665 4430 1821 4469 com—

1930 3254 2010 3310 tui
2045 3244 2303 3317 Remigii.
2344 3235 2601 3306 Suscepit
2653 3230 2917 3287 Dominus
2966 3229 3353 3300 paenitentiam
3384 3237 3556 3299 tuam,

1926 3354 1980 3401 et
2003 3341 2293 3399 dimissum
2312 3338 2397 3387 est
2414 3333 2702 3401 peccatum
2734 3323 3118 3395 tuumSurge,
3153 3331 3207 3376 ct
3231 3322 3362 3377 hinc
3393 3338 3557 3396 egre-

1925 3435 2086 3490 diens
2112 3430 2196 3485 fac
2211 3420 2579 3480 ministerium
2602 3414 2936 3486 episcopalis
2964 3411 3156 3482 ofﬁcii,
3182 3420 3238 3468 et
3256 3413 3557 3467 reconcilia

1928 3522 2161 3578 Domino
2183 3511 2521 3587 poenitentes
2568 3506 2636 3559 de
2667 3502 2997 3559 criminibus
3027 3501 3162 3556 suis.
3213 3521 3237 3552 »
3265 3501 3558 3556 Genebau-

1906 3583 2030 3664 '(lus
2062 3583 2245 3663 autem
2275 3598 2447 3655 nimio
2479 3589 3047 3662 terrore'perculsus,
3081 3589 3421 3659 respondere
3445 3604 3556 3643 non

1927 3707 2161 3772 poterat.
2220 3696 2374 3750 Tunc
2417 3680 2650 3758 an‘gelus
2690 3681 2910 3738 Domini
2959 3678 3279 3736 confortans
3306 3697 3455 3746 cum,
3485 3697 3556 3734 uc

1928 3794 2119 3848 timeat
2141 3792 2410 3848 hortatur,
2440 3781 2551 3834 imo
2570 3776 2809 3852 gaudeat
2839 3774 2907 3828 de
2938 3772 3155 3828 Domini
3175 3772 3555 3827 misericordia

1927 3885 2035 3939 sibi
2069 3884 2287 3939 collata.
2342 3874 2653 3930 Roboratus
2698 3866 2921 3922 tandem
2978 3864 3333 3935 respondisse
3383 3865 3555 3920 fertur

1929 3992 2039 4032 non
2072 3991 2129 4030 se
2152 3987 2313 4045 posse
2338 3967 2470 4021 hinc
2496 3943 2710 4038 egredi,
2733 3960 2862 4031 quia
2893 3958 3131 4013 domnus
3161 3965 3215 4011 et
3240 3957 3401 4011 Pater
3418 3975 3553 4013 suus

1926 4066 2211 4140 Remigius
2240 4058 2592 4118 ostiiclavem
2620 4069 2806 4110 secum
2832 4051 3084 4117 haberet,
3117 4049 3263 4121 quod
3286 4059 3340 4104 et
3368 4050 3553 4123 sigillo

1920 4173 2022 4212 suo
2050 4156 2339 4230 signassct.
2378 4148 2439 4202 Et
2491 4145 2722 4218 angelus
2774 4142 2842 4196 ad
2876 4158 3000 4196 eum
3037 4158 3049 4195 :
3089 4144 3153 4197 Ut
3181 4157 3288 4196 non
3341 4142 3553 4219 dubites

1919 4249 2151 4321 (inquit)
2175 4264 2209 4302 α
2238 4246 2461 4319 Domino
2482 4255 2565 4295 me
2593 4240 2838 4301 missum,
2872 4238 3011 4289 sicut
3036 4239 3187 4304 putet
3215 4236 3316 4289 tibi
3341 4236 3548 4289 cadum,

1920 4345 1997 4398 sic
2027 4346 2077 4395 et
2105 4342 2302 4395 ostium
2326 4336 2478 4392 istud
2496 4333 2727 4404 patebit.
2773 4329 2837 4384 Et
2875 4327 3058 4383 statim
3084 4329 3234 4383 salvo
3275 4327 3459 4401 sigillo
3490 4345 3555 4383 ac

1921 4448 2044 4486 sera
2076 4430 2278 4485 ostium
2301 4426 2438 4480 illud
2469 4428 2722 4494 apertum
2755 4423 2858 4472 est.
2892 4417 3044 4470 Tunc
3093 4414 3465 4470 Genebaudus
3496 4416 3553 4471 in

187 4507 458 4572 punctum
493 4501 649 4570 prius
672 4506 864 4556 contra
891 4506 1201 4571 peccatum,
1232 4501 1301 4555 ad
1327 4502 1547 4572 culpam
1573 4509 1717 4557 retra

2019 4524 2149 4579 dum
2181 4518 2363 4577 crucis
2387 4533 2445 4572 se
2476 4521 2834 4586 prosternens
2865 4509 2919 4563 in
2969 4508 3184 4568 limine.
3206 4509 3286 4565 sic
3318 4508 3553 4564 traditur

189 4596 261 4649 rit
291 4593 643 4664 episcopum.
673 4594 774 4658 Qui
799 4593 952 4649 velut
976 4593 1184 4650 oblitus
1208 4596 1685 4668 quodsplanxerat,
1717 4597 1822 4653 ite-

190 4683 331 4739 ravit
361 4681 576 4738 crimen
597 4683 747 4754 quod
773 4682 1091 4740 defleverat.
1127 4684 1305 4740 Atubi
1337 4692 1581 4741 exortam
1614 4687 1683 4742 de
1714 4685 1818 4741 fla-

190 4779 330 4851 gitio
357 4777 632 4848 comperit
661 4776 853 4845 ﬁliam,
907 4793 1109 4834 nomen
1141 4778 1324 4834 eidem
1363 4780 1588 4835 mandat
1611 4778 1821 4852 imponi

191 4867 577 4940 Vulpeculam,
600 4874 794 4939 utpote
822 4868 1113 4923 fraudibus
1141 4875 1349 4941 arguta;
1370 4868 1561 4922 matris
1590 4882 1825 4941 genera-

194 4968 324 5014 tam.
361 4957 597 5013 Domino
614 4957 822 5025 denuo,
846 4957 941 5029 qui
990 4958 1215 5013 beatum
1250 4957 1475 5013 Petrum
1510 4965 1825 5030 respexerat

193 5052 344 5106 hunc
375 5066 602 5122 quoque
633 5050 968 5122 respiciente
1024 5052 1175 5118 (Luc.
1227 5066 1357 5118 xxn,
1400 5051 1508 5121 61),
1543 5066 1820 5121 compun-

190 5153 314 5199 ctus
346 5150 536 5198 mente
595 5143 987 5209 Genebaudus,
1036 5154 1284 5200 sanctum
1343 5145 1651 5221 Remigium
1687 5142 1825 5215 petit

194 5233 272 5287 ire
304 5233 385 5305 [ut
406 5233 514 5303 eat]
552 5233 901 5288 Laudunum.
946 5234 1063 5298 Quo
1094 5249 1218 5289 cum
1251 5234 1441 5289 debita
1469 5232 1825 5289 veneratione

191 5334 479 5395 suscepto,
500 5335 794 5396 postquam
815 5323 1213 5397 cubilisiniere
1235 5332 1530 5390 secretum,
1566 5340 1822 5403 magnum

192 5431 576 5487 prorumpens
613 5415 669 5469 in
723 5415 1011 5484 ejulatum,
1065 5416 1260 5471 stolam
1292 5417 1572 5488 deponere
1632 5415 1827 5469 nititur

192 5526 342 5575 reus,
376 5506 556 5563 sancti
590 5524 647 5562 se
667 5508 885 5578 patroni
912 5517 1270 5579 prosternens
1297 5508 1554 5579 pedibus.
1591 5510 1705 5574 Quo
1723 5509 1824 5564 do-

191 5596 325 5652 loris
358 5596 501 5651 tanti
526 5611 747 5650 causam
772 5594 1408 5670 diligenterindagante,
1439 5596 1695 5668 lacrymis
1711 5596 1827 5652 sin-

189 5691 467 5763 gultuque
492 5687 895 5759 praepediente,
926 5689 1015 5745 vix
1039 5688 1281 5744 admissa
1310 5696 1682 5764 transgressor
1698 5708 1827 5746 nar-

190 5792 272 5838 rat
315 5799 385 5837 ex
427 5779 649 5836 ordine.
693 5780 864 5844 Quem
908 5781 991 5836 vir
1034 5781 1131 5837 Dei
1182 5781 1480 5838 contritum
1525 5781 1720 5838 videns
1762 5800 1826 5840 ac

1922 4615 2246 4672 asseruisse.
2284 4608 2509 4666 Etiamsi
2540 4604 2806 4662 Dominus
2848 4602 2967 4674 ipse
2997 4602 3156 4658 Jesus
3183 4602 3431 4658 Christus
3462 4603 3550 4658 di-

1922 4710 2122 4778 gnatus
2166 4699 2334 4756 fuerit
2382 4697 2450 4752 ad
2509 4710 2595 4749 me
2656 4698 3003 4764 peccatorem
3031 4691 3243 4757 venire,
3284 4706 3393 4745 non
3423 4691 3553 4746 hinc

1923 4795 2199 4869 egrediar,
2242 4791 2351 4847 nisi
2380 4787 2595 4845 venerit
2626 4786 2741 4851 ille,
2766 4784 2860 4856 qui
2880 4783 3040 4837 mein
3065 4783 3185 4851 ejus
3211 4783 3433 4838 nomine
3447 4784 3549 4838 sub

1897 4890 1900 4893 ’
1925 4888 2030 4941 hac
2059 4882 2371 4939 reclusione
2400 4875 2706 4934 constituit.
2731 4874 2810 4928 Ad
2850 4890 2973 4944 qua!
3010 4889 3277 4943 responsa
3308 4888 3429 4927 mox
3452 4889 3553 4927 an-

1925 4974 2085 5048 gelus
2122 4970 2392 5027 abscessit
2447 4967 2516 5021 ab
2571 4982 2657 5021 eo.
2708 4964 2905 5018 Beatus
2943 4970 3124 5015 autem
3188 4960 3549 5034 Rcmigiusin

1927 5072 2139 5135 crypta,
2187 5076 2310 5132 quae
2358 5057 2551 5113 subter
2598 5052 2849 5109 ecclesia:
2896 5059 3099 5106 sanctae
3136 5050 3315 5105 Maria:
3360 5052 3550 5106 sedem

1927 5151 2114 5207 Remis
2140 5150 2398 5218 habetur,
2431 5147 2486 5201 in
2510 5144 2759 5202 oratione
2785 5140 3164 5213 pernoctabat.
3202 5142 3372 5205 Quam
3401 5152 3553 5212 post—

1928 5262 1993 5301 ea
2022 5250 2267 5315 cryptam
2318 5240 2523 5313 praesul
2559 5238 2823 5293 Heriveus
2869 5236 2925 5289 in
2972 5236 3183 5289 honore
3210 5233 3554 5289 consecravit

1927 5334 2177 5403 ejusdem
2224 5329 2531 5386 beatissimi
2564 5328 2822 5401 Remigii,
2855 5326 2948 5380 ubi
3003 5334 3133 5379 tunc
3160 5326 3279 5396 ipse
3312 5325 3394 5379 vir
3423 5341 3553 5380 sau-

1927 5432 2066 5491 ctus,
2091 5421 2298 5495 vigiliis
2329 5419 2625 5492 fatigatus,
2655 5425 2709 5472 et
2749 5417 2905 5488 quasi
2939 5416 3244 5482 dormiens,
3279 5416 3333 5470 in
3360 5432 3553 5472 exces—

1927 5532 2048 5570 sum
2067 5521 2277 5585 raptus,
2294 5512 2446 5569 videt
2468 5511 2725 5584 angelum
2758 5510 2864 5564 sibi
2896 5509 3267 5576 assistentem,
3312 5509 3405 5580 qui
3436 5511 3553 5565 haec

1928 5615 1987 5664 ut
2017 5614 2136 5663 acta
2176 5606 2393 5661 fuerant
2420 5604 2495 5660 ita
2526 5610 2710 5658 narrat
2738 5603 2939 5671 cidem,
2964 5603 3190 5673 jubens,
3224 5611 3283 5658 ut
3313 5610 3551 5673 quanto-

1927 5696 2047 5751 cius
2076 5696 2401 5751 Laudunum
2434 5702 2603 5767 petat,
2640 5702 2805 5767 atque
2834 5694 3228 5750 Genebaudum
3259 5692 3375 5747 sedi
3408 5692 3547 5745 datae

1928 5785 2246 5853 restituens,
2280 5785 2331 5839 ei
2379 5801 2562 5840 coram
2613 5802 2671 5841 se
2711 5783 3013 5857 pontiﬁcali
3056 5781 3207 5855 fungi
3237 5778 3546 5835 ministerio
