3884 6458
330 452 403 508 55
1465 457 1829 514 FLODOARDI
1871 457 2176 514 CANONlCl
2216 458 2543 514 REMENSIS
3619 462 3691 515 56

334 582 668 653 persuadeat
706 582 857 637 lllico
896 583 980 637 vir
1025 583 1220 640 beatus
1248 585 1386 640 nihil
1419 585 1679 640 hmsitans
1703 586 1819 641 adit
1841 602 1956 640 ma-
1990 593 2037 656 Α
2062 585 2146 640 vir
2163 592 2388 642 sanctus
2424 594 2532 641 tam
2562 584 2750 650 vitam,
2784 600 2948 655 quam
2978 599 3159 639 rerum
3191 584 3438 640 obtinuit
3466 601 3689 657 posses-

335 687 443 743 gna
467 687 593 725 cum
624 670 907 726 celeritate
969 672 1313 729 Laudunum.
1362 675 1477 739 Quo
1531 676 1958 746 perveniens,in

334 761 460 819 ostii
492 761 706 829 limine,
732 762 883 818 salvo
907 764 1090 837 sigillo
1121 783 1356 838 seraque
1382 767 1630 834 reserati,
1660 767 1959 823 Genebau-

335 851 761 920 dumjacentem
789 852 997 922 reperit
1023 872 1035 907 :
1060 870 1224 925 quem
1271 857 1547 926 protensis
1573 857 1815 912 brachiis
1835 875 1959 913 cum

334 943 524 1018 gaudii
553 943 809 1014 lacrymis
848 944 1064 1000 Domini
1086 948 1439 1003 clementiam
1464 950 1806 1015 collaudans,
1839 967 1962 1006 ere-

337 1037 434 1105 xit,
454 1052 693 1107 eumque
716 1036 834 1090 sedi
865 1043 920 1091 et
957 1036 1141 1094 officio
1180 1041 1507 1097 sacerdotali
1556 1044 1818 1112 reddens,
1855 1045 1961 1100 Re-

336 1144 457 1183 mos
495 1144 617 1183 cum
645 1127 850 1202 gaudio
901 1130 1207 1199 repedavit.
1259 1132 1630 1190 Genebaudus
1682 1145 1866 1191 autem
1906 1137 1961 1192 in

336 1217 626 1273 sanctitate
654 1225 846 1287 postea
875 1229 1103 1274 cunctos
1154 1220 1280 1276 vita:
1333 1238 1447 1276 suae
1478 1224 1619 1291 dies,
1654 1225 1749 1279 Dei
1792 1225 1963 1282 fretus

336 1307 531 1379 gratia,
564 1320 857 1379 peragens,
906 1308 1085 1380 palam
1116 1327 1240 1382 qua:
1284 1312 1391 1366 sibi
1438 1313 1703 1368 Dominus
1733 1312 1959 1382 fecerat,

339 1397 695 1467 praedicabat.
730 1397 878 1453 Obiit
903 1399 1074 1475 igitur
1102 1401 1472 1457 Genebaudus
1503 1404 1558 1457 in
1603 1419 1737 1473 pace
1759 1405 1963 1462 sanctis

340 1487 433 1542 Dei
462 1498 911 1558 connumeratus,
942 1490 1135 1545 tandiu
1182 1491 1505 1562 episcopatu
1537 1491 1880 1563 perfunctus,
1904 1502 1964 1550 ut

338 1576 389 1631 ci
427 1578 756 1633 successerit
794 1578 954 1637 Latro
1008 1580 1156 1635 filius
1213 1580 1352 1649 ejus,
1385 1581 1681 1653 episcopus
1733 1589 1787 1637 et
1843 1582 1963 1654 ipse

340 1677 531 1740 postea
560 1677 802 1726 sanctus.

415 1764 522 1818 Rex
572 1764 815 1837 denique
873 1766 1181 1822 Ledovicus
1238 1767 1295 1820 in
1359 1767 1582 1822 civitate
1636 1768 1965 1825 Suessonica

338 1856 529 1910 sedem
586 1872 743 1912 suam
774 1859 1139 1924 constituens,
1182 1859 1564 1915 delectabatur
1590 1862 1885 1931 praesentia
1914 1872 1969 1918 et

2062 676 2298 731 sionem.
2324 677 2447 747 lpse
2477 689 2629 740 vero,
2651 673 2807 744 quasi
2832 673 3367 744 recompensationis
3388 674 3687 741 beneficio,

2061 764 2313 821 benefice
2345 769 2577 836 patrono
2605 764 2942 833 Sparnacum
2992 762 3283 833 (Epernay)
3314 763 3501 818 villam
3534 780 3688 819 suam

2063 857 2265 913 obtulit
2296 857 2351 911 in
2377 856 2796 928 preprietatcm.
2843 856 3043 910 Beatus
3069 864 3253 909 autem
3286 856 3510 927 praesul.
3548 863 3693 911 tem-

2065 949 2308 1020 poralem
2333 962 2432 1019 pro
2462 962 2575 1002 suae
2605 946 3015 1001 intercessionis
3065 963 3294 1002 munere
3324 947 3506 1002 vitans
3528 948 3695 1003 retri-

2064 1036 2353 1091 butionem
2384 1035 2654 1105 recipere,
2697 1034 3023 1105 pradictum
3073 1034 3273 1099 virum,
3302 1036 3569 1107 quoniam
3595 1052 3695 1090 ve-

2065 1128 2347 1184 recundiae
2366 1126 2695 1183 confusione
2717 1127 3016 1199 depressus
3032 1127 3181 1199 (quia
3202 1135 3393 1183 contra
3424 1129 3694 1184 natalium

2064 1220 2236 1276 decus
2268 1237 2517 1284 suorum,
2541 1221 2654 1276 vita
2682 1220 2875 1275 donari
2902 1237 3002 1291 per
3025 1220 3426 1294 indulgentiam
3458 1223 3696 1278 meruis-

2064 1316 2167 1380 set)
2226 1312 2283 1367 in
2305 1312 2497 1367 habitu
2546 1313 2796 1368 saeculari
2842 1330 3069 1368 manere
3099 1312 3344 1380 nolebat,
3393 1313 3697 1368 salubriter

2063 1402 2382 1457 exhortatus
2419 1411 2522 1467 est,
2576 1403 2769 1458 dicens
2798 1421 2812 1458 :
2848 1404 2913 1459 Ut
2942 1404 2988 1459 si
3020 1404 3299 1475 perlectus
3350 1420 3470 1458 esse
3501 1404 3694 1468 vellet,

2063 1496 2312 1550 vendens
2340 1495 2527 1550 omnia
2555 1512 2656 1551 sua
2685 1496 2842 1552 daret
2870 1497 3234 1568 pauperibus,
3277 1504 3333 1552 et
3362 1505 3698 1568 sequeretur

2067 1586 2339 1643 Christum
2366 1590 2576 1657 (Matth.
2625 1606 2739 1644 xxx.
2776 1589 2887 1644 2h.
2945 1590 3148 1661 Sicque
3178 1595 3441 1656 taxatum,
3473 1589 3543 1643 de
3575 1590 3698 1643 the-

2066 1676 2245 1731 sauris
2266 1677 2678 1745 ecclesiasticis,
2712 1677 2973 1749 pretium,
2999 1677 3245 1749 quinque
3275 1678 3451 1732 millia
3478 1678 3699 1733 scilicet

2067 1771 2281 1844 argenti
2315 1772 2507 1835 libras,
2530 1771 2761 1846 Eulogio
2784 1771 2958 1827 fertur
2979 1770 3221 1837 dedisse,
3272 1770 3562 1841 ipsamque
3590 1769 3702 1823 vil-

2066 1862 2261 1916 lamin
2302 1861 2559 1917 Ecclesiae
2618 1862 3027 1932 possessionem
3076 1876 3441 1930 comparasse.
3482 1860 3697 1915 Bonum

339 1946 619 2017 colloquio
640 1947 814 2001 sancti
839 1947 1095 2023 Remigii.
1122 1949 1229 2003 Sed
1261 1950 1392 2021 quia
1420 1950 1505 2005 vir
1534 1950 1624 2006 hic
1649 1960 1872 2008 sanctus
1904 1954 1959 2008 in
1991 1956 2042 2023 Β
2064 1950 2278 2007 cunctis
2330 1950 2652 2021 relinquens
2697 1951 3005 2022 exemplum
3028 1950 3329 2022 episcopis,
3362 1952 3698 2023 caeterisque

339 2035 581 2091 civitatis
611 2037 777 2107 hujus
803 2037 1011 2094 vicinia
1038 2038 1197 2095 villas
1227 2055 1338 2095 non
1399 2040 1641 2096 habebat
1678 2041 1835 2110 alias,
1861 2044 1968 2101 nisi

341 2125 637 2194 quamdam
670 2142 891 2196 parvam
945 2143 1070 2198 qua:
1115 2136 1305 2183 sancto
1342 2127 1557 2184 Nieasio
1590 2130 1715 2184 data
1768 2130 1966 2202 fuerat,

342 2233 433 2271 rex
460 2219 816 2292 (suggerente
840 2220 1053 2293 regina,
1082 2220 1444 2294 locorumque
1468 2225 1789 2294 petentibus
1806 2225 1968 2282 inco-

343 2313 432 2380 lis,
466 2314 560 2385 qui
585 2313 991 2386 multiplicibus
1013 2321 1169 2369 erant
1199 2318 1477 2391 aggravati
1500 2319 1697 2385 xeniis,
1730 2327 1791 2375 ut
1822 2320 1969 2393 quod

344 2407 461 2481 regi
485 2407 790 2475 debebant,
824 2408 1082 2464 Ecclesiae
1126 2407 1382 2464 Remensi
1414 2413 1806 2482 persolverent)
1835 2428 1970 2468 san-

343 2510 431 2558 cto
466 2501 757 2573 preposuit
788 2501 1143 2575 Remigio,ut
1175 2510 1443 2574 quantum
1493 2505 1812 2561 circumiret
1842 2505 1973 2561 dum

346 2594 465 2665 ipse
497 2593 730 2648 meridie
761 2593 1095 2665 quiesceret,
1129 2592 1209 2646 illi
1258 2599 1434 2648 totum
1488 2595 1743 2650 donaret.
1777 2596 1976 2650 Beatus

343 2683 516 2757 igitur
545 2684 830 2759 Remigius
854 2701 955 2754 per
1002 2682 1141 2739 fines
1179 2683 1275 2754 qui
1307 2684 1567 2740 videntur
1591 2686 1773 2741 adhuc
1798 2685 1979 2740 mani-

349 2779 498 2844 festi,
521 2777 823 2849 prefectus,
856 2776 1075 2830 itineris
1105 2774 1190 2829 sui
1216 2775 1377 2849 signa
1402 2777 1632 2832 dimisit.
1671 2779 1729 2833 In
1749 2795 1857 2850 qua
1888 2778 1983 2850 def

344 2845 744 2923 terminatione
766 2864 991 2935 quidam
1025 2845 1320 2936 possidens
1361 2868 1745 2923 molendinum
1766 2845 1984 2939 repulit

343 2970 597 3016 sanctum
655 2960 860 3027 virum,
920 2974 988 3013 ne
1034 2958 1177 3013 intra
1234 2958 1386 3030 ipsos
1424 2959 1579 3014 illum
1620 2960 1979 3016 concluderet

346 3050 507 3105 fines.
532 3050 704 3114 Quem
755 3048 841 3103 vir
897 3049 1115 3105 Domini
1167 3049 1364 3104 leniter
1412 3048 1974 3116 affatusaitzAmice,

345 3160 457 3199 non
487 3144 558 3199 sit
584 3142 686 3199 tibi
719 3143 941 3210 durum,
974 3150 1035 3198 ut
1065 3140 1370 3197 habeamus
1394 3142 1558 3197 simul
1580 3144 1729 3198 hunc
1760 3143 1977 3198 molen-

346 3239 561 3293 dinum.
593 3235 657 3289 At
686 3234 783 3289 ille
814 3245 875 3289 ut
906 3250 1032 3289 eum
1094 3234 1307 3303 rejecit,
1337 3233 1522 3288 statim
1556 3233 1612 3288 in
1640 3235 1977 3290 contrarium

346 3336 466 3382 rota
496 3323 804 3380 molendini
831 3323 972 3378 verti
1009 3323 1197 3394 ccepit.
1235 3323 1508 3394 Repulsor
1536 3331 1719 3379 autem
1740 3324 1977 3379 clamare

2069 2039 2474 2105 sacerdotibus,
2504 2049 2563 2093 ut
2593 2040 2722 2095 dum
2752 2055 2850 2110 pro
2874 2040 2960 2094 his
2990 2039 3085 2111 qui
3103 2040 3172 2094 ad
3200 2039 3455 2096 Ecclesiae
3487 2041 3698 2103 sinum,

2070 2134 2156 2188 vel
2183 2147 2467 2189 servorum
2490 2132 2587 2186 Dei
2619 2133 2879 2204 praesidia
2906 2131 3228 2207 confugium
3261 2131 3489 2200 faciunt,
3525 2120 3703 2188 inter-

2070 2226 2295 2292 cedunt,
2314 2231 2409 2280 aut
2437 2224 2587 2279 bona
2609 2225 2873 2296 quaelibet
2894 2233 3084 2299 agunt,
3117 2225 3237 2279 haec
3276 2240 3375 2296 pro
3404 2227 3702 2296 temporali

2072 2314 2591 2386 recompensatione
2625 2330 2735 2369 non
2753 2314 3030 2385 expleant,
3064 2330 3167 2369 nec
3190 2314 3506 2369 transitoria
3527 2314 3705 2369 velint

2073 2408 2322 2479 recipere
2374 2406 2516 2473 ;sed
2552 2405 2711 2474 juxta
2766 2402 3087 2461 mandatum
3133 2406 3375 2475 Domini,
3424 2407 3520 2480 qui
3574 2424 3705 2481 gra-

2074 2501 2146 2555 tis
2177 2506 2530 2572 acceperunt,
2589 2499 2849 2556 studeant
2885 2515 3110 2571 quoque
3148 2498 3317 2572 gratis
3373 2500 3707 2572 impendere

2077 2593 2292 2663 (Matth.
2325 2608 2379 2659 x,
2411 2590 2484 2658 8).

2720 2678 2929 2735 CAPUT
2956 2679 3062 2735 XV.

2083 2778 2156 2830 De
2183 2773 2427 2829 victoriis
2456 2770 2719 2827 Ludovici
2740 2787 2843 2841 per
2871 2773 3144 2826 aumilium
3174 2776 3351 2828 sancti
3378 2777 3637 2847 Remigii,
3666 2783 3715 2831 et

2650 2862 2756 2929 ﬁne
2777 2862 2951 2930 ipsius
2968 2863 3133 2927 regis.

2156 2956 2269 3010 Rex
2318 2954 2506 3024 itaque
2559 2951 2869 3007 Ludovicus
2921 2958 3111 3008 contra
3165 2952 3606 3011 Gondebaudum
3664 2967 3717 3014 et

2080 3046 2458 3121 Godegisilum
2483 3044 2701 3098 fratrem
2735 3044 2856 3112 ejus
2891 3044 3101 3102 ducens
3132 3048 3433 3105 exercitum
3461 3052 3555 3121 (an
3609 3057 3707 3112 501

2080 3142 2305 3208 εἰρρὸ.ἶ,
2333 3144 2597 3209 percepta
2611 3135 3006 3192 benedictione
3031 3154 3063 3191 a
3084 3138 3249 3194 beato
3267 3140 3521 3215 Remigio
3534 3146 3715 3201 victo-

2080 3233 2219 3287 riam
2237 3231 2344 3286 sibi
2386 3230 2745 3301 praedicente,
2778 3229 2994 3300 accepit
3033 3230 3088 3284 in
3121 3232 3397 3287 mandatis
3412 3234 3482 3289 ab
3509 3252 3578 3291 eo
3600 3239 3711 3291 sibi

2085 3324 2249 3387 datis,
2295 3329 2357 3377 ut
2404 3321 2598 3376 tandiu
2640 3329 2831 3375 contra
2855 3321 3041 3376 hostes
3095 3321 3407 3390 dimicaret,
3461 3330 3714 3397 quandiu

349 3372 466 3382 πη.
844 3372 972 3378 .----
1013 3372 1197 3394 -..Γπ
1236 3372 1498 3394 ---Γ---ν
1537 3372 1976 3379 --_-------_---_--
2088 3372 2249 3387 --κ-η,
2302 3372 2355 3377 --
2409 3372 2598 3376 απτ
3101 3372 3407 3390 _-----------,
3463 3372 3712 3397 1--....”

348 3415 658 3486 ccepitpost
694 3423 945 3469 sanctum
1004 3413 1315 3486 Remigium
1352 3431 1364 3467 :
1398 3415 1565 3468 Serve
1596 3414 1713 3481 Dei,
1764 3416 1989 3478 veni,et
2011 3372 2061 3443 Ο
2088 3415 2445 3471 benedictum
2477 3413 2582 3467 sibi
2604 3412 2817 3477 vinum,
2849 3412 2994 3483 quod
3011 3413 3060 3468 ei
3092 3414 3175 3469 vir
3205 3415 3419 3470 Domini
3455 3417 3712 3487 dederat,

350 3504 657 3558 habeamus
678 3503 885 3574 pariter
913 3501 1317 3557 molendinum.
1353 3502 1553 3559 Cuivir
1572 3514 1797 3559 sanctus
1831 3523 1844 3558 :
1878 3506 1987 3560 Nec

349 3597 510 3661 mihi,
546 3612 649 3650 nec
672 3594 792 3650 tibi.
826 3594 946 3651 Mox
964 3592 1113 3651 tanta
1145 3595 1494 3666 profunditas
1523 3597 1577 3650 in
1607 3598 1805 3653 eodem
1839 3599 1987 3683 loco,

352 3689 553 3743 tellure
585 3704 644 3743 se
682 3687 1049 3755 subducente,
1098 3687 1240 3744 facta
1269 3696 1370 3757 est,
1406 3697 1467 3744 ut
1504 3706 1787 3762 nunquam
1818 3691 1984 3745 dein-

350 3792 482 3848 ceps
508 3775 648 3830 inibi
698 3775 1056 3831 molendinus
1096 3776 1288 3832 haberi
1335 3785 1542 3849 posset.
1573 3780 1615 3833 A
1645 3780 1982 3851 quibusdam

352 3884 574 3941 quoque
622 3869 898 3940 repulsus,
947 3884 1017 3924 ne
1048 3869 1301 3924 silvulam
1348 3871 1641 3941 quamdam
1673 3887 1804 3928 suos
1838 3872 1982 3927 intra

352 3957 621 4013 terminos
649 3956 1171 4028 comprehenderet,
1213 3957 1372 4024 dixit,
1412 3969 1471 4015 ut
1514 3976 1616 4015 nec
1645 3960 1838 4016 folium
1872 3976 1978 4015 un-

353 4065 518 4121 quam
548 4050 617 4104 de
640 4050 761 4122 ipsa
790 4050 928 4105 silva
954 4050 1107 4117 (licet
1145 4058 1293 4105 esset
1321 4052 1627 4127 contigua),
1659 4062 1810 4108 trans
1841 4051 1980 4107 ﬁnes

354 4144 504 4214 ipsos
556 4143 820 4212 evolaret,
874 4159 1055 4215 neque
1111 4142 1273 4199 fustis
1302 4161 1368 4198 ex
1409 4161 1473 4200 ea
1522 4162 1715 4201 versus
1752 4147 1977 4202 eosdem

354 4236 623 4292 terminos
651 4237 893 4292 caderet.
925 4236 1079 4301 Quod
1111 4243 1167 4292 et
1186 4236 1538 4293 observatum
1570 4240 1853 4294 voluntate
1883 4238 1978 4294 Dei

354 4329 610 4397 traditur,
631 4329 812 4385 donec
865 4330 985 4401 ipsa
1045 4329 1183 4385 silva
1231 4331 1561 4400 perdurasse
1614 4331 1977 4403 dignoscitur.

354 4419 571 4474 Abinde
600 4435 822 4492 quoque
873 4418 1201 4490 procedens,
1232 4420 1384 4474 venit
1421 4419 1489 4474 ad
1512 4420 1718 4488 villam,
1754 4419 1980 4474 nomine

357 4512 708 4568 Caviniacum
740 4513 1117 4584 (Chavignen),
1162 4529 1327 4585 quam
1386 4511 1593 4568 finibus
1639 4511 1755 4567 suis
1797 4512 1982 4567 nitens

356 4604 709 4671 concludere,
742 4605 1072 4675 prohibetur
1096 4605 1165 4660 ab
1195 4605 1517 4662 hominibus
1536 4605 1785 4675 ejusdem
1813 4603 1980 4658 villae.

2088 3508 2145 3561 in
2172 3522 2273 3560 usu
2302 3503 2628 3576 quotidiano
2676 3500 2977 3557 sufficeret.
3023 3503 3222 3558 Contra
3251 3521 3413 3576 quem
3446 3507 3709 3580 Burgun-

2087 3597 2284 3652 diones
2313 3611 2438 3651 cum
2489 3593 2768 3665 praedictis
2798 3592 3035 3648 ducibus
3091 3596 3408 3670 pugnaturi,
3438 3609 3717 3655 venerunt

2085 3701 2253 3756 super
2309 3684 2562 3738 Oscaram
2630 3681 2881 3749 ﬂuvium,
2921 3699 3081 3737 secus
3128 3683 3414 3738 Divionem
3445 3695 3712 3742 castrum.

2084 3776 2187 3831 Ubi
2239 3774 2604 3847 cenfligentes
2652 3772 2911 3827 atrociter
2960 3774 3382 3848 Burgundiones
3425 3775 3481 3829 in
3527 3777 3714 3852 fugam

2080 3875 2392 3932 vertuntur,
2424 3875 2479 3920 et
2503 3867 2557 3920 in
2580 3864 2849 3920 Avinione
2867 3875 3044 3921 castro
3063 3882 3120 3921 se
3147 3867 3561 3923 Gondebaudus
3581 3886 3716 3926 con-

2081 3957 2334 4022 cludens,
2362 3972 2393 4010 a
2426 3954 2702 4009 Ludovico
2761 3970 2950 4025 pacem
3007 3970 3105 4025 per
3157 3955 3417 4009 Aredium
3444 3957 3713 4012 consilia-

2080 4045 2224 4101 rium
2261 4059 2445 4110 suum,
2479 4041 2666 4097 multis
2695 4042 2839 4097 datis
2860 4042 3156 4109 thesauris,
3182 4042 3442 4098 obtinuit.
3472 4043 3712 4101 Ludovi-

2080 4154 2179 4193 cus
2207 4143 2392 4192 autem
2425 4152 2550 4191 cum
2598 4135 2840 4189 exercitu
2897 4136 3229 4190 Francorum
3278 4134 3466 4205 praeda
3506 4137 3716 4206 potitus

2082 4229 2337 4293 maxima,
2368 4227 2662 4281 revertitur
2710 4226 2778 4281 ad
2819 4227 3064 4296 prepria.
3098 4226 3187 4282 Sic
3217 4227 3384 4282 etiam
3411 4229 3715 4285 constituta

2082 4317 2306 4372 Parisiis
2360 4316 2416 4369 in
2472 4316 2685 4370 honore
2732 4314 3020 4369 beatorum
3052 4315 3431 4385 apostolorum
3480 4316 3628 4371 Petri
3662 4327 3749 4372 et.

2082 4406 2233 4462 Pauli
2290 4403 2523 4459 basilica
2561 4403 2734 4471 (hodie
2771 4403 2829 4457 S.
2888 4402 3199 4468 Genovcfa),
3243 4410 3297 4455 et
3344 4403 3561 4473 synodo
3615 4422 3716 4476 per

2082 4500 2255 4555 sancti
2288 4497 2504 4570 patroni
2537 4497 2622 4551 sui
2667 4495 2902 4570 Remigii
2934 4496 3249 4563 consilium,
3284 4497 3339 4551 in
3368 4498 3508 4556 urbe
3537 4500 3715 4556 Aura-

2082 4596 2317 4652 lianensi
2366 4595 2597 4660 habita,
2649 4610 2888 4666 pergens
2939 4601 3131 4648 contra
3187 4610 3372 4668 regem
3433 4594 3712 4651 Alaricum

356 4693 509 4747 Tunc
533 4692 627 4748 ille
648 4693 766 4748 miti
798 4692 953 4749 vultu
985 4694 1150 4749 modo
1194 4695 1453 4764 rejectus,
1485 4694 1652 4750 modo
1679 4698 1975 4768 reprOpin-

2161 4688 2369 4754 ianum,
2401 4696 2457 4743 et
2490 4686 2771 4755 accipiens
2809 4701 2840 4739 a
2862 4687 2917 4739 Β.
2956 4686 3206 4759 Remigio
3239 4685 3713 4753 benedictionem,

358 4798 555 4853 quans,
605 4781 765 4854 signa
811 4799 935 4853 qua:
990 4791 1185 4853 parent
1214 4783 1396 4838 adhuc
1453 4799 1553 4854 per
1579 4800 1738 4839 suum
1771 4787 1984 4843 dimisit

357 4875 480 4929 iter.
515 4875 757 4930 Tandem
790 4876 1063 4947 repulsus,
1095 4876 1300 4931 dixisse
1333 4877 1504 4932 fertur
1527 4879 1596 4933 ad
1633 4878 1759 4935 illos
1789 4898 1801 4934 :
1835 4881 1986 4936 Sem—

354 4964 735 5033 perlaborate,
778 4968 830 5017 et
885 4968 1169 5031 egestatem
1200 4968 1475 5021 sustinete.
1519 4966 1673 5031 Quod
1705 4967 1984 5040 hodieque

359 5052 646 5123 compleri,
690 5053 965 5108 manentis
1007 5055 1297 5109 sententiae
1328 5055 1503 5111 virtus
1549 5058 1811 5112 ostendit.
1844 5058 1983 5112 Sur-

360 5160 496 5215 gens
522 5152 706 5198 autem
730 5160 822 5199 rex
848 5160 878 5199 a
900 5160 1094 5200 somno
1120 5146 1451 5214 meridiano,
1481 5164 1829 5222 quaecunque
1854 5149 1988 5205 bea-

364 5243 450 5287 tus
483 5234 766 5309 Remigius
797 5236 1010 5292 ambitu
1069 5254 1183 5293 suae
1231 5238 1635 5295 circumitionis
1668 5241 1985 5308 incluserat,

363 5322 544 5376 eidem
594 5334 869 5396 przecepto
913 5328 1083 5402 regiw
1136 5329 1291 5384 dedit
1330 5331 1696 5397 auctoritatis,
1749 5333 1988 5398 Quarum

364 5414 571 5468 rerum~
596 5426 724 5471 sunt
768 5418 1015 5475 Juliacus
1043 5430 1097 5477 et
1156 5421 1479 5479 Codiciacus
1524 5425 1714 5493 (Juilly
1746 5432 1801 5479 et
1832 5427 1988 5495 Cocy)

361 5505 563 5575 capita,
615 5524 739 5579 qua:
778 5510 1066 5568 Remensis
1123 5515 1305 5571 adhuc
1355 5516 1480 5585 jure
1511 5517 1701 5588 quieto
1742 5519 1988 5589 possidet

362 5596 624 5653 Ecclesia.

433 5688 698 5765 Eulogius
715 5692 960 5764 denique
989 5697 1073 5750 vir
1100 5700 1326 5770 quidam
1359 5713 1673 5775 praepotens
1701 5705 1986 5761 convictus

361 5777 507 5847 apud
529 5794 716 5852 regem
738 5779 1070 5838 Lodovicum
1101 5802 1268 5857 super
1298 5790 1464 5863 regias
1522 5793 1827 5863 majestatis
1864 5794 1981 5848 cri-

360 5867 529 5937 mine,
559 5869 626 5923 ad
654 5868 1111 5928 intercessionem
1134 5874 1281 5933 beati
1313 5877 1563 5952 confugit
1596 5882 1852 5954 Remigii.
1882 5882 1979 5938 Cui

2084 4783 2336 4839 redditur
2387 4782 2458 4838 de
2500 4781 2744 4836 victoriae
2794 4782 3153 4853 perceptione
3210 4796 3458 4837 securus.
3511 4778 3611 4835 Cui
3634 4780 3716 4835 vir

2085 4893 2307 4948 quoque
2349 4883 2590 4942 sanctus,
2638 4883 2698 4929 ut
2738 4884 2792 4930 et
2846 4876 3059 4946 pridem
3112 4875 3337 4943 fecerat,
3383 4888 3498 4939 vas,
3563 4871 3713 4942 quod

2083 4970 2247 5042 vulgo
2279 4968 2575 5024 ﬂasconem
2607 4976 2824 5032 vocant,
2855 4968 2969 5023 vini
3021 4984 3052 5022 a
3081 4984 3140 5023 se
3172 4967 3453 5023 benedicti
3486 4968 3714 5037 plenum

2087 5057 2242 5112 dedit
2270 5076 2283 5112 :
2315 5059 2422 5114 hoc
2448 5058 2593 5112 idem
2622 5058 2768 5129 quod
2810 5066 2971 5113 antea
3020 5058 3310 5124 mandans,
3339 5066 3399 5112 ut
3439 5073 3507 5111 eo
3540 5072 3716 5127 usque

2087 5148 2155 5202 ad
2183 5148 2392 5203 bellum
2449 5149 2798 5218 procederet,
2829 5149 3007 5204 donec
3044 5149 3149 5203 sibi
3209 5148 3458 5219 suisque,
3511 5146 3717 5220 quibus

2089 5243 2291 5298 exinde
2322 5243 2451 5298 dare
2481 5242 2668 5309 vellet,
2722 5244 2825 5300 hoc
2854 5244 3043 5299 vinum
3076 5246 3143 5298 de
3176 5245 3441 5316 praedicto
3475 5244 3715 5300 flascone

2091 5349 2201 5389 non
2223 5333 2505 5389 deficeret.
2532 5334 2678 5389 Bibit
2708 5335 2876 5409 igitur
2907 5354 2998 5391 rex
3029 5353 3093 5391 ex
3139 5353 3226 5405 eo,
3260 5339 3563 5409 pluresque
3589 5355 3714 5394 sue-

2092 5444 2235 5495 rum,
2264 5445 2358 5483 vas
2384 5436 2568 5484 tamen
2595 5429 2705 5484 vini
2754 5447 2866 5486 non
2907 5431 3113 5501 patitur
3143 5432 3565 5487 detrimentum.
3597 5435 3716 5488 Bel-

2092 5515 2203 5572 lum
2234 5535 2364 5574 vere
2395 5535 2518 5574 cum
2551 5519 2742 5575 Gothis
2758 5519 3069 5583 conferens,
3105 5536 3201 5576 eos
3229 5521 3286 5574 in
3316 5519 3503 5594 fugam
3529 5524 3714 5591 vertit,

2089 5614 2144 5661 et
2174 5608 2316 5679 ipse,
2349 5607 2514 5663 beato
2538 5608 2787 5681 Remigio
2817 5625 2874 5664 se
2906 5608 3262 5683 suffragante,
3287 5608 3463 5664 victor
3484 5611 3713 5666 exstitit.

2092 5701 2147 5754 ln
2180 5717 2287 5773 qua
2317 5718 2503 5775 pugna
2529 5703 2657 5756 dum
2718 5702 2828 5758 duo
2879 5702 3038 5758 Gothi
3068 5703 3248 5759 contis
3300 5718 3429 5757 eum
3460 5702 3514 5755 in
3547 5704 3714 5758 latera

2088 5794 2312 5861 feriunt,
2366 5796 2532 5864 hujus
2560 5794 2777 5866 patroni
2810 5793 2893 5850 sui
2934 5811 2994 5850 se
3023 5794 3446 5871 protegentibus
3478 5795 3711 5859 meritis,

2084 5884 2239 5939 illum
2279 5884 2482 5939 laedere
2514 5882 2902 5955 nequiverunt.
2964 5883 3147 5940 Multis
3175 5892 3358 5940 autem
3391 5884 3713 5940 civitatibus
