3884 6416
1334 242 1365 249 -υ

258 415 325 473 57
935 404 1261 464 HISTORUE
1299 398 1634 457 ECCLESIAE
1672 397 1868 454 REMEI

2058 395 2218 452 nam
2260 394 2593 461 QUATUOR.
2624 426 2695 436 —
2726 395 2853 451 LIB.
2898 399 2937 451 I.
3541 400 3610 455 58

257 557 373 595 suae
419 536 621 593 ditioni
674 534 941 600 subactis,
993 547 1170 604 usque
1225 528 1478 584 Tolosam
1535 524 1797 597 perrexit,
1831 528 1886 578 et
1907 528 1961 594 Α

261 630 473 687 Alarici
503 630 796 684 thesauros
838 625 1137 696 accipiens.
1189 637 1288 694 per
1337 618 1707 692 Engolismam
1737 614 1881 671 civi-

259 735 426 781 tatem
459 724 638 794 (cujus
663 729 790 776 ante
840 723 1195 790 conSpectum
1246 712 1421 782 ipsius
1474 706 1881 803 muricorrue-

256 816 431 885 runt),
476 810 785 868 interfectis
812 808 1025 863 Gotthis
1049 805 1145 877 qui
1177 809 1334 858 erant
1360 800 1509 854 intus
1560 796 1630 851 ad
1661 796 1886 866 propria

256 923 384 961 cum
407 904 652 980 gloriosa
681 902 828 957 redit
852 900 1105 965 victoria,
1144 897 1275 951 vino
1317 889 1576 948 ﬂasconis
1600 885 1885 980 nondeii—

255 978 464 1062 ciente,
486 993 668 1048 donec
694 1007 946 1046 reversus
968 998 1049 1043 est
1072 988 1127 1041 in
1153 1002 1253 1040 sua
1273 988 1388 1048 (an.
1431 982 1556 1047 509,
1588 978 1840 1073 Sigea):

330 1084 581 1154 Denique
608 1099 703 1137 rex
756 1078 1086 1145 Ludovicus,
1119 1077 1441 1131 exhortante
1471 1075 1662 1123 sancto
1692 1066 1883 1120 Remi-

255 1170 374 1248 gid,
403 1188 661 1244 regnum,
696 1172 803 1225 hoc
825 1177 909 1224 est
928 1183 1189 1224 coronam
1214 1182 1339 1221 cum
1369 1161 1606 1238 gemmis
1628 1156 1887 1230 pretiosis

257 1279 505 1325 auream,
539 1262 749 1316 donum
771 1261 936 1315 beato
955 1260 1115 1314 Petro
1145 1258 1396 1329 apostolo
1421 1255 1573 1309 misit
1607 1271 1621 1308 :
1646 1262 1701 1308 et
1719 1251 1884 1307 codi-

257 1356 421 1412 cillos
448 1356 570 1427 ]ms.
603 1358 645 1422 i,
675 1354 991 1425 codicellos]
1031 1354 1100 1409 ab
1118 1352 1404 1409 Anastasio
1431 1352 1765 1421 imperatore
1784 1364 1885 1420 pro

256 1447 551 1502 consulatu
581 1445 691 1499 sibi
719 1446 937 1511 missos,
970 1461 1095 1500 cum
1126 1459 1330 1499 corona
1357 1457 1543 1507 aurea,
1587 1441 1885 1512 tunicaque

257 1539 468 1593 blattea
497 1539 754 1611 sumpsit,
795 1546 851 1593 et
879 1538 949 1593 ab
1004 1539 1134 1595 inde
1191 1538 1384 1594 consul
1424 1537 1735 1608 appellatus
1762 1552 1887 1592 esse

257 1634 616 1683 memoratur.
644 1628 931 1684 Hormisda
970 1646 1193 1703 quoque
1238 1631 1497 1686 Romanae
1526 1631 1677 1686 sedis
1702 1632 1888 1701 ponti-

258 1718 370 1785 fex,
403 1725 593 1773 sancto
643 1719 893 1793 Remigio
924 1720 1073 1776 vices
1102 1739 1231 1778 suas
1261 1724 1317 1777 in
1378 1739 1547 1796 regno
1598 1725 1883 1793 Ludovici,

257 1811 462 1866 litteris
491 1812 608 1866 suis
637 1813 707 1867 ad
765 1813 946 1883 ipsum
983 1816 1230 1886 directis,
1290 1820 1586 1875 commisit.
1622 1822 1747 1877 Post
1769 1823 1888 1877 haec

2593 518 2805 577 CAPUT
2842 521 3003 577 XVII.

1985 618 2060 670 De
2081 614 2424 682 mitigatione
2467 616 2635 682 ignis,
2667 618 2718 669 et
2746 615 2898 670 obitu
2920 615 3182 685 ejusdem,
3216 618 3300 671 vel
3331 618 3613 688 sepultura

2703 707 2898 773 ipsius.

2059 795 2395 849 Senescente
2420 795 2535 861 jam
2584 794 2641 849 S.
2696 795 2971 869 Remigio,
3032 796 3241 868 Deique
3266 797 3473 870 Spiritu
3506 797 3611 853 sibi

1991 890 2268 945 revelante
2296 890 2446 962 quod
2473 890 2871 946 abundantiam
2904 899 3035 947 tunc
3056 900 3408 963 praesentem,
3441 893 3616 949 fames

1987 990 2243 1037 secutura
2270 982 2431 1050 foret,
2464 982 2533 1037 de
2586 982 2839 1055 frugibus
2876 984 3133 1039 villarum
3160 984 3429 1056 episcopii
3464 1001 3610 1041 non-

1990 1074 2172 1129 nullos
2195 1074 2361 1142 jussit
2391 1091 2641 1130 asservos
2670 1074 2790 1131 fieri
2822 1074 2964 1130 fame
3008 1074 3341 1131 laboratura:
3365 1087 3611 1148 postmo-

1989 1166 2121 1221 dum
2152 1166 2470 1238 profuturos
2508 1169 2655 1239 plebi
2690 1187 2704 1233 ;
2736 1186 2969 1241 quorum
3004 1168 3059 1222 in
3086 1168 3237 1232 villa,
3280 1184 3402 1240 quae
3429 1168 3614 1225 Celtus

1988 1264 2235 1324 vocatur,
2277 1257 2404 1313 facti
2431 1267 2560 1314 sunt
2603 1261 2809 1331 plures.
2851 1260 2916 1314 At
2960 1259 3216 1314 homines
3265 1259 3439 1329 ipsius
3467 1258 3613 1313 villae

1989 1349 2240 1406 seditiosi
2270 1359 2325 1407 et
2344 1353 2587 1408 rebelles
2611 1362 2769 1408 erant
2802 1372 2817 1419 ;
2849 1353 2941 1425 qui
2975 1353 3067 1407 die
3095 1351 3332 1423 quadam
3352 1349 3609 1405 inebriati

1988 1449 2280 1511 ceperunt
2321 1442 2466 1497 inter
2515 1460 2574 1497 se
2629 1444 2859 1498 dicere:
2895 1443 3035 1508 Quid
3080 1443 3174 1497 ille
3227 1441 3498 1497 Jubilieus
3518 1439 3615 1505 (ita

1989 1529 2168 1585 virum
2198 1539 2446 1586 sanctum
2506 1542 2735 1604 prepter
2762 1533 2941 1587 aetatis
2971 1531 3343 1603 prolixitatem
3367 1528 3615 1583 vocitan-

1991 1622 2090 1685 tes)
2123 1619 2301 1675 facere
2357 1621 2523 1676 vellet
2574 1638 2641 1677 ex
2671 1621 2759 1676 his
2788 1639 2898 1693 qua
2953 1626 3346 1695 aggregaverat
3396 1616 3556 1671 metis
3586 1616 3615 1669 ‘?

1990 1709 2069 1761 An
2112 1708 2391 1764 civitatem
2423 1710 2491 1764 de
2541 1710 2677 1781 ipsis
2744 1710 2924 1765 facere
2962 1709 3231 1781 cogitaret
3264 1723 3277 1760 :
3312 1705 3444 1777 quia
3471 1704 3615 1759 sicut

1991 1803 2173 1852 turres
2200 1815 2300 1869 per
2353 1815 2541 1854 muros
2570 1798 2831 1868 civitatis,
2866 1799 2938 1853 ita
2984 1814 3084 1868 per
3121 1795 3412 1850 circuitum
3446 1791 3615 1848 cortis

258 1910 515 1959 mortuus
530 1881 837 1962 Ludovicﬁs
851 1925 942 1964 rex
966 1910 1021 1965 ίη
1046 1929 1180 1982 pace
1200 1881 1305 1978 (Van.
1327 1915 1432 1969 5”
1448 1916 1882 1985 δίθοδἿΒανοηη
1910 1897 1962 1965 Β
1986 1888 2241 1985 dispositi
2282 1890 2655 1985 cernebantur
2685 1888 2887 1985 ace-rvi.
2920 1888 3172 1985 :I‘andem.
3194 1885 3463 1983 suadente
3490 1881 3613 1936 dia-

252 1999 533 2070 Harceus,)
565 2016 629 2055 ac
655 2002 906 2071 sepultus
937 2003 992 2057 in
1007 2004 1236 2062 basilica
1253 2008 1425 2063 sancti
1450 2008 1592 2063 Petri
1621 2009 1880 2080 apostoli,

252 2104 425 2159 quam
447 2090 673 2166 Parisiis
691 2090 1095 2159 zedificaverat;
1130 2096 1440 2169 eodemque
1470 2105 1751 2154 momento
1771 2115 1881 2172 quo

250 2180 516 2250 spiritum
567 2180 774 2248 emisit,
821 2183 1100 2239 revelante
1153 2186 1362 2258 Spiritu
1421 2194 1631 2255 sancto,
1685 2188 1883 2244 beatus

246 2268 541 2343 Remigius
583 2270 766 2325 Remis
812 2272 1045 2342 positus,
1102 2290 1229 2329 eum
1285 2276 1474 2332 obisse
1522 2278 1800 2349 cognovit,
1826 2286 1881 2334 et

247 2358 647 2414 assistentibus
676 2358 783 2414 sibi
816 2360 1207 2419 manifestavit.

878 2508 1089 2567 CAPUT
1117 2513 1227 2567 XVI

537 2647 611 2700 De
625 2646 831 2714 synodo
854 2647 952 2703 ubi
977 2652 1238 2706 con-vertit
1266 2651 1589 2706 haereticum.

318 2776 507 2831 Gallize
540 2780 821 2849 quondam
853 2784 1119 2852 pmsules
1143 2787 1211 2841 ad
1241 2789 1513 2859 synodum
1542 2789 1674 2845 fidei
1705 2794 1882 2867 gratia

237 2870 665 2933 convenientes,
690 2873 915 2928 beatum
946 2876 1277 2951 Remigium,
1302 2887 1494 2952 utpote
1525 2881 1702 2937 virum
1736 2883 1886 2939 divi-

242 2958 334 3013 nis
366 2959 612 3031 eloquiis
640 2963 1100 3033 eruditissimum,
1123 2975 1178 3022 et
1197 2968 1466 3024 doctrinis
1486 2971 1880 3027 ecclesiasticis

239 3049 793 3115 exercitatissimum,
843 3054 911 3107 ad
943 3054 1091 3109 idem
1124 3058 1419 3113 concilium
1468 3060 1660 3115 venire
1695 3062 1877 3131 petie-

239 3147 391 3193 runt.
422 3139 520 3194 Cui
551 3143 848 3197 conventui
881 3144 1116 3201 Arianus
1135 3148 1360 3220 quidem
1393 3150 1692 3220 episcopus
1722 3166 1879 3205 acer-

237 3232 420 3287 rimus
469 3233 802 3306 disputator,
859 3245 914 3292 et
968 3238 1220 3294 dialectis
1278 3242 1760 3312 propositionibus
1816 3259 1881 3298 ac

238 3322 707 3379 conclusionibus
727 3325 989 3394 confisus,
1026 3329 1268 3401 hincque
1291 3330 1457 3386 nimis
1486 3333 1684 3399 elatus,
1708 3332 1881 3389 inter-

243 3420 386 3467 erat.
439 3415 794 3489 lngrediente
826 3435 955 3475 vero
986 3422 1284 3477 concilium
1328 3425 1387 3478 S.
1447 3425 1721 3499 Remigio,
1763 3433 1818 3482 et
1848 3443 1880 3481 a

243 3502 615 3560 multitudine
648 3504 897 3576 fratrum,
935 3519 1251 3577 reverenter
1270 3514 1321 3568 ei
1344 3517 1559 3571 cunctis
1582 3531 1880 3590 assurgen-

244 3593 426 3659 tibus,
477 3604 750 3668 excepto,
804 3602 1080 3670 superbus
1111 3603 1407 3661 haereticus
1456 3607 1532 3662 illi
1593 3624 1883 3683 assurgere

247 3684 611 3757 dedignatur.
643 3689 710 3743 At
738 3706 863 3746 mox
893 3699 954 3747 ut
984 3692 1180 3750 beatus
1228 3697 1508 3772 Remigius
1538 3708 1668 3757 ante
1700 3702 1883 3774 ipsum

248 3778 496 3844 transiit,
532 3777 626 3833 ille
646 3778 944 3837 locutionis
982 3784 1226 3841 officium
1244 3802 1338 3843 ore
1368 3790 1651 3847 obstructo
1675 3793 1879 3851 amisit.

249 3870 721 3940 Exspectantibus
750 3873 1043 3943 universis,
1072 3886 1132 3933 ut
1175 3889 1300 3950 post
1324 3881 1717 3940 allocutionem
1747 3902 1882 3941 san-

245 3962 322 4017 cti
358 3962 597 4038 Remigii
626 3964 1084 4036 loquereturille,
1104 3988 1174 4025 ne
1206 3974 1378 4029 ullum
1394 3976 1621 4047 quidem
1652 3981 1883 4036 verbum

246 4055 502 4125 proferre
560 4058 759 4128 potuit.
812 4059 1013 4131 Sicque
1050 4062 1199 4118 beati
1258 4066 1360 4121 viri
1412 4070 1645 4141 vestigia
1674 4088 1883 4143 pronus

248 4149 481 4206 tandem
507 4158 724 4222 petens,
758 4153 988 4208 nutibus
1025 4157 1242 4212 veniam
1281 4162 1599 4230 postulavit.
1635 4164 1733 4219 Cui
1756 4182 1885 4222 san-

244 4248 375 4294 ctus
434 4240 857 4315 Remiginszln
897 4249 1131 4311 nomine,
1190 4248 1393 4320 inquit,
1452 4254 1671 4307 Domini
1713 4261 1885 4312 nostri

245 4335 380 4388 Jesu
411 4334 635 4401 Christi,
670 4337 786 4389 veri
811 4338 943 4391 Filii
965 4342 1061 4393 Dei
1075 4343 1210 4405 vivi,
1239 4346 1289 4397 si
1313 4347 1391 4400 sic
1420 4346 1487 4400 de
1513 4363 1571 4401 eo
1600 4352 1740 4403 recte
1762 4366 1885 4406 sen-

250 4426 349 4489 tis,
379 4424 613 4494 loquere,
646 4430 696 4480 et
715 4427 781 4481 de
810 4429 924 4495 illo,
954 4432 1095 4486 sicut
1122 4435 1390 4491 catholica
1413 4440 1586 4492 credit
1622 4442 1885 4509 Ecclesia,

254 4517 415 4571 crede
431 4521 481 4571 et
505 4521 768 4587 conﬁtere.
800 4521 878 4575 Ad
910 4524 1069 4591 cujus
1094 4542 1285 4583 vocem
1317 4531 1611 4588 haereticus
1628 4542 1757 4588 ante
1791 4551 1888 4589 su-

1985 1980 2116 2035 bolo
2171 1996 2229 2035 se
2279 1988 2471 2035 mutuo
2518 1978 2812 2045 cohortati,
2858 1978 3131 2032 miserunt
3160 1976 3216 2029 in
3249 1990 3344 2030 eos
3402 1973 3608 2047 ignem.

1983 2068 2138 2134 Quod
2167 2085 2292 2124 cum
2328 2070 2381 2122 Β.
2408 2068 2629 2140 praesuli
2661 2067 2973 2122 nuntiatum
2998 2065 3190 2119 fuisset
3225 2063 3282 2118 in
3301 2060 3610 2133 propinqua

1981 2157 2131 2224 villa,
2163 2173 2329 2229 quam
2378 2158 2626 2213 Basilica:
2681 2158 2895 2212 Cortem
2959 2151 3335 2227 [Bazancourt]
3389 2154 3609 2205 vocant.

1983 2257 2114 2306 tunc
2144 2250 2282 2306 forte
2312 2251 2657 2317 consistenti,
2691 2266 2920 2306 ascenso
2967 2247 3221 2320 protinus
3261 2259 3428 2315 equo,
3461 2240 3614 2296 cele-

1985 2340 2119 2396 riter
2146 2343 2215 2396 ad
2247 2350 2453 2398 tantam
2484 2341 2943 2413 compescendam
3003 2336 3493 2412 praesumptionem
3516 2332 3615 2386 de-

1982 2436 2136 2491 venit
2180 2436 2411 2491 Celtum.
2473 2436 2589 2501 Quo
2651 2453 2775 2490 eum
2818 2435 3183 2505 pervenisset,
3240 2432 3616 2498 ardentesque

1982 2528 2170 2602 fruges
2226 2527 2544 2599 reperisset,
2606 2528 2675 2582 ad
2747 2528 2929 2598 ipsum
2979 2525 3283 2581 calefacere
3337 2537 3396 2576 se
3449 2517 3619 2588 caapit

1982 2618 2168 2690 ignem
2204 2636 2218 2685 ;
2246 2635 2489 2689 semper,
2524 2616 3094 2689 inquiens,estbonus
3119 2613 3293 2679 focus,
3311 2610 3357 2664 si
3392 2623 3501 2663 non
3521 2622 3617 2660 su-

1984 2726 2084 2780 per
2119 2716 2319 2780 potest.
2352 2709 2742 2764 Verumtamen
2782 2724 2977 2764 omnes
3002 2706 3097 2778 qui
3149 2706 3254 2759 hoc
3280 2705 3537 2774 egerunt,
3562 2706 3618 2751 et

1984 2798 2081 2871 qui
2113 2798 2181 2853 de
2210 2798 2453 2870 ipsorum
2481 2797 2730 2871 germine
2779 2797 2892 2851 nati
2926 2796 3153 2856 fuerint,
3178 2792 3280 2845 viri
3314 2784 3616 2861 ponderosi

1984 2887 2140 2956 ﬁant,
2169 2895 2225 2944 et
2245 2887 2466 2945 femina:
2513 2885 2755 2959 gutturis
2773 2884 3084 2941 calamitate
3109 2882 3439 2953 plectantur.
3462 2873 3618 2940 Quod

1982 2982 2060 3037 ita
2114 2997 2339 3054 quoque
2389 2986 2607 3036 constat
2661 2978 2973 3050 impletum.
3028 2976 3214 3046 Usque
3257 2971 3325 3027 ad
3369 2978 3618 3039 tempora

1983 3073 2267 3145 siquidem
2298 3071 2474 3128 Caroli
2501 3071 2705 3145 Magni,
2737 3071 2833 3143 qui
2858 3067 3245 3139 hujuscemodi
3272 3064 3527 3121 homines
3548 3062 3618 3116 de

1907 3163 1957 3232 C
1985 3166 2157 3234 Celto,
2186 3167 2449 3239 quoniam
2502 3165 2916 3222 vieedominum
2961 3161 3211 3218 ecclesiae
3244 3154 3532 3213 Remensis
3559 3154 3616 3207 in

1980 3259 2180 3314 eadem
2233 3260 2362 3316 villa
2393 3267 2679 3330 necarunt,
2725 3257 3135 3323 exterminavit,
3177 3255 3346 3312 caedis
3371 3250 3617 3309 auctori-

1980 3347 2086 3404 bus
2107 3350 2434 3417 interfectis,
2468 3359 2523 3405 et
2570 3346 3052 3405 consentientibus
3073 3361 3174 3418 per
3210 3340 3457 3417 diversas
3487 3355 3618 3413 pro-

1977 3438 2190 3498 vincias
2234 3438 2521 3511 dispersis,
2575 3445 2744 3511 atque
2778 3443 3052 3510 perpetuo
3097 3431 3489 3491 condemnatis
3519 3447 3618 3486 ex-

1981 3533 2234 3589 silio:ac
2263 3534 2334 3588 de
2385 3533 2602 3588 caeteris
2657 3533 2824 3603 hujus
2876 3530 3147 3604 episcopii
3181 3528 3329 3584 villis
3359 3524 3612 3582 eamdem

1982 3626 2278 3682 restaurari
2346 3625 2494 3681 fecit.
2552 3627 2630 3681 Ita
2684 3625 2788 3680 viri
2843 3624 3177 3695 feminaeque
3237 3618 3620 3697 generationis

1983 3720 2149 3788 hujus
2178 3717 2393 3773 multati
2426 3726 2869 3789 permanserunt,
2913 3727 2972 3772 ut
3000 3714 3176 3771 sancti
3207 3713 3311 3770 viri
3343 3710 3620 3769 sententia

1986 3810 2376 3886 promulgavit.
2433 3811 2496 3866 Et
2539 3819 2668 3884 apte
2695 3810 2921 3884 quidem
2952 3809 3038 3864 vir
3081 3807 3179 3864 Dei
3210 3804 3497 3878 (quoniam
3518 3818 3622 3875 po-

1984 3921 2162 3967 steros
2199 3925 2391 3964 eorum
2450 3904 2689 3961 rebelles
2735 3918 2799 3957 ac
2841 3898 3137 3956 seditiosos
3186 3896 3304 3953 fore
3343 3892 3615 3967 praevidit)

1986 4000 2303 4071 hujusmodi
2350 3997 2597 4053 vindicta
2642 4011 2754 4051 non
2803 3993 2981 4050 solum
3033 3993 3485 4062 przesumptores,
3520 3984 3619 4040 sed

1983 4092 2150 4148 etiam
2167 4104 2344 4164 genus
2376 4088 2625 4158 ipsorum
2648 4083 2817 4156 plecti
2849 4079 3116 4137 decrevit.

2057 4184 2186 4240 Post
2219 4182 2337 4236 hazc
2368 4179 2556 4251 igitur,
2584 4178 2803 4249 aliaque
2856 4174 3153 4230 multarum
3203 4166 3479 4243 magnalia
3508 4164 3622 4221 vir-

1988 4282 2186 4340 tutum,
2216 4288 2339 4345 quae
2372 4270 2636 4326 Dominus
2664 4265 2881 4339 operari
2906 4280 3006 4336 per
3038 4262 3185 4316 hunc
3217 4257 3437 4313 fidelem
3458 4271 3621 4310 suum

1987 4363 2253 4423 famulum
2284 4361 2543 4433 dignatus
2564 4365 2666 4423 est,
2698 4355 2939 4430 gemitus
2955 4350 3106 4407 illius
3127 4347 3431 4405 exaudiens
3453 4353 3621 4416 atque

1986 4456 2247 4527 suspiria,
2297 4454 2503 4525 quibus
2553 4450 2738 4505 dicere
2790 4452 3199 4503 consueverat:
3250 4438 3482 4507 Quando
3526 4452 3623 4491 ve-

1986 4553 2158 4611 niam,
2187 4554 2237 4603 et
2267 4546 2539 4617 apparebo
2553 4548 2679 4598 ante
2700 4544 2899 4609 faciem
2924 4540 3071 4595 Dei?
3103 4537 3271 4604 (Psal.
3290 4549 3397 4594 xu,
3422 4530 3497 4600 3,)
3520 4531 3625 4586 Sa-

254 4610 736 4699 Pel‘busohumilis
778 4613 893 4681 iam
925 4614 1102 4672 facms
1142 4628 1310 4693 atque
1340 4624 1667 4693 εθιὴοῖίθυεν
1699 4626 1891 4682 οΐιὴο-
1914 4627 1971 4696 D
1996 4610 2174 4693 tiabor
2210 4610 2819 4699 dum-manifestabitur
2844 4630 3028 4698 gloria
3056 4626 3171 4696 ejus
3202 4625 3366 4694 (Psal.
3396 4637 3504 4685 xw,
3537 4619 3620 4683 8),

256 4701 464 4797 (jo’fam
492 4698 659 4797 ﬁdem
687 4700 757 4757 de
805 4702 994 4759 (“Vina
1030 4714 1087 4761 θί
1126 4708 1487 4781 ins‘l‘Parabili
1515 4714 1802 4786 Trinitate,
1831 4736 1895 4777 ac
1998 4727 2077 4781 illi
2110 4727 2202 4797 pia
2232 4698 2614 4780 consolatione
2641 4720 2907 4775 Dominus
2936 4717 3125 4774 obitus
3167 4715 3253 4771 sui
3285 4714 3434 4768 diem
3461 4725 3622 4764 reve-

252 4792 326 4847 de
357 4791 739 4848 incarnatione
764 4794 963 4852 Christi
987 4800 1258 4857 catholice
1279 4802 1585 4876 confessus,
1621 4809 1676 4864 in
1696 4810 1891 4867 eadem

250 4878 630 4936 confessionis
669 4898 783 4937 suae
816 4881 925 4939 fide
977 4902 1036 4941 se
1089 4905 1514 4959 permansurum
1549 4902 1883 4972 repromisit.

247 4974 459 5045 Sicque
490 4974 676 5028 anima
707 4992 808 5046 per
837 4976 1224 5038 inﬁdelitatem
1264 4987 1504 5057 perdito,
1533 4999 1588 5048 et
1616 4995 1888 5066 corporali

246 5081 388 5120 voce
436 5074 664 5136 pr0pter
704 5069 1025 5138 superbiam
1078 5074 1227 5143 juste
1266 5080 1656 5150 condemnato,
1689 5086 1891 5144 virtute

249 5160 448 5215 divina
478 5160 817 5217 venerabilis
842 5165 1113 5235 pontifex,
1139 5170 1406 5227 etanimae
1432 5175 1741 5234 reddiditet
1766 5195 1889 5235 cor-

252 5257 410 5328 poris
433 5259 729 5313 sanitatem
757 5277 772 5326 ;
801 5263 1018 5318 cunctis
1037 5264 1131 5334 qui
1153 5264 1404 5335 aderant,
1432 5268 1517 5322 vel
1548 5271 1665 5325 haec
1694 5272 1890 5346 cogni-

252 5348 365 5404 turi
402 5348 608 5417 forent,
640 5353 1026 5409 sacerdotibus
1056 5363 1312 5426 patenter
1340 5362 1660 5432 ostendens,
1696 5365 1751 5420 in
1785 5368 1889 5424 hoc

250 5438 401 5492 male
436 5438 717 5493 sentiente
767 5440 837 5495 de
881 5440 1095 5499 Christo
1149 5446 1267 5517 (qui
1296 5450 1582 5518 proximus
1624 5461 1679 5508 et
1720 5454 1890 5512 frater

249 5526 420 5583 nobis
473 5542 575 5598 per
627 5527 1025 5586 humanitatem
1075 5532 1198 5589 fieri
1229 5535 1489 5610 dignatus
1513 5543 1617 5609 est)
1649 5544 1889 5614 qualiter

244 5627 445 5676 contra
478 5629 773 5691 peccantes
820 5622 877 5677 in
927 5624 1132 5696 ipsum,
1171 5628 1257 5684 vel
1304 5629 1361 5685 in
1392 5632 1693 5691 Ecclesiam
1719 5645 1888 5710 atque

244 5713 516 5781 rebelles,
545 5720 601 5767 et
621 5728 752 5789 erga
793 5726 917 5786 post
955 5733 1416 5795 recognoscentes
1461 5742 1526 5783 ac
1555 5729 1891 5799 poenitentes

246 5805 502 5862 debeant
531 5822 716 5881 agere.

1994 4817 2127 4873 lavit
2157 4815 2468 4876 imminere,
2512 4813 2629 4878 Qua
2678 4810 3019 4866 revelatione
3049 4806 3242 4869 fretus,
3278 4818 3457 4856 rerum
3490 4816 3622 4855 sua-

1995 4925 2116 4965 rum
2172 4906 2424 4963 condidit
2480 4913 2893 4972 testamentum,
2952 4901 3023 4957 ad
3098 4898 3248 4953 illam
3303 4894 3621 4967 pertingere

1995 5001 2260 5057 festinans
2287 4998 2692 5064 haereditatem,
2726 4999 2794 5053 de
2839 5011 2948 5069 qua
2979 4991 3115 5047 dicit
3146 4990 3421 5061 Propheta
3451 5003 3464 5040 :
3492 4986 3624 5042 Cum

1993 5092 2203 5146 dederit
2232 5091 2443 5145 dilectis
2473 5091 2589 5143 suis
2643 5102 2909 5152 somnum,
2941 5084 3051 5137 hrec
3081 5085 3158 5135 est
3188 5078 3475 5134 hwreditas
3507 5078 3619 5130 Do-

1991 5182 2130 5234 mini
2162 5179 2324 5241 (Psal.
2360 5194 2536 5244 cxxvr,
2585 5177 2640 5244 3,
2694 5178 2769 5246 4).
2830 5176 2922 5230 Sic
2959 5189 3092 5245 ergo
3136 5180 3361 5227 sanctus
3405 5167 3498 5222 hic
3540 5165 3625 5222 vir

1992 5269 2109 5334 Dei,
2156 5275 2433 5323 terrenam
2486 5267 2884 5337 derelinquens
2938 5262 3323 5319 hereditatem
3373 5256 3624 5331 percepit

1989 5369 2273 5417 aeternam.
2336 5358 2570 5414 Condito
2632 5357 2910 5429 siquidem
2982 5360 3334 5418 testamento,
3395 5357 3451 5405 et
3506 5348 3624 5403 suis

1989 5455 2250 5511 omnibus
2280 5453 2383 5508 rite
2399 5452 2709 5524 dispositis,
2747 5452 2879 5522 quia
2925 5466 3090 5507 verus
3128 5448 3371 5522 agricola
3399 5457 3622 5501 omnem

1988 5545 2117 5601 vitis
2165 5560 2309 5599 verae
2352 5543 2637 5614 palmitem
2705 5543 2943 5598 fructum
2976 5540 3244 5596 ferentem
3286 5541 3506 5611 purgat,
3561 5534 3624 5585 ut

1989 5641 2227 5697 fructum
2257 5638 2384 5709 plus
2424 5635 2616 5694 afferat
2646 5640 2819 5708 (Joan.
2853 5651 2945 5692 xv.
2975 5635 3049 5699 ﬁl,
3098 5632 3385 5690 oculorum
3416 5640 3619 5695 corpo-

1992 5734 2187 5789 ralium
2214 5732 2426 5788 lumine
2458 5733 2707 5804 privatus
2736 5739 2819 5789 est
2836 5730 3185 5804 aliquandiu,
3218 5741 3330 5799 quo
3350 5734 3612 5794 superna,

1990 5825 2194 5881 mentis
2219 5825 2415 5893 oculis,
2443 5826 2513 5880 ad
2544 5842 2669 5898 quae
2702 5833 2815 5882 toto
2839 5823 3137 5880 anhelabat
3162 5816 3464 5885 desiderio,
3481 5825 3614 5867 con-
