3884 6408
158 370 222 424 61
833 364 1158 423 HISTORIA?!
1197 364 1531 422 ECCLESUE
1572 365 1898 421 REMENSIS
1938 364 2116 421 LIBRI
2155 362 2490 428 QUATUOR.
2530 396 2592 406 -
2623 358 2747 415 LIB.
2792 362 2832 414 l.
3441 362 3511 417 62

156 517 318 573 quam
341 516 377 555 a
403 500 792 557 cohaeredibus
811 501 950 555 meis
974 499 1273 556 Benedicto
1299 505 1353 554 et
1385 498 1607 563 Hilario,
1632 500 1774 555 datis
1799 505 1850 571 Α
1873 498 2058 554 clesize
2090 499 2387 555 Remorum
2406 500 2645 573 jungere
2669 496 2841 560 volui,
2875 498 3076 561 donec,
3104 503 3165 552 ut
3194 496 3301 552 hoc
3324 498 3513 552 omni-

158 595 355 666 pretiis
384 594 494 650 emi
534 593 604 649 de
658 594 918 650 thesauro
957 593 1228 659 ecclesiae,
1259 602 1314 649 et
1353 594 1673 651 Albiniacus
1711 613 1778 652 ex

159 689 459 761 episcopis,
518 688 574 742 in
640 688 920 744 alimoniis
971 690 1235 746 clericum
1267 690 1555 749 Remensis
1581 690 1777 745 Eccle-

158 777 254 833 siae
283 776 651 834 communiter
666 776 1022 847 deputentur.
1064 778 1276 844 Quibus
1325 778 1493 833 etiam
1520 778 1697 833 Berna
1717 795 1784 834 ex

160 867 468 938 episc0pio,
501 882 624 937 quae
638 865 936 937 peculiaris
962 866 1465 937 praedecessoribus
1496 867 1636 922 meis
1663 883 1783 923 esse

160 959 392 1021 solebat,
435 973 561 1012 cum
614 956 831 1011 duabus
886 956 1050 1013 villis.
1095 973 1231 1029 quas
1285 956 1598 1012 Ludovicus
1636 974 1665 1011 a
1696 974 1785 1012 me

162 1064 316 1104 sacro
366 1045 715 1119 baptismatis
777 1045 925 1100 fonte
983 1054 1293 1117 susceptus,
1324 1061 1513 1101 amore
1542 1046 1786 1101 nominis

163 1136 292 1202 mei,
343 1134 737 1191 Piscofesheim
789 1150 888 1189 sua
917 1134 1108 1210 lingua
1151 1133 1361 1191 vocatis
1416 1137 1470 1206 (ί.
1530 1134 1790 1204 vocatas],

167 1227 296 1282 mihi
329 1224 576 1290 tradidit,
618 1223 734 1278 sive
786 1239 911 1277 cum
941 1223 1098 1278 Coslo
1132 1231 1187 1279 et
1216 1222 1500 1288 Gleni,vel
1525 1222 1787 1278 omnibus

163 1316 337 1384 silvis,
360 1313 556 1385 pratis,
583 1311 823 1384 pascuis,
873 1326 1220 1384 qumcunque
1272 1326 1372 1379 per
1402 1311 1652 1366 diversos
1681 1311 1789 1365 mi-

167 1405 372 1460 nistros
401 1403 459 1457 in
479 1403 692 1476 Vosago
713 1400 876 1468 infra,
909 1401 1140 1466 circum,
1163 1409 1219 1454 et
1241 1387 1397 1453 extra
1422 1416 1437 1464 ;
1466 1407 1614 1454 tuam
1646 1399 1789 1453 ultra

165 1509 332 1565 quam
367 1493 505 1548 citra
553 1492 803 1547 Rhenum
856 1492 1036 1562 pretio
1075 1492 1202 1545 dato
1242 1489 1577 1561 comparavi,
1612 1489 1792 1560 picem

167 1582 454 1638 annuatim
502 1580 798 1647 ministret,
849 1580 1175 1651 cunctisque
1231 1578 1368 1633 locis
1423 1576 1790 1652 regularibus,

167 1687 274 1730 tam
336 1692 368 1729 a
400 1690 509 1742 me,
548 1690 715 1746 quam
754 1672 823 1727 ab
844 1671 1291 1727 antecessoribus
1329 1670 1469 1724 meis
1500 1670 1789 1726 ordinatis.

165 1769 281 1824 sive
316 1770 371 1823 in
400 1768 585 1822 futuro
625 1766 693 1820 ab
725 1765 1005 1836 episcopis
1023 1764 1439 1820 successoribus
1469 1764 1608 1819 meis
1633 1764 1791 1819 ordi-

167 1858 389 1923 nandis,
423 1873 526 1929 pro
557 1855 890 1911 necessitate
922 1856 1166 1910 locorum
1207 1856 1276 1910 ad
1313 1856 1536 1910 vascula
1583 1853 1797 1910 vinaria

165 1946 557 2018 componenda
576 1944 860 2000 annuatim
891 1943 1202 1998 distribuat.
1236 1942 1645 1998 Crusciniacum
1677 1942 1793 2014 [al.,

169 2037 559 2109 Cruciniatum]
580 2053 711 2092 vero
739 2043 792 2091 et
814 2036 1025 2104 Faram,
1067 2038 1182 2091 sive
1212 2036 1370 2091 villas
1396 2052 1534 2107 quas
1557 2035 1795 2089 sanctis-

164 2128 306 2183 sima
346 2126 503 2201 virgo
531 2124 728 2180 Christi
785 2124 1082 2192 Genovefa,
1117 2142 1147 2179 a
1198 2141 1326 2199 rege
1354 2123 1794 2179 Chritianissimo

166 2220 449 2275 Ludovico
478 2234 579 2290 pro
628 2218 961 2289 compendio
992 2217 1209 2273 itineris
1260 2217 1367 2280 sui,
1402 2232 1526 2271 eum
1550 2216 1792 2270 Remen-

162 2333 279 2371 sem
311 2316 604 2372 ecclesiam
653 2316 960 2386 saepissime
1019 2314 1243 2370 visitare
1286 2315 1514 2381 soleret,
1559 2313 1791 2384 adipisci

163 2411 495 2483 promeruit,
545 2410 937 2482 alimoniisque
994 2410 1206 2465 ibidem
1254 2410 1363 2465 Deo
1408 2410 1792 2465 famulantium

161 2501 473 2573 deputavit,
501 2501 643 2556 sicut
690 2501 759 2556 ab
792 2516 856 2556 ea
912 2499 1227 2555 ordinatum
1264 2509 1365 2565 est,
1402 2501 1475 2556 ita
1503 2499 1793 2566 conﬁrmo,

160 2589 625 2644 utCrusciniacus
663 2588 831 2644 futuri
863 2587 1468 2659 episcopisuccessoris
1488 2588 1596 2642 mei
1626 2587 1797 2644 obse—

159 2679 332 2749 quiis,
358 2677 755 2733 etsartatectis
805 2677 1132 2748 principalis
1172 2677 1421 2732 ecclesiae
1475 2677 1790 2747 deputetur.

158 2767 357 2822 Faram
397 2782 529 2821 vero
562 2766 744 2821 eidem
792 2766 1080 2836 episcopo,
1122 2773 1176 2819 et
1205 2764 1514 2820 sartatectis
1545 2765 1795 2820 ecclesia;

155 2856 248 2910 ubi
266 2856 530 2925 jacuero,
561 2854 959 2926 perpetualiter
1007 2853 1215 2907 servire
1266 2851 1460 2921 jubeo.
1488 2855 1798 2924 Sparnacus

155 2943 666 3015 [ms.,Spernacus]
702 2944 849 3009 villa,
898 2958 1063 3014 quam
1124 2942 1269 2996 datis
1324 2942 1574 3014 quinque
1626 2945 1799 2999 millia

151 3038 309 3092 libris
349 3036 590 3111 argenti,
610 3036 680 3091 ab
703 3035 934 3108 Eulogio
954 3035 1292 3106 comparavi,
1318 3042 1410 3090 tua
1429 3038 1796 3103 (sanctissima

157 3129 335 3184 haeres
369 3132 511 3197 mea)
547 3143 658 3182 non
680 3134 1069 3182 extraneorum
1093 3126 1375 3180 haeredum
1394 3143 1643 3183 meorum
1674 3145 1794 3184 esse

1882 590 1988 644 bus
2027 591 2277 646 ecclesiis
2313 592 2666 665 adimpleret,
2725 589 2966 646 obtinui.
3028 589 3136 643 Sed
3178 604 3357 661 neque
3389 599 3514 659 post

1882 683 2003 752 ejus
2019 683 2375 754 baptismum,
2410 686 2519 741 nisi
2560 683 2912 741 Codiciacum
2943 680 3313 745 etJuliacum,
3347 698 3516 752 super

1882 771 2088 843 quibus
2116 772 2231 840 jam
2263 774 2445 829 dictus
2503 789 2642 845 puer
2684 770 3069 827 sanctissimus
3123 780 3178 825 et
3219 770 3518 825 unanimus

1884 864 2018 918 mihi
2053 862 2437 930 Clodovaldus,
2477 875 2532 920 et
2562 864 2758 920 incolae
2795 862 2901 918 loci
2934 862 3083 917 illius
3112 862 3517 932 multiplicibus

1889 951 2068 1008 xeniis
2096 954 2326 1027 gravati,
2355 953 2560 1010 obnixe
2598 953 2981 1022 deprecantes,
3015 950 3164 1021 quod
3194 951 3311 1025 regi
3343 950 3518 1005 debe-

1893 1045 2037 1100 bant-
2056 1044 2303 1100 ecclesiae
2343 1061 2481 1100 meae
2511 1043 2861 1110 solvendum,
2890 1058 2979 1097 me
3006 1051 3195 1113 petere
3227 1043 3517 1113 compule-

1894 1142 2039 1193 runt.
2074 1136 2230 1200 Ωιιοά
2255 1136 2401 1191 idem
2416 1136 2698 1207 piissimus
2725 1152 2815 1189 rex
2837 1142 3183 1209 etgratanter
3210 1133 3514 1204 accipiens,

1896 1226 2307 1296 promptissima
2330 1228 2611 1283 voluntate
2641 1227 2872 1300 largitus
2911 1232 3014 1291 est,
3046 1224 3355 1296 usibusque
3387 1226 3515 1291 tuis,

1888 1315 2237 1370 sanctissima
2292 1317 2467 1372 haeres
2516 1332 2661 1381 mea,
2687 1315 2842 1383 juxta
2879 1313 3127 1384 ejusdem
3154 1313 3389 1385 piissimi
3422 1315 3521 1369 da-
3585 1374 3592 1388 ι

1890 1402 2025 1457 toris
2055 1410 2392 1474 praeceptum
2412 1444 2425 1471 ,
2461 1402 2765 1475 episcOpali
2797 1402 3122 1457 auctoritate
3146 1400 3378 1457 ﬁrmavi.
3414 1402 3521 1457 Res

1893 1494 2058 1549 etiam
2085 1510 2223 1567 quas
2248 1510 2398 1566 szepe
2419 1494 2598 1551 dictus
2644 1511 2760 1561 rex,
2811 1493 3201 1565 piissimusque
3234 1493 3516 1565 princeps,

1896 1584 1997 1640 tibi
2017 1586 2075 1640 in
2102 1586 2443 1656 Septimania
2473 1595 2528 1642 et
2547 1586 2840 1658 Aquitania
2862 1586 3164 1653 concessit,
3190 1593 3352 1641 eteas
3383 1603 3521 1657 quas

1896 1675 1954 1729 in
1986 1675 2276 1731 Provincia
2332 1676 2662 1731 Benedictus
2710 1675 2935 1748 quidam
2968 1675 3153 1744 (eujus
3183 1674 3351 1730 ﬁliam
3382 1676 3518 1731 mihi

1896 1764 1965 1819 ab
2005 1764 2218 1820 Alarico
2245 1766 2496 1832 missam,
2526 1763 2701 1838 gratia
2739 1765 2912 1820 sancti
2952 1764 3191 1835 Spiritus
3213 1781 3311 1835 per
3342 1765 3522 1834 impo-

1824 1822 1873 1890 Β
1897 1856 2156 1911 sitionem
2205 1873 2400 1911 manus
2429 1873 2565 1912 meae
2598 1856 2943 1928 peccatricis,
2976 1871 3084 1911 non
3134 1856 3312 1910 solum
3343 1872 3374 1911 a
3395 1855 3518 1910 dia-

1896 1948 2092 2004 bolica:
2130 1947 2341 2003 fraudis
2364 1949 2606 2013 vinculo,
2665 1949 2763 2004 sed
2802 1948 2871 2002 ab
2905 1947 3098 2001 inferis
3131 1946 3420 2016 revocavit)
3451 1948 3517 2002 ad

1898 2056 2059 2095 usum
2088 2039 2316 2094 luminis
2348 2037 2452 2105 tui,
2481 2048 2535 2095 et
2561 2040 2668 2096 loci
2689 2041 2786 2096 ubi
2811 2055 3011 2110 corpus
3040 2054 3227 2094 meum
3261 2037 3518 2107 jacuerit,

1895 2128 2262 2183 continuatim
2304 2127 2586 2183 deservire
2616 2129 2901 2199 praecipio,
2926 2127 3198 2198 villasque
3226 2127 3283 2180 in
3310 2125 3526 2180 Austria

1893 2220 2009 2276 sive
2031 2220 2286 2293 Toringa.
2305 2217 2508 2271 Futuro
2536 2218 2801 2287 episcOpo
2822 2218 3128 2274 successori
3157 2234 3282 2274 meo
3310 2218 3529 2287 amphi-

1896 2308 2083 2362 balum
2103 2307 2290 2362 album
2316 2308 2631 2378 paschalem
2651 2309 2929 2381 relinquo,
2949 2309 3191 2382 stragula
3208 2310 3529 2367 columbina

1896 2400 2025 2465 duo,
2046 2400 2167 2454 vela
2185 2399 2307 2466 tria,
2329 2415 2450 2471 quae
2464 2407 2593 2455 sunt
2614 2401 2681 2454 ad
2700 2401 2843 2457 ostia
2873 2401 3072 2456 diebus
3084 2400 3237 2457 festis
3278 2401 3526 2469 triclinii,

1895 2491 2049 2546 cellae
2073 2500 2127 2546 et
2153 2491 2372 2547 culinae.
2401 2492 2505 2546 Vas
2530 2500 2855 2567 argenteum
2896 2492 3144 2567 triginta,
3178 2501 3234 2548 et
3261 2492 3413 2548 aliud
3431 2492 3530 2547 de-

1897 2596 2016 2635 cem
2040 2589 2096 2635 et
2124 2589 2250 2636 octo
2292 2581 2584 2647 librarum,
2618 2581 2764 2635 inter
2812 2589 2884 2647 te,
2918 2581 3095 2635 haeres
3127 2596 3270 2647 mea,
3305 2587 3359 2634 et
3384 2578 3526 2632 diua-

1897 2672 2049 2730 cesin
2082 2680 2230 2728 tuam
2283 2672 2578 2727 Eeclcsiam
2634 2672 3080 2738 Laudunenscm,
3122 2672 3279 2727 tactis
3312 2674 3530 2743 patenis

1898 2772 2065 2836 atque
2105 2763 2373 2819 calicibus
2405 2764 2473 2817 ad
2502 2764 2874 2818 ministerium
2902 2771 3334 2830 sacrosanctum,
3366 2776 3530 2836 prout

1895 2852 2070 2912 volui,
2128 2852 2237 2907 Deo
2299 2859 2603 2915 annuente,
2637 2852 2916 2908 distribui.
2980 2852 3121 2907 Illud
3183 2870 3405 2925 quoque
3438 2872 3531 2910 vas

1895 2957 2127 2998 aureum
2160 2944 2357 2999 decem
2381 2942 2668 3012 librarum,
2699 2946 2847 3017 quod
2873 2945 3010 3000 mihi
3033 2962 3181 3016 saepe
3215 2948 3532 3004 nominatus

1896 3033 2177 3101 dominus,
2202 3035 2549 3107 illustrisque
2566 3036 2846 3092 memoria
2872 3036 3183 3092 Ludovicus
3205 3055 3316 3103 rex,
3341 3056 3526 3111 quem,

1894 3132 1954 3180 ut
2001 3125 2255 3197 praedixi,
2287 3125 2356 3180 de
2387 3142 2543 3181 sacro
2583 3126 2932 3197 baptismatis
2961 3126 3114 3182 fonte
3154 3130 3394 3200 suscepi,
3428 3131 3531 3185 do-

158 3221 413 3275 cernitur
448 3224 508 3289 (c.
544 3219 653 3288 14),
685 3234 751 3274 eo
783 3219 930 3290 quod
961 3235 1083 3273 cum
1140 3218 1389 3275 criminis
1445 3222 1795 3277 accusatione
1823 3188 1872 3256 C
1897 3231 2028 3271 nare
2057 3217 2318 3292 dignatus
2342 3223 2446 3283 est,
2474 3224 2534 3270 ut
2556 3216 2624 3269 de
2643 3232 2710 3271 eo
2742 3215 2983 3272 facerem
3010 3217 3292 3287 quodipse
3323 3219 3528 3274 voluis-

157 3310 327 3384 regiae
362 3311 670 3383 majestatis
697 3311 845 3366 idem
874 3318 1162 3367 teneretur
1198 3312 1494 3381 obnoxius,
1528 3322 1582 3369 et
1603 3331 1662 3369 se
1686 3331 1797 3369 m1-

160 3404 309 3459 nime
336 3419 579 3477 purgare
611 3411 819 3474 posset,
849 3420 964 3459 non
988 3404 1165 3459 solum
1184 3421 1254 3460 ne
1279 3405 1646 3473 occideretur,
1670 3407 1797 3462 dato

154 3494 267 3562 jam
300 3494 456 3549 dicto
486 3493 667 3564 pretio
707 3494 776 3548 de
831 3495 1106 3550 thesauris
1137 3495 1266 3561 tuis,
1325 3496 1424 3550 sed
1459 3512 1530 3551 ne
1561 3498 1798 3568 pecunia

158 3582 282 3652 ejus
321 3582 729 3655 publicaretur,
770 3599 880 3637 una
932 3592 1113 3639 tecum
1162 3584 1378 3640 obtinui
1414 3603 1426 3640 :
1468 3595 1523 3642 et
1584 3587 1710 3641 ideo
1741 3594 1800 3642 ut

159 3672 393 3740 praefata
423 3672 735 3742 Sparnacus
759 3674 1272 3742 perpetualitertibi
1295 3675 1364 3729 ad
1393 3676 1798 3732 restituendum

161 3763 511 3828 thesaurum,
536 3762 944 3836 stipendiisque
974 3766 1052 3820 tui
1086 3766 1367 3838 pontiﬁcis
1403 3768 1699 3835 deserviat,
1732 3768 1802 3822 li-

161 3857 340 3911 berali
373 3858 664 3914 sanctione
717 3858 945 3915 ﬁrmavi.
1001 3861 1378 3919 Duodeciacus
1409 3879 1562 3930 vero,
1590 3864 1736 3919 sicut
1770 3880 1803 3918 a

158 3951 506 4010 Clodovaldo
538 3955 899 4011 nobilissima).
955 3956 1159 4012 indolis
1206 3973 1379 4028 puero
1418 3957 1801 4013 conﬁrmatum

160 4052 265 4110 est,
301 4043 409 4098 tibi
446 4045 623 4099 haeres
679 4062 802 4101 mea
860 4046 1259 4116 perpetualiter
1290 4046 1607 4103 famuletur.
1636 4048 1806 4103 Villas

160 4150 300 4205 quas
324 4133 463 4188 mihi
498 4133 760 4189 dominus
810 4134 1146 4206 illustrisque
1175 4135 1455 4189 memoriae
1497 4135 1806 4193 Ludovicus

162 4244 257 4281 rex
277 4243 455 4298 quem
486 4227 557 4282 de
601 4242 758 4282 sacro
814 4227 1165 4299 baptismatis
1204 4229 1354 4285 fonte
1400 4229 1644 4301 suscepi,
1680 4247 1805 4286 cum

162 4316 354 4371 adhuc
386 4332 638 4390 paganus
658 4316 830 4371 Deum
873 4316 1176 4389 ignoraret,
1203 4317 1270 4372 ad
1325 4320 1614 4390 proprium
1635 4321 1809 4376 tradi-

163 4404 266 4469 dit,
291 4404 440 4459 locis
470 4403 898 4475 pauperioribus
919 4405 1178 4475 deputavi
1205 4422 1219 4471 ;
1242 4422 1311 4460 ne
1329 4405 1488 4467 forte.
1521 4425 1643 4463 eum
1663 4418 1810 4467 esset

1897 3324 2036 3373 sem,
2070 3308 2173 3362 tibi
2236 3306 2441 3361 haeredi
2502 3322 2638 3362 meae
2686 3308 2946 3363 Ecclesiae
3005 3324 3173 3379 supra
3211 3318 3531 3367 memoratae

1892 3399 2066 3468 jubeo
2094 3398 2418 3454 turriculum
2480 3406 2536 3452 et
2574 3398 2939 3473 imaginatum
2978 3399 3209 3454 calicem
3250 3400 3530 3467 fabricari,

1901 3498 1954 3546 et
1973 3491 2389 3566 epigrammata,
2425 3504 2548 3560 qua:
2607 3490 2852 3546 Lauduni
2889 3492 2945 3546 in
2976 3500 3246 3565 argenteo
3288 3493 3408 3564 ipse
3434 3494 3529 3549 di-

1899 3582 2062 3644 ctavi,
2096 3582 2151 3635 in
2179 3582 2283 3636 hoe
2300 3596 2523 3653 quoque
2541 3581 2821 3637 conscribi
2852 3582 3000 3638 volo.
3026 3583 3183 3648 Quod
3210 3583 3410 3640 faciam
3436 3602 3537 3656 per

1901 3689 2009 3737 me,
2042 3674 2085 3726 si
2121 3672 2367 3727 habuero
2412 3671 2649 3743 spatium
2681 3673 2809 3729 vitae
2842 3692 2856 3739 ;
2890 3674 2934 3728 si
2964 3674 3146 3730 autem
3174 3675 3394 3744 [Briss.,
3423 3678 3509 3731 sin

1900 3766 2047 3837 ante]
2091 3765 2342 3820 clausero
2356 3763 2606 3819 ultimum
2634 3764 2878 3823 diem.tu
2910 3763 2989 3819 fili
3018 3764 3202 3821 fratris
3233 3767 3535 3839 mei,Lupe

1903 3856 2188 3925 episcopo,
2247 3852 2467 3923 species
2524 3861 2651 3909 ante
2689 3852 2882 3918 dictas,
2929 3854 3009 3909 tui
3043 3854 3259 3910 ordinis
3300 3872 3536 3925 memor,

1904 3943 2132 3998 efﬁcias.
2177 3941 2651 4013 Compresbyteris
2683 3943 2822 3998 meis
2851 3950 2906 3998 et
2931 3942 3262 3999 diaconibus
3283 3946 3378 4016 qui
3405 3954 3538 4001 sunt

1906 4034 2110 4095 Remis,
2152 4033 2401 4104 quinque
2419 4038 2474 4086 et
2498 4031 2690 4104 viginti
2724 4032 2937 4087 solidos
2961 4033 3251 4103 mqualiter
3277 4033 3535 4090 dividen-

1907 4129 2009 4185 dos
2040 4129 2096 4183 in
2129 4144 2425 4183 commune
2453 4128 2692 4182 dimitto.
2717 4127 2851 4183 Vitis
2872 4128 3112 4199 plantam
3136 4143 3305 4197 super
3319 4126 3536 4183 vineam

1908 4236 2089 4275 meam
2119 4220 2186 4274 ad
2209 4219 2594 4275 suburbanum
2624 4218 2882 4290 positam,
2913 4217 3079 4273 simili
3106 4215 3269 4272 modo
3291 4232 3539 4271 commu-

1911 4311 2058 4365 niter
2090 4310 2457 4382 possidebunt
2487 4326 2613 4365 cum
2645 4308 2880 4363 Melanio
2910 4307 3170 4370 vinitore,
3203 4321 3369 4376 quem
3394 4304 3538 4359 doin

1911 4399 2033 4455 loco
2067 4399 2426 4455 ecclesiastici
2447 4397 2687 4454 hominis
2704 4396 3029 4459 Albovichi,
3044 4403 3104 4449 ut
3124 4393 3455 4450 Alboviehus
3469 4392 3539 4448 li-

163 4490 438 4558 inﬁdclis,
470 4493 736 4562 cupidum
796 4503 1135 4548 terrenarum
1179 4513 1362 4551 rerum
1402 4513 1492 4553 me
1549 4498 1806 4556 arbitrari
1837 4480 2126 4548 Dbertate
2158 4490 2482 4561 plenissima
2499 4490 2821 4561 perfruatur
2861 4486 3309 4542 Subdiaconibus
3330 4486 3540 4541 solidos

163 4592 379 4654 posset.
416 4592 473 4639 et
504 4600 611 4639 non
646 4584 831 4656 potius
882 4602 994 4641 sua:
1025 4590 1259 4644 salutem
1291 4590 1692 4663 animae,quam
1719 4610 1806 4649 ex-

162 4677 376 4732 teriora
404 4676 476 4731 ab
514 4677 636 4747 ipso
690 4677 838 4733 bona
868 4679 1172 4749 requirere.
1217 4682 1371 4747 Quod
1397 4692 1451 4737 et
1480 4684 1805 4753 admiratus,

161 4769 524 4825 intercedere
564 4785 651 4823 me
669 4784 769 4841 pro
818 4770 1252 4845 quibuscunque
1294 4776 1682 4834 necessitatem
1709 4796 1809 4852 pa-

163 4858 444 4913 tientibus
465 4865 521 4912 et
551 4856 753 4924 ﬁdelis,
786 4866 841 4913 et
868 4869 996 4915 ante
1048 4862 1237 4930 fidem,
1283 4863 1525 4940 benigne
1554 4865 1807 4923 liberali-

162 4956 365 5019 terque
428 4947 722 5002 concessit.
787 4948 849 5003 Et
902 4949 1033 5020 quia
1087 4967 1152 5007 ex
1209 4953 1471 5009 omnibus
1527 4957 1806 5030 episcopis

161 5040 490 5099 Galliarum.
526 5055 627 5110 pro
656 5040 763 5095 ﬁde
817 5050 871 5097 et
909 5045 1309 5105 convocatione
1343 5047 1674 5104 Francorum
1702 5066 1805 5121 po-

161 5128 446 5182 tissimum
478 5143 566 5182 me
630 5128 883 5185 laborare
945 5133 1226 5202 cognovit,
1283 5134 1438 5190 dedit
1496 5136 1807 5193 mihiDeus

163 5224 374 5272 tantam
417 5216 652 5290 gratiam
686 5218 744 5271 in
776 5228 1079 5290 conspectu
1101 5222 1240 5291 ejus,
1274 5221 1561 5296 virtusque
1595 5225 1804 5294 divina,

161 5322 286 5377 qua:
318 5322 430 5376 per
459 5304 723 5376 Spiritum
756 5315 1012 5363 sanctum
1058 5326 1144 5365 me
1185 5319 1537 5382 peecatorem
1570 5312 1807 5384 plurima

160 5394 324 5467 signa
344 5395 418 5448 ad
463 5395 698 5448 salutem
741 5396 980 5465 praefatae
1011 5399 1196 5471 gentis
1226 5399 1559 5456 Francorum
1588 5402 1804 5473 operari

162 5486 317 5554 fecit,
350 5494 415 5541 ut
467 5501 576 5541 non
606 5488 784 5542 solum
825 5489 1008 5545 ablata
1055 5491 1316 5547 omnibus
1344 5492 1596 5548 ecclesiis
1645 5494 1799 5569 regni

159 5578 504 5633 Francorum
548 5578 884 5645 restitueret,
932 5582 1030 5636 sed
1075 5582 1243 5638 etiam
1284 5584 1352 5638 de
1385 5585 1632 5656 proprio,
1664 5602 1797 5660 gra-

160 5671 299 5725 tuita
344 5669 626 5737 bonitate,
677 5671 946 5742 plurimas
1011 5674 1212 5730 ditaret
1269 5675 1553 5731 ecclesias.
1609 5675 1799 5748 Neque

163 5763 321 5833 prius
349 5762 424 5816 de
459 5777 630 5836 regno
675 5763 815 5832 ejus,
864 5773 1132 5837 quantum
1158 5783 1354 5838 passus
1384 5776 1466 5824 est
1489 5768 1670 5838 pedis,
1705 5784 1800 5826 ec—

1909 4580 2225 4647 duodecim,
2256 4579 2579 4645 lectoribus,
2613 4577 2876 4641 ostiariis,
2913 4575 3303 4645 etjunioribus
3329 4594 3367 4629 s.
3396 4575 3540 4631 lidos

1908 4680 2030 4723 octo
2047 4668 2222 4737 jubeo
2249 4668 2388 4722 dari.
2423 4666 2771 4737 Pauperibus
2809 4665 3111 4720 duodecim
3145 4665 3201 4719 in
3254 4664 3539 4720 matricula

1908 4760 2126 4830 positis,
2177 4768 2305 4815 ante
2354 4759 2502 4814 fores
2533 4758 2785 4813 ecelesize
2825 4756 3281 4828 exspectantibus
3310 4755 3535 4826 stipem,

1906 4852 2016 4906 duo
2047 4851 2209 4907 solidi
2239 4851 2385 4906 unde
2408 4867 2469 4906 se
2500 4849 2771 4917 reﬁciant,
2809 4849 3148 4905 inferentur:
3175 4848 3380 4920 quibus
3402 4847 3536 4903 Cor—

1907 4941 2106 4996 cellum
2134 4940 2321 4996 villam
2353 4940 2563 4995 dudum
2613 4939 2898 4994 deservire
2930 4938 3191 5010 praecepi.
3225 4937 3359 4992 Aliis
3389 4954 3535 5007 pau-

1907 5030 2137 5100 peribus
2169 5030 2371 5094 tribus,
2428 5029 2524 5084 ubi
2580 5028 2778 5084 fratres
2818 5027 3069 5101 quotidie
3127 5027 3298 5098 pedes
3354 5027 3539 5082 lavare

1908 5120 2136 5186 debent,
2196 5120 2401 5192 quibus
2465 5120 2630 5176 etiam
2667 5118 3035 5175 Balatoforum
3098 5118 3538 5190 [Relatoforum],

1908 5212 2057 5285 quod
2089 5211 2292 5267 dicitur
2312 5211 2734 5278 Xenodochion,
2758 5211 2825 5266 ad
2858 5211 2962 5266 hoc
2983 5211 3312 5282 mysterium
3342 5210 3536 5276 statui,

1905 5302 2117 5356 solidus
2144 5318 2289 5356 unus
2320 5301 2563 5357 dabitur.
2597 5301 2785 5357 Viduis
2837 5301 3204 5376 quadraginta
3236 5303 3290 5357 in
3320 5302 3535 5374 porticu

1904 5398 2154 5453 ecclesiae
2179 5395 2498 5451 alimoniam
2544 5393 3016 5465 prazstolantibus,
3048 5394 3256 5467 quibus
3284 5396 3356 5451 de
3381 5394 3538 5450 deci-

1906 5486 2011 5540 mis
2039 5486 2290 5541 villarum
2334 5483 2739 5553 Calmisciaco",
2790 5484 3070 5551 Tessiaco,
3126 5484 3406 5541 Novavilla
3434 5484 3537 5540 sti-

1902 5575 2105 5646 pendia
2130 5573 2611 5640 ministrabantur,
2671 5573 2988 5644 superaddo
3045 5575 3114 5629 de
3147 5574 3277 5630 villa
3312 5573 3535 5633 Huldri-

1900 5664 2053 5719 ciaca
2090 5662 2348 5734 superius
2377 5669 2702 5729 memorata,
2738 5662 2822 5717 eis
2854 5662 2910 5718 in
2942 5671 3282 5737 perpetuum.
3307 5663 3527 5732 stipen-

1902 5751 1994 5805 dia
2016 5750 2229 5821 inferri,
2259 5759 2314 5807 et
2346 5758 2457 5807 tres
2485 5751 2717 5820 solidos,
2750 5758 2805 5807 et
2835 5752 3094 5809 denarios
3141 5758 3380 5824 quatuor
3408 5747 3527 5804 dari
