3884 6416
329 394 399 449 63

1382 386 1810 445 FLODOARDUS
1850 383 2219 441 CANONICUS
2258 379 2605 439 REMENSIS.

3601 369 3681 424 64

323 522 495 593 jubeo
522 540 537 588 ;
569 521 820 578 ecclesia
858 521 910 576 8.
941 520 1178 576 Victoris
1199 520 1266 574 ad
1296 524 1507 590 portam
1538 514 1945 583 Suessonicam,
1972 518 2029 585 Α
2050 521 2107 570 et
2134 511 2517 570 Paschasidem
2554 508 2850 581 conj'ugem
2906 518 3083 569 suam,
3125 497 3518 554 Vernivianum
3545 511 3681 552 cum

329 615 539 671 solidos
568 616 709 670 duos
736 633 751 681 ;
781 613 1030 670 ecclesia
1078 613 1131 668 S.
1158 610 1374 667 Martini
1401 609 1471 665 ad
1516 616 1731 679 portam
1762 607 1945 663 Colla-

330 705 531 769 titiam,
551 704 761 760 solidos
786 703 964 768 duos;
991 700 1241 757 ecclesia
1262 697 1438 754 sancti
1470 696 1661 751 Hilarii
1710 696 1779 751 ad
1819 711 1949 766 por-

331 801 440 848 tam
473 793 677 859 Martis,
734 792 943 847 solidos
971 790 1113 845 duos
1140 807 1155 855 ;
1179 786 1430 843 ecclesia
1460 791 1776 841 sanctorum
1823 783 1945 838 Cri-

330 885 477 956 spini
515 893 570 940 et
599 882 930 956 CriSpiniani
964 882 1033 937 ad
1072 887 1285 951 portam
1333 876 1698 945 Trevericam,
1738 875 1948 931 solidos

330 977 519 1041 duos;
562 975 811 1032 ecclesia
864 975 918 1029 S.
972 973 1114 1028 Petri
1164 971 1307 1026 infra
1344 969 1560 1031 urbem,
1605 985 1727 1041 qua
1774 968 1946 1024 curtis

330 1064 616 1119 Dominica
663 1064 886 1130 dicitur,
946 1061 1155 1117 solidos
1184 1060 1324 1115 duos
1357 1076 1372 1125 ;
1406 1057 1658 1113 ecclesia
1697 1072 1862 1129 quam
1890 1056 1948 1111 in

332 1156 539 1209 honore
599 1153 845 1208 omnium
904 1152 1197 1223 Martyrum
1251 1164 1422 1220 supra
1458 1155 1704 1219 cryptam
1746 1146 1948 1202 Remo—

334 1263 453 1301 rum
490 1244 783 1311 adiﬁcavi,
822 1261 947 1300 cum
998 1259 1098 1315 per
1148 1241 1413 1297 auxilium
1467 1239 1688 1295 virtutis
1740 1237 1838 1293 Dei
1878 1238 1947 1292 ab

332 1336 462 1408 igne
489 1334 757 1390 damonis
786 1349 929 1405 pene
954 1333 1069 1401 jam
1101 1338 1269 1387 totam
1316 1330 1513 1386 urbem
1543 1335 1949 1386 concrematam

331 1423 535 1495 eripui,
584 1423 794 1479 solidos
831 1424 1015 1488 duos;
1049 1423 1321 1490 ecclesia,
1378 1437 1541 1494 quam
1597 1435 1697 1491 pro
1752 1419 1950 1474 eodem

330 1512 489 1586 signo
509 1512 727 1568 virtutis
774 1513 896 1591 Dei,
925 1514 984 1568 in
1041 1513 1251 1568 honore
1282 1512 1457 1567 sancti
1490 1510 1729 1579 Martini,
1752 1517 1807 1565 et
1833 1526 1954 1565 om-

334 1601 485 1656 nium
543 1601 926 1659 confessorum
971 1601 1113 1656 infra
1169 1601 1367 1656 urbem
1424 1598 1715 1667 adiﬁcavi,
1746 1598 1958 1655 solidos

334 1690 474 1746 duos
504 1690 803 1757 ;diaeonia
834 1690 978 1745 infra
1000 1690 1218 1758 urbem,
1247 1706 1369 1762 qua
1400 1690 1606 1745 dicitur
1641 1688 1710 1743 ad
1727 1691 1960 1759 Aposto-

2052 606 2182 663 ﬁliis
2213 607 2351 672 suis,
2409 608 2640 673 excepto
2702 595 3069 671 Widragasio,
3114 593 3203 649 cui
3271 591 3437 648 tribui
3495 588 3681 645 liber—

2048 706 2217 755 tatem
2251 739 2266 762 ,
2320 705 2415 752 tuo
2474 693 2587 763 juri
2655 688 2969 762 deputabis.
3049 686 3279 740 Servum
3345 696 3531 736 meum
3603 677 3682 732 de

2049 794 2353 851 Cesurnico
2415 798 2570 847 tuum
2624 803 2746 844 esse
2799 785 3085 858 pracipio.
3128 783 3395 855 Agrorum
3455 784 3675 849 partem

2048 888 2115 942 ad
2133 894 2208 952 te,
2241 899 2403 956 quam
2435 880 2602 935 frater
2649 893 2806 932 meus
2861 872 3176 943 Principius
3231 869 3527 940 episcopus
3579 872 3675 920 te-

2049 977 2190 1042 nuit,
2220 989 2343 1029 cum
2374 970 2545 1035 silvis,
2578 967 2773 1039 pratis,
2830 963 3049 1036 pascuis
3079 959 3388 1017 revocabis.
3438 957 3673 1011 Servum

2049 1080 2234 1119 meum
2294 1076 2460 1133 quem
2524 1056 2864 1112 Mellowicus
2925 1053 3126 1116 tenuit,
3187 1047 3505 1104 Viteredum
3566 1041 3674 1098 tibi

2049 1155 2400 1226 derelinquo,
2459 1148 2874 1210 Teneursolum,
2927 1144 3274 1217 Capalinum,
3332 1147 3387 1195 et
3441 1151 3677 1192 uxorem

2050 1261 2205 1301 suam
2238 1240 2749 1298 Theodorosenam.
2804 1244 2897 1292 tuo
2945 1233 3056 1303 juri
3116 1229 3479 1299 dominioque
3519 1234 3677 1279 tran-

2051 1336 2257 1393 scribo.
2316 1328 2695 1387 Theodonima
2733 1340 2962 1399 quoque
3006 1340 3072 1379 ex
3123 1337 3247 1376 mea
3300 1315 3685 1390 praceptione

2052 1430 2121 1485 sit
2157 1427 2351 1483 libera.
2386 1418 2732 1484 Edoneifam,
2784 1434 2907 1490 qua
2939 1413 3152 1472 homini
3185 1421 3279 1467 tuo
3317 1409 3525 1465 sociata
3551 1406 3685 1475 fuit,

2054 1527 2109 1574 et
2131 1517 2251 1586 ejus
2271 1512 2660 1588 cognationem
2709 1507 2999 1564 retinebis.
3031 1505 3265 1561 Uxorem
3326 1496 3591 1571 Aregildi,
3623 1502 3687 1549 et

2056 1612 2450 1686 cognationem
2508 1621 2663 1661 suam
2710 1604 2984 1677 ingenuos
3042 1614 3165 1655 esse
3208 1595 3399 1666 jubeo.
3459 1592 3683 1646 Partem

2061 1679 2240 1763 meam
2272 1704 2342 1758 de
2371 1709 2528 1772 prato
2558 1696 2709 1770 quod
2762 1690 3012 1750 Lauduni
3061 1689 3219 1758 juxta
3255 1699 3354 1741 vos
3384 1682 3586 1746 habeo,
3607 1679 3684 1772 ad

335 1782 437 1848 los,
466 1782 674 1838 solidos
702 1783 843 1838 duos
883 1800 898 1849 ;
933 1782 1094 1839 titulo
1121 1782 1296 1838 sancti
1326 1780 1571 1837 Mauricii
1595 1780 1653 1835 in
1672 1780 1762 1835 via
1785 1779 1963 1866 Casa:
1997 1797 2048 1866 Β
2070 1795 2338 1852 imitate",
2361 1769 2632 1846 {nomium
2676 1784 2879 1858 posito,
2908 1796 3031 1853 qua
3068 1777 3226 1835 Jovia
3261 1781 3392 1829 sunt
3451 1769 3690 1843 pratella

337 1874 437 1942 ria,
480 1875 687 1930 solidos
717 1875 857 1930 duos
885 1893 900 1941 ;
932 1874 1185 1931 ecclesia
1213 1873 1516 1930 Javidiana
1537 1873 1679 1944 [ms.,
1698 1863 1961 1933 Joviana]

340 1967 484 2022 tituli
516 1967 665 2022 beati
715 1966 1002 2039 Agricola,
1062 1966 1158 2021 ubi
1192 1946 1311 2038 ipse
1350 1967 1435 2021 vir
1462 1964 1965 2020 Christianissimus

336 2055 589 2122 Jovinus,
620 2063 675 2110 et
703 2063 928 2111 sanctus
987 2065 1194 2127 martyr
1250 2055 1517 2118 Nicasius,
1553 2069 1677 2109 cum
1710 2051 1963 2124 plurimis

336 2147 617 2203 societatis
642 2164 756 2203 sua
805 2147 1006 2203 Christi
1058 2146 1397 2219 martyribus
1452 2145 1830 2218 requiescunt,
1864 2144 1959 2199 ubi

338 2240 505 2294 etiam
565 2240 810 2312 quinque
870 2239 1224 2295 confessores
1281 2238 1519 2309 proximi
1582 2245 1964 2293 antecessores

342 2331 535 2388 domui
560 2332 788 2399 Nicasii,
818 2349 945 2388 cum
970 2332 1323 2388 sanctissima
1372 2331 1588 2404 virgine
1640 2340 1695 2386 et
1725 2339 1962 2401 martyre

343 2424 606 2495 EutrOpia
655 2424 863 2480 conditi
894 2432 1041 2492 sunt,
1081 2424 1291 2480 solidos
1329 2431 1441 2479 tres
1474 2441 1489 2489 ;
1530 2423 1714 2479 eidem
1742 2438 1962 2495 quoque

345 2514 594 2570 ecclesia
614 2514 900 2587 proprium
931 2516 1079 2586 quod
1111 2514 1291 2570 fuerat
1311 2514 1493 2570 Jovini
1521 2514 1577 2569 in
1597 2514 1715 2569 solo
1734 2513 1964 2567 Suesso-

345 2603 493 2671 nico,
524 2619 649 2658 cum
681 2604 917 2660 ecclesia
944 2604 1093 2659 beati
1125 2602 1427 2685 Michaelis,
1486 2601 1654 2657 rebus
1685 2600 1966 2673 prioribus

346 2691 711 2762 superaddidi
736 2692 1012 2759 ;ecclesia
1034 2700 1353 2747 sanctorum
1364 2699 1664 2762 martyrum
1692 2690 1967 2745 Timothei

348 2788 403 2835 et
428 2780 777 2851 Apollinaris,
809 2780 909 2834 ubi
933 2780 1100 2835 etiam
1149 2779 1383 2834 Domino
1414 2779 1602 2846 dante,
1631 2778 1677 2834 si
1710 2778 1971 2834 fratribus

348 2888 412 2927 ac
442 2870 572 2925 ﬁliis
609 2872 746 2926 meis
772 2872 1051 2943 episc0pis
1077 2872 1386 2928 dioeceseos
1415 2877 1616 2926 nostra
1640 2872 1818 2927 visum
1850 2872 1972 2930 fue-

350 2964 439 3027 rit,
472 2979 598 3019 ossa
630 2980 753 3019 mea
783 2980 991 3035 ponere
1018 2963 1295 3036 diSposui,
1329 2961 1542 3018 solidos
1570 2970 1810 3035 quatuor
1841 2983 1855 3031 ;
1881 2983 1973 3022 ec-

349 3053 532 3107 clesia
553 3053 726 3108 sancti
755 3053 1006 3122 Joannis,
1064 3054 1158 3109 ubi
1186 3056 1360 3112 virtus
1390 3056 1613 3123 Christi,
1642 3074 1731 3113 me
1753 3066 1970 3125 orante,

2072 1902 2197 1961 qua
2226 1883 2403 1950 tenui,
2462 1881 2527 1936 ad
2584 1887 2637 1934 te
2666 1875 2973 1933 revocabis.
3015 1869 3379 1926 Labrinacum
3426 1863 3551 1928 tibi,
3584 1861 3688 1917 ubi

2063 1951 2187 2034 ossa
2214 1970 2500 2050 genitricis
2546 1984 2684 2024 mea
2723 1966 2909 2038 posui,
2966 1978 3093 2018 cum
3142 1956 3382 2031 praﬁxis
3430 1951 3691 2009 terminis

2063 2046 2347 2140 deputavi.
2394 2063 2514 2119 Tibi
2556 2070 2763 2128 autem,
2805 2072 2980 2129 nepos
3036 2069 3195 2110 meus
3252 2046 3502 2123 Agricola
3557 2060 3696 2115 pre-

2061 2136 2274 2229 sbyter,
2299 2154 2394 2226 qui
2437 2153 2582 2207 intra
2615 2148 2948 2205 domesticos
3000 2143 3242 2216 parietes
3271 2154 3424 2194 meos
3453 2136 3690 2209 exegisti

2063 2245 2357 2318 pueritiam
2387 2249 2560 2308 tuam,
2591 2240 2749 2296 trado
2809 2244 2974 2308 atque
3005 2231 3315 2289 transcribo
3374 2229 3693 2283 Merumva-

2062 2343 2202 2391 stem
2248 2349 2491 2398 servum,
2550 2336 2606 2385 et
2634 2344 2864 2385 uxorem
2911 2341 3070 2381 suam
3116 2323 3469 2383 Meratenam,
3503 2323 3560 2370 et
3587 2330 3695 2370 eo-

2063 2441 2183 2479 rum
2212 2422 2412 2488 ﬁlium,
2444 2420 2691 2476 nomine.
2724 2417 3107 2473 Mercovicum.
3161 2411 3290 2479 Ejus
3319 2408 3543 2464 fratrem
3571 2403 3692 2459 Me-

2063 2516 2321 2572 dovicum
2348 2513 2522 2584 jubeo
2552 2528 2675 2567 esse
2732 2511 2992 2565 liberum.
3032 2502 3345 2560 Amantium
3375 2508 3430 2554 et
3457 2511 3692 2552 uxorem

2064 2621 2221 2660 suam
2256 2582 2476 2658 tibimet
2505 2598 2855 2668 derelinquo.
2891 2595 3092 2651 Eorum
3138 2592 3307 2647 ﬁliam
3337 2600 3462 2640 esse
3495 2582 3699 2656 praci-

2070 2699 2161 2769 pio
2190 2696 2424 2750 liberam
2480 2691 2847 2747 Dasoundam.
2880 2688 3155 2743 Alaricum
3208 2700 3428 2740 servum
3460 2690 3568 2737 tua
3593 2678 3700 2733 de-

2072 2797 2206 2863 puto
2239 2786 2503 2859 portioni,
2537 2786 2697 2854 cujus
2729 2800 2976 2848 uxorem,
3035 2798 3200 2854 quam
3228 2773 3465 2841 redemi,
3498 2782 3555 2828 et
3574 2787 3701 2826 ma-

2075 2880 2299 2945 numisi,
2333 2879 2662 2934 commendo
2716 2877 3012 2949 ingenuam
3044 2868 3474 2926 defendendam.
3504 2866 3702 2921 Bebri-

2075 2970 2301 3026 modum
2334 2978 2627 3023 etuxorem
2668 2981 2824 3020 suam
2869 2962 3095 3018 Moriam
3124 2967 3215 3015 tuo
3238 2955 3488 3012 dominio
3514 2954 3704 3009 vindi-

2074 3059 2248 3115 cabis.
2274 3057 2470 3112 Eorum
2488 3053 2635 3109 ﬁlius
2649 3050 3030 3109 Monacharius
3046 3045 3413 3125 gratulabitur
3424 3042 3704 3097 beneﬁcio

350 3143 531 3236 filiam;
553 3146 845 3236 Denedie-ti
894 3146 1199 3236 suscitavit,
1250 3148 1461 3204 solidos
1514 3150 1654 3206 duos
1682 3168 1696 3217 ;
1722 3150 1972 3206 ecclesia
2003 3167 2052 3236 ρ
2074 3146 2368 3201 libertatis.
2401 3143 2734 3199 illellaricum
2766 3149 2822 3197 et
2850 3155 3077 3196 uxorem
3117 3152 3272 3192 suam
3304 3133 3601 3188 Placidiam
3632 3130 3703 3185 ad

352 3234 536 3288 Sancti
565 3233 722 3301 Sixti,
753 3234 850 3289 ubi
880 3251 1005 3290 cum
1063 3234 1241 3291 tribus
1278 3238 1696 3293 successoribus
1722 3238 1841 3293 suis
1873 3254 1965 3293 re-

353 3325 611 3396 quiescit,
657 3326 867 3382 solidos
897 3334 1029 3394 tres,
1069 3328 1160 3383 cui
1217 3328 1385 3383 etiam
1443 3332 1512 3384 de
1560 3331 1788 3402 proprio
1843 3346 1969 3386 meo

358 3413 613 3468 Plebeias
633 3431 800 3486 supra
824 3416 1126 3471 Matronam
1153 3417 1378 3486 adjunxi
1414 3436 1428 3483 ;
1472 3419 1707 3475 ecclesia
1739 3419 1791 3472 S.
1830 3420 1972 3474 Mar-

358 3505 462 3560 tini
493 3507 551 3560 in
581 3507 778 3561 eodem
804 3507 922 3563 solo
952 3517 1154 3564 sancta
1185 3501 1474 3566 Remensis
1490 3513 1741 3568 ecclesia
1758 3513 1972 3583 posita,

359 3594 569 3649 solidos
596 3595 772 3661 duos;
797 3597 1048 3665 ecclesta
1074 3598 1130 3652 8.
1160 3598 1788 3671 ChristOphori,solidos
1819 3603 1978 3667 duos;

365 3683 618 3738 ecclesia
644 3684 698 3738 S.
732 3683 1009 3752 Germani,
1056 3703 1221 3758 quam
1274 3687 1399 3758 ipse
1437 3688 1494 3742 in
1545 3689 1663 3745 solo
1722 3689 1979 3744 Remensi

367 3774 659 3843 adiﬁcavi,
708 3775 919 3832 solidos
971 3779 1111 3833 duos
1168 3780 1464 3845 ;ecclesia
1529 3781 1623 3836 SS.
1686 3790 1981 3852 martyrum

367 3863 578 3919 Cosma
608 3871 662 3919 et
691 3865 941 3921 Damiani
999 3866 1056 3920 in
1088 3868 1332 3938 prafata
1376 3868 1567 3924 matris
1622 3870 1742 3926 solo
1765 3870 1979 3941 posita,

371 3955 581 4011 solidos
611 3956 769 4011 duos.
815 3957 1113 4014 Matricula
1154 3960 1208 4014 8.
1242 3959 1446 4027 Maria,
1489 3977 1613 4033 qua
1643 3962 1846 4017 dicitur
1875 3962 1984 4016 Xe-

370 4047 710 4117 nodochion,
740 4050 836 4105 ubi
893 4052 1186 4107 duodecim
1244 4070 1520 4124 pauperes
1556 4054 1755 4126 stipem
1789 4070 1988 4125 exspe-

368 4142 536 4200 ctant,
559 4137 773 4193 solidus
827 4138 1071 4195 dabitur.
1135 4142 1305 4207 Quam
1359 4143 1603 4215 denique
1642 4142 1983 4198 matrieulam

368 4223 513 4290 loco,
544 4224 865 4299 ubicunque
892 4227 1151 4285 fratribus
1179 4232 1320 4287 meis
1349 4241 1405 4288 et
1433 4232 1564 4287 ﬁliis
1590 4248 1715 4288 ossa
1744 4248 1869 4287 mea
1886 4248 1986 4302 po-

369 4329 503 4368 nere
532 4315 818 4385 placuerit,
851 4334 1210 4390 perseverare
1242 4322 1531 4403 pracipio,
1564 4329 1620 4377 et
1649 4328 1711 4377 ut
1737 4321 1833 4377 diu
1867 4322 1984 4392 [ηδε.

368 4407 409 4471 i,
433 4406 543 4477 die]
574 4416 854 4482 noctuque
885 4428 985 4483 pro
1006 4414 1250 4484 peccatis
1290 4422 1458 4486 atque
1504 4414 1836 4470 criminibus
1852 4414 1992 4469 meis

2073 3246 2230 3291 tuum
2258 3234 2566 3289 dominium
2619 3229 2930 3287 revocabis.
2986 3225 3297 3283 Medaridus
3326 3237 3519 3278 eorum
3548 3219 3704 3274 ﬁlius

2070 3332 2142 3386 sit
2168 3331 2421 3386 libertus.
2472 3329 2698 3383 Vineam
2730 3342 2895 3399 quam
2942 3324 3229 3380 Melaricus
3258 3318 3510 3375 Lauduni
3543 3316 3698 3384 fecit,

2073 3425 2175 3481 tibi
2231 3424 2430 3489 dono;
2485 3420 2876 3480 Britobaudem
2935 3433 3159 3472 servum
3218 3429 3424 3478 meum,
3484 3424 3705 3464 necnon

2075 3517 2241 3573 etiam
2303 3514 2642 3569 Gibericum.
2694 3508 2918 3566 Vinea'm
2989 3527 3097 3581 qua
3150 3504 3510 3563 Bebrimodus
3552 3501 3706 3565 facit,

2082 3609 2183 3665 tibi
2214 3615 2445 3662 eatenus
2492 3605 2840 3676 derelinquo,
2864 3602 3140 3657 utdiebus
3154 3599 3329 3662 festis,
3363 3603 3417 3651 et
3443 3593 3710 3650 omnibus

2083 3697 2284 3752 diebus
2315 3693 2636 3758 Dominicis,
2669 3692 2844 3748 sacris
2888 3691 3153 3746 altaribus
3182 3704 3306 3742 mea
3336 3685 3465 3741 inde
3502 3681 3713 3738 offera-

2084 3796 2172 3843 tur
2229 3786 2461 3848 oblatio,
2520 3793 2687 3855 atque
2717 3796 2901 3836 annua
2944 3779 3199 3835 convivia
3258 3769 3548 3830 Remensis
3583 3787 3711 3843 pre-

2084 3875 2324 3948 sbyteris
2347 3871 2740 3929 etdiaconibus
2767 3869 3141 3941 prabeantur.
3170 3864 3486 3938 Delcgoque
3516 3860 3712 3931 nepoti

2087 3985 2210 4023 meo
2236 3967 2561 4022 Pratcxtato
2613 3962 2980 4027 Moderatum,
3026 3957 3413 4018 Totticionem,
3444 3953 3715 4009 Marcovi-

2088 4078 2233 4128 cum,
2270 4058 2655 4115 Innocentium
2688 4070 2929 4119 servum,
2959 4068 3125 4124 quem
3144 4048 3329 4119 accepi
3358 4063 3391 4101 a
3418 4046 3711 4102 Profuturo

2089 4152 2393 4229 originario
2448 4165 2593 4215 meo,
2638 4145 2950 4204 cochlearia
2993 4151 3231 4216 quatuor
3281 4140 3351 4194 de
3383 4137 3711 4206 majoribus,

2088 4245 2459 4308 acetabulum,
2492 4243 2797 4307 lucernam,
2827 4253 2992 4310 quam
3031 4234 3168 4289 mihi
3218 4232 3477 4288 tribunus
3493 4230 3715 4284 Friare-

2089 4337 2192 4391 dus
2212 4334 2389 4400 dedit,
2430 4340 2485 4387 et
2516 4339 2835 4405 argenteam
2865 4327 3123 4382 cabutam
3154 4323 3463 4396 ﬁguratam.
3517 4319 3716 4374 Filiolo

2098 4429 2249 4482 illius
2288 4424 2541 4490 Parovio,
2600 4420 2946 4477 acetabulum
3004 4426 3059 4472 et
3111 4415 3214 4470 tria
3272 4411 3606 4475 cochlearia,
3662 4417 3719 4465 et

376 4496 672 4554 Dominum
700 4500 1072 4573 deprecentur
1099 4505 1169 4560 de
1221 4506 1446 4577 proprio
1487 4505 1827 4561 hareditatis
1856 4522 1908 4559 m

2188 4516 2338 4572 .ulam
2365 4514 2524 4583 cujus
2548 4510 2797 4566 ﬁmbrias
2827 4501 3432 4574 commutavi.Remigii
3462 4500 3722 4556 cochlea-

367 4584 714 4683 juretrebus
743 4606 881 4661 quas
927 4601 1308 4650 antecessores
1333 4595 1443 4651 mei
1474 4595 1530 4649 in
1562 4611 1754 4651 eorum
1787 4594 2002 4665 stipen-

375 4674 482 4728 diis
511 4675 745 4734 Domino
776 4680 1068 4749 dederunt,
1100 4685 1413 4754 superaddo
1440 4684 1608 4740 etiam
1637 4684 1825 4740 villam
1853 4682 2000 4738 Sola‘

378 4768 631 4837 dronam,
653 4778 709 4825 et
726 4772 910 4827 villam
942 4774 997 4829 S.
1048 4776 1335 4847 Stephani,
1367 4784 1423 4832 et
1476 4777 1752 4850 quidquid
1783 4776 1839 4830 in
1870 4774 2004 4830 villa

381 4858 702 4917 Herimundi
734 4864 871 4919 mihi
904 4882 1004 4936 per
1020 4868 1427 4925 successionem
1452 4871 1659 4927 evenit.
1692 4868 1849 4934 Quod
1870 4881 2001 4922 vero

380 4951 560 5021 pretio
593 4953 804 5010 ibidem
830 4960 1166 5029 comparavi,
1188 4962 1440 5017 ecclesia
1490 4963 1524 5017 S
1578 4962 1827 5029 Quintini
1849 4978 1998 5017 mar-

381 5042 517 5141 tyris
539 5044 655 5141 jam
685 5047 780 5102 diu
809 5049 1109 5141 ‘delegavi.
1167 5053 1241 5107 De
1280 5053 1393 5121 jam
1446 5053 1595 5109 dicto
1649 5053 1995 5121 VacCuliaco,

385 5130 750 5202 Fruminium,
809 5137 1169 5211 Dagaleifum,
1224 5142 1591 5213 Dagaredum,
1647 5143 1996 5210 Ductionem,

385 5221 797 5297 Bandowieum,
857 5229 1155 5299 Udulfum,
1210 5233 1563 5301 Vinofeifam,
1622 5235 1828 5290 liberos
1879 5250 1999 5290 esse

388 5317 671 5389 pracipio.
705 5321 1078 5380 Temnaredus
1109 5325 1205 5398 qui
1232 5327 1301 5382 de
1346 5326 1590 5401 ingenua
1613 5327 1858 5383 nascitur
1884 5344 2002 5382 ma—

386 5413 489 5474 tre,
520 5416 663 5466 statu
696 5411 969 5470 libertatis
997 5425 1200 5475 utatur.
1256 5419 1333 5474 Tu
1373 5435 1527 5489 vero,
1565 5419 1643 5477 ﬁli
1674 5421 1859 5476 fratris
1890 5421 2000 5476 mei

392 5496 541 5569 Lupe
567 5500 851 5573 episc0pe,
887 5511 980 5560 tuo
1006 5506 1254 5565 dominio
1292 5508 1606 5566 vindicabis
1637 5510 1922 5575 Nifastem,
1950 5516 2005 5564 et

390 5592 622 5687 matrem
648 5605 803 5687 suam
837 5593 1081 5651 Nuciam.
1104 5597 1332 5654 Vineam
1361 5614 1582 5671 quoque
1612 5618 1779 5674 quam
1809 5601 2007 5657 Aincas

389 5679 596 5731 vinitor
623 5679 779 5747 colit;
810 5681 1037 5741 Eneam
1064 5695 1120 5744 et
1148 5689 1450 5747 Monulfum
1477 5692 1598 5761 ejus
1622 5693 1796 5749 tilium
1820 5691 2010 5762 junio-

394 5789 508 5829 rem
529 5771 703 5841 jubeo
729 5773 985 5829 libertate
1024 5777 1299 5852 perfungi.
1337 5778 1665 5835 Melloﬁcum
1698 5780 2010 5851 pomarium

2101 4607 2183 4662 ria
2206 4606 2331 4672 tria,
2382 4619 2506 4675 qua
2558 4616 2682 4655 meo
2739 4607 2870 4653 sunt
2923 4594 3146 4652 nomine
3195 4591 3428 4655 titulata,
3487 4588 3722 4643 mantile

2101 4694 2280 4766 ipsius
2298 4692 2448 4765 quod
2480 4688 2661 4744 habeo
2698 4686 2909 4751 feriale,
2940 4680 3246 4739 transcribo
3271 4697 3285 4745 ;
3306 4677 3720 4733 hichinaeulum

2102 4798 2322 4855 quoque
2362 4781 2509 4835 dono
2548 4778 2650 4843 illi,
2683 4777 2751 4830 de
2773 4790 2883 4846 quo
2904 4771 3208 4828 Godebodo
3247 4766 3722 4837 dixi.Delegoque

2102 4875 2411 4932 benedicta
2455 4871 2585 4926 ﬁlia
2634 4884 2774 4923 mea
2806 4867 3020 4921 Hilaria
3052 4865 3299 4919 diacona
3326 4859 3582 4915 ancillam
3614 4874 3725 4913 no-

2097 4966 2247 5021 mine
2279 4963 2501 5028 Nocam,
2558 4967 2614 5014 et
2666 4957 2861 5013 vitium
2897 4955 3244 5026 pedaturam,
3299 4965 3421 5020 qua
3450 4946 3722 5014 suajun-

2098 5057 2247 5132 gitur
2273 5056 2459 5120 vinea,
2506 5068 2673 5124 quam
2727 5048 2949 5105 Catusio
2994 5045 3144 5109 facit,
3179 5042 3326 5098 dono
3371 5058 3385 5093 :
3421 5047 3476 5093 et
3510 5046 3724 5109 partem

2099 5131 2278 5205 meam
2312 5149 2381 5202 de
2395 5143 2748 5216 Talpusciaco
2777 5137 3104 5204 transcribo,
3155 5151 3254 5206 pro
3284 5131 3572 5203 obsequiis
3600 5147 3728 5203 qua

2099 5238 2236 5294 mihi
2270 5236 2658 5291 indesinenter
2708 5228 3003 5301 impendit.
3033 5226 3189 5279 Actio
3229 5220 3415 5291 nepoti
3444 5234 3571 5273 meo
3599 5235 3730 5290 par-

2103 5341 2211 5389 tem
2240 5332 2309 5387 de
2342 5328 2662 5392 Cesurnico,
2696 5341 2820 5397 qua
2868 5321 3002 5376 mihi
3035 5325 3182 5375 sorte
3232 5313 3525 5370 divisionis
3552 5311 3730 5366 obve-

2103 5421 2204 5486 nit,
2227 5437 2351 5477 cum
2383 5417 2534 5475 omni
2579 5417 2703 5485 jure
2733 5412 2882 5485 quod
2921 5408 3077 5465 tenui
3118 5417 3283 5478 atque
3335 5403 3581 5475 possedi.
3607 5404 3730 5456 Am-

2104 5510 2350 5566 brosium
2381 5522 2606 5580 quoque
2633 5519 2866 5576 puerum
2895 5500 2963 5555 ad
2987 5501 3079 5569 jus
3108 5496 3280 5557 illius,
3303 5492 3730 5564 dominiumque

2108 5598 2438 5655 transmitto.
2464 5595 2691 5649 Vitalem
2738 5590 2997 5648 colonum
3028 5586 3265 5641 liberum
3306 5581 3646 5650 essejubeo,
3680 5588 3733 5636 et

2108 5690 2373 5746 familiam
2403 5703 2560 5744 suam
2590 5685 2658 5740 ad
2681 5689 2941 5753 nepotem
2963 5694 3147 5735 meum
3167 5676 3585 5752 Agathimerum
3609 5690 3736 5745 per-

2110 5779 2291 5834 tinere
2333 5796 2348 5833 :
2380 5777 2469 5834 cui
2500 5776 2720 5832 vineam
2740 5772 2890 5828 dono
2915 5786 3081 5842 quam
3103 5765 3263 5839 posui
3287 5763 3664 5831 Vindonissa,
3682 5768 3736 5817 et
