3884 6408
218 420 290 475 65
895 415 1224 472 HISTORIA?
1262 415 1594 472 ECCLESI/E
1633 415 1960 472 REMENSIS
2001 416 2178 471 LIBRI
2218 417 2546 482 QUATUOR.
2573 450 2642 460 —
2683 421 2811 478 LIB.
2857 424 2873 476 I
3500 429 3568 482 66

221 563 345 602 meo
377 547 568 602 labore
598 545 889 612 constitui,
920 547 1022 601 sub
1056 564 1122 602 ea
1146 548 1466 604 conditione
1481 557 1581 604 uta
1599 547 1851 618 partibus
1877 560 1921 618 Α
1949 549 2084 614 mei,
2119 549 2268 621 Lupe
2306 551 2588 622 episcOpe,
2637 560 2690 607 et
2724 554 2974 627 Agricola
3035 557 3342 629 presbyter,
3375 580 3574 634 porcos

221 640 358 705 suis,
390 639 652 695 omnibus
683 639 882 693 diebus
914 638 1068 694 festis
1125 656 1188 695 ac
1233 641 1534 696 Dominicis
1575 656 1674 710 pro
1697 655 1853 694 com-

220 728 622 783 memoratione
653 744 780 781 mea
810 727 982 781 sacris
1011 728 1278 783 altaribus
1306 728 1570 784 offeratur
1592 729 1804 784 oblatio
1839 730 1856 764 -'

222 829 277 873 et
298 816 764 872 Laudunensibus
809 817 1151 887 presbyteris
1190 826 1356 889 atque
1387 818 1718 874 diaconibus
1748 835 1850 872 an-

222 924 330 962 nua
370 908 642 969 convivia.
677 907 1020 962 concedente
1041 907 1274 963 Domino
1299 909 1668 979 praebeantur.
1698 911 1847 964 Dono

223 1004 471 1059 ecclesia
503 1004 860 1059 Laudunensi
903 1021 968 1059 ex
998 1005 1145 1060 villis
1175 1021 1312 1077 quas
1347 1004 1487 1058 mihi
1532 1012 1737 1058 sancta
1761 1019 1863 1063 re-,

219 1097 558 1152 cordationis
588 1097 846 1168 prafatus
869 1113 961 1152 rex
990 1098 1298 1152 Ludovicus
1319 1097 1495 1162 dedit,
1522 1096 1677 1158 duas,
1711 1095 1846 1148 Ani-

218 1185 452 1255 siacum,
482 1185 807 1256 solidosque
861 1186 1054 1240 decem
1102 1195 1157 1240 et
1187 1193 1332 1248 octo,
1366 1201 1506 1256 quos
1539 1183 1844 1255 presbyteri

222 1274 510 1329 etdiaconi
578 1274 725 1328 inter
780 1291 839 1328 se
887 1276 1084 1345 aquati
1151 1274 1426 1329 divisione
1485 1273 1843 1327 distribuant.

225 1363 437 1417 Partem
471 1379 650 1417 meam
680 1363 748 1417 de
771 1363 929 1418 Secio
980 1380 1045 1416 ex
1077 1363 1292 1438 integro
1323 1363 1390 1416 ad
1422 1379 1482 1416 se
1523 1369 1849 1416 revocetcc-

221 1457 391 1511 clesia
423 1455 826 1522 Laudunensis,
847 1463 902 1510 et
923 1455 1251 1521 Lauscitam,
1275 1472 1440 1527 quam
1470 1455 1607 1508 mihi
1642 1453 1846 1508 charis-

221 1549 362 1602 sima
393 1547 503 1600 filia
530 1554 586 1601 et
615 1562 774 1601 soror
813 1563 955 1614 mea,
1010 1547 1305 1619 virgoque,
1338 1556 1396 1601 ut
1425 1545 1612 1611 credo,
1646 1543 1842 1598 Christi

221 1636 572 1691 sanctissima
617 1635 914 1702 Genovefa,
969 1636 1024 1689 in
1060 1636 1257 1689 usibus
1306 1651 1610 1707 pauperum
1648 1632 1844 1688 Christi

221 1723 324 1778 tibi
360 1724 599 1778 dandam
629 1724 698 1778 ad
727 1724 1004 1796 integrum
1037 1723 1331 1797 delegavit.
1356 1721 1694 1778 Commendo
1720 1737 1848 1776 san-

221 1817 398 1870 ctitati
434 1823 559 1878 tua,
591 1814 668 1870 fili
699 1816 884 1870 fratris
904 1816 1200 1887 mei,Lupe
1240 1816 1524 1886 episcope,
1553 1832 1618 1870 ex
1649 1813 1848 1885 prafa-

224 1909 292 1963 tis
311 1909 483 1976 villis,
522 1925 665 1979 quos
706 1909 938 1965 libertos
964 1925 1087 1963 esse
1149 1909 1434 1980 pracipio,
1475 1901 1844 1974 Catusionem,

220 2005 275 2051 et
303 1997 652 2052 Auliatenam
670 1998 964 2071 conjugem
981 2014 1158 2064 suam,
1183 1998 1527 2053 Nonnionem
1551 1998 1644 2068 qui
1668 2012 1845 2051 meam

221 2087 444 2140 vineam
485 2086 636 2152 facit,
669 2086 1082 2154 Sonnoveifam,
1117 2103 1279 2157 quam
1306 2087 1579 2158 captivam
1610 2086 1844 2150 redemi,

213 2174 726 2244 bonisparentibus
771 2184 978 2241 natam,
1033 2183 1088 2230 et
1133 2175 1253 2243 ejus
1307 2174 1482 2229 filium
1518 2175 1844 2230 Leutibere-

212 2265 374 2331 dum,
407 2263 752 2318 Mellaridum
783 2272 838 2319 et
888 2264 1257 2328 Mellatenam,
1277 2265 1591 2330 Vasantem,
1618 2263 1841 2320 Cocum.

215 2356 538 2419 Caesariam,
606 2358 1026 2430 Dagarasenam,
1079 2366 1134 2411 et
1165 2357 1609 2412 Baudorosenam
1645 2357 1843 2412 Leonis

212 2458 471 2521 neptem,
506 2456 562 2503 et
587 2449 960 2504 Marcoleifum
993 2448 1169 2504 ﬁlium
1197 2450 1462 2504 Totnonis
1491 2468 1505 2515 ;
1548 2451 1648 2505 hos
1674 2458 1840 2517 totos,

210 2540 285 2594 tili
331 2539 519 2593 fratris
551 2539 683 2606 mei,
720 2538 868 2609 Lupe
900 2537 1184 2609 cpiscope,
1219 2538 1548 2593 sacerdotali
1598 2539 1844 2594 auctori-

214 2641 325 2689 tate
363 2632 574 2686 liberos
619 2628 961 2684 defensabis.
1021 2630 1140 2684 Tibi
1173 2639 1380 2698 autem,
1423 2631 1630 2684 haredi
1663 2631 1844 2686 eccle—

211 2724 312 2778 sia
346 2739 510 2790 mea,
558 2722 873 2777 Flavianum
910 2729 964 2777 et
1020 2737 1243 2777 uxorem
1275 2739 1430 2776 suam
1462 2723 1843 2798 Sparagildem

212 2817 382 2871 dono.
423 2815 623 2870 Eorum
655 2813 883 2868 ﬁliolam
917 2813 1197 2884 parvulam
1229 2814 1670 2879 Flavarasenam,
1695 2815 1843 2870 libe-

213 2925 324 2963 ram
358 2924 484 2962 esse
533 2906 818 2962 constitui.
861 2907 1171 2960 Fedamiam
1235 2923 1460 2961 uxorem
1520 2907 1744 2977 Melani,
1793 2915 1848 2963 et

210 3013 405 3052 eorum
463 2996 748 3066 parvulam
791 2995 1091 3050 Remenses
1137 2996 1448 3066 presbyteri
1510 3005 1564 3050 et
1623 2996 1845 3051 diaconi

208 3089 602 3160 possidebunt.
651 3087 1030 3158 Crispiciolum
1099 3089 1357 3143 colonum
1417 3088 1658 3142 liberum
1726 3105 1847 3143 esse

1961 658 2120 697 meos
2150 643 2294 698 inter
2322 660 2419 699 vos
2439 645 2728 716 aqualiter
2755 647 3038 704 dividetis.
3065 651 3377 721 Friaredus,
3409 672 3572 726 quem

1961 747 2030 785 ne
2046 732 2393 787 occideretur
2408 735 2825 804 quatuordecim
2857 738 3049 791 solidis
3079 743 3418 812 comparavi,
3437 744 3575 800 duos

1957 837 2254 878 concessos
2290 825 2510 890 habeat,
2543 826 2836 882 duodecim
2859 829 2953 883 det
2983 829 3050 884 ad
3072 830 3319 887 basilicae
3343 833 3577 890 domno-

1955 929 2074 966 rum
2105 923 2412 985 martyrum
2461 916 2733 971 Timothei
2791 926 2846 972 et
2906 919 3239 988 Apollinaris
3296 939 3570 979 cameram

1950 1001 2280 1058 faciendam.
2308 1004 2432 1059 Hac
2488 1005 2562 1059 ita
2603 1007 2693 1060 do.
2751 1008 2822 1061 ita
2878 1008 3022 1078 lego,
3052 1008 3128 1063 ita
3156 1017 3344 1066 testor.
3380 1014 3571 1069 Cateri

1949 1084 2142 1145 omnes
2162 1093 2481 1147 exharedes
2512 1102 2706 1160 estote,
2732 1103 2973 1150 suntote.

2026 1204 2044 1231 ι
2073 1182 2207 1237 Huic
2235 1192 2416 1239 autem
2450 1193 2780 1242 testamento
2808 1203 2932 1243 meo
2972 1189 3133 1244 dolus
3185 1192 3361 1246 malus
3392 1194 3572 1256 abest.

1948 1273 2238 1345 aberitque
2269 1276 2324 1329 in
2355 1293 2465 1348 quo
2489 1278 2534 1331 si
2559 1295 2665 1349 qua
2698 1278 2884 1344 litura,
2938 1281 3024 1335 vel
3053 1290 3377 1339 caraxatura
3410 1287 3577 1342 fuerit

1949 1361 2192 1428 inventa,
2217 1363 2359 1419 facta
2388 1373 2471 1419 est
2497 1382 2590 1420 me
2640 1379 2932 1437 prasente,
2967 1371 3096 1424 dum
3128 1388 3159 1424 a
3192 1389 3277 1426 me
3308 1374 3576 1448 relegitur

1948 1461 2002 1505 et
2032 1453 2362 1507 emendatur
2405 1453 2601 1526 Neque
2644 1456 2693 1510 ei
2724 1457 2834 1512 duo
2867 1457 3050 1528 priora
3079 1467 3426 1529 testamenta,
3460 1465 3575 1533 pri-

1947 1559 2096 1597 mum
2141 1546 2364 1615 quidem
2397 1548 2544 1618 quod
2587 1558 2711 1604 ante
2763 1553 3204 1621 quatuordecim,
3233 1563 3285 1609 et
3323 1557 3566 1612 alterum

1948 1637 2096 1707 quod
2129 1647 2256 1691 ante
2278 1649 2488 1709 septem
2516 1641 2742 1695 condidi
2775 1660 2972 1709 annos,
2997 1645 3290 1711 obsistere,
3319 1649 3572 1712 obviare,

1949 1733 2042 1778 aut
2064 1725 2337 1780 ullatenus
2363 1743 2565 1784 nocere
2589 1738 2869 1798 poterunt,
2895 1748 2960 1786 eo
3008 1733 3154 1803 quod
3206 1735 3478 1806 quidquid
3514 1738 3568 1792 in

1951 1816 2086 1886 ipsis
2115 1818 2519 1877 continebatur.
2580 1821 2636 1874 in
2689 1824 2985 1892 prasentia
3038 1825 3260 1880 fratrum
3316 1845 3572 1884 meorum

1950 1905 2040 1960 hic
2068 1906 2296 1973 inserta,
2336 1916 2391 1961 et
2413 1924 2534 1978 qua
2552 1909 2781 1965 deerant
2801 1912 3082 1979 adjuncta,
3109 1916 3335 1985 insuper
3364 1927 3418 1972 et
3445 1936 3568 1989 qua

1948 1997 2212 2052 Dominus
2240 1999 2375 2052 mihi
2435 2001 2620 2074 largiri
2679 2003 2733 2055 in
2790 2005 3140 2074 postmodum
3174 2009 3436 2082 dignatus
3464 2019 3569 2079 est,

1948 2087 2307 2156 superaddita
2338 2097 2664 2144 noscuntur.
2692 2091 2795 2145 Sed
2826 2091 3209 2150 inconvulsum
3240 2105 3292 2150 et
3324 2097 3576 2153 inconta-

1947 2177 2219 2233 minatum
2252 2197 2495 2250 praesens
2525 2182 2630 2236 hoc
2660 2182 2808 2254 quod
2839 2185 3063 2239 condidi
3101 2195 3506 2256 testamentum,
3543 2208 3574 2245 a

1948 2263 2212 2321 fratribus
2260 2269 2400 2322 meis
2453 2271 2891 2337 successoribus,
2953 2275 3210 2330 videlicet
3277 2277 3571 2333 Remorum

1947 2354 2244 2426 cpiscOpis,
2284 2358 2727 2412 conservandum
2775 2360 2890 2430 [ms.
2942 2365 2979 2414 2'.
3035 2367 3440 2435 conservatum]
3499 2385 3574 2422 :a

1947 2443 2172 2517 regibus
2203 2461 2428 2516 quoque
2459 2446 2816 2515 Francorum,
2864 2450 2993 2504 filiis
3029 2453 3241 2508 scilicet
3271 2457 3414 2509 meis
3434 2457 3568 2511 cha-

1945 2535 2199 2602 rissimis,
2234 2553 2375 2608 quos
2405 2555 2504 2607 per
2556 2539 2914 2610 baptismum,
2965 2544 3096 2598 Jesu
3129 2545 3327 2601 Christi
3350 2548 3497 2603 dono
3520 2557 3575 2603 et

1944 2629 2123 2699 gratia
2153 2629 2393 2699 Spiritus
2457 2633 2633 2685 sancti
2684 2642 3040 2704 c00perante,
3102 2638 3334 2694 Domino
3363 2656 3573 2695 conse—

1947 2721 2114 2786 cravi,
2171 2721 2383 2792 ubique
2437 2722 2753 2789 defensum,
2804 2737 2968 2798 atque
3026 2738 3340 2799 protectum
3381 2743 3572 2788 contra

1947 2813 2133 2866 omnia
2167 2831 2178 2866 :
2209 2821 2263 2868 et
2302 2813 2358 2866 in
2391 2815 2674 2882 omnibus,
2707 2817 3082 2874 inviolabilem
3130 2831 3571 2897 perpetuamque

1947 2921 2170 2975 semper
2224 2906 2475 2961 obtineat
2532 2906 2863 2987 firmitatem.
2901 2912 2963 2967 Et
3001 2914 3045 2967 si
3089 2916 3234 2985 quis,
3288 2916 3344 2971 in
3375 2918 3574 2974 ordine

1951 2997 2217 3063 clericali,
2240 3016 2271 3054 a
2294 3001 2622 3071 presbytero
2651 3019 2828 3074 usque
2849 3005 3148 3061 adtonsum
3174 3011 3575 3077 contradicere,

1949 3098 2043 3144 aut
2071 3090 2282 3146 obviari
2312 3094 2360 3147 ei
2406 3096 2846 3165 praesumpserit,
2893 3106 2947 3151 et
2975 3108 3264 3169 correptus
3292 3117 3322 3155 a
3349 3119 3573 3157 succes-

209 3181 576 3253 pracipio,et
596 3181 664 3234 ad
688 3187 949 3250 nepotem
980 3197 1164 3234 meum
1186 3181 1401 3235 Aetium
1427 3181 1546 3248 ejus
1576 3180 1843 3236 familiam
1875 3196 1924 3265 Ο
1949 3195 2072 3234 sore
2105 3197 2228 3236 meo
2262 3183 2582 3238 satisfacere
2615 3185 2938 3256 neglexerit,
2959 3188 3279 3242 convocatis
3322 3207 3388 3244 ex
3426 3191 3571 3246 vici-

206 3271 495 3342 pertinere
537 3287 550 3323 :
586 3269 657 3324 ad
684 3278 1000 3338 utrumque,
1034 3268 1090 3321 id
1110 3276 1216 3335 est,
1249 3268 1317 3322 ad
1334 3268 1549 3323 Aetium
1583 3277 1638 3324 et
1660 3271 1845 3345 Agati-

207 3376 422 3414 merum
481 3359 781 3430 pervenire
828 3359 1138 3413 colonicam
1188 3359 1524 3414 Passiacum.
1588 3359 1844 3430 Pronepti

207 3468 344 3507 mea
365 3453 713 3506 Pratextata
744 3450 892 3505 dono
924 3450 1372 3506 Modorosenam.
1391 3450 1682 3506 Profuturo
1705 3452 1848 3506 Leu-

207 3540 542 3596 docharium
601 3555 834 3610 puerum
901 3539 1074 3594 trado.
1144 3538 1449 3594 Profutura
1507 3540 1624 3593 dari
1673 3539 1848 3607 jubeo

213 3633 620 3687 Leudoneram.
666 3630 1134 3686 Laudunensibus
1179 3630 1638 3697 subdiaconibus,
1674 3633 1851 3689 lecto-

211 3724 392 3791 ribus,
419 3723 684 3788 ostiariis,
734 3731 789 3778 et
822 3722 1144 3794 junioribus
1192 3732 1430 3794 quatuor
1459 3723 1668 3778 solidos
1689 3722 1852 3780 dere-

210 3815 432 3887 linquo.
466 3814 811 3886 Pauperibus
842 3814 898 3868 in
945 3814 1231 3869 matricula
1260 3815 1456 3885 positis
1504 3814 1720 3871 solidus
1751 3815 1852 3871 da—

207 3908 358 3963 bitur
415 3908 484 3962 ad
544 3923 744 3962 eorum
798 3906 1185 3961 refectionem.
1226 3907 1544 3979 Delegoque
1603 3925 1669 3962 ex
1723 3909 1849 3964 dato

208 4000 430 4070 praefati
480 3999 752 4070 principis
801 3999 1148 4053 Salvonarias
1205 4015 1372 4070 supra
1399 4000 1624 4064 Moram,
1670 4008 1725 4055 et
1747 4001 1848 4057 de-

205 4109 332 4146 cem
363 4092 579 4147 solidos
618 4091 867 4146 ecclesia
913 4090 1261 4146 Sucssonica
1302 4107 1400 4162 pro
1437 4107 1850 4148 commemora-

208 4182 360 4236 tione
393 4180 637 4235 nominis
654 4180 786 4234 mei.
811 4179 942 4234 Nam
971 4179 1325 4234 Sablonarias
1353 4197 1521 4252 supra
1545 4181 1844 4238 Matronam

206 4273 530 4328 haredibus
588 4272 726 4327 meis
756 4271 1039 4343 deputavi.
1076 4272 1464 4327 Catalaunensi
1509 4274 1756 4330 ecclesia
1781 4292 1844 4330 ex

211 4362 340 4418 dato
373 4377 524 4432 saepe
556 4361 687 4416 dicti
718 4360 816 4415 filii
850 4361 980 4420 mei.
1025 4361 1286 4416 Gcllonos
1317 4379 1486 4432 supra
1518 4363 1846 4425 Matronam,

211 4458 264 4505 et
291 4451 512 4506 solidos
543 4449 762 4505 decem.
799 4450 1060 4505 Ecclesia
1090 4451 1268 4505 sancti
1304 4451 1566 4518 Memmii,
1592 4453 1849 4508 Fascina—

1950 3273 2200 3329 nioribus
2230 3275 2364 3330 locis
2398 3277 2693 3330 Remorum
2725 3276 3034 3334 diceeeseos
3065 3280 3242 3334 tribus
3267 3282 3570 3354 episcopis,

1951 3365 2526 3439 deponaturagradu.
2581 3366 2634 3419 Si
2689 3384 2840 3434 vero,
2900 3368 3050 3439 quod
3111 3387 3219 3424 non
3282 3378 3433 3441 opto,
3473 3390 3572 3426 nuc

1950 3457 2138 3528 cupio,
2166 3458 2263 3512 sed
2296 3474 2479 3529 neque
2524 3475 2710 3529 spero,
2744 3476 3033 3516 successor
3086 3462 3323 3532 quilibet
3353 3464 3487 3518 mihi
3517 3465 3569 3518 in

1953 3547 2058 3604 hac
2078 3550 2211 3604 sede
2234 3550 2528 3606 Remorum
2566 3551 2883 3622 episcopus,
2910 3554 3236 3608 exsecrabili
3269 3556 3572 3626 cupiditate

1951 3637 2168 3704 ductus,
2223 3655 2309 3692 res
2367 3638 2642 3709 prafatas,
2674 3639 2812 3694 sicut
2863 3657 2893 3694 a
2926 3657 3033 3706 me,
3067 3650 3294 3698 auctore
3342 3646 3575 3699 Domine

1952 3745 2076 3784 meo
2098 3731 2226 3785 Jesu
2261 3730 2496 3796 Christo,
2523 3732 2588 3785 ad
2621 3732 2771 3786 illius
2809 3733 3102 3800 honorem,
3141 3745 3195 3789 et
3221 3737 3572 3808 ejuspaupe-

1952 3835 2070 3873 rum
2116 3819 2550 3876 consolationem
2583 3821 2851 3876 ordinata
2895 3831 3040 3890 sunt,
3083 3824 3349 3878 aliorsum
3378 3826 3577 3881 distra-

1952 3913 2105 3978 here,
2149 3913 2461 3980 immutare,
2512 3921 2872 3981 commutare,
2907 3931 3003 3970 seu
3061 3917 3314 3986 quolibet
3341 3918 3572 3974 obtentu

1951 4001 2006 4054 in
2028 4017 2162 4055 usus
2191 4001 2478 4068 laicorum,
2523 4001 2783 4058 beneficii
2833 4005 3008 4077 gratia
3060 4006 3212 4072 dare,
3247 4015 3343 4061 aut
3373 4024 3403 4061 a
3434 4025 3576 4079 quo-

1954 4089 2094 4144 libet
2140 4091 2318 4158 datas,
2368 4091 2571 4156 favere,
2631 4102 2724 4149 aut
2773 4094 3087 4149 consentire
3136 4099 3570 4167 prasumpserit.

1950 4180 2268 4234 convocatis
2335 4183 2502 4236 totius
2549 4182 2857 4237 diaeeseos
2917 4184 3214 4239 Remorum
3271 4186 3570 4257 epiSCOpis,

1949 4269 2400 4341 presbyterisque
2440 4288 2502 4326 ac
2559 4272 2910 4338 diaconibus,
2977 4291 3193 4331 necnon
3244 4286 3300 4331 et
3348 4293 3413 4330 ex
3447 4276 3578 4329 ﬁliisi

1952 4358 2089 4412 meis
2119 4358 2460 4414 charissimis
2524 4361 2748 4417 Francis
2796 4363 3075 4437 religiosis
3128 4365 3577 4436 quamplurimis,

1949 4459 2134 4505 reatus
2162 4452 2247 4505 sui
2295 4469 2537 4522 poenam,
2571 4454 2883 4524 privatione
2925 4457 3008 4511 sui
3056 4457 3410 4528 epiSCOpatus
3441 4476 3576 4529 per-

216 4543 326 4597 rias
357 4560 425 4598 ex
457 4543 624 4598 (Ionis
654 4542 964 4613 praescripti
1025 4542 1309 4614 principis,
1352 4553 1407 4598 et
1453 4544 1662 4600 solidos
1697 4555 1841 4601 octo.
1867 4569 1928 4639 Β
1951 4541 2148 4609 solvat,
2171 4548 2226 4596 et
2255 4558 2610 4614 nequaquam
2675 4545 2817 4598 ultra
2857 4546 3333 4616 recnperationem
3373 4550 3578 4619 gradus

211 4634 648 4708 Mosomagcnsi,
702 4635 913 4689 solidos
941 4633 1214 4706 quinque.
1271 4635 1571 4708 Vongensi,
1652 4653 1842 4711 agrum

211 4727 358 4798 apud
389 4724 670 4780 officinam
725 4727 1086 4793 molinarum,
1117 4742 1239 4798 qua
1287 4727 1362 4780 ibi
1395 4736 1479 4782 est
1524 4728 1842 4784 constituta.

211 4816 558 4891 Catarigensi
620 4817 892 4884 ecclesia,
934 4818 1145 4873 solidos
1195 4827 1456 4890 quatuor,
1504 4820 1846 4891 totidemque

212 4906 464 4962 Portensi
490 4921 590 4977 pro
612 4906 1145 4962 commemoratione
1191 4907 1300 4962 mei
1331 4908 1574 4962 nominis
1599 4908 1846 4965 inferen-

212 4999 577 5053 turEcclesia
632 4999 1026 5065 Attrabatensi,
1093 4999 1206 5064 cui,
1269 4999 1500 5056 Domino
1539 5009 1841 5072 annuente,

213 5086 513 5142 Vedastum
545 5087 767 5142 fratrem
830 5104 1016 5143 meum
1075 5087 1462 5143 charissimum
1515 5089 1842 5160 episcOpum

214 5180 557 5246 consecravi,
589 5197 653 5234 ex
683 5179 832 5234 dono
875 5180 988 5248 jam
1041 5179 1174 5235 dicti
1228 5180 1498 5251 principis
1527 5181 1685 5236 villas
1708 5182 1846 5238 duas

214 5269 267 5324 in
303 5271 588 5326 alimoniis
641 5271 968 5328 clericorum
1019 5272 1302 5343 deputavi,
1364 5273 1531 5329 Orcos
1558 5274 1838 5342 videlicet,

213 5367 270 5413 et
294 5359 640 5415 Sabucetum
671 5379 685 5425 ;
715 5361 922 5432 quibus
941 5361 1106 5416 etiam
1148 5378 1248 5432 pro
1305 5364 1569 5418 memoria
1596 5365 1842 5420 nominis

215 5451 322 5505 mei
355 5452 572 5508 solidos
593 5453 793 5524 viginti
829 5453 945 5508 dari
969 5453 1142 5521 jubeo
1199 5454 1320 5509 Ursi
1352 5456 1730 5512 archidiaconi
1760 5457 1843 5513 fa-

213 5543 528 5599 miliaribus
558 5561 692 5600 usus
723 5545 1032 5618 obsequiis,
1057 5547 1208 5602 dono
1248 5547 1298 5602 ei
1331 5547 1481 5603 domi
1513 5548 1718 5604 textilis
1748 5566 1842 5604 ca-

211 5633 389 5687 sulam
421 5635 703 5703 subtilem,
729 5645 784 5690 et
832 5636 994 5690 aliam
1035 5635 1368 5707 pleniorem,
1401 5639 1512 5692 duo
1543 5655 1675 5710 saga
1699 5639 1844 5693 deli-

213 5731 356 5791 cata,
388 5733 577 5796 tapete
607 5728 758 5799 quod
801 5727 984 5784 habeo
1015 5728 1071 5782 in
1117 5729 1280 5796 lecto,
1315 5739 1370 5786 et
1402 5729 1644 5786 tunicam
1674 5746 1840 5802 quam

213 5821 466 5884 tempore
498 5816 762 5872 transitus
791 5817 899 5872 mei
933 5817 1210 5889 reliquero
1241 5817 1554 5876 meliorem.
1587 5817 1840 5875 Haredes

1950 4633 2155 4697 amissi,
2220 4634 2272 4688 in
2325 4636 2431 4690 hoc
2479 4637 2683 4691 saculo
2753 4637 3178 4706 promerebitur.
3253 4639 3576 4710 Quicunque

1945 4738 2076 4778 vero
2109 4739 2172 4777 ex
2203 4722 2344 4778 laico
2388 4722 2582 4778 habitu
2629 4740 2660 4779 a
2706 4725 2870 4780 nobis
2903 4733 3104 4781 statuta
3142 4728 3577 4798 parvipendens,

1946 4817 2168 4889 sibique
2197 4815 2414 4883 favens,
2454 4833 2577 4887 qua
2628 4817 2970 4888 pauperibus
3021 4817 3277 4873 Ecclesia
3309 4820 3574 4875 attributa

1947 4918 2094 4976 sunt,
2155 4911 2329 4975 abuti,
2378 4919 2472 4964 aut
2529 4927 2797 4980 usurpare
2853 4909 3104 4981 quolibet
3155 4909 3387 4965 obtentu
3429 4928 3574 4982 pra-

1945 5003 2261 5073 sumpserit,
2284 5003 2402 5074 pari
2418 5003 2581 5057 simul
2601 5008 2982 5072 perpetuaque
2995 5001 3352 5056 damnatione
3366 5003 3577 5058 aliena-

1948 5103 2050 5164 tor,
2087 5096 2310 5167 petitor,
2354 5095 2529 5162 dator,
2562 5101 2838 5164 acceptor,
2895 5109 3178 5165 pervasor,
3209 5096 3574 5152 anathematis

1944 5189 2165 5244 vinculo
2191 5189 2260 5242 ab
2294 5187 2537 5243 Ecclesia
2565 5185 2832 5242 catholica
2863 5185 3245 5257 sejungantur,
3274 5187 3452 5243 donec
3480 5206 3574 5244 va-

1946 5281 2234 5346 leant,Deo
2254 5281 2570 5334 miserante.
2587 5277 2877 5351 condigna
2897 5271 3291 5332 satisfactionis
3307 5282 3564 5336 emenda-

1943 5374 2094 5429 tione
2113 5374 2512 5447 indulgentiam
2535 5370 2861 5442 promereri.
2897 5370 2992 5425 Sin
3025 5378 3207 5426 autem
3231 5373 3287 5427 in
3315 5374 3421 5429 hoc
3444 5392 3571 5445 per-

1941 5479 2193 5517 severare
2224 5463 2605 5532 cujuscunque
2659 5459 2977 5516 donationis
3005 5461 3299 5518 occasione
3326 5463 3567 5534 quilibet

1945 5551 2238 5624 delegerit,
2297 5568 2426 5622 spes
2455 5550 2504 5605 ei
2541 5549 2829 5621 prasentis
2889 5567 2953 5607 ac
2980 5550 3176 5606 futura
3209 5553 3571 5608 restitutionis

1945 5656 1976 5694 a
2005 5655 2322 5694 successore
2352 5654 2499 5703 meo,
2543 5639 2841 5695 Remorum
2887 5640 3103 5696 scilicet
3135 5640 3421 5711 episcopo,
3447 5655 3573 5697 om-

1944 5731 2186 5788 nimodis
2215 5731 2494 5787 auferatur
2563 5733 2760 5789 Generi
2807 5733 3191 5791 tantummodo
3216 5733 3388 5806 regio,
3422 5734 3569 5802 quod

1941 5823 2011 5879 ad
2047 5823 2315 5880 honorem
2356 5829 2561 5879 sancta
2611 5823 2896 5894 Ecclesia,
2923 5834 2979 5881 et
3004 5822 3388 5880 defensionem
3429 5837 3571 5888 pau-
