  <div class='ocr_page' id='page_1' title='image "/cluster/home/n/w/nwhite01/storage/ocr_20150623/134-135/uc1.31175013627537/553.png"; bbox 0 0 3884 6458; ppageno 0'>
   <div class='ocr_carea' id='block_1_1' title="bbox 272 505 2552 573">
    <p class='ocr_par' dir='ltr' id='par_1_1' title="bbox 272 505 2552 573">
     <span class='ocr_line' id='line_1_1' title="bbox 272 505 2552 573; baseline -0.002 -7"><span class='ocrx_word' id='word_1_1' title='bbox 272 510 341 566; x_wconf 84' lang='grc'><strong>67</strong></span> <span class='ocrx_word' id='word_1_2' title='bbox 1320 505 1758 573; x_wconf 75' lang='lat' dir='ltr'><strong>FLODOARDUS</strong></span> <span class='ocrx_word' id='word_1_3' title='bbox 1798 506 2166 563; x_wconf 86' lang='lat' dir='ltr'><strong>CANONICUS</strong></span> <span class='ocrx_word' id='word_1_4' title='bbox 2204 506 2552 563; x_wconf 83' lang='lat' dir='ltr'><strong>REMENSIS.</strong></span> 
     </span>
    </p>
   </div>
   <div class='ocr_carea' id='block_1_2' title="bbox 3554 512 3637 567">
    <p class='ocr_par' dir='ltr' id='par_1_2' title="bbox 3554 512 3637 567">
     <span class='ocr_line' id='line_1_2' title="bbox 3554 512 3637 567; baseline 0.024 -2"><span class='ocrx_word' id='word_1_5' title='bbox 3554 512 3637 567; x_wconf 91' lang='lat'><strong>68</strong></span> 
     </span>
    </p>
   </div>
   <div class='ocr_carea' id='block_1_3' title="bbox 273 634 3636 716">
    <p class='ocr_par' dir='ltr' id='par_1_3' title="bbox 273 634 3636 716">
     <span class='ocr_line' id='line_1_3' title="bbox 273 634 3636 716; baseline 0 -23"><span class='ocrx_word' id='word_1_6' title='bbox 273 653 471 709; x_wconf 90' lang='lat' dir='ltr'><strong>perum</strong></span> <span class='ocrx_word' id='word_1_7' title='bbox 502 654 612 693; x_wconf 91' lang='lat' dir='ltr'><strong>una</strong></span> <span class='ocrx_word' id='word_1_8' title='bbox 637 653 761 693; x_wconf 91' lang='lat' dir='ltr'><strong>cum</strong></span> <span class='ocrx_word' id='word_1_9' title='bbox 788 637 1053 693; x_wconf 79' lang='lat' dir='ltr'><strong>fratribus</strong></span> <span class='ocrx_word' id='word_1_10' title='bbox 1081 635 1220 690; x_wconf 88' lang='lat' dir='ltr'><strong>meis</strong></span> <span class='ocrx_word' id='word_1_11' title='bbox 1245 642 1300 690; x_wconf 92' lang='lat' dir='ltr'><strong>et</strong></span> <span class='ocrx_word' id='word_1_12' title='bbox 1330 636 1681 707; x_wconf 89' lang='lat' dir='ltr'><strong>coepisc0pis</strong></span> <span class='ocrx_word' id='word_1_13' title='bbox 1708 635 1895 692; x_wconf 85' lang='lat' dir='ltr'><strong>omni-</strong></span> <span class='ocrx_word' id='word_1_14' title='bbox 1925 648 1974 716; x_wconf 73' lang='grc' dir='ltr'><strong>Α</strong></span> <span class='ocrx_word' id='word_1_15' title='bbox 1993 636 2211 706; x_wconf 91' lang='lat' dir='ltr'><strong>justitia</strong></span> <span class='ocrx_word' id='word_1_16' title='bbox 2241 634 2569 703; x_wconf 88' lang='lat' dir='ltr'><strong>confirmati,</strong></span> <span class='ocrx_word' id='word_1_17' title='bbox 2614 643 2668 690; x_wconf 93' lang='lat' dir='ltr'><strong>et</strong></span> <span class='ocrx_word' id='word_1_18' title='bbox 2716 634 3058 691; x_wconf 80' lang='lat' dir='ltr'><strong>corroborati</strong></span> <span class='ocrx_word' id='word_1_19' title='bbox 3090 652 3323 711; x_wconf 82' lang='lat' dir='ltr'><strong>regnum</strong></span> <span class='ocrx_word' id='word_1_20' title='bbox 3368 637 3636 694; x_wconf 85' lang='lat' dir='ltr'><strong>obtinere</strong></span> 
     </span>
    </p>
   </div>
   <div class='ocr_carea' id='block_1_4' title="bbox 275 726 1900 803">
    <p class='ocr_par' dir='ltr' id='par_1_4' title="bbox 275 726 1900 803">
     <span class='ocr_line' id='line_1_4' title="bbox 275 726 1900 803; baseline -0.002 -19"><span class='ocrx_word' id='word_1_21' title='bbox 275 731 381 785; x_wconf 92' lang='lat' dir='ltr'><strong>bus</strong></span> <span class='ocrx_word' id='word_1_22' title='bbox 438 730 765 797; x_wconf 64' lang='lat' dir='ltr'><strong>Germania),</strong></span> <span class='ocrx_word' id='word_1_23' title='bbox 815 730 1021 795; x_wconf 67' lang='lat' dir='ltr'><strong>Galliie,</strong></span> <span class='ocrx_word' id='word_1_24' title='bbox 1072 737 1233 799; x_wconf 90' lang='lat' dir='ltr'><strong>atque</strong></span> <span class='ocrx_word' id='word_1_25' title='bbox 1291 726 1580 794; x_wconf 74' lang='lat' dir='ltr'><strong>Neustriae,</strong></span> <span class='ocrx_word' id='word_1_26' title='bbox 1638 728 1696 781; x_wconf 91' lang='lat' dir='ltr'><strong>in</strong></span> <span class='ocrx_word' id='word_1_27' title='bbox 1732 727 1900 803; x_wconf 67' lang='lat' dir='ltr'><strong>regiae</strong></span> 
     </span>
    </p>
   </div>
   <div class='ocr_carea' id='block_1_5' title="bbox 279 823 1901 893">
    <p class='ocr_par' dir='ltr' id='par_1_5' title="bbox 279 823 1901 893">
     <span class='ocr_line' id='line_1_5' title="bbox 279 823 1901 893; baseline -0.002 -15"><span class='ocrx_word' id='word_1_28' title='bbox 279 824 584 891; x_wconf 88' lang='lat' dir='ltr'><strong>majestatis</strong></span> <span class='ocrx_word' id='word_1_29' title='bbox 643 823 864 878; x_wconf 85' lang='lat' dir='ltr'><strong>culmen</strong></span> <span class='ocrx_word' id='word_1_30' title='bbox 922 829 1189 892; x_wconf 89' lang='lat' dir='ltr'><strong>perpetuo</strong></span> <span class='ocrx_word' id='word_1_31' title='bbox 1230 826 1588 893; x_wconf 79' lang='lat' dir='ltr'><strong>regnaturum</strong></span> <span class='ocrx_word' id='word_1_32' title='bbox 1650 829 1901 874; x_wconf 87' lang='lat' dir='ltr'><strong>statuens</strong></span> 
     </span>
    </p>
   </div>
   <div class='ocr_carea' id='block_1_6' title="bbox 278 911 1902 989">
    <p class='ocr_par' dir='ltr' id='par_1_6' title="bbox 278 911 1902 989">
     <span class='ocr_line' id='line_1_6' title="bbox 278 911 1902 989; baseline -0.003 -18"><span class='ocrx_word' id='word_1_33' title='bbox 278 915 444 989; x_wconf 87' lang='lat' dir='ltr'><strong>elegi,</strong></span> <span class='ocrx_word' id='word_1_34' title='bbox 505 914 798 986; x_wconf 86' lang='lat' dir='ltr'><strong>baptizavi,</strong></span> <span class='ocrx_word' id='word_1_35' title='bbox 841 931 871 968; x_wconf 91' lang='lat' dir='ltr'><strong>a</strong></span> <span class='ocrx_word' id='word_1_36' title='bbox 919 912 1071 967; x_wconf 90' lang='lat' dir='ltr'><strong>fonte</strong></span> <span class='ocrx_word' id='word_1_37' title='bbox 1118 927 1272 966; x_wconf 89' lang='lat' dir='ltr'><strong>sacro</strong></span> <span class='ocrx_word' id='word_1_38' title='bbox 1326 912 1572 982; x_wconf 87' lang='lat' dir='ltr'><strong>suscepi,</strong></span> <span class='ocrx_word' id='word_1_39' title='bbox 1642 911 1902 982; x_wconf 89' lang='lat' dir='ltr'><strong>donoque</strong></span> 
     </span>
    </p>
   </div>
   <div class='ocr_carea' id='block_1_7' title="bbox 278 1003 1902 1079">
    <p class='ocr_par' dir='ltr' id='par_1_7' title="bbox 278 1003 1902 1079">
     <span class='ocr_line' id='line_1_7' title="bbox 278 1003 1902 1079; baseline -0.002 -18"><span class='ocrx_word' id='word_1_40' title='bbox 278 1007 616 1079; x_wconf 90' lang='lat' dir='ltr'><strong>septiformis</strong></span> <span class='ocrx_word' id='word_1_41' title='bbox 678 1005 915 1074; x_wconf 88' lang='lat' dir='ltr'><strong>Spiritus</strong></span> <span class='ocrx_word' id='word_1_42' title='bbox 968 1003 1318 1077; x_wconf 82' lang='lat' dir='ltr'><strong>consignavi,</strong></span> <span class='ocrx_word' id='word_1_43' title='bbox 1397 1011 1452 1057; x_wconf 91' lang='lat' dir='ltr'><strong>et</strong></span> <span class='ocrx_word' id='word_1_44' title='bbox 1499 1018 1597 1073; x_wconf 88' lang='lat' dir='ltr'><strong>per</strong></span> <span class='ocrx_word' id='word_1_45' title='bbox 1649 1003 1902 1071; x_wconf 89' lang='lat' dir='ltr'><strong>ejusdem</strong></span> 
     </span>
    </p>
   </div>
   <div class='ocr_carea' id='block_1_8' title="bbox 276 1091 1904 1164">
    <p class='ocr_par' dir='ltr' id='par_1_8' title="bbox 276 1091 1904 1164">
     <span class='ocr_line' id='line_1_8' title="bbox 276 1091 1904 1164; baseline -0.004 -13"><span class='ocrx_word' id='word_1_46' title='bbox 276 1096 419 1151; x_wconf 91' lang='lat' dir='ltr'><strong>sacri</strong></span> <span class='ocrx_word' id='word_1_47' title='bbox 438 1094 751 1151; x_wconf 88' lang='lat' dir='ltr'><strong>chrismatis</strong></span> <span class='ocrx_word' id='word_1_48' title='bbox 779 1093 1102 1148; x_wconf 87' lang='lat' dir='ltr'><strong>unctionem</strong></span> <span class='ocrx_word' id='word_1_49' title='bbox 1133 1091 1389 1147; x_wconf 90' lang='lat' dir='ltr'><strong>ordinato</strong></span> <span class='ocrx_word' id='word_1_50' title='bbox 1438 1091 1495 1144; x_wconf 90' lang='lat' dir='ltr'><strong>in</strong></span> <span class='ocrx_word' id='word_1_51' title='bbox 1530 1106 1741 1164; x_wconf 88' lang='lat' dir='ltr'><strong>regem,</strong></span> <span class='ocrx_word' id='word_1_52' title='bbox 1774 1107 1904 1162; x_wconf 92' lang='lat' dir='ltr'><strong>par-</strong></span> 
     </span>
    </p>
   </div>
   <div class='ocr_carea' id='block_1_9' title="bbox 278 1178 1903 1253">
    <p class='ocr_par' dir='ltr' id='par_1_9' title="bbox 278 1178 1903 1253">
     <span class='ocr_line' id='line_1_9' title="bbox 278 1178 1903 1253; baseline -0.003 -15"><span class='ocrx_word' id='word_1_53' title='bbox 278 1200 430 1240; x_wconf 88' lang='lat' dir='ltr'><strong>cens.</strong></span> <span class='ocrx_word' id='word_1_54' title='bbox 456 1192 657 1249; x_wconf 89' lang='lat' dir='ltr'><strong>statuo,</strong></span> <span class='ocrx_word' id='word_1_55' title='bbox 686 1190 745 1236; x_wconf 88' lang='lat' dir='ltr'><strong>ut</strong></span> <span class='ocrx_word' id='word_1_56' title='bbox 765 1182 807 1236; x_wconf 92' lang='lat' dir='ltr'><strong>si</strong></span> <span class='ocrx_word' id='word_1_57' title='bbox 840 1180 1139 1252; x_wconf 87' lang='lat' dir='ltr'><strong>aliquando</strong></span> <span class='ocrx_word' id='word_1_58' title='bbox 1167 1196 1344 1252; x_wconf 87' lang='lat' dir='ltr'><strong>genus</strong></span> <span class='ocrx_word' id='word_1_59' title='bbox 1385 1178 1523 1234; x_wconf 90' lang='lat' dir='ltr'><strong>illud</strong></span> <span class='ocrx_word' id='word_1_60' title='bbox 1564 1179 1781 1253; x_wconf 81' lang='lat' dir='ltr'><strong>regium</strong></span> <span class='ocrx_word' id='word_1_61' title='bbox 1802 1195 1903 1249; x_wconf 81' lang='lat' dir='ltr'><strong>per</strong></span> 
     </span>
    </p>
   </div>
   <div class='ocr_carea' id='block_1_10' title="bbox 283 1268 1901 1333">
    <p class='ocr_par' dir='ltr' id='par_1_10' title="bbox 283 1268 1901 1333">
     <span class='ocr_line' id='line_1_10' title="bbox 283 1268 1901 1333; baseline -0.004 -7"><span class='ocrx_word' id='word_1_62' title='bbox 283 1273 731 1328; x_wconf 88' lang='lat' dir='ltr'><strong>benedictionem</strong></span> <span class='ocrx_word' id='word_1_63' title='bbox 789 1287 973 1325; x_wconf 88' lang='lat' dir='ltr'><strong>meam</strong></span> <span class='ocrx_word' id='word_1_64' title='bbox 1017 1270 1181 1325; x_wconf 89' lang='lat' dir='ltr'><strong>toties</strong></span> <span class='ocrx_word' id='word_1_65' title='bbox 1213 1268 1446 1324; x_wconf 91' lang='lat' dir='ltr'><strong>Domino</strong></span> <span class='ocrx_word' id='word_1_66' title='bbox 1498 1274 1901 1333; x_wconf 89' lang='lat' dir='ltr'><strong>consecratum,</strong></span> 
     </span>
    </p>
   </div>
   <div class='ocr_carea' id='block_1_11' title="bbox 278 1357 1900 1432">
    <p class='ocr_par' dir='ltr' id='par_1_11' title="bbox 278 1357 1900 1432">
     <span class='ocr_line' id='line_1_11' title="bbox 278 1357 1900 1432; baseline -0.005 -15"><span class='ocrx_word' id='word_1_67' title='bbox 278 1364 422 1417; x_wconf 89' lang='lat' dir='ltr'><strong>mala</strong></span> <span class='ocrx_word' id='word_1_68' title='bbox 452 1378 548 1432; x_wconf 89' lang='lat' dir='ltr'><strong>pro</strong></span> <span class='ocrx_word' id='word_1_69' title='bbox 569 1361 731 1416; x_wconf 90' lang='lat' dir='ltr'><strong>bonis</strong></span> <span class='ocrx_word' id='word_1_70' title='bbox 782 1360 1043 1425; x_wconf 88' lang='lat' dir='ltr'><strong>reddens,</strong></span> <span class='ocrx_word' id='word_1_71' title='bbox 1071 1358 1428 1413; x_wconf 89' lang='lat' dir='ltr'><strong>ecclesiarum</strong></span> <span class='ocrx_word' id='word_1_72' title='bbox 1493 1357 1587 1411; x_wconf 89' lang='lat' dir='ltr'><strong>Dei</strong></span> <span class='ocrx_word' id='word_1_73' title='bbox 1622 1370 1900 1426; x_wconf 86' lang='lat' dir='ltr'><strong>pervasor,</strong></span> 
     </span>
    </p>
   </div>
   <div class='ocr_carea' id='block_1_12' title="bbox 279 1442 1902 1521">
    <p class='ocr_par' dir='ltr' id='par_1_12' title="bbox 279 1442 1902 1521">
     <span class='ocr_line' id='line_1_12' title="bbox 279 1442 1902 1521; baseline -0.006 -15"><span class='ocrx_word' id='word_1_74' title='bbox 279 1452 612 1516; x_wconf 88' lang='lat' dir='ltr'><strong>destructor,</strong></span> <span class='ocrx_word' id='word_1_75' title='bbox 637 1449 1030 1520; x_wconf 87' lang='lat' dir='ltr'><strong>depOpulator,</strong></span> <span class='ocrx_word' id='word_1_76' title='bbox 1078 1447 1281 1521; x_wconf 90' lang='lat' dir='ltr'><strong>gravis,</strong></span> <span class='ocrx_word' id='word_1_77' title='bbox 1323 1454 1419 1501; x_wconf 86' lang='lat' dir='ltr'><strong>aut</strong></span> <span class='ocrx_word' id='word_1_78' title='bbox 1448 1445 1757 1501; x_wconf 90' lang='lat' dir='ltr'><strong>contrarius</strong></span> <span class='ocrx_word' id='word_1_79' title='bbox 1785 1442 1902 1498; x_wconf 87' lang='lat' dir='ltr'><strong>exi-</strong></span> 
     </span>
    </p>
   </div>
   <div class='ocr_carea' id='block_1_13' title="bbox 279 1532 1903 1606">
    <p class='ocr_par' dir='ltr' id='par_1_13' title="bbox 279 1532 1903 1606">
     <span class='ocr_line' id='line_1_13' title="bbox 279 1532 1903 1606; baseline -0.004 -13"><span class='ocrx_word' id='word_1_80' title='bbox 279 1548 426 1595; x_wconf 83' lang='lat' dir='ltr'><strong>stere</strong></span> <span class='ocrx_word' id='word_1_81' title='bbox 452 1539 709 1606; x_wconf 92' lang='lat' dir='ltr'><strong>voluerit,</strong></span> <span class='ocrx_word' id='word_1_82' title='bbox 756 1537 1069 1594; x_wconf 83' lang='lat' dir='ltr'><strong>convocatis</strong></span> <span class='ocrx_word' id='word_1_83' title='bbox 1102 1537 1395 1591; x_wconf 78' lang='lat' dir='ltr'><strong>Remorum</strong></span> <span class='ocrx_word' id='word_1_84' title='bbox 1441 1535 1748 1589; x_wconf 89' lang='lat' dir='ltr'><strong>dioeceseos</strong></span> <span class='ocrx_word' id='word_1_85' title='bbox 1778 1532 1903 1604; x_wconf 87' lang='lat' dir='ltr'><strong>cpi—</strong></span> 
     </span>
    </p>
   </div>
   <div class='ocr_carea' id='block_1_14' title="bbox 279 1624 1904 1703">
    <p class='ocr_par' dir='ltr' id='par_1_14' title="bbox 279 1624 1904 1703">
     <span class='ocr_line' id='line_1_14' title="bbox 279 1624 1904 1703; baseline -0.005 -17"><span class='ocrx_word' id='word_1_86' title='bbox 279 1632 487 1703; x_wconf 89' lang='lat' dir='ltr'><strong>scopis,</strong></span> <span class='ocrx_word' id='word_1_87' title='bbox 518 1632 759 1702; x_wconf 88' lang='lat' dir='ltr'><strong>primum</strong></span> <span class='ocrx_word' id='word_1_88' title='bbox 816 1638 1140 1685; x_wconf 89' lang='lat' dir='ltr'><strong>moneatur:</strong></span> <span class='ocrx_word' id='word_1_89' title='bbox 1170 1636 1224 1684; x_wconf 91' lang='lat' dir='ltr'><strong>et</strong></span> <span class='ocrx_word' id='word_1_90' title='bbox 1280 1627 1485 1683; x_wconf 91' lang='lat' dir='ltr'><strong>deinde</strong></span> <span class='ocrx_word' id='word_1_91' title='bbox 1516 1626 1765 1681; x_wconf 87' lang='lat' dir='ltr'><strong>Ecclesia</strong></span> <span class='ocrx_word' id='word_1_92' title='bbox 1796 1624 1904 1679; x_wconf 82' lang='lat' dir='ltr'><strong>Re-</strong></span> 
     </span>
    </p>
   </div>
   <div class='ocr_carea' id='block_1_15' title="bbox 282 1717 1905 1795">
    <p class='ocr_par' dir='ltr' id='par_1_15' title="bbox 282 1717 1905 1795">
     <span class='ocr_line' id='line_1_15' title="bbox 282 1717 1905 1795; baseline -0.004 -15"><span class='ocrx_word' id='word_1_93' title='bbox 282 1725 460 1780; x_wconf 91' lang='lat' dir='ltr'><strong>mensi</strong></span> <span class='ocrx_word' id='word_1_94' title='bbox 480 1723 536 1795; x_wconf 83' lang='lat' dir='ltr'><strong>[i,</strong></span> <span class='ocrx_word' id='word_1_95' title='bbox 556 1722 862 1794; x_wconf 90' lang='lat' dir='ltr'><strong>Remensis]</strong></span> <span class='ocrx_word' id='word_1_96' title='bbox 887 1722 1134 1794; x_wconf 65' lang='lat' dir='ltr'><strong>praefata,</strong></span> <span class='ocrx_word' id='word_1_97' title='bbox 1159 1722 1419 1791; x_wconf 90' lang='lat' dir='ltr'><strong>adjuncta</strong></span> <span class='ocrx_word' id='word_1_98' title='bbox 1439 1719 1548 1774; x_wconf 88' lang='lat' dir='ltr'><strong>sibi</strong></span> <span class='ocrx_word' id='word_1_99' title='bbox 1569 1733 1780 1783; x_wconf 88' lang='lat' dir='ltr'><strong>sorore,</strong></span> <span class='ocrx_word' id='word_1_100' title='bbox 1802 1717 1905 1773; x_wconf 87' lang='lat' dir='ltr'><strong>Ec-</strong></span> 
     </span>
    </p>
   </div>
   <div class='ocr_carea' id='block_1_16' title="bbox 279 1811 1906 1882">
    <p class='ocr_par' dir='ltr' id='par_1_16' title="bbox 279 1811 1906 1882">
     <span class='ocr_line' id='line_1_16' title="bbox 279 1811 1906 1882; baseline -0.005 -10"><span class='ocrx_word' id='word_1_101' title='bbox 279 1818 448 1873; x_wconf 88' lang='lat' dir='ltr'><strong>clesia</strong></span> <span class='ocrx_word' id='word_1_102' title='bbox 478 1815 1257 1882; x_wconf 86' lang='lat' dir='ltr'><strong>scilicetTrevirensi,iterum</strong></span> <span class='ocrx_word' id='word_1_103' title='bbox 1278 1812 1648 1869; x_wconf 83' lang='lat' dir='ltr'><strong>conveniatur</strong></span> <span class='ocrx_word' id='word_1_104' title='bbox 1684 1811 1744 1881; x_wconf 73' lang='lat' dir='ltr'><strong>[i,</strong></span> <span class='ocrx_word' id='word_1_105' title='bbox 1769 1825 1906 1865; x_wconf 90' lang='lat' dir='ltr'><strong>con-</strong></span> 
     </span>
    </p>
   </div>
   <div class='ocr_carea' id='block_1_17' title="bbox 282 1899 1905 1975">
    <p class='ocr_par' dir='ltr' id='par_1_17' title="bbox 282 1899 1905 1975">
     <span class='ocr_line' id='line_1_17' title="bbox 282 1899 1905 1975; baseline -0.004 -15"><span class='ocrx_word' id='word_1_106' title='bbox 282 1905 509 1975; x_wconf 87' lang='lat' dir='ltr'><strong>veniat].</strong></span> <span class='ocrx_word' id='word_1_107' title='bbox 577 1904 759 1959; x_wconf 91' lang='lat' dir='ltr'><strong>Tertio</strong></span> <span class='ocrx_word' id='word_1_108' title='bbox 808 1919 963 1971; x_wconf 85' lang='lat' dir='ltr'><strong>vero,</strong></span> <span class='ocrx_word' id='word_1_109' title='bbox 1023 1902 1460 1974; x_wconf 83' lang='lat' dir='ltr'><strong>archiepiscopis</strong></span> <span class='ocrx_word' id='word_1_110' title='bbox 1523 1899 1905 1955; x_wconf 84' lang='lat' dir='ltr'><strong>tantummodo</strong></span> 
     </span>
    </p>
   </div>
   <div class='ocr_carea' id='block_1_18' title="bbox 2002 724 3634 799">
    <p class='ocr_par' dir='ltr' id='par_1_18' title="bbox 2002 724 3634 799">
     <span class='ocr_line' id='line_1_18' title="bbox 2002 724 3634 799; baseline 0 -19"><span class='ocrx_word' id='word_1_111' title='bbox 2002 733 2165 797; x_wconf 90' lang='lat' dir='ltr'><strong>atque</strong></span> <span class='ocrx_word' id='word_1_112' title='bbox 2192 741 2399 799; x_wconf 88' lang='lat' dir='ltr'><strong>augere</strong></span> <span class='ocrx_word' id='word_1_113' title='bbox 2455 724 2706 796; x_wconf 87' lang='lat' dir='ltr'><strong>quotidie</strong></span> <span class='ocrx_word' id='word_1_114' title='bbox 2761 724 2981 779; x_wconf 85' lang='lat' dir='ltr'><strong>valeant</strong></span> <span class='ocrx_word' id='word_1_115' title='bbox 3011 742 3023 778; x_wconf 93' lang='lat'>:</span> <span class='ocrx_word' id='word_1_116' title='bbox 3064 734 3117 779; x_wconf 90' lang='lat' dir='ltr'><strong>et</strong></span> <span class='ocrx_word' id='word_1_117' title='bbox 3152 726 3209 779; x_wconf 92' lang='lat' dir='ltr'><strong>in</strong></span> <span class='ocrx_word' id='word_1_118' title='bbox 3241 726 3409 781; x_wconf 91' lang='lat' dir='ltr'><strong>domo</strong></span> <span class='ocrx_word' id='word_1_119' title='bbox 3437 728 3634 792; x_wconf 86' lang='lat' dir='ltr'><strong>David,</strong></span> 
     </span>
    </p>
   </div>
   <div class='ocr_carea' id='block_1_19' title="bbox 1992 815 3634 881">
    <p class='ocr_par' dir='ltr' id='par_1_19' title="bbox 1992 815 3634 881">
     <span class='ocr_line' id='line_1_19' title="bbox 1992 815 3634 881; baseline 0.001 -10"><span class='ocrx_word' id='word_1_120' title='bbox 1992 817 2108 872; x_wconf 89' lang='lat' dir='ltr'><strong>hoc</strong></span> <span class='ocrx_word' id='word_1_121' title='bbox 2155 825 2237 872; x_wconf 89' lang='lat' dir='ltr'><strong>est</strong></span> <span class='ocrx_word' id='word_1_122' title='bbox 2290 817 2346 871; x_wconf 91' lang='lat' dir='ltr'><strong>in</strong></span> <span class='ocrx_word' id='word_1_123' title='bbox 2392 815 2602 871; x_wconf 80' lang='lat' dir='ltr'><strong>caelesti</strong></span> <span class='ocrx_word' id='word_1_124' title='bbox 2664 815 3025 881; x_wconf 86' lang='lat' dir='ltr'><strong>Hierusalem,</strong></span> <span class='ocrx_word' id='word_1_125' title='bbox 3086 832 3212 871; x_wconf 91' lang='lat' dir='ltr'><strong>cum</strong></span> <span class='ocrx_word' id='word_1_126' title='bbox 3281 818 3516 873; x_wconf 91' lang='lat' dir='ltr'><strong>Domino</strong></span> <span class='ocrx_word' id='word_1_127' title='bbox 3575 819 3634 872; x_wconf 89' lang='lat' dir='ltr'><strong>in</strong></span> 
     </span>
    </p>
   </div>
   <div class='ocr_carea' id='block_1_20' title="bbox 2003 906 3634 982">
    <p class='ocr_par' dir='ltr' id='par_1_20' title="bbox 2003 906 3634 982">
     <span class='ocr_line' id='line_1_20' title="bbox 2003 906 3634 982; baseline 0 -18"><span class='ocrx_word' id='word_1_128' title='bbox 2003 916 2276 964; x_wconf 68' lang='lat' dir='ltr'><strong>aeternum</strong></span> <span class='ocrx_word' id='word_1_129' title='bbox 2336 907 2637 982; x_wconf 89' lang='lat' dir='ltr'><strong>regnaturi,</strong></span> <span class='ocrx_word' id='word_1_130' title='bbox 2698 906 2987 962; x_wconf 90' lang='lat' dir='ltr'><strong>sublimari</strong></span> <span class='ocrx_word' id='word_1_131' title='bbox 3050 920 3388 964; x_wconf 90' lang='lat' dir='ltr'><strong>mereantur.</strong></span> <span class='ocrx_word' id='word_1_132' title='bbox 3435 911 3634 964; x_wconf 81' lang='lat' dir='ltr'><strong>Amen.</strong></span> 
     </span>
    </p>
   </div>
   <div class='ocr_carea' id='block_1_21' title="bbox 2003 1000 3635 1073">
    <p class='ocr_par' dir='ltr' id='par_1_21' title="bbox 2003 1000 3635 1073">
     <span class='ocr_line' id='line_1_21' title="bbox 2003 1000 3635 1073; baseline 0.002 -19"><span class='ocrx_word' id='word_1_133' title='bbox 2003 1000 2289 1055; x_wconf 91' lang='lat' dir='ltr'><strong>Peractum</strong></span> <span class='ocrx_word' id='word_1_134' title='bbox 2332 1000 2540 1066; x_wconf 84' lang='lat' dir='ltr'><strong>Remis,</strong></span> <span class='ocrx_word' id='word_1_135' title='bbox 2573 1000 2665 1054; x_wconf 91' lang='lat' dir='ltr'><strong>die</strong></span> <span class='ocrx_word' id='word_1_136' title='bbox 2711 1008 2765 1055; x_wconf 89' lang='lat' dir='ltr'><strong>et</strong></span> <span class='ocrx_word' id='word_1_137' title='bbox 2805 1000 3032 1056; x_wconf 91' lang='lat' dir='ltr'><strong>consule</strong></span> <span class='ocrx_word' id='word_1_138' title='bbox 3076 1001 3418 1073; x_wconf 90' lang='lat' dir='ltr'><strong>supradicto,</strong></span> <span class='ocrx_word' id='word_1_139' title='bbox 3449 1003 3635 1057; x_wconf 91' lang='lat' dir='ltr'><strong>inter-</strong></span> 
     </span>
    </p>
   </div>
   <div class='ocr_carea' id='block_1_22' title="bbox 2003 1087 3055 1161">
    <p class='ocr_par' dir='ltr' id='par_1_22' title="bbox 2003 1087 3055 1161">
     <span class='ocr_line' id='line_1_22' title="bbox 2003 1087 3055 1161; baseline 0.001 -18"><span class='ocrx_word' id='word_1_140' title='bbox 2003 1087 2332 1143; x_wconf 90' lang='lat' dir='ltr'><strong>cedentibus</strong></span> <span class='ocrx_word' id='word_1_141' title='bbox 2363 1096 2417 1143; x_wconf 90' lang='lat' dir='ltr'><strong>et</strong></span> <span class='ocrx_word' id='word_1_142' title='bbox 2437 1087 2637 1143; x_wconf 91' lang='lat' dir='ltr'><strong>mediis</strong></span> <span class='ocrx_word' id='word_1_143' title='bbox 2657 1088 3055 1161; x_wconf 85' lang='lat' dir='ltr'><strong>signatoribus.</strong></span> 
     </span>
    </p>
   </div>
   <div class='ocr_carea' id='block_1_23' title="bbox 2077 1175 3638 1250">
    <p class='ocr_par' dir='ltr' id='par_1_23' title="bbox 2077 1175 3638 1250">
     <span class='ocr_line' id='line_1_23' title="bbox 2077 1175 3638 1250; baseline 0.004 -25"><span class='ocrx_word' id='word_1_144' title='bbox 2077 1199 2104 1225; x_wconf 77' lang='grc' dir='ltr'><strong><em>α</em></strong></span> <span class='ocrx_word' id='word_1_145' title='bbox 2136 1178 2249 1250; x_wconf 89' lang='lat' dir='ltr'><strong>Ego</strong></span> <span class='ocrx_word' id='word_1_146' title='bbox 2298 1175 2580 1250; x_wconf 81' lang='lat' dir='ltr'><strong>Remigius</strong></span> <span class='ocrx_word' id='word_1_147' title='bbox 2631 1177 2930 1249; x_wconf 90' lang='lat' dir='ltr'><strong>episcopus</strong></span> <span class='ocrx_word' id='word_1_148' title='bbox 2994 1186 3384 1234; x_wconf 88' lang='lat' dir='ltr'><strong>testamentum</strong></span> <span class='ocrx_word' id='word_1_149' title='bbox 3449 1195 3638 1234; x_wconf 90' lang='lat' dir='ltr'><strong>meum</strong></span> 
     </span>
    </p>
   </div>
   <div class='ocr_carea' id='block_1_24' title="bbox 2005 1267 3641 1341">
    <p class='ocr_par' dir='ltr' id='par_1_24' title="bbox 2005 1267 3641 1341">
     <span class='ocr_line' id='line_1_24' title="bbox 2005 1267 3641 1341; baseline 0.001 -19"><span class='ocrx_word' id='word_1_150' title='bbox 2005 1268 2199 1341; x_wconf 89' lang='lat' dir='ltr'><strong>relegi,</strong></span> <span class='ocrx_word' id='word_1_151' title='bbox 2243 1268 2477 1341; x_wconf 81' lang='lat' dir='ltr'><strong>signavi,</strong></span> <span class='ocrx_word' id='word_1_152' title='bbox 2507 1267 2829 1338; x_wconf 85' lang='lat' dir='ltr'><strong>subscripsi,</strong></span> <span class='ocrx_word' id='word_1_153' title='bbox 2891 1279 2945 1324; x_wconf 92' lang='lat' dir='ltr'><strong>et</strong></span> <span class='ocrx_word' id='word_1_154' title='bbox 2983 1271 3039 1325; x_wconf 93' lang='lat' dir='ltr'><strong>in</strong></span> <span class='ocrx_word' id='word_1_155' title='bbox 3072 1271 3301 1326; x_wconf 90' lang='lat' dir='ltr'><strong>nomine</strong></span> <span class='ocrx_word' id='word_1_156' title='bbox 3341 1272 3538 1330; x_wconf 89' lang='lat' dir='ltr'><strong>Patris.</strong></span> <span class='ocrx_word' id='word_1_157' title='bbox 3580 1277 3641 1325; x_wconf 93' lang='lat' dir='ltr'><strong>et</strong></span> 
     </span>
    </p>
   </div>
   <div class='ocr_carea' id='block_1_25' title="bbox 2006 1356 3611 1430">
    <p class='ocr_par' dir='ltr' id='par_1_25' title="bbox 2006 1356 3611 1430">
     <span class='ocr_line' id='line_1_25' title="bbox 2006 1356 3611 1430; baseline 0 -18"><span class='ocrx_word' id='word_1_158' title='bbox 2006 1357 2150 1423; x_wconf 85' lang='lat' dir='ltr'><strong>Filii,</strong></span> <span class='ocrx_word' id='word_1_159' title='bbox 2178 1366 2232 1411; x_wconf 91' lang='lat' dir='ltr'><strong>et</strong></span> <span class='ocrx_word' id='word_1_160' title='bbox 2275 1356 2513 1427; x_wconf 87' lang='lat' dir='ltr'><strong>Spiritus</strong></span> <span class='ocrx_word' id='word_1_161' title='bbox 2558 1358 2754 1421; x_wconf 89' lang='lat' dir='ltr'><strong>sancti,</strong></span> <span class='ocrx_word' id='word_1_162' title='bbox 2810 1358 2920 1414; x_wconf 92' lang='lat' dir='ltr'><strong>Deo</strong></span> <span class='ocrx_word' id='word_1_163' title='bbox 2959 1359 3282 1428; x_wconf 88' lang='lat' dir='ltr'><strong>adjuvante,</strong></span> <span class='ocrx_word' id='word_1_164' title='bbox 3332 1360 3611 1430; x_wconf 86' lang='lat' dir='ltr'><strong>complevi</strong></span> 
     </span>
    </p>
   </div>
   <div class='ocr_carea' id='block_1_26' title="bbox 2002 1446 3643 1523">
    <p class='ocr_par' dir='ltr' id='par_1_26' title="bbox 2002 1446 3643 1523">
     <span class='ocr_line' id='line_1_26' title="bbox 2002 1446 3643 1523; baseline 0.001 -23"><span class='ocrx_word' id='word_1_165' title='bbox 2002 1450 2041 1516; x_wconf 70' lang='grc' dir='ltr'><strong>-ι-</strong></span> <span class='ocrx_word' id='word_1_166' title='bbox 2092 1447 2361 1502; x_wconf 88' lang='lat' dir='ltr'><strong>Vedastus</strong></span> <span class='ocrx_word' id='word_1_167' title='bbox 2409 1446 2708 1517; x_wconf 88' lang='lat' dir='ltr'><strong>episcopus</strong></span> <span class='ocrx_word' id='word_1_168' title='bbox 2757 1447 2846 1501; x_wconf 92' lang='lat' dir='ltr'><strong>cui</strong></span> <span class='ocrx_word' id='word_1_169' title='bbox 2902 1455 3061 1519; x_wconf 88' lang='lat' dir='ltr'><strong>pater</strong></span> <span class='ocrx_word' id='word_1_170' title='bbox 3128 1465 3290 1504; x_wconf 91' lang='lat' dir='ltr'><strong>meus</strong></span> <span class='ocrx_word' id='word_1_171' title='bbox 3352 1449 3643 1523; x_wconf 80' lang='lat' dir='ltr'><strong>RemigiUs</strong></span> 
     </span>
    </p>
   </div>
   <div class='ocr_carea' id='block_1_27' title="bbox 2004 1538 3639 1607">
    <p class='ocr_par' dir='ltr' id='par_1_27' title="bbox 2004 1538 3639 1607">
     <span class='ocr_line' id='line_1_27' title="bbox 2004 1538 3639 1607; baseline 0 -14"><span class='ocrx_word' id='word_1_172' title='bbox 2004 1538 2311 1605; x_wconf 87' lang='lat' dir='ltr'><strong>maledixit,</strong></span> <span class='ocrx_word' id='word_1_173' title='bbox 2369 1538 2649 1604; x_wconf 82' lang='lat' dir='ltr'><strong>maledixi,</strong></span> <span class='ocrx_word' id='word_1_174' title='bbox 2713 1547 2768 1593; x_wconf 91' lang='lat' dir='ltr'><strong>et</strong></span> <span class='ocrx_word' id='word_1_175' title='bbox 2828 1540 2917 1594; x_wconf 91' lang='lat' dir='ltr'><strong>cui</strong></span> <span class='ocrx_word' id='word_1_176' title='bbox 2971 1540 3277 1607; x_wconf 83' lang='lat' dir='ltr'><strong>benedixit,</strong></span> <span class='ocrx_word' id='word_1_177' title='bbox 3321 1541 3639 1595; x_wconf 88' lang='lat' dir='ltr'><strong>benedixi:</strong></span> 
     </span>
    </p>
   </div>
   <div class='ocr_carea' id='block_1_28' title="bbox 2005 1630 3645 1703">
    <p class='ocr_par' dir='ltr' id='par_1_28' title="bbox 2005 1630 3645 1703">
     <span class='ocr_line' id='line_1_28' title="bbox 2005 1630 3645 1703; baseline 0 -17"><span class='ocrx_word' id='word_1_178' title='bbox 2005 1630 2232 1686; x_wconf 87' lang='lat' dir='ltr'><strong>interfui</strong></span> <span class='ocrx_word' id='word_1_179' title='bbox 2281 1646 2527 1702; x_wconf 89' lang='lat' dir='ltr'><strong>quoque,</strong></span> <span class='ocrx_word' id='word_1_180' title='bbox 2586 1640 2752 1703; x_wconf 89' lang='lat' dir='ltr'><strong>atque</strong></span> <span class='ocrx_word' id='word_1_181' title='bbox 2799 1631 3125 1702; x_wconf 83' lang='lat' dir='ltr'><strong>subscripsi.</strong></span> <span class='ocrx_word' id='word_1_182' title='bbox 3180 1635 3219 1701; x_wconf 64' lang='grc' dir='ltr'><strong>αι-</strong></span> <span class='ocrx_word' id='word_1_183' title='bbox 3266 1631 3645 1688; x_wconf 86' lang='lat' dir='ltr'><strong>Genebaudus</strong></span> 
     </span>
    </p>
   </div>
   <div class='ocr_carea' id='block_1_29' title="bbox 2004 1720 3645 1794">
    <p class='ocr_par' dir='ltr' id='par_1_29' title="bbox 2004 1720 3645 1794">
     <span class='ocr_line' id='line_1_29' title="bbox 2004 1720 3645 1794; baseline -0.001 -18"><span class='ocrx_word' id='word_1_184' title='bbox 2004 1721 2303 1793; x_wconf 85' lang='lat' dir='ltr'><strong>episcOpus</strong></span> <span class='ocrx_word' id='word_1_185' title='bbox 2356 1722 2445 1776; x_wconf 93' lang='lat' dir='ltr'><strong>cui</strong></span> <span class='ocrx_word' id='word_1_186' title='bbox 2498 1730 2656 1792; x_wconf 91' lang='lat' dir='ltr'><strong>pater</strong></span> <span class='ocrx_word' id='word_1_187' title='bbox 2709 1736 2866 1775; x_wconf 91' lang='lat' dir='ltr'><strong>meus</strong></span> <span class='ocrx_word' id='word_1_188' title='bbox 2921 1720 3206 1794; x_wconf 85' lang='lat' dir='ltr'><strong>Remigius</strong></span> <span class='ocrx_word' id='word_1_189' title='bbox 3231 1721 3541 1786; x_wconf 86' lang='lat' dir='ltr'><strong>maledixit,</strong></span> <span class='ocrx_word' id='word_1_190' title='bbox 3584 1731 3645 1775; x_wconf 86' lang='lat' dir='ltr'><strong>et</strong></span> 
     </span>
    </p>
   </div>
   <div class='ocr_carea' id='block_1_30' title="bbox 2004 1810 3642 1877">
    <p class='ocr_par' dir='ltr' id='par_1_30' title="bbox 2004 1810 3642 1877">
     <span class='ocr_line' id='line_1_30' title="bbox 2004 1810 3642 1877; baseline -0.001 -13"><span class='ocrx_word' id='word_1_191' title='bbox 2004 1810 2316 1877; x_wconf 89' lang='lat' dir='ltr'><strong>maledixi,</strong></span> <span class='ocrx_word' id='word_1_192' title='bbox 2381 1818 2435 1864; x_wconf 90' lang='lat' dir='ltr'><strong>et</strong></span> <span class='ocrx_word' id='word_1_193' title='bbox 2485 1810 2573 1865; x_wconf 91' lang='lat' dir='ltr'><strong>cui</strong></span> <span class='ocrx_word' id='word_1_194' title='bbox 2630 1810 2952 1876; x_wconf 87' lang='lat' dir='ltr'><strong>benidixit,</strong></span> <span class='ocrx_word' id='word_1_195' title='bbox 3020 1810 3285 1865; x_wconf 86' lang='lat' dir='ltr'><strong>benedixi</strong></span> <span class='ocrx_word' id='word_1_196' title='bbox 3340 1828 3354 1865; x_wconf 88' lang='lat'><strong>:</strong></span> <span class='ocrx_word' id='word_1_197' title='bbox 3407 1810 3642 1865; x_wconf 82' lang='lat' dir='ltr'><strong>interfui</strong></span> 
     </span>
    </p>
   </div>
   <div class='ocr_carea' id='block_1_31' title="bbox 2008 1900 3648 1973">
    <p class='ocr_par' dir='ltr' id='par_1_31' title="bbox 2008 1900 3648 1973">
     <span class='ocr_line' id='line_1_31' title="bbox 2008 1900 3648 1973; baseline -0.001 -16"><span class='ocrx_word' id='word_1_198' title='bbox 2008 1918 2255 1973; x_wconf 87' lang='lat' dir='ltr'><strong>quoque,</strong></span> <span class='ocrx_word' id='word_1_199' title='bbox 2310 1909 2476 1973; x_wconf 90' lang='lat' dir='ltr'><strong>atque</strong></span> <span class='ocrx_word' id='word_1_200' title='bbox 2534 1902 2863 1972; x_wconf 90' lang='lat' dir='ltr'><strong>subscripsi.</strong></span> <span class='ocrx_word' id='word_1_201' title='bbox 2916 1927 2951 1969; x_wconf 75' lang='grc' dir='ltr'>τ</span> <span class='ocrx_word' id='word_1_202' title='bbox 3004 1900 3295 1957; x_wconf 87' lang='lat' dir='ltr'><strong>Medardus</strong></span> <span class='ocrx_word' id='word_1_203' title='bbox 3341 1902 3648 1973; x_wconf 90' lang='lat' dir='ltr'><strong>episcopus</strong></span> 
     </span>
    </p>
   </div>
   <div class='ocr_carea' id='block_1_32' title="bbox 282 1970 3645 2067">
    <p class='ocr_par' dir='ltr' id='par_1_32' title="bbox 282 1970 3645 2067">
     <span class='ocr_line' id='line_1_32' title="bbox 282 1970 3645 2067; baseline -0.001 -19"><span class='ocrx_word' id='word_1_204' title='bbox 282 1970 579 2048; x_wconf 76' lang='lat' dir='ltr'><strong>Galliarum</strong></span> <span class='ocrx_word' id='word_1_205' title='bbox 610 1994 789 2048; x_wconf 90' lang='lat' dir='ltr'><strong>tribus</strong></span> <span class='ocrx_word' id='word_1_206' title='bbox 850 1970 953 2047; x_wconf 87' lang='lat' dir='ltr'><strong>aut</strong></span> <span class='ocrx_word' id='word_1_207' title='bbox 1000 1970 1237 2063; x_wconf 76' lang='lat' dir='ltr'><strong>quatuor</strong></span> <span class='ocrx_word' id='word_1_208' title='bbox 1263 1970 1600 2054; x_wconf 80' lang='lat' dir='ltr'><strong>convocatis,</strong></span> <span class='ocrx_word' id='word_1_209' title='bbox 1644 1987 1904 2058; x_wconf 87' lang='lat' dir='ltr'><strong>princeps</strong></span> <span class='ocrx_word' id='word_1_210' title='bbox 1932 1970 1980 2043; x_wconf 82' lang='grc' dir='ltr'><strong>Β</strong></span> <span class='ocrx_word' id='word_1_211' title='bbox 2008 1970 2094 2049; x_wconf 65' lang='lat' dir='ltr'><strong>cui</strong></span> <span class='ocrx_word' id='word_1_212' title='bbox 2141 1970 2305 2064; x_wconf 76' lang='lat' dir='ltr'><strong>pater</strong></span> <span class='ocrx_word' id='word_1_213' title='bbox 2368 1970 2527 2048; x_wconf 81' lang='lat' dir='ltr'><strong>meus</strong></span> <span class='ocrx_word' id='word_1_214' title='bbox 2583 1970 2867 2067; x_wconf 83' lang='lat' dir='ltr'><strong>Remigius</strong></span> <span class='ocrx_word' id='word_1_215' title='bbox 2951 1994 3281 2059; x_wconf 90' lang='lat' dir='ltr'><strong>maledixit,</strong></span> <span class='ocrx_word' id='word_1_216' title='bbox 3331 1970 3645 2058; x_wconf 73' lang='lat' dir='ltr'><strong>maledixi,</strong></span> 
     </span>
    </p>
   </div>
   <div class='ocr_carea' id='block_1_33' title="bbox 286 2077 1908 2157">
    <p class='ocr_par' dir='ltr' id='par_1_33' title="bbox 286 2077 1908 2157">
     <span class='ocr_line' id='line_1_33' title="bbox 286 2077 1908 2157; baseline -0.006 -17"><span class='ocrx_word' id='word_1_217' title='bbox 286 2087 400 2154; x_wconf 90' lang='lat' dir='ltr'><strong>ille,</strong></span> <span class='ocrx_word' id='word_1_218' title='bbox 431 2087 755 2157; x_wconf 89' lang='lat' dir='ltr'><strong>quicunque</strong></span> <span class='ocrx_word' id='word_1_219' title='bbox 808 2085 995 2151; x_wconf 86' lang='lat' dir='ltr'><strong>fuerit,</strong></span> <span class='ocrx_word' id='word_1_220' title='bbox 1052 2089 1346 2139; x_wconf 90' lang='lat' dir='ltr'><strong>moneatur</strong></span> <span class='ocrx_word' id='word_1_221' title='bbox 1376 2100 1390 2136; x_wconf 92' lang='lat'>:</span> <span class='ocrx_word' id='word_1_222' title='bbox 1424 2082 1501 2136; x_wconf 90' lang='lat' dir='ltr'><strong>ita</strong></span> <span class='ocrx_word' id='word_1_223' title='bbox 1542 2087 1603 2135; x_wconf 92' lang='lat' dir='ltr'><strong>ut</strong></span> <span class='ocrx_word' id='word_1_224' title='bbox 1632 2094 1809 2151; x_wconf 89' lang='lat' dir='ltr'><strong>usque</strong></span> <span class='ocrx_word' id='word_1_225' title='bbox 1840 2077 1908 2132; x_wconf 90' lang='lat' dir='ltr'><strong>ad</strong></span> 
     </span>
    </p>
   </div>
   <div class='ocr_carea' id='block_1_34' title="bbox 282 2171 1909 2249">
    <p class='ocr_par' dir='ltr' id='par_1_34' title="bbox 282 2171 1909 2249">
     <span class='ocr_line' id='line_1_34' title="bbox 282 2171 1909 2249; baseline -0.004 -16"><span class='ocrx_word' id='word_1_226' title='bbox 282 2179 575 2249; x_wconf 84' lang='lat' dir='ltr'><strong>septimam</strong></span> <span class='ocrx_word' id='word_1_227' title='bbox 605 2177 989 2238; x_wconf 91' lang='lat' dir='ltr'><strong>monitionem,</strong></span> <span class='ocrx_word' id='word_1_228' title='bbox 1022 2175 1257 2248; x_wconf 73' lang='lat' dir='ltr'><strong>siprius</strong></span> <span class='ocrx_word' id='word_1_229' title='bbox 1283 2173 1608 2229; x_wconf 88' lang='lat' dir='ltr'><strong>satisfacere</strong></span> <span class='ocrx_word' id='word_1_230' title='bbox 1640 2171 1909 2234; x_wconf 86' lang='lat' dir='ltr'><strong>renuerit.</strong></span> 
     </span>
    </p>
   </div>
   <div class='ocr_carea' id='block_1_35' title="bbox 284 2261 1907 2339">
    <p class='ocr_par' dir='ltr' id='par_1_35' title="bbox 284 2261 1907 2339">
     <span class='ocr_line' id='line_1_35' title="bbox 284 2261 1907 2339; baseline -0.004 -18"><span class='ocrx_word' id='word_1_231' title='bbox 284 2275 525 2337; x_wconf 63' lang='lat' dir='ltr'><strong>paterna:</strong></span> <span class='ocrx_word' id='word_1_232' title='bbox 552 2266 768 2337; x_wconf 89' lang='lat' dir='ltr'><strong>pietatis</strong></span> <span class='ocrx_word' id='word_1_233' title='bbox 816 2264 1242 2339; x_wconf 88' lang='lat' dir='ltr'><strong>longanimitate</strong></span> <span class='ocrx_word' id='word_1_234' title='bbox 1273 2261 1575 2317; x_wconf 74' lang='lat' dir='ltr'><strong>differatur.</strong></span> <span class='ocrx_word' id='word_1_235' title='bbox 1626 2262 1907 2316; x_wconf 89' lang='lat' dir='ltr'><strong>Tandem-</strong></span> 
     </span>
    </p>
   </div>
   <div class='ocr_carea' id='block_1_36' title="bbox 284 2354 1908 2430">
    <p class='ocr_par' dir='ltr' id='par_1_36' title="bbox 284 2354 1908 2430">
     <span class='ocr_line' id='line_1_36' title="bbox 284 2354 1908 2430; baseline -0.004 -17"><span class='ocrx_word' id='word_1_236' title='bbox 284 2375 416 2430; x_wconf 91' lang='lat' dir='ltr'><strong>que,</strong></span> <span class='ocrx_word' id='word_1_237' title='bbox 436 2358 484 2412; x_wconf 89' lang='lat' dir='ltr'><strong>si</strong></span> <span class='ocrx_word' id='word_1_238' title='bbox 535 2357 857 2430; x_wconf 87' lang='lat' dir='ltr'><strong>postpositis</strong></span> <span class='ocrx_word' id='word_1_239' title='bbox 886 2356 1146 2412; x_wconf 90' lang='lat' dir='ltr'><strong>omnibus</strong></span> <span class='ocrx_word' id='word_1_240' title='bbox 1198 2355 1439 2426; x_wconf 64' lang='lat' dir='ltr'><strong>praefatis</strong></span> <span class='ocrx_word' id='word_1_241' title='bbox 1491 2354 1908 2411; x_wconf 79' lang='lat' dir='ltr'><strong>benedictioni-</strong></span> 
     </span>
    </p>
   </div>
   <div class='ocr_carea' id='block_1_37' title="bbox 283 2443 1908 2519">
    <p class='ocr_par' dir='ltr' id='par_1_37' title="bbox 283 2443 1908 2519">
     <span class='ocr_line' id='line_1_37' title="bbox 283 2443 1908 2519; baseline -0.002 -18"><span class='ocrx_word' id='word_1_242' title='bbox 283 2447 391 2502; x_wconf 91' lang='lat' dir='ltr'><strong>bus</strong></span> <span class='ocrx_word' id='word_1_243' title='bbox 450 2447 537 2517; x_wconf 86' lang='lat' dir='ltr'><strong>[f.,</strong></span> <span class='ocrx_word' id='word_1_244' title='bbox 593 2445 1040 2515; x_wconf 88' lang='lat' dir='ltr'><strong>monitionibus],</strong></span> <span class='ocrx_word' id='word_1_245' title='bbox 1102 2444 1500 2519; x_wconf 91' lang='lat' dir='ltr'><strong>incorrigibilis</strong></span> <span class='ocrx_word' id='word_1_246' title='bbox 1544 2443 1908 2499; x_wconf 71' lang='lat' dir='ltr'><strong>contumaciae</strong></span> 
     </span>
    </p>
   </div>
   <div class='ocr_carea' id='block_1_38' title="bbox 283 2534 1907 2609">
    <p class='ocr_par' dir='ltr' id='par_1_38' title="bbox 283 2534 1907 2609">
     <span class='ocr_line' id='line_1_38' title="bbox 283 2534 1907 2609; baseline -0.003 -17"><span class='ocrx_word' id='word_1_247' title='bbox 283 2537 540 2609; x_wconf 87' lang='lat' dir='ltr'><strong>spiritum</strong></span> <span class='ocrx_word' id='word_1_248' title='bbox 570 2554 680 2594; x_wconf 92' lang='lat' dir='ltr'><strong>non</strong></span> <span class='ocrx_word' id='word_1_249' title='bbox 709 2538 1054 2609; x_wconf 86' lang='lat' dir='ltr'><strong>deposuerit,</strong></span> <span class='ocrx_word' id='word_1_250' title='bbox 1088 2544 1143 2591; x_wconf 92' lang='lat' dir='ltr'><strong>et</strong></span> <span class='ocrx_word' id='word_1_251' title='bbox 1171 2552 1230 2591; x_wconf 91' lang='lat' dir='ltr'><strong>se</strong></span> <span class='ocrx_word' id='word_1_252' title='bbox 1250 2553 1349 2607; x_wconf 92' lang='lat' dir='ltr'><strong>per</strong></span> <span class='ocrx_word' id='word_1_253' title='bbox 1378 2536 1588 2600; x_wconf 88' lang='lat' dir='ltr'><strong>omnia,</strong></span> <span class='ocrx_word' id='word_1_254' title='bbox 1614 2536 1724 2590; x_wconf 92' lang='lat' dir='ltr'><strong>Deo</strong></span> <span class='ocrx_word' id='word_1_255' title='bbox 1742 2534 1907 2589; x_wconf 89' lang='lat' dir='ltr'><strong>subdi</strong></span> 
     </span>
    </p>
   </div>
   <div class='ocr_carea' id='block_1_39' title="bbox 285 2624 1907 2695">
    <p class='ocr_par' dir='ltr' id='par_1_39' title="bbox 285 2624 1907 2695">
     <span class='ocr_line' id='line_1_39' title="bbox 285 2624 1907 2695; baseline -0.002 -14"><span class='ocrx_word' id='word_1_256' title='bbox 285 2627 503 2694; x_wconf 91' lang='lat' dir='ltr'><strong>nolens,</strong></span> <span class='ocrx_word' id='word_1_257' title='bbox 533 2625 1023 2681; x_wconf 89' lang='lat' dir='ltr'><strong>benedictionibus</strong></span> <span class='ocrx_word' id='word_1_258' title='bbox 1044 2624 1302 2679; x_wconf 58' lang='lat' dir='ltr'><strong>Ecclesia</strong></span> <span class='ocrx_word' id='word_1_259' title='bbox 1347 2625 1680 2695; x_wconf 88' lang='lat' dir='ltr'><strong>participare</strong></span> <span class='ocrx_word' id='word_1_260' title='bbox 1707 2624 1907 2679; x_wconf 90' lang='lat' dir='ltr'><strong>nolue-</strong></span> 
     </span>
    </p>
   </div>
   <div class='ocr_carea' id='block_1_40' title="bbox 288 2711 1912 2790">
    <p class='ocr_par' dir='ltr' id='par_1_40' title="bbox 288 2711 1912 2790">
     <span class='ocr_line' id='line_1_40' title="bbox 288 2711 1912 2790; baseline -0.004 -19"><span class='ocrx_word' id='word_1_261' title='bbox 288 2716 379 2773; x_wconf 90' lang='lat' dir='ltr'><strong>rit.</strong></span> <span class='ocrx_word' id='word_1_262' title='bbox 424 2716 669 2790; x_wconf 86' lang='lat' dir='ltr'><strong>elogium</strong></span> <span class='ocrx_word' id='word_1_263' title='bbox 726 2712 1129 2789; x_wconf 88' lang='lat' dir='ltr'><strong>segregationis</strong></span> <span class='ocrx_word' id='word_1_264' title='bbox 1187 2729 1219 2767; x_wconf 90' lang='lat' dir='ltr'><strong>a</strong></span> <span class='ocrx_word' id='word_1_265' title='bbox 1270 2727 1503 2783; x_wconf 79' lang='lat' dir='ltr'><strong>corpore</strong></span> <span class='ocrx_word' id='word_1_266' title='bbox 1564 2711 1787 2779; x_wconf 90' lang='lat' dir='ltr'><strong>Christi,</strong></span> <span class='ocrx_word' id='word_1_267' title='bbox 1843 2712 1912 2766; x_wconf 87' lang='lat' dir='ltr'><strong>ab</strong></span> 
     </span>
    </p>
   </div>
   <div class='ocr_carea' id='block_1_41' title="bbox 286 2804 1910 2881">
    <p class='ocr_par' dir='ltr' id='par_1_41' title="bbox 286 2804 1910 2881">
     <span class='ocr_line' id='line_1_41' title="bbox 286 2804 1910 2881; baseline -0.003 -18"><span class='ocrx_word' id='word_1_268' title='bbox 286 2809 551 2863; x_wconf 83' lang='lat' dir='ltr'><strong>omnibus</strong></span> <span class='ocrx_word' id='word_1_269' title='bbox 573 2808 624 2863; x_wconf 92' lang='lat' dir='ltr'><strong>ei</strong></span> <span class='ocrx_word' id='word_1_270' title='bbox 653 2807 991 2881; x_wconf 86' lang='lat' dir='ltr'><strong>porrigatur,</strong></span> <span class='ocrx_word' id='word_1_271' title='bbox 1026 2804 1177 2876; x_wconf 89' lang='lat' dir='ltr'><strong>quod</strong></span> <span class='ocrx_word' id='word_1_272' title='bbox 1226 2821 1326 2875; x_wconf 92' lang='lat' dir='ltr'><strong>per</strong></span> <span class='ocrx_word' id='word_1_273' title='bbox 1375 2806 1703 2876; x_wconf 81' lang='lat' dir='ltr'><strong>praphetam</strong></span> <span class='ocrx_word' id='word_1_274' title='bbox 1728 2813 1783 2859; x_wconf 90' lang='lat' dir='ltr'><strong>et</strong></span> <span class='ocrx_word' id='word_1_275' title='bbox 1815 2821 1910 2858; x_wconf 83' lang='lat' dir='ltr'><strong>re-</strong></span> 
     </span>
    </p>
   </div>
   <div class='ocr_carea' id='block_1_42' title="bbox 291 2894 1910 2973">
    <p class='ocr_par' dir='ltr' id='par_1_42' title="bbox 291 2894 1910 2973">
     <span class='ocr_line' id='line_1_42' title="bbox 291 2894 1910 2973; baseline -0.003 -21"><span class='ocrx_word' id='word_1_276' title='bbox 291 2914 415 2973; x_wconf 89' lang='lat' dir='ltr'><strong>gem</strong></span> <span class='ocrx_word' id='word_1_277' title='bbox 435 2896 607 2952; x_wconf 86' lang='lat' dir='ltr'><strong>David</strong></span> <span class='ocrx_word' id='word_1_278' title='bbox 635 2896 800 2967; x_wconf 83' lang='lat' dir='ltr'><strong>longe</strong></span> <span class='ocrx_word' id='word_1_279' title='bbox 826 2902 975 2959; x_wconf 87' lang='lat' dir='ltr'><strong>ante,</strong></span> <span class='ocrx_word' id='word_1_280' title='bbox 1029 2894 1227 2949; x_wconf 90' lang='lat' dir='ltr'><strong>eodem</strong></span> <span class='ocrx_word' id='word_1_281' title='bbox 1268 2896 1381 2965; x_wconf 72' lang='lat' dir='ltr'><strong>qui</strong></span> <span class='ocrx_word' id='word_1_282' title='bbox 1410 2894 1466 2947; x_wconf 91' lang='lat' dir='ltr'><strong>in</strong></span> <span class='ocrx_word' id='word_1_283' title='bbox 1497 2894 1777 2965; x_wconf 90' lang='lat' dir='ltr'><strong>episcopis</strong></span> <span class='ocrx_word' id='word_1_284' title='bbox 1804 2903 1910 2961; x_wconf 87' lang='lat' dir='ltr'><strong>est,</strong></span> 
     </span>
    </p>
   </div>
   <div class='ocr_carea' id='block_1_43' title="bbox 291 2983 1914 3057">
    <p class='ocr_par' dir='ltr' id='par_1_43' title="bbox 291 2983 1914 3057">
     <span class='ocr_line' id='line_1_43' title="bbox 291 2983 1914 3057; baseline -0.003 -15"><span class='ocrx_word' id='word_1_285' title='bbox 291 2988 533 3042; x_wconf 89' lang='lat' dir='ltr'><strong>dictante</strong></span> <span class='ocrx_word' id='word_1_286' title='bbox 559 2985 767 3057; x_wconf 88' lang='lat' dir='ltr'><strong>Spiritu</strong></span> <span class='ocrx_word' id='word_1_287' title='bbox 796 2990 1010 3050; x_wconf 88' lang='lat' dir='ltr'><strong>sancto,</strong></span> <span class='ocrx_word' id='word_1_288' title='bbox 1067 2983 1313 3039; x_wconf 90' lang='lat' dir='ltr'><strong>noscitur</strong></span> <span class='ocrx_word' id='word_1_289' title='bbox 1347 2983 1698 3039; x_wconf 90' lang='lat' dir='ltr'><strong>decantatum</strong></span> <span class='ocrx_word' id='word_1_290' title='bbox 1731 3000 1743 3036; x_wconf 95' lang='lat'>:</span> <span class='ocrx_word' id='word_1_291' title='bbox 1776 2983 1914 3047; x_wconf 83' lang='lat' dir='ltr'><strong>Quia</strong></span> 
     </span>
    </p>
   </div>
   <div class='ocr_carea' id='block_1_44' title="bbox 290 3070 1911 3147">
    <p class='ocr_par' dir='ltr' id='par_1_44' title="bbox 290 3070 1911 3147">
     <span class='ocr_line' id='line_1_44' title="bbox 290 3070 1911 3147; baseline -0.003 -17"><span class='ocrx_word' id='word_1_292' title='bbox 290 3083 614 3147; x_wconf 91' lang='lat' dir='ltr'><strong>persecutus</strong></span> <span class='ocrx_word' id='word_1_293' title='bbox 639 3083 741 3140; x_wconf 92' lang='lat' dir='ltr'><strong>est,</strong></span> <span class='ocrx_word' id='word_1_294' title='bbox 793 3070 992 3143; x_wconf 90' lang='lat' dir='ltr'><strong>inquit,</strong></span> <span class='ocrx_word' id='word_1_295' title='bbox 1028 3072 1313 3127; x_wconf 89' lang='lat' dir='ltr'><strong>hominem</strong></span> <span class='ocrx_word' id='word_1_296' title='bbox 1367 3073 1613 3143; x_wconf 89' lang='lat' dir='ltr'><strong>inopem,</strong></span> <span class='ocrx_word' id='word_1_297' title='bbox 1661 3078 1716 3126; x_wconf 90' lang='lat' dir='ltr'><strong>et</strong></span> <span class='ocrx_word' id='word_1_298' title='bbox 1748 3088 1911 3127; x_wconf 91' lang='lat' dir='ltr'><strong>men-</strong></span> 
     </span>
    </p>
   </div>
   <div class='ocr_carea' id='block_1_45' title="bbox 289 3162 1914 3233">
    <p class='ocr_par' dir='ltr' id='par_1_45' title="bbox 289 3162 1914 3233">
     <span class='ocr_line' id='line_1_45' title="bbox 289 3162 1914 3233; baseline -0.002 -14"><span class='ocrx_word' id='word_1_299' title='bbox 289 3166 493 3229; x_wconf 90' lang='lat' dir='ltr'><strong>dicum,</strong></span> <span class='ocrx_word' id='word_1_300' title='bbox 526 3172 581 3219; x_wconf 90' lang='lat' dir='ltr'><strong>et</strong></span> <span class='ocrx_word' id='word_1_301' title='bbox 611 3172 1004 3233; x_wconf 90' lang='lat' dir='ltr'><strong>compunctum</strong></span> <span class='ocrx_word' id='word_1_302' title='bbox 1032 3162 1221 3227; x_wconf 90' lang='lat' dir='ltr'><strong>corde,</strong></span> <span class='ocrx_word' id='word_1_303' title='bbox 1249 3170 1303 3215; x_wconf 93' lang='lat' dir='ltr'><strong>et</strong></span> <span class='ocrx_word' id='word_1_304' title='bbox 1344 3176 1453 3216; x_wconf 89' lang='lat' dir='ltr'><strong>non</strong></span> <span class='ocrx_word' id='word_1_305' title='bbox 1479 3172 1561 3215; x_wconf 88' lang='lat' dir='ltr'><strong>est</strong></span> <span class='ocrx_word' id='word_1_306' title='bbox 1592 3162 1914 3216; x_wconf 90' lang='lat' dir='ltr'><strong>recordatus</strong></span> 
     </span>
    </p>
   </div>
   <div class='ocr_carea' id='block_1_46' title="bbox 291 3250 1914 3319">
    <p class='ocr_par' dir='ltr' id='par_1_46' title="bbox 291 3250 1914 3319">
     <span class='ocr_line' id='line_1_46' title="bbox 291 3250 1914 3319; baseline -0.002 -11"><span class='ocrx_word' id='word_1_307' title='bbox 291 3254 473 3309; x_wconf 90' lang='lat' dir='ltr'><strong>facere</strong></span> <span class='ocrx_word' id='word_1_308' title='bbox 502 3250 967 3317; x_wconf 89' lang='lat' dir='ltr'><strong>misericordiam,</strong></span> <span class='ocrx_word' id='word_1_309' title='bbox 1027 3258 1081 3304; x_wconf 89' lang='lat' dir='ltr'><strong>et</strong></span> <span class='ocrx_word' id='word_1_310' title='bbox 1119 3250 1313 3304; x_wconf 89' lang='lat' dir='ltr'><strong>dilexit</strong></span> <span class='ocrx_word' id='word_1_311' title='bbox 1351 3250 1827 3319; x_wconf 90' lang='lat' dir='ltr'><strong>maledictionem,</strong></span> <span class='ocrx_word' id='word_1_312' title='bbox 1860 3256 1914 3304; x_wconf 89' lang='lat' dir='ltr'><strong>et</strong></span> 
     </span>
    </p>
   </div>
   <div class='ocr_carea' id='block_1_47' title="bbox 292 3297 1988 3417">
    <p class='ocr_par' dir='ltr' id='par_1_47' title="bbox 292 3297 1988 3417">
     <span class='ocr_line' id='line_1_47' title="bbox 292 3297 1913 3319; baseline -0.003 -11"><span class='ocrx_word' id='word_1_313' title='bbox 292 3297 473 3309; x_wconf 61' lang='grc' dir='ltr'><strong>...νων</strong></span> <span class='ocrx_word' id='word_1_314' title='bbox 503 3297 967 3317; x_wconf 50' lang='lat' dir='ltr'><strong>....-v--v--_-_---,</strong></span> <span class='ocrx_word' id='word_1_315' title='bbox 1029 3297 1081 3304; x_wconf 77' lang='lat'><strong>--</strong></span> <span class='ocrx_word' id='word_1_316' title='bbox 1122 3297 1312 3304; x_wconf 75' lang='lat'><strong>_---.---</strong></span> <span class='ocrx_word' id='word_1_317' title='bbox 1352 3297 1827 3319; x_wconf 52' lang='grc' dir='ltr'><strong>---νηηηνηηη</strong></span> <span class='ocrx_word' id='word_1_318' title='bbox 1863 3297 1913 3304; x_wconf 73' lang='lat'><strong>--</strong></span> 
     </span>
     <span class='ocr_line' id='line_1_48' title="bbox 292 3297 1988 3417; baseline -0.004 -15"><span class='ocrx_word' id='word_1_319' title='bbox 292 3347 478 3402; x_wconf 89' lang='lat' dir='ltr'><strong>veniet</strong></span> <span class='ocrx_word' id='word_1_320' title='bbox 501 3345 552 3399; x_wconf 93' lang='lat' dir='ltr'><strong>ei</strong></span> <span class='ocrx_word' id='word_1_321' title='bbox 577 3363 592 3411; x_wconf 91' lang='lat'><strong>;</strong></span> <span class='ocrx_word' id='word_1_322' title='bbox 615 3352 671 3399; x_wconf 89' lang='lat' dir='ltr'><strong>et</strong></span> <span class='ocrx_word' id='word_1_323' title='bbox 697 3342 875 3398; x_wconf 89' lang='lat' dir='ltr'><strong>noluit</strong></span> <span class='ocrx_word' id='word_1_324' title='bbox 890 3343 1362 3405; x_wconf 88' lang='lat' dir='ltr'><strong>benedictionem,</strong></span> <span class='ocrx_word' id='word_1_325' title='bbox 1393 3351 1447 3397; x_wconf 89' lang='lat' dir='ltr'><strong>et</strong></span> <span class='ocrx_word' id='word_1_326' title='bbox 1468 3342 1822 3417; x_wconf 91' lang='lat' dir='ltr'><strong>elongabitur</strong></span> <span class='ocrx_word' id='word_1_327' title='bbox 1847 3342 1915 3396; x_wconf 90' lang='lat' dir='ltr'><strong>ab</strong></span> <span class='ocrx_word' id='word_1_328' title='bbox 1940 3297 1988 3366; x_wconf 66' lang='grc' dir='ltr'>Ο</span> 
     </span>
    </p>
   </div>
   <div class='ocr_carea' id='block_1_48' title="bbox 296 3434 1917 3506">
    <p class='ocr_par' dir='ltr' id='par_1_48' title="bbox 296 3434 1917 3506">
     <span class='ocr_line' id='line_1_49' title="bbox 296 3434 1917 3506; baseline -0.004 -12"><span class='ocrx_word' id='word_1_329' title='bbox 296 3455 363 3494; x_wconf 92' lang='lat' dir='ltr'><strong>eo</strong></span> <span class='ocrx_word' id='word_1_330' title='bbox 395 3438 563 3505; x_wconf 84' lang='lat' dir='ltr'><strong>(Psal.</strong></span> <span class='ocrx_word' id='word_1_331' title='bbox 592 3453 743 3501; x_wconf 88' lang='lat' dir='ltr'><strong>cvm,</strong></span> <span class='ocrx_word' id='word_1_332' title='bbox 790 3435 879 3502; x_wconf 80' lang='grc'><strong>17,</strong></span> <span class='ocrx_word' id='word_1_333' title='bbox 937 3435 1044 3504; x_wconf 80' lang='lat'><strong>18).</strong></span> <span class='ocrx_word' id='word_1_334' title='bbox 1101 3436 1409 3506; x_wconf 91' lang='lat' dir='ltr'><strong>Totumque</strong></span> <span class='ocrx_word' id='word_1_335' title='bbox 1438 3435 1489 3490; x_wconf 91' lang='lat' dir='ltr'><strong>ei</strong></span> <span class='ocrx_word' id='word_1_336' title='bbox 1519 3435 1668 3506; x_wconf 89' lang='lat' dir='ltr'><strong>quod</strong></span> <span class='ocrx_word' id='word_1_337' title='bbox 1702 3434 1756 3488; x_wconf 93' lang='lat' dir='ltr'><strong>in</strong></span> <span class='ocrx_word' id='word_1_338' title='bbox 1786 3451 1917 3505; x_wconf 89' lang='lat' dir='ltr'><strong>per-</strong></span> 
     </span>
    </p>
   </div>
   <div class='ocr_carea' id='block_1_49' title="bbox 294 3522 1919 3587">
    <p class='ocr_par' dir='ltr' id='par_1_49' title="bbox 294 3522 1919 3587">
     <span class='ocr_line' id='line_1_50' title="bbox 294 3522 1919 3587; baseline -0.003 -4"><span class='ocrx_word' id='word_1_339' title='bbox 294 3544 434 3584; x_wconf 90' lang='lat' dir='ltr'><strong>sona</strong></span> <span class='ocrx_word' id='word_1_340' title='bbox 458 3526 617 3581; x_wconf 67' lang='lat' dir='ltr'><strong>Judae</strong></span> <span class='ocrx_word' id='word_1_341' title='bbox 648 3524 929 3579; x_wconf 89' lang='lat' dir='ltr'><strong>traditoris</strong></span> <span class='ocrx_word' id='word_1_342' title='bbox 956 3523 1171 3579; x_wconf 89' lang='lat' dir='ltr'><strong>Domini</strong></span> <span class='ocrx_word' id='word_1_343' title='bbox 1222 3524 1395 3579; x_wconf 88' lang='lat' dir='ltr'><strong>nostri</strong></span> <span class='ocrx_word' id='word_1_344' title='bbox 1442 3524 1573 3579; x_wconf 80' lang='lat' dir='ltr'><strong>Jesu</strong></span> <span class='ocrx_word' id='word_1_345' title='bbox 1614 3522 1834 3587; x_wconf 83' lang='lat' dir='ltr'><strong>Christi,</strong></span> <span class='ocrx_word' id='word_1_346' title='bbox 1865 3532 1919 3578; x_wconf 91' lang='lat' dir='ltr'><strong>et</strong></span> 
     </span>
    </p>
   </div>
   <div class='ocr_carea' id='block_1_50' title="bbox 295 3615 1914 3694">
    <p class='ocr_par' dir='ltr' id='par_1_50' title="bbox 295 3615 1914 3694">
     <span class='ocr_line' id='line_1_51' title="bbox 295 3615 1914 3694; baseline -0.004 -18"><span class='ocrx_word' id='word_1_347' title='bbox 295 3621 665 3694; x_wconf 91' lang='lat' dir='ltr'><strong>malignorum</strong></span> <span class='ocrx_word' id='word_1_348' title='bbox 696 3617 1106 3688; x_wconf 85' lang='lat' dir='ltr'><strong>episcOporum,</strong></span> <span class='ocrx_word' id='word_1_349' title='bbox 1147 3615 1381 3671; x_wconf 89' lang='lat' dir='ltr'><strong>ecclesia</strong></span> <span class='ocrx_word' id='word_1_350' title='bbox 1429 3616 1722 3670; x_wconf 85' lang='lat' dir='ltr'><strong>decantare</strong></span> <span class='ocrx_word' id='word_1_351' title='bbox 1753 3615 1914 3681; x_wconf 85' lang='lat' dir='ltr'><strong>solet,</strong></span> 
     </span>
    </p>
   </div>
   <div class='ocr_carea' id='block_1_51' title="bbox 295 3706 1919 3784">
    <p class='ocr_par' dir='ltr' id='par_1_51' title="bbox 295 3706 1919 3784">
     <span class='ocr_line' id='line_1_52' title="bbox 295 3706 1919 3784; baseline -0.004 -17"><span class='ocrx_word' id='word_1_352' title='bbox 295 3729 395 3784; x_wconf 89' lang='lat' dir='ltr'><strong>per</strong></span> <span class='ocrx_word' id='word_1_353' title='bbox 423 3711 668 3784; x_wconf 87' lang='lat' dir='ltr'><strong>singulas</strong></span> <span class='ocrx_word' id='word_1_354' title='bbox 707 3709 758 3763; x_wconf 92' lang='lat' dir='ltr'><strong>ei</strong></span> <span class='ocrx_word' id='word_1_355' title='bbox 790 3709 1119 3764; x_wconf 88' lang='lat' dir='ltr'><strong>decantetur</strong></span> <span class='ocrx_word' id='word_1_356' title='bbox 1144 3708 1427 3763; x_wconf 85' lang='lat' dir='ltr'><strong>ecclesias.</strong></span> <span class='ocrx_word' id='word_1_357' title='bbox 1492 3707 1624 3778; x_wconf 86' lang='lat' dir='ltr'><strong>quia</strong></span> <span class='ocrx_word' id='word_1_358' title='bbox 1652 3706 1919 3761; x_wconf 90' lang='lat' dir='ltr'><strong>Dominus</strong></span> 
     </span>
    </p>
   </div>
   <div class='ocr_carea' id='block_1_52' title="bbox 295 3795 1917 3865">
    <p class='ocr_par' dir='ltr' id='par_1_52' title="bbox 295 3795 1917 3865">
     <span class='ocr_line' id='line_1_53' title="bbox 295 3795 1917 3865; baseline -0.004 -9"><span class='ocrx_word' id='word_1_359' title='bbox 295 3801 435 3856; x_wconf 85' lang='lat' dir='ltr'><strong>dixit</strong></span> <span class='ocrx_word' id='word_1_360' title='bbox 466 3819 479 3854; x_wconf 94' lang='lat'>:</span> <span class='ocrx_word' id='word_1_361' title='bbox 511 3798 767 3865; x_wconf 84' lang='lat' dir='ltr'><strong>Quandiu</strong></span> <span class='ocrx_word' id='word_1_362' title='bbox 829 3798 1036 3853; x_wconf 88' lang='lat' dir='ltr'><strong>fecistis</strong></span> <span class='ocrx_word' id='word_1_363' title='bbox 1083 3798 1179 3852; x_wconf 91' lang='lat' dir='ltr'><strong>uni</strong></span> <span class='ocrx_word' id='word_1_364' title='bbox 1212 3813 1277 3852; x_wconf 89' lang='lat' dir='ltr'><strong>ex</strong></span> <span class='ocrx_word' id='word_1_365' title='bbox 1307 3796 1556 3851; x_wconf 90' lang='lat' dir='ltr'><strong>minimis</strong></span> <span class='ocrx_word' id='word_1_366' title='bbox 1588 3797 1749 3862; x_wconf 90' lang='lat' dir='ltr'><strong>meis,</strong></span> <span class='ocrx_word' id='word_1_367' title='bbox 1778 3795 1917 3850; x_wconf 91' lang='lat' dir='ltr'><strong>mihi</strong></span> 
     </span>
    </p>
   </div>
   <div class='ocr_carea' id='block_1_53' title="bbox 296 3887 1919 3961">
    <p class='ocr_par' dir='ltr' id='par_1_53' title="bbox 296 3887 1919 3961">
     <span class='ocr_line' id='line_1_54' title="bbox 296 3887 1919 3961; baseline -0.005 -11"><span class='ocrx_word' id='word_1_368' title='bbox 296 3894 508 3950; x_wconf 88' lang='lat' dir='ltr'><strong>fecistis</strong></span> <span class='ocrx_word' id='word_1_369' title='bbox 542 3893 761 3961; x_wconf 82' lang='lat' dir='ltr'><strong>(Matth.</strong></span> <span class='ocrx_word' id='word_1_370' title='bbox 809 3908 935 3958; x_wconf 89' lang='lat' dir='ltr'><strong>xxv,</strong></span> <span class='ocrx_word' id='word_1_371' title='bbox 979 3891 1070 3958; x_wconf 75' lang='grc'><strong>40)</strong></span> <span class='ocrx_word' id='word_1_372' title='bbox 1106 3907 1118 3943; x_wconf 90' lang='lat'>:</span> <span class='ocrx_word' id='word_1_373' title='bbox 1153 3898 1209 3945; x_wconf 91' lang='lat' dir='ltr'><strong>et</strong></span> <span class='ocrx_word' id='word_1_374' title='bbox 1239 3888 1488 3961; x_wconf 87' lang='lat' dir='ltr'><strong>quandiu</strong></span> <span class='ocrx_word' id='word_1_375' title='bbox 1523 3887 1609 3942; x_wconf 90' lang='lat' dir='ltr'><strong>his</strong></span> <span class='ocrx_word' id='word_1_376' title='bbox 1637 3903 1750 3943; x_wconf 89' lang='lat' dir='ltr'><strong>non</strong></span> <span class='ocrx_word' id='word_1_377' title='bbox 1780 3888 1919 3944; x_wconf 90' lang='lat' dir='ltr'><strong>feci-</strong></span> 
     </span>
    </p>
   </div>
   <div class='ocr_carea' id='block_1_54' title="bbox 293 3979 1919 4052">
    <p class='ocr_par' dir='ltr' id='par_1_54' title="bbox 293 3979 1919 4052">
     <span class='ocr_line' id='line_1_55' title="bbox 293 3979 1919 4052; baseline -0.003 -13"><span class='ocrx_word' id='word_1_378' title='bbox 293 3986 415 4052; x_wconf 91' lang='lat' dir='ltr'><strong>stis,</strong></span> <span class='ocrx_word' id='word_1_379' title='bbox 458 3999 561 4040; x_wconf 89' lang='lat' dir='ltr'><strong>nec</strong></span> <span class='ocrx_word' id='word_1_380' title='bbox 586 3983 725 4037; x_wconf 88' lang='lat' dir='ltr'><strong>mihi</strong></span> <span class='ocrx_word' id='word_1_381' title='bbox 744 3981 955 4037; x_wconf 89' lang='lat' dir='ltr'><strong>fecistis</strong></span> <span class='ocrx_word' id='word_1_382' title='bbox 985 3981 1169 4050; x_wconf 78' lang='lat' dir='ltr'><strong>(Ibid.,</strong></span> <span class='ocrx_word' id='word_1_383' title='bbox 1216 3980 1324 4051; x_wconf 73' lang='grc'><strong>45).</strong></span> <span class='ocrx_word' id='word_1_384' title='bbox 1360 3980 1422 4033; x_wconf 89' lang='lat' dir='ltr'><strong>Et</strong></span> <span class='ocrx_word' id='word_1_385' title='bbox 1454 3979 1581 4035; x_wconf 92' lang='lat' dir='ltr'><strong>ideo</strong></span> <span class='ocrx_word' id='word_1_386' title='bbox 1608 3979 1757 4050; x_wconf 92' lang='lat' dir='ltr'><strong>quod</strong></span> <span class='ocrx_word' id='word_1_387' title='bbox 1784 3993 1919 4050; x_wconf 90' lang='lat' dir='ltr'><strong>pro-</strong></span> 
     </span>
    </p>
   </div>
   <div class='ocr_carea' id='block_1_55' title="bbox 294 4070 1922 4145">
    <p class='ocr_par' dir='ltr' id='par_1_55' title="bbox 294 4070 1922 4145">
     <span class='ocr_line' id='line_1_56' title="bbox 294 4070 1922 4145; baseline -0.002 -17"><span class='ocrx_word' id='word_1_388' title='bbox 294 4076 457 4130; x_wconf 88' lang='lat' dir='ltr'><strong>batur</strong></span> <span class='ocrx_word' id='word_1_389' title='bbox 486 4074 542 4129; x_wconf 90' lang='lat' dir='ltr'><strong>in</strong></span> <span class='ocrx_word' id='word_1_390' title='bbox 572 4074 775 4145; x_wconf 84' lang='lat' dir='ltr'><strong>capite,</strong></span> <span class='ocrx_word' id='word_1_391' title='bbox 809 4073 867 4126; x_wconf 93' lang='lat' dir='ltr'><strong>in</strong></span> <span class='ocrx_word' id='word_1_392' title='bbox 900 4072 1172 4127; x_wconf 89' lang='lat' dir='ltr'><strong>membris</strong></span> <span class='ocrx_word' id='word_1_393' title='bbox 1200 4070 1627 4143; x_wconf 87' lang='lat' dir='ltr'><strong>intelligendum</strong></span> <span class='ocrx_word' id='word_1_394' title='bbox 1659 4086 1781 4125; x_wconf 91' lang='lat' dir='ltr'><strong>esse</strong></span> <span class='ocrx_word' id='word_1_395' title='bbox 1812 4085 1922 4125; x_wconf 90' lang='lat' dir='ltr'><strong>non</strong></span> 
     </span>
    </p>
   </div>
   <div class='ocr_carea' id='block_1_56' title="bbox 294 4161 1923 4232">
    <p class='ocr_par' dir='ltr' id='par_1_56' title="bbox 294 4161 1923 4232">
     <span class='ocr_line' id='line_1_57' title="bbox 294 4161 1923 4232; baseline -0.004 -10"><span class='ocrx_word' id='word_1_396' title='bbox 294 4168 597 4223; x_wconf 91' lang='lat' dir='ltr'><strong>dubitetur.</strong></span> <span class='ocrx_word' id='word_1_397' title='bbox 656 4167 834 4221; x_wconf 92' lang='lat' dir='ltr'><strong>Unum</strong></span> <span class='ocrx_word' id='word_1_398' title='bbox 885 4166 1266 4222; x_wconf 89' lang='lat' dir='ltr'><strong>tantummodo</strong></span> <span class='ocrx_word' id='word_1_399' title='bbox 1301 4165 1379 4218; x_wconf 92' lang='lat' dir='ltr'><strong>ibi</strong></span> <span class='ocrx_word' id='word_1_400' title='bbox 1424 4163 1653 4218; x_wconf 85' lang='lat' dir='ltr'><strong>verbum</strong></span> <span class='ocrx_word' id='word_1_401' title='bbox 1704 4178 1805 4232; x_wconf 88' lang='lat' dir='ltr'><strong>per</strong></span> <span class='ocrx_word' id='word_1_402' title='bbox 1832 4161 1923 4215; x_wconf 91' lang='lat' dir='ltr'><strong>in-</strong></span> 
     </span>
    </p>
   </div>
   <div class='ocr_carea' id='block_1_57' title="bbox 293 4254 1919 4333">
    <p class='ocr_par' dir='ltr' id='par_1_57' title="bbox 293 4254 1919 4333">
     <span class='ocr_line' id='line_1_58' title="bbox 293 4254 1919 4333; baseline -0.004 -17"><span class='ocrx_word' id='word_1_403' title='bbox 293 4261 709 4333; x_wconf 90' lang='lat' dir='ltr'><strong>terpositionem</strong></span> <span class='ocrx_word' id='word_1_404' title='bbox 768 4266 1139 4314; x_wconf 89' lang='lat' dir='ltr'><strong>commutetur</strong></span> <span class='ocrx_word' id='word_1_405' title='bbox 1166 4279 1183 4313; x_wconf 91' lang='lat'><strong><em>:</em></strong></span> <span class='ocrx_word' id='word_1_406' title='bbox 1214 4258 1370 4313; x_wconf 89' lang='lat' dir='ltr'><strong>Fiant</strong></span> <span class='ocrx_word' id='word_1_407' title='bbox 1424 4256 1546 4309; x_wconf 92' lang='lat' dir='ltr'><strong>dies</strong></span> <span class='ocrx_word' id='word_1_408' title='bbox 1577 4254 1699 4323; x_wconf 86' lang='lat' dir='ltr'><strong>ejus</strong></span> <span class='ocrx_word' id='word_1_409' title='bbox 1736 4256 1919 4324; x_wconf 90' lang='lat' dir='ltr'><strong>pauci,</strong></span> 
     </span>
    </p>
   </div>
   <div class='ocr_carea' id='block_1_58' title="bbox 292 4345 1918 4420">
    <p class='ocr_par' dir='ltr' id='par_1_58' title="bbox 292 4345 1918 4420">
     <span class='ocr_line' id='line_1_59' title="bbox 292 4345 1918 4420; baseline -0.004 -15"><span class='ocrx_word' id='word_1_410' title='bbox 292 4358 348 4405; x_wconf 90' lang='lat' dir='ltr'><strong>et</strong></span> <span class='ocrx_word' id='word_1_411' title='bbox 396 4349 767 4420; x_wconf 88' lang='lat' dir='ltr'><strong>principatum</strong></span> <span class='ocrx_word' id='word_1_412' title='bbox 800 4349 921 4417; x_wconf 86' lang='lat' dir='ltr'><strong>ejus</strong></span> <span class='ocrx_word' id='word_1_413' title='bbox 952 4348 1190 4419; x_wconf 89' lang='lat' dir='ltr'><strong>accipiat</strong></span> <span class='ocrx_word' id='word_1_414' title='bbox 1245 4347 1385 4402; x_wconf 91' lang='lat' dir='ltr'><strong>alter</strong></span> <span class='ocrx_word' id='word_1_415' title='bbox 1436 4345 1603 4413; x_wconf 87' lang='lat' dir='ltr'><strong>(Psal.</strong></span> <span class='ocrx_word' id='word_1_416' title='bbox 1663 4358 1809 4409; x_wconf 85' lang='lat' dir='ltr'><strong>cvm,</strong></span> <span class='ocrx_word' id='word_1_417' title='bbox 1842 4346 1918 4412; x_wconf 83' lang='lat'><strong>8).</strong></span> 
     </span>
    </p>
   </div>
   <div class='ocr_carea' id='block_1_59' title="bbox 293 4439 1924 4512">
    <p class='ocr_par' dir='ltr' id='par_1_59' title="bbox 293 4439 1924 4512">
     <span class='ocr_line' id='line_1_60' title="bbox 293 4439 1924 4512; baseline 0 -17"><span class='ocrx_word' id='word_1_418' title='bbox 293 4442 447 4507; x_wconf 84' lang='lat' dir='ltr'><strong>Quod</strong></span> <span class='ocrx_word' id='word_1_419' title='bbox 473 4441 667 4512; x_wconf 90' lang='lat' dir='ltr'><strong>utique</strong></span> <span class='ocrx_word' id='word_1_420' title='bbox 697 4440 742 4494; x_wconf 91' lang='lat' dir='ltr'><strong>si</strong></span> <span class='ocrx_word' id='word_1_421' title='bbox 790 4455 1143 4495; x_wconf 89' lang='lat' dir='ltr'><strong>successores</strong></span> <span class='ocrx_word' id='word_1_422' title='bbox 1189 4442 1298 4495; x_wconf 90' lang='lat' dir='ltr'><strong>mei</strong></span> <span class='ocrx_word' id='word_1_423' title='bbox 1356 4440 1654 4496; x_wconf 88' lang='lat' dir='ltr'><strong>Remorum</strong></span> <span class='ocrx_word' id='word_1_424' title='bbox 1709 4439 1924 4496; x_wconf 89' lang='lat' dir='ltr'><strong>scilicet</strong></span> 
     </span>
    </p>
   </div>
   <div class='ocr_carea' id='block_1_60' title="bbox 292 4532 1921 4603">
    <p class='ocr_par' dir='ltr' id='par_1_60' title="bbox 292 4532 1921 4603">
     <span class='ocr_line' id='line_1_61' title="bbox 292 4532 1921 4603; baseline 0.001 -15"><span class='ocrx_word' id='word_1_425' title='bbox 292 4532 720 4603; x_wconf 89' lang='lat' dir='ltr'><strong>archiepiscopi,</strong></span> <span class='ocrx_word' id='word_1_426' title='bbox 752 4533 995 4602; x_wconf 87' lang='lat' dir='ltr'><strong>Operari,</strong></span> <span class='ocrx_word' id='word_1_427' title='bbox 1027 4533 1171 4588; x_wconf 88' lang='lat' dir='ltr'><strong>sicut</strong></span> <span class='ocrx_word' id='word_1_428' title='bbox 1230 4550 1260 4587; x_wconf 90' lang='lat' dir='ltr'><strong>a</strong></span> <span class='ocrx_word' id='word_1_429' title='bbox 1314 4549 1401 4588; x_wconf 91' lang='lat' dir='ltr'><strong>me</strong></span> <span class='ocrx_word' id='word_1_430' title='bbox 1458 4534 1774 4590; x_wconf 89' lang='lat' dir='ltr'><strong>ordinatum</strong></span> <span class='ocrx_word' id='word_1_431' title='bbox 1819 4541 1921 4600; x_wconf 91' lang='lat' dir='ltr'><strong>est,</strong></span> 
     </span>
    </p>
   </div>
   <div class='ocr_carea' id='block_1_61' title="bbox 293 4622 1922 4697">
    <p class='ocr_par' dir='ltr' id='par_1_61' title="bbox 293 4622 1922 4697">
     <span class='ocr_line' id='line_1_62' title="bbox 293 4622 1922 4697; baseline 0.001 -21"><span class='ocrx_word' id='word_1_432' title='bbox 293 4622 656 4697; x_wconf 84' lang='lat' dir='ltr'><strong>neglexerint,</strong></span> <span class='ocrx_word' id='word_1_433' title='bbox 688 4622 819 4678; x_wconf 89' lang='lat' dir='ltr'><strong>inse</strong></span> <span class='ocrx_word' id='word_1_434' title='bbox 860 4622 1135 4694; x_wconf 88' lang='lat' dir='ltr'><strong>quidquid</strong></span> <span class='ocrx_word' id='word_1_435' title='bbox 1186 4623 1244 4677; x_wconf 93' lang='lat' dir='ltr'><strong>in</strong></span> <span class='ocrx_word' id='word_1_436' title='bbox 1277 4622 1626 4694; x_wconf 90' lang='lat' dir='ltr'><strong>principibus</strong></span> <span class='ocrx_word' id='word_1_437' title='bbox 1663 4639 1922 4679; x_wconf 91' lang='lat' dir='ltr'><strong>resecan-</strong></span> 
     </span>
    </p>
   </div>
   <div class='ocr_carea' id='block_1_62' title="bbox 291 4712 1922 4785">
    <p class='ocr_par' dir='ltr' id='par_1_62' title="bbox 291 4712 1922 4785">
     <span class='ocr_line' id='line_1_63' title="bbox 291 4712 1922 4785; baseline 0.001 -18"><span class='ocrx_word' id='word_1_438' title='bbox 291 4713 423 4767; x_wconf 89' lang='lat' dir='ltr'><strong>dum</strong></span> <span class='ocrx_word' id='word_1_439' title='bbox 451 4712 652 4779; x_wconf 86' lang='lat' dir='ltr'><strong>fuerat,</strong></span> <span class='ocrx_word' id='word_1_440' title='bbox 683 4712 1172 4768; x_wconf 87' lang='lat' dir='ltr'><strong>maledictionibus</strong></span> <span class='ocrx_word' id='word_1_441' title='bbox 1211 4713 1497 4783; x_wconf 84' lang='lat' dir='ltr'><strong>depravati</strong></span> <span class='ocrx_word' id='word_1_442' title='bbox 1527 4713 1830 4785; x_wconf 89' lang='lat' dir='ltr'><strong>reperiant,</strong></span> <span class='ocrx_word' id='word_1_443' title='bbox 1861 4720 1922 4768; x_wconf 90' lang='lat' dir='ltr'><strong>ut</strong></span> 
     </span>
    </p>
   </div>
   <div class='ocr_carea' id='block_1_63' title="bbox 295 4804 1923 4876">
    <p class='ocr_par' dir='ltr' id='par_1_63' title="bbox 295 4804 1923 4876">
     <span class='ocr_line' id='line_1_64' title="bbox 295 4804 1923 4876; baseline 0.001 -18"><span class='ocrx_word' id='word_1_444' title='bbox 295 4804 430 4858; x_wconf 83' lang='lat' dir='ltr'><strong>ﬁant</strong></span> <span class='ocrx_word' id='word_1_445' title='bbox 455 4804 576 4858; x_wconf 89' lang='lat' dir='ltr'><strong>dies</strong></span> <span class='ocrx_word' id='word_1_446' title='bbox 606 4819 797 4858; x_wconf 93' lang='lat' dir='ltr'><strong>eorum</strong></span> <span class='ocrx_word' id='word_1_447' title='bbox 819 4804 1006 4875; x_wconf 86' lang='lat' dir='ltr'><strong>pauci,</strong></span> <span class='ocrx_word' id='word_1_448' title='bbox 1040 4804 1424 4876; x_wconf 85' lang='lat' dir='ltr'><strong>episcopatum</strong></span> <span class='ocrx_word' id='word_1_449' title='bbox 1465 4821 1659 4861; x_wconf 88' lang='lat' dir='ltr'><strong>eorum</strong></span> <span class='ocrx_word' id='word_1_450' title='bbox 1685 4806 1923 4876; x_wconf 89' lang='lat' dir='ltr'><strong>accipiat</strong></span> 
     </span>
    </p>
   </div>
   <div class='ocr_carea' id='block_1_64' title="bbox 293 4894 1921 4954">
    <p class='ocr_par' dir='ltr' id='par_1_64' title="bbox 293 4894 1921 4954">
     <span class='ocr_line' id='line_1_65' title="bbox 293 4894 1921 4954; baseline 0 -3"><span class='ocrx_word' id='word_1_451' title='bbox 293 4897 452 4952; x_wconf 90' lang='lat' dir='ltr'><strong>alter.</strong></span> <span class='ocrx_word' id='word_1_452' title='bbox 481 4894 534 4949; x_wconf 93' lang='lat' dir='ltr'><strong>Si</strong></span> <span class='ocrx_word' id='word_1_453' title='bbox 568 4910 697 4950; x_wconf 90' lang='lat' dir='ltr'><strong>vero</strong></span> <span class='ocrx_word' id='word_1_454' title='bbox 755 4896 1022 4951; x_wconf 89' lang='lat' dir='ltr'><strong>Dominus</strong></span> <span class='ocrx_word' id='word_1_455' title='bbox 1052 4913 1209 4951; x_wconf 87' lang='lat' dir='ltr'><strong>meus</strong></span> <span class='ocrx_word' id='word_1_456' title='bbox 1251 4897 1410 4951; x_wconf 84' lang='lat' dir='ltr'><strong>Jesus</strong></span> <span class='ocrx_word' id='word_1_457' title='bbox 1450 4896 1699 4953; x_wconf 87' lang='lat' dir='ltr'><strong>Christus</strong></span> <span class='ocrx_word' id='word_1_458' title='bbox 1728 4914 1921 4954; x_wconf 82' lang='lat' dir='ltr'><strong>vocem</strong></span> 
     </span>
    </p>
   </div>
   <div class='ocr_carea' id='block_1_65' title="bbox 294 4987 1921 5064">
    <p class='ocr_par' dir='ltr' id='par_1_65' title="bbox 294 4987 1921 5064">
     <span class='ocr_line' id='line_1_66' title="bbox 294 4987 1921 5064; baseline 0 -22"><span class='ocrx_word' id='word_1_459' title='bbox 294 4987 564 5043; x_wconf 90' lang='lat' dir='ltr'><strong>orationis</strong></span> <span class='ocrx_word' id='word_1_460' title='bbox 608 5002 767 5053; x_wconf 84' lang='lat' dir='ltr'><strong>meae,</strong></span> <span class='ocrx_word' id='word_1_461' title='bbox 827 5004 989 5058; x_wconf 89' lang='lat' dir='ltr'><strong>quam</strong></span> <span class='ocrx_word' id='word_1_462' title='bbox 1044 4987 1297 5059; x_wconf 88' lang='lat' dir='ltr'><strong>quotidie</strong></span> <span class='ocrx_word' id='word_1_463' title='bbox 1354 5004 1453 5059; x_wconf 90' lang='lat' dir='ltr'><strong>pro</strong></span> <span class='ocrx_word' id='word_1_464' title='bbox 1502 5006 1706 5064; x_wconf 87' lang='lat' dir='ltr'><strong>genere</strong></span> <span class='ocrx_word' id='word_1_465' title='bbox 1738 4990 1833 5045; x_wconf 93' lang='lat' dir='ltr'><strong>illo</strong></span> <span class='ocrx_word' id='word_1_466' title='bbox 1867 4990 1921 5044; x_wconf 90' lang='lat' dir='ltr'><strong>in</strong></span> 
     </span>
    </p>
   </div>
   <div class='ocr_carea' id='block_1_66' title="bbox 296 5078 1926 5150">
    <p class='ocr_par' dir='ltr' id='par_1_66' title="bbox 296 5078 1926 5150">
     <span class='ocr_line' id='line_1_67' title="bbox 296 5078 1926 5150; baseline 0.002 -17"><span class='ocrx_word' id='word_1_467' title='bbox 296 5084 595 5148; x_wconf 90' lang='lat' dir='ltr'><strong>conspectu</strong></span> <span class='ocrx_word' id='word_1_468' title='bbox 624 5078 826 5133; x_wconf 73' lang='lat' dir='ltr'><strong>divinae</strong></span> <span class='ocrx_word' id='word_1_469' title='bbox 858 5079 1160 5148; x_wconf 87' lang='lat' dir='ltr'><strong>majestatis</strong></span> <span class='ocrx_word' id='word_1_470' title='bbox 1209 5080 1529 5150; x_wconf 90' lang='lat' dir='ltr'><strong>specialiter</strong></span> <span class='ocrx_word' id='word_1_471' title='bbox 1582 5082 1775 5149; x_wconf 88' lang='lat' dir='ltr'><strong>fundo,</strong></span> <span class='ocrx_word' id='word_1_472' title='bbox 1825 5098 1926 5136; x_wconf 89' lang='lat' dir='ltr'><strong>au-</strong></span> 
     </span>
    </p>
   </div>
   <div class='ocr_carea' id='block_1_67' title="bbox 294 5166 1924 5240">
    <p class='ocr_par' dir='ltr' id='par_1_67' title="bbox 294 5166 1924 5240">
     <span class='ocr_line' id='line_1_68' title="bbox 294 5166 1924 5240; baseline 0.001 -18"><span class='ocrx_word' id='word_1_473' title='bbox 294 5169 415 5222; x_wconf 92' lang='lat' dir='ltr'><strong>dire</strong></span> <span class='ocrx_word' id='word_1_474' title='bbox 446 5166 708 5240; x_wconf 86' lang='lat' dir='ltr'><strong>dignatus</strong></span> <span class='ocrx_word' id='word_1_475' title='bbox 778 5169 965 5235; x_wconf 83' lang='lat' dir='ltr'><strong>fuerit,</strong></span> <span class='ocrx_word' id='word_1_476' title='bbox 1015 5174 1074 5223; x_wconf 91' lang='lat' dir='ltr'><strong>ut</strong></span> <span class='ocrx_word' id='word_1_477' title='bbox 1121 5168 1262 5224; x_wconf 86' lang='lat' dir='ltr'><strong>sicut</strong></span> <span class='ocrx_word' id='word_1_478' title='bbox 1300 5186 1333 5223; x_wconf 90' lang='lat' dir='ltr'><strong>a</strong></span> <span class='ocrx_word' id='word_1_479' title='bbox 1376 5184 1464 5223; x_wconf 90' lang='lat' dir='ltr'><strong>me</strong></span> <span class='ocrx_word' id='word_1_480' title='bbox 1520 5171 1734 5240; x_wconf 91' lang='lat' dir='ltr'><strong>accepit</strong></span> <span class='ocrx_word' id='word_1_481' title='bbox 1764 5170 1841 5225; x_wconf 89' lang='lat' dir='ltr'><strong>ita</strong></span> <span class='ocrx_word' id='word_1_482' title='bbox 1868 5171 1924 5225; x_wconf 90' lang='lat' dir='ltr'><strong>in</strong></span> 
     </span>
    </p>
   </div>
   <div class='ocr_carea' id='block_1_68' title="bbox 294 5258 1921 5333">
    <p class='ocr_par' dir='ltr' id='par_1_68' title="bbox 294 5258 1921 5333">
     <span class='ocr_line' id='line_1_69' title="bbox 294 5258 1921 5333; baseline 0.001 -20"><span class='ocrx_word' id='word_1_483' title='bbox 294 5258 660 5329; x_wconf 88' lang='lat' dir='ltr'><strong>dispositione</strong></span> <span class='ocrx_word' id='word_1_484' title='bbox 687 5261 863 5333; x_wconf 89' lang='lat' dir='ltr'><strong>regni,</strong></span> <span class='ocrx_word' id='word_1_485' title='bbox 895 5267 949 5315; x_wconf 90' lang='lat' dir='ltr'><strong>et</strong></span> <span class='ocrx_word' id='word_1_486' title='bbox 971 5261 1324 5317; x_wconf 88' lang='lat' dir='ltr'><strong>ordinatione</strong></span> <span class='ocrx_word' id='word_1_487' title='bbox 1371 5270 1577 5318; x_wconf 68' lang='lat' dir='ltr'><strong>sanctae</strong></span> <span class='ocrx_word' id='word_1_488' title='bbox 1600 5262 1697 5317; x_wconf 93' lang='lat' dir='ltr'><strong>Dei</strong></span> <span class='ocrx_word' id='word_1_489' title='bbox 1728 5262 1921 5317; x_wconf 88' lang='lat' dir='ltr'><strong>Eccle-</strong></span> 
     </span>
    </p>
   </div>
   <div class='ocr_carea' id='block_1_69' title="bbox 295 5347 1921 5424">
    <p class='ocr_par' dir='ltr' id='par_1_69' title="bbox 295 5347 1921 5424">
     <span class='ocr_line' id='line_1_70' title="bbox 295 5347 1921 5424; baseline 0.002 -23"><span class='ocrx_word' id='word_1_490' title='bbox 295 5347 393 5402; x_wconf 63' lang='lat' dir='ltr'><strong>siae</strong></span> <span class='ocrx_word' id='word_1_491' title='bbox 420 5354 758 5416; x_wconf 88' lang='lat' dir='ltr'><strong>perseveret,</strong></span> <span class='ocrx_word' id='word_1_492' title='bbox 808 5348 1318 5417; x_wconf 87' lang='lat' dir='ltr'><strong>benedictionibus,</strong></span> <span class='ocrx_word' id='word_1_493' title='bbox 1353 5366 1490 5424; x_wconf 88' lang='lat' dir='ltr'><strong>quas</strong></span> <span class='ocrx_word' id='word_1_494' title='bbox 1529 5352 1766 5423; x_wconf 88' lang='lat' dir='ltr'><strong>Spiritus</strong></span> <span class='ocrx_word' id='word_1_495' title='bbox 1785 5367 1921 5407; x_wconf 88' lang='lat' dir='ltr'><strong>san-</strong></span> 
     </span>
    </p>
   </div>
   <div class='ocr_carea' id='block_1_70' title="bbox 295 5442 1925 5513">
    <p class='ocr_par' dir='ltr' id='par_1_70' title="bbox 295 5442 1925 5513">
     <span class='ocr_line' id='line_1_71' title="bbox 295 5442 1925 5513; baseline 0.005 -24"><span class='ocrx_word' id='word_1_496' title='bbox 295 5445 417 5490; x_wconf 89' lang='lat' dir='ltr'><strong>ctus</strong></span> <span class='ocrx_word' id='word_1_497' title='bbox 445 5450 546 5504; x_wconf 89' lang='lat' dir='ltr'><strong>per</strong></span> <span class='ocrx_word' id='word_1_498' title='bbox 576 5450 797 5490; x_wconf 89' lang='lat' dir='ltr'><strong>manum</strong></span> <span class='ocrx_word' id='word_1_499' title='bbox 828 5452 1008 5494; x_wconf 90' lang='lat' dir='ltr'><strong>meam</strong></span> <span class='ocrx_word' id='word_1_500' title='bbox 1032 5442 1399 5511; x_wconf 89' lang='lat' dir='ltr'><strong>peccatricem</strong></span> <span class='ocrx_word' id='word_1_501' title='bbox 1421 5458 1590 5513; x_wconf 90' lang='lat' dir='ltr'><strong>super</strong></span> <span class='ocrx_word' id='word_1_502' title='bbox 1606 5451 1772 5513; x_wconf 86' lang='lat' dir='ltr'><strong>caput</strong></span> <span class='ocrx_word' id='word_1_503' title='bbox 1801 5442 1925 5511; x_wconf 89' lang='lat' dir='ltr'><strong>ejus</strong></span> 
     </span>
    </p>
   </div>
   <div class='ocr_carea' id='block_1_71' title="bbox 293 5524 1922 5605">
    <p class='ocr_par' dir='ltr' id='par_1_71' title="bbox 293 5524 1922 5605">
     <span class='ocr_line' id='line_1_72' title="bbox 293 5524 1922 5605; baseline 0.005 -25"><span class='ocrx_word' id='word_1_504' title='bbox 293 5524 522 5591; x_wconf 89' lang='lat' dir='ltr'><strong>infudit,</strong></span> <span class='ocrx_word' id='word_1_505' title='bbox 564 5525 816 5595; x_wconf 72' lang='lat' dir='ltr'><strong>plurimae</strong></span> <span class='ocrx_word' id='word_1_506' title='bbox 844 5545 1013 5600; x_wconf 89' lang='lat' dir='ltr'><strong>super</strong></span> <span class='ocrx_word' id='word_1_507' title='bbox 1033 5541 1201 5604; x_wconf 88' lang='lat' dir='ltr'><strong>caput</strong></span> <span class='ocrx_word' id='word_1_508' title='bbox 1233 5534 1503 5590; x_wconf 85' lang='lat' dir='ltr'><strong>illustrius</strong></span> <span class='ocrx_word' id='word_1_509' title='bbox 1536 5550 1634 5605; x_wconf 88' lang='lat' dir='ltr'><strong>per</strong></span> <span class='ocrx_word' id='word_1_510' title='bbox 1663 5534 1922 5590; x_wconf 90' lang='lat' dir='ltr'><strong>eumdem</strong></span> 
     </span>
    </p>
   </div>
   <div class='ocr_carea' id='block_1_72' title="bbox 296 5610 1926 5697">
    <p class='ocr_par' dir='ltr' id='par_1_72' title="bbox 296 5610 1926 5697">
     <span class='ocr_line' id='line_1_73' title="bbox 296 5610 1926 5697; baseline 0.006 -27"><span class='ocrx_word' id='word_1_511' title='bbox 296 5610 564 5688; x_wconf 86' lang='lat' dir='ltr'><strong>Spiritum</strong></span> <span class='ocrx_word' id='word_1_512' title='bbox 595 5622 844 5670; x_wconf 89' lang='lat' dir='ltr'><strong>sanctum</strong></span> <span class='ocrx_word' id='word_1_513' title='bbox 898 5624 1346 5691; x_wconf 88' lang='lat' dir='ltr'><strong>superaddantur</strong></span> <span class='ocrx_word' id='word_1_514' title='bbox 1372 5641 1387 5690; x_wconf 86' lang='lat'><strong>;</strong></span> <span class='ocrx_word' id='word_1_515' title='bbox 1422 5631 1477 5679; x_wconf 90' lang='lat' dir='ltr'><strong>ct</strong></span> <span class='ocrx_word' id='word_1_516' title='bbox 1507 5640 1575 5680; x_wconf 85' lang='lat' dir='ltr'><strong>ex</strong></span> <span class='ocrx_word' id='word_1_517' title='bbox 1612 5624 1733 5694; x_wconf 90' lang='lat' dir='ltr'><strong>ipso</strong></span> <span class='ocrx_word' id='word_1_518' title='bbox 1764 5640 1926 5697; x_wconf 87' lang='lat' dir='ltr'><strong>reges</strong></span> 
     </span>
    </p>
   </div>
   <div class='ocr_carea' id='block_1_73' title="bbox 297 5709 1925 5786">
    <p class='ocr_par' dir='ltr' id='par_1_73' title="bbox 297 5709 1925 5786">
     <span class='ocr_line' id='line_1_74' title="bbox 297 5709 1925 5786; baseline 0.003 -22"><span class='ocrx_word' id='word_1_519' title='bbox 297 5718 353 5764; x_wconf 89' lang='lat' dir='ltr'><strong>et</strong></span> <span class='ocrx_word' id='word_1_520' title='bbox 383 5709 749 5779; x_wconf 89' lang='lat' dir='ltr'><strong>imperatores</strong></span> <span class='ocrx_word' id='word_1_521' title='bbox 801 5712 1127 5780; x_wconf 84' lang='lat' dir='ltr'><strong>procedant,</strong></span> <span class='ocrx_word' id='word_1_522' title='bbox 1185 5716 1278 5786; x_wconf 91' lang='lat' dir='ltr'><strong>qui</strong></span> <span class='ocrx_word' id='word_1_523' title='bbox 1326 5716 1382 5769; x_wconf 91' lang='lat' dir='ltr'><strong>in</strong></span> <span class='ocrx_word' id='word_1_524' title='bbox 1434 5716 1718 5786; x_wconf 84' lang='lat' dir='ltr'><strong>praesenti,</strong></span> <span class='ocrx_word' id='word_1_525' title='bbox 1775 5723 1829 5770; x_wconf 91' lang='lat' dir='ltr'><strong>et</strong></span> <span class='ocrx_word' id='word_1_526' title='bbox 1868 5715 1925 5769; x_wconf 91' lang='lat' dir='ltr'><strong>in</strong></span> 
     </span>
    </p>
   </div>
   <div class='ocr_carea' id='block_1_74' title="bbox 300 5797 1925 5876">
    <p class='ocr_par' dir='ltr' id='par_1_74' title="bbox 300 5797 1925 5876">
     <span class='ocr_line' id='line_1_75' title="bbox 300 5797 1925 5876; baseline 0.002 -23"><span class='ocrx_word' id='word_1_527' title='bbox 300 5797 509 5866; x_wconf 87' lang='lat' dir='ltr'><strong>futuro,</strong></span> <span class='ocrx_word' id='word_1_528' title='bbox 552 5798 710 5868; x_wconf 88' lang='lat' dir='ltr'><strong>juxta</strong></span> <span class='ocrx_word' id='word_1_529' title='bbox 757 5798 1094 5856; x_wconf 86' lang='lat' dir='ltr'><strong>voluntatem</strong></span> <span class='ocrx_word' id='word_1_530' title='bbox 1147 5804 1385 5868; x_wconf 90' lang='lat' dir='ltr'><strong>Domini,</strong></span> <span class='ocrx_word' id='word_1_531' title='bbox 1450 5805 1519 5858; x_wconf 87' lang='lat' dir='ltr'><strong>ad</strong></span> <span class='ocrx_word' id='word_1_532' title='bbox 1565 5810 1925 5876; x_wconf 83' lang='lat' dir='ltr'><strong>augmentum</strong></span> 
     </span>
    </p>
   </div>
   <div class='ocr_carea' id='block_1_75' title="bbox 297 5886 1927 5960">
    <p class='ocr_par' dir='ltr' id='par_1_75' title="bbox 297 5886 1927 5960">
     <span class='ocr_line' id='line_1_76' title="bbox 297 5886 1927 5960; baseline 0.004 -18"><span class='ocrx_word' id='word_1_533' title='bbox 297 5896 503 5947; x_wconf 66' lang='lat' dir='ltr'><strong>sanctae</strong></span> <span class='ocrx_word' id='word_1_534' title='bbox 530 5902 645 5943; x_wconf 66' lang='lat' dir='ltr'><strong>suae</strong></span> <span class='ocrx_word' id='word_1_535' title='bbox 668 5886 945 5953; x_wconf 72' lang='lat' dir='ltr'><strong>Ecclesiae,</strong></span> <span class='ocrx_word' id='word_1_536' title='bbox 998 5890 1202 5948; x_wconf 86' lang='lat' dir='ltr'><strong>virtute</strong></span> <span class='ocrx_word' id='word_1_537' title='bbox 1239 5892 1490 5960; x_wconf 83' lang='lat' dir='ltr'><strong>ejusdem</strong></span> <span class='ocrx_word' id='word_1_538' title='bbox 1529 5894 1586 5948; x_wconf 87' lang='lat' dir='ltr'><strong>in</strong></span> <span class='ocrx_word' id='word_1_539' title='bbox 1629 5892 1846 5960; x_wconf 89' lang='lat' dir='ltr'><strong>judicio</strong></span> <span class='ocrx_word' id='word_1_540' title='bbox 1872 5901 1927 5949; x_wconf 86' lang='lat' dir='ltr'><strong>et</strong></span> 
     </span>
    </p>
   </div>
   <div class='ocr_carea' id='block_1_76' title="bbox 2013 2084 3645 2157">
    <p class='ocr_par' dir='ltr' id='par_1_76' title="bbox 2013 2084 3645 2157">
     <span class='ocr_line' id='line_1_77' title="bbox 2013 2084 3645 2157; baseline -0.001 -17"><span class='ocrx_word' id='word_1_541' title='bbox 2013 2094 2068 2140; x_wconf 91' lang='lat' dir='ltr'><strong>et</strong></span> <span class='ocrx_word' id='word_1_542' title='bbox 2114 2086 2201 2141; x_wconf 91' lang='lat' dir='ltr'><strong>cui</strong></span> <span class='ocrx_word' id='word_1_543' title='bbox 2270 2085 2610 2151; x_wconf 89' lang='lat' dir='ltr'><strong>benedixit,</strong></span> <span class='ocrx_word' id='word_1_544' title='bbox 2673 2085 2936 2140; x_wconf 90' lang='lat' dir='ltr'><strong>benedixi</strong></span> <span class='ocrx_word' id='word_1_545' title='bbox 2996 2103 3009 2139; x_wconf 89' lang='lat'><strong>:</strong></span> <span class='ocrx_word' id='word_1_546' title='bbox 3074 2084 3300 2141; x_wconf 86' lang='lat' dir='ltr'><strong>interfui</strong></span> <span class='ocrx_word' id='word_1_547' title='bbox 3361 2100 3590 2157; x_wconf 88' lang='lat' dir='ltr'><strong>quoque</strong></span> <span class='ocrx_word' id='word_1_548' title='bbox 3629 2126 3645 2150; x_wconf 95' lang='lat'><strong>,</strong></span> 
     </span>
    </p>
   </div>
   <div class='ocr_carea' id='block_1_77' title="bbox 2010 2177 3647 2249">
    <p class='ocr_par' dir='ltr' id='par_1_77' title="bbox 2010 2177 3647 2249">
     <span class='ocr_line' id='line_1_78' title="bbox 2010 2177 3647 2249; baseline -0.001 -16"><span class='ocrx_word' id='word_1_549' title='bbox 2010 2184 2176 2248; x_wconf 87' lang='lat' dir='ltr'><strong>atque</strong></span> <span class='ocrx_word' id='word_1_550' title='bbox 2232 2178 2560 2249; x_wconf 90' lang='lat' dir='ltr'><strong>subscripsi.</strong></span> <span class='ocrx_word' id='word_1_551' title='bbox 2634 2179 2672 2247; x_wconf 64' lang='grc' dir='ltr'><strong>ει-</strong></span> <span class='ocrx_word' id='word_1_552' title='bbox 2726 2177 2912 2248; x_wconf 89' lang='lat' dir='ltr'><strong>Lupus</strong></span> <span class='ocrx_word' id='word_1_553' title='bbox 2978 2177 3278 2248; x_wconf 90' lang='lat' dir='ltr'><strong>episc0pus</strong></span> <span class='ocrx_word' id='word_1_554' title='bbox 3332 2177 3423 2232; x_wconf 91' lang='lat' dir='ltr'><strong>cui</strong></span> <span class='ocrx_word' id='word_1_555' title='bbox 3484 2184 3647 2248; x_wconf 90' lang='lat' dir='ltr'><strong>pater</strong></span> 
     </span>
    </p>
   </div>
   <div class='ocr_carea' id='block_1_78' title="bbox 2011 2268 3647 2344">
    <p class='ocr_par' dir='ltr' id='par_1_78' title="bbox 2011 2268 3647 2344">
     <span class='ocr_line' id='line_1_79' title="bbox 2011 2268 3647 2344; baseline -0.001 -21"><span class='ocrx_word' id='word_1_556' title='bbox 2011 2284 2167 2324; x_wconf 91' lang='lat' dir='ltr'><strong>meus</strong></span> <span class='ocrx_word' id='word_1_557' title='bbox 2197 2269 2483 2344; x_wconf 89' lang='lat' dir='ltr'><strong>Remigius</strong></span> <span class='ocrx_word' id='word_1_558' title='bbox 2536 2269 2849 2335; x_wconf 87' lang='lat' dir='ltr'><strong>maledixit,</strong></span> <span class='ocrx_word' id='word_1_559' title='bbox 2895 2268 3178 2335; x_wconf 88' lang='lat' dir='ltr'><strong>maledixi,</strong></span> <span class='ocrx_word' id='word_1_560' title='bbox 3238 2277 3295 2323; x_wconf 91' lang='lat' dir='ltr'><strong>et</strong></span> <span class='ocrx_word' id='word_1_561' title='bbox 3324 2268 3413 2323; x_wconf 92' lang='lat' dir='ltr'><strong>cui</strong></span> <span class='ocrx_word' id='word_1_562' title='bbox 3463 2268 3647 2322; x_wconf 84' lang='lat' dir='ltr'><strong>bene-</strong></span> 
     </span>
    </p>
   </div>
   <div class='ocr_carea' id='block_1_79' title="bbox 2011 2356 3644 2430">
    <p class='ocr_par' dir='ltr' id='par_1_79' title="bbox 2011 2356 3644 2430">
     <span class='ocr_line' id='line_1_80' title="bbox 2011 2356 3644 2430; baseline -0.001 -19"><span class='ocrx_word' id='word_1_563' title='bbox 2011 2357 2170 2425; x_wconf 88' lang='lat' dir='ltr'><strong>dixit,</strong></span> <span class='ocrx_word' id='word_1_564' title='bbox 2210 2357 2498 2423; x_wconf 88' lang='lat' dir='ltr'><strong>benedixi,</strong></span> <span class='ocrx_word' id='word_1_565' title='bbox 2563 2357 2786 2412; x_wconf 90' lang='lat' dir='ltr'><strong>interfui</strong></span> <span class='ocrx_word' id='word_1_566' title='bbox 2815 2373 3057 2430; x_wconf 89' lang='lat' dir='ltr'><strong>quoque,</strong></span> <span class='ocrx_word' id='word_1_567' title='bbox 3127 2365 3292 2428; x_wconf 90' lang='lat' dir='ltr'><strong>atque</strong></span> <span class='ocrx_word' id='word_1_568' title='bbox 3340 2356 3644 2427; x_wconf 89' lang='lat' dir='ltr'><strong>subcripsi.</strong></span> 
     </span>
    </p>
   </div>
   <div class='ocr_carea' id='block_1_80' title="bbox 2010 2445 3648 2520">
    <p class='ocr_par' dir='ltr' id='par_1_80' title="bbox 2010 2445 3648 2520">
     <span class='ocr_line' id='line_1_81' title="bbox 2010 2445 3648 2520; baseline -0.001 -20"><span class='ocrx_word' id='word_1_569' title='bbox 2010 2446 2405 2515; x_wconf 63' lang='lat' dir='ltr'><strong>i—Benedictus</strong></span> <span class='ocrx_word' id='word_1_570' title='bbox 2456 2446 2753 2517; x_wconf 91' lang='lat' dir='ltr'><strong>episcopus</strong></span> <span class='ocrx_word' id='word_1_571' title='bbox 2801 2447 2889 2501; x_wconf 91' lang='lat' dir='ltr'><strong>cui</strong></span> <span class='ocrx_word' id='word_1_572' title='bbox 2949 2456 3109 2517; x_wconf 88' lang='lat' dir='ltr'><strong>pater</strong></span> <span class='ocrx_word' id='word_1_573' title='bbox 3150 2462 3307 2501; x_wconf 91' lang='lat' dir='ltr'><strong>meus</strong></span> <span class='ocrx_word' id='word_1_574' title='bbox 3354 2445 3648 2520; x_wconf 89' lang='lat' dir='ltr'><strong>Remigius</strong></span> 
     </span>
    </p>
   </div>
   <div class='ocr_carea' id='block_1_81' title="bbox 2011 2520 3648 2602">
    <p class='ocr_par' dir='ltr' id='par_1_81' title="bbox 2011 2520 3648 2602">
     <span class='ocr_line' id='line_1_82' title="bbox 2011 2520 3648 2602; baseline 0 -14"><span class='ocrx_word' id='word_1_575' title='bbox 2011 2534 2319 2602; x_wconf 90' lang='lat' dir='ltr'><strong>maledixit,</strong></span> <span class='ocrx_word' id='word_1_576' title='bbox 2348 2534 2629 2601; x_wconf 87' lang='lat' dir='ltr'><strong>maledixi,</strong></span> <span class='ocrx_word' id='word_1_577' title='bbox 2663 2543 2717 2589; x_wconf 91' lang='lat' dir='ltr'><strong>et</strong></span> <span class='ocrx_word' id='word_1_578' title='bbox 2770 2534 2859 2589; x_wconf 90' lang='lat' dir='ltr'><strong>cui</strong></span> <span class='ocrx_word' id='word_1_579' title='bbox 2890 2520 3196 2600; x_wconf 87' lang='lat' dir='ltr'><strong>benedixit,</strong></span> <span class='ocrx_word' id='word_1_580' title='bbox 3229 2534 3494 2589; x_wconf 90' lang='lat' dir='ltr'><strong>benedixi</strong></span> <span class='ocrx_word' id='word_1_581' title='bbox 3534 2536 3648 2589; x_wconf 82' lang='lat' dir='ltr'><strong>:in&#39;</strong></span> 
     </span>
    </p>
   </div>
   <div class='ocr_carea' id='block_1_82' title="bbox 2013 2624 3647 2699">
    <p class='ocr_par' dir='ltr' id='par_1_82' title="bbox 2013 2624 3647 2699">
     <span class='ocr_line' id='line_1_83' title="bbox 2013 2624 3647 2699; baseline -0.001 -20"><span class='ocrx_word' id='word_1_582' title='bbox 2013 2624 2172 2679; x_wconf 92' lang='lat' dir='ltr'><strong>terfui</strong></span> <span class='ocrx_word' id='word_1_583' title='bbox 2189 2641 2433 2697; x_wconf 90' lang='lat' dir='ltr'><strong>quoque,</strong></span> <span class='ocrx_word' id='word_1_584' title='bbox 2459 2634 2626 2697; x_wconf 90' lang='lat' dir='ltr'><strong>atque</strong></span> <span class='ocrx_word' id='word_1_585' title='bbox 2648 2625 2973 2697; x_wconf 89' lang='lat' dir='ltr'><strong>subscripsi.</strong></span> <span class='ocrx_word' id='word_1_586' title='bbox 3008 2628 3048 2694; x_wconf 75' lang='lat'>+</span> <span class='ocrx_word' id='word_1_587' title='bbox 3063 2624 3326 2699; x_wconf 85' lang='lat' dir='ltr'><strong>Eulogius</strong></span> <span class='ocrx_word' id='word_1_588' title='bbox 3347 2625 3647 2695; x_wconf 86' lang='lat' dir='ltr'><strong>episcOpus</strong></span> 
     </span>
    </p>
   </div>
   <div class='ocr_carea' id='block_1_83' title="bbox 2013 2715 3646 2793">
    <p class='ocr_par' dir='ltr' id='par_1_83' title="bbox 2013 2715 3646 2793">
     <span class='ocr_line' id='line_1_84' title="bbox 2013 2715 3646 2793; baseline -0.001 -23"><span class='ocrx_word' id='word_1_589' title='bbox 2013 2716 2109 2770; x_wconf 93' lang='lat' dir='ltr'><strong>Cui</strong></span> <span class='ocrx_word' id='word_1_590' title='bbox 2168 2726 2325 2789; x_wconf 88' lang='lat' dir='ltr'><strong>pater</strong></span> <span class='ocrx_word' id='word_1_591' title='bbox 2357 2735 2515 2774; x_wconf 90' lang='lat' dir='ltr'><strong>meus</strong></span> <span class='ocrx_word' id='word_1_592' title='bbox 2572 2718 2854 2793; x_wconf 91' lang='lat' dir='ltr'><strong>Remigius</strong></span> <span class='ocrx_word' id='word_1_593' title='bbox 2908 2717 3218 2783; x_wconf 89' lang='lat' dir='ltr'><strong>maledixit,</strong></span> <span class='ocrx_word' id='word_1_594' title='bbox 3277 2715 3561 2780; x_wconf 85' lang='lat' dir='ltr'><strong>maledixi,</strong></span> <span class='ocrx_word' id='word_1_595' title='bbox 3589 2725 3646 2769; x_wconf 91' lang='lat' dir='ltr'><strong>et</strong></span> 
     </span>
    </p>
   </div>
   <div class='ocr_carea' id='block_1_84' title="bbox 2012 2805 3646 2879">
    <p class='ocr_par' dir='ltr' id='par_1_84' title="bbox 2012 2805 3646 2879">
     <span class='ocr_line' id='line_1_85' title="bbox 2012 2805 3646 2879; baseline -0.001 -20"><span class='ocrx_word' id='word_1_596' title='bbox 2012 2805 2101 2859; x_wconf 92' lang='lat' dir='ltr'><strong>cui</strong></span> <span class='ocrx_word' id='word_1_597' title='bbox 2122 2805 2426 2874; x_wconf 90' lang='lat' dir='ltr'><strong>benedixit,</strong></span> <span class='ocrx_word' id='word_1_598' title='bbox 2456 2806 2759 2861; x_wconf 88' lang='lat' dir='ltr'><strong>benedixi:</strong></span> <span class='ocrx_word' id='word_1_599' title='bbox 2790 2807 3014 2862; x_wconf 87' lang='lat' dir='ltr'><strong>interfui</strong></span> <span class='ocrx_word' id='word_1_600' title='bbox 3044 2813 3477 2879; x_wconf 88' lang='lat' dir='ltr'><strong>quoque,atque</strong></span> <span class='ocrx_word' id='word_1_601' title='bbox 3507 2806 3646 2859; x_wconf 82' lang='lat' dir='ltr'><strong>sub-</strong></span> 
     </span>
    </p>
   </div>
   <div class='ocr_carea' id='block_1_85' title="bbox 2012 2894 3642 2968">
    <p class='ocr_par' dir='ltr' id='par_1_85' title="bbox 2012 2894 3642 2968">
     <span class='ocr_line' id='line_1_86' title="bbox 2012 2894 3642 2968; baseline 0 -21"><span class='ocrx_word' id='word_1_602' title='bbox 2012 2894 2231 2964; x_wconf 88' lang='lat' dir='ltr'><strong>scripsi.</strong></span> <span class='ocrx_word' id='word_1_603' title='bbox 2263 2897 2303 2962; x_wconf 58' lang='grc' dir='ltr'><strong>ιε-</strong></span> <span class='ocrx_word' id='word_1_604' title='bbox 2340 2895 2592 2968; x_wconf 87' lang='lat' dir='ltr'><strong>Agricola</strong></span> <span class='ocrx_word' id='word_1_605' title='bbox 2641 2895 2931 2967; x_wconf 85' lang='lat' dir='ltr'><strong>presbyter</strong></span> <span class='ocrx_word' id='word_1_606' title='bbox 2981 2895 3071 2951; x_wconf 92' lang='lat' dir='ltr'><strong>cui</strong></span> <span class='ocrx_word' id='word_1_607' title='bbox 3115 2904 3272 2966; x_wconf 88' lang='lat' dir='ltr'><strong>pater</strong></span> <span class='ocrx_word' id='word_1_608' title='bbox 3316 2910 3474 2948; x_wconf 89' lang='lat' dir='ltr'><strong>meus</strong></span> <span class='ocrx_word' id='word_1_609' title='bbox 3528 2895 3642 2948; x_wconf 79' lang='lat' dir='ltr'><strong>Re-</strong></span> 
     </span>
    </p>
   </div>
   <div class='ocr_carea' id='block_1_86' title="bbox 2012 2983 3643 3058">
    <p class='ocr_par' dir='ltr' id='par_1_86' title="bbox 2012 2983 3643 3058">
     <span class='ocr_line' id='line_1_87' title="bbox 2012 2983 3643 3058; baseline 0 -21"><span class='ocrx_word' id='word_1_610' title='bbox 2012 2983 2215 3058; x_wconf 91' lang='lat' dir='ltr'><strong>migius</strong></span> <span class='ocrx_word' id='word_1_611' title='bbox 2249 2983 2553 3051; x_wconf 85' lang='lat' dir='ltr'><strong>maledixit,</strong></span> <span class='ocrx_word' id='word_1_612' title='bbox 2586 2984 2866 3051; x_wconf 91' lang='lat' dir='ltr'><strong>maledixi,</strong></span> <span class='ocrx_word' id='word_1_613' title='bbox 2927 2992 2982 3040; x_wconf 91' lang='lat' dir='ltr'><strong>et</strong></span> <span class='ocrx_word' id='word_1_614' title='bbox 3003 2984 3091 3040; x_wconf 89' lang='lat' dir='ltr'><strong>cui</strong></span> <span class='ocrx_word' id='word_1_615' title='bbox 3131 2984 3440 3050; x_wconf 88' lang='lat' dir='ltr'><strong>benedixit,</strong></span> <span class='ocrx_word' id='word_1_616' title='bbox 3460 2984 3643 3037; x_wconf 86' lang='lat' dir='ltr'><strong>bene-</strong></span> 
     </span>
    </p>
   </div>
   <div class='ocr_carea' id='block_1_87' title="bbox 2014 3074 3648 3148">
    <p class='ocr_par' dir='ltr' id='par_1_87' title="bbox 2014 3074 3648 3148">
     <span class='ocr_line' id='line_1_88' title="bbox 2014 3074 3648 3148; baseline 0.001 -19"><span class='ocrx_word' id='word_1_617' title='bbox 2014 3076 2127 3130; x_wconf 83' lang='lat' dir='ltr'><strong>dixi</strong></span> <span class='ocrx_word' id='word_1_618' title='bbox 2163 3093 2175 3129; x_wconf 93' lang='lat'><strong>:</strong></span> <span class='ocrx_word' id='word_1_619' title='bbox 2208 3074 2432 3129; x_wconf 91' lang='lat' dir='ltr'><strong>interfui</strong></span> <span class='ocrx_word' id='word_1_620' title='bbox 2456 3090 2703 3147; x_wconf 90' lang='lat' dir='ltr'><strong>quoque,</strong></span> <span class='ocrx_word' id='word_1_621' title='bbox 2764 3083 2931 3148; x_wconf 88' lang='lat' dir='ltr'><strong>atque</strong></span> <span class='ocrx_word' id='word_1_622' title='bbox 2962 3076 3291 3147; x_wconf 91' lang='lat' dir='ltr'><strong>subscripsi.</strong></span> <span class='ocrx_word' id='word_1_623' title='bbox 3324 3079 3364 3144; x_wconf 76' lang='grc' dir='ltr'><strong>-ι-</strong></span> <span class='ocrx_word' id='word_1_624' title='bbox 3387 3076 3648 3130; x_wconf 85' lang='lat' dir='ltr'><strong>Theodo-</strong></span> 
     </span>
    </p>
   </div>
   <div class='ocr_carea' id='block_1_88' title="bbox 2016 3168 3647 3242">
    <p class='ocr_par' dir='ltr' id='par_1_88' title="bbox 2016 3168 3647 3242">
     <span class='ocr_line' id='line_1_89' title="bbox 2016 3168 3647 3242; baseline 0 -21"><span class='ocrx_word' id='word_1_625' title='bbox 2016 3168 2144 3222; x_wconf 90' lang='lat' dir='ltr'><strong>nius</strong></span> <span class='ocrx_word' id='word_1_626' title='bbox 2176 3168 2464 3239; x_wconf 82' lang='lat' dir='ltr'><strong>presbyter</strong></span> <span class='ocrx_word' id='word_1_627' title='bbox 2493 3168 2581 3223; x_wconf 93' lang='lat' dir='ltr'><strong>cui</strong></span> <span class='ocrx_word' id='word_1_628' title='bbox 2639 3176 2797 3239; x_wconf 86' lang='lat' dir='ltr'><strong>pater</strong></span> <span class='ocrx_word' id='word_1_629' title='bbox 2824 3184 2983 3224; x_wconf 89' lang='lat' dir='ltr'><strong>meus</strong></span> <span class='ocrx_word' id='word_1_630' title='bbox 3024 3168 3308 3242; x_wconf 87' lang='lat' dir='ltr'><strong>Remigius</strong></span> <span class='ocrx_word' id='word_1_631' title='bbox 3334 3168 3647 3231; x_wconf 87' lang='lat' dir='ltr'><strong>maledixit,</strong></span> 
     </span>
    </p>
   </div>
   <div class='ocr_carea' id='block_1_89' title="bbox 2017 3257 3646 3330">
    <p class='ocr_par' dir='ltr' id='par_1_89' title="bbox 2017 3257 3646 3330">
     <span class='ocr_line' id='line_1_90' title="bbox 2017 3257 3646 3330; baseline 0.001 -20"><span class='ocrx_word' id='word_1_632' title='bbox 2017 3258 2275 3313; x_wconf 90' lang='lat' dir='ltr'><strong>maledixi</strong></span> <span class='ocrx_word' id='word_1_633' title='bbox 2313 3275 2326 3311; x_wconf 90' lang='lat'><strong>:</strong></span> <span class='ocrx_word' id='word_1_634' title='bbox 2360 3265 2415 3313; x_wconf 89' lang='lat' dir='ltr'><strong>et</strong></span> <span class='ocrx_word' id='word_1_635' title='bbox 2448 3258 2539 3312; x_wconf 93' lang='lat' dir='ltr'><strong>cui</strong></span> <span class='ocrx_word' id='word_1_636' title='bbox 2570 3257 2881 3324; x_wconf 89' lang='lat' dir='ltr'><strong>benedixit,</strong></span> <span class='ocrx_word' id='word_1_637' title='bbox 2914 3257 3198 3323; x_wconf 87' lang='lat' dir='ltr'><strong>benedixi,</strong></span> <span class='ocrx_word' id='word_1_638' title='bbox 3234 3257 3460 3312; x_wconf 91' lang='lat' dir='ltr'><strong>interfui</strong></span> <span class='ocrx_word' id='word_1_639' title='bbox 3495 3274 3646 3330; x_wconf 86' lang='lat' dir='ltr'><strong>quo-</strong></span> 
     </span>
    </p>
   </div>
   <div class='ocr_carea' id='block_1_90' title="bbox 2018 3350 3647 3422">
    <p class='ocr_par' dir='ltr' id='par_1_90' title="bbox 2018 3350 3647 3422">
     <span class='ocr_line' id='line_1_91' title="bbox 2018 3350 3647 3422; baseline 0 -18"><span class='ocrx_word' id='word_1_640' title='bbox 2018 3366 2149 3421; x_wconf 88' lang='lat' dir='ltr'><strong>que,</strong></span> <span class='ocrx_word' id='word_1_641' title='bbox 2202 3358 2365 3422; x_wconf 89' lang='lat' dir='ltr'><strong>atque</strong></span> <span class='ocrx_word' id='word_1_642' title='bbox 2427 3351 2756 3422; x_wconf 90' lang='lat' dir='ltr'><strong>subscripsi.</strong></span> <span class='ocrx_word' id='word_1_643' title='bbox 2813 3353 2853 3420; x_wconf 67' lang='lat'><strong>1-</strong></span> <span class='ocrx_word' id='word_1_644' title='bbox 2912 3350 3165 3406; x_wconf 90' lang='lat' dir='ltr'><strong>Celsinus</strong></span> <span class='ocrx_word' id='word_1_645' title='bbox 3224 3351 3517 3422; x_wconf 77' lang='lat' dir='ltr'><strong>presbyter</strong></span> <span class='ocrx_word' id='word_1_646' title='bbox 3555 3351 3647 3405; x_wconf 89' lang='lat' dir='ltr'><strong>cui</strong></span> 
     </span>
    </p>
   </div>
   <div class='ocr_carea' id='block_1_91' title="bbox 2018 3439 3650 3512">
    <p class='ocr_par' dir='ltr' id='par_1_91' title="bbox 2018 3439 3650 3512">
     <span class='ocr_line' id='line_1_92' title="bbox 2018 3439 3650 3512; baseline 0 -19"><span class='ocrx_word' id='word_1_647' title='bbox 2018 3448 2180 3510; x_wconf 85' lang='lat' dir='ltr'><strong>pater</strong></span> <span class='ocrx_word' id='word_1_648' title='bbox 2194 3456 2351 3494; x_wconf 92' lang='lat' dir='ltr'><strong>meus</strong></span> <span class='ocrx_word' id='word_1_649' title='bbox 2381 3440 2666 3512; x_wconf 88' lang='lat' dir='ltr'><strong>Remigius</strong></span> <span class='ocrx_word' id='word_1_650' title='bbox 2688 3439 2995 3507; x_wconf 91' lang='lat' dir='ltr'><strong>maledixit,</strong></span> <span class='ocrx_word' id='word_1_651' title='bbox 3024 3439 3304 3505; x_wconf 90' lang='lat' dir='ltr'><strong>maledixi,</strong></span> <span class='ocrx_word' id='word_1_652' title='bbox 3340 3449 3393 3495; x_wconf 88' lang='lat' dir='ltr'><strong>et</strong></span> <span class='ocrx_word' id='word_1_653' title='bbox 3414 3441 3501 3494; x_wconf 90' lang='lat' dir='ltr'><strong>cui</strong></span> <span class='ocrx_word' id='word_1_654' title='bbox 3542 3440 3650 3494; x_wconf 93' lang='lat' dir='ltr'><strong>be-</strong></span> 
     </span>
    </p>
   </div>
   <div class='ocr_carea' id='block_1_92' title="bbox 2021 3528 3650 3602">
    <p class='ocr_par' dir='ltr' id='par_1_92' title="bbox 2021 3528 3650 3602">
     <span class='ocr_line' id='line_1_93' title="bbox 2021 3528 3650 3602; baseline 0.001 -20"><span class='ocrx_word' id='word_1_655' title='bbox 2021 3529 2248 3592; x_wconf 79' lang='lat' dir='ltr'><strong>nedixit,</strong></span> <span class='ocrx_word' id='word_1_656' title='bbox 2283 3528 2548 3583; x_wconf 87' lang='lat' dir='ltr'><strong>benedixi</strong></span> <span class='ocrx_word' id='word_1_657' title='bbox 2589 3547 2601 3582; x_wconf 93' lang='lat'><strong>:</strong></span> <span class='ocrx_word' id='word_1_658' title='bbox 2636 3529 2859 3584; x_wconf 89' lang='lat' dir='ltr'><strong>interfui</strong></span> <span class='ocrx_word' id='word_1_659' title='bbox 2911 3546 3157 3602; x_wconf 89' lang='lat' dir='ltr'><strong>quoque,</strong></span> <span class='ocrx_word' id='word_1_660' title='bbox 3206 3537 3371 3601; x_wconf 91' lang='lat' dir='ltr'><strong>atque</strong></span> <span class='ocrx_word' id='word_1_661' title='bbox 3401 3530 3650 3585; x_wconf 85' lang='lat' dir='ltr'><strong>subscri-</strong></span> 
     </span>
    </p>
   </div>
   <div class='ocr_carea' id='block_1_93' title="bbox 2020 3617 3646 3689">
    <p class='ocr_par' dir='ltr' id='par_1_93' title="bbox 2020 3617 3646 3689">
     <span class='ocr_line' id='line_1_94' title="bbox 2020 3617 3646 3689; baseline 0.002 -17"><span class='ocrx_word' id='word_1_662' title='bbox 2020 3617 2125 3689; x_wconf 85' lang='lat' dir='ltr'><strong>psi.</strong></span> <span class='ocrx_word' id='word_1_663' title='bbox 2157 3620 2195 3686; x_wconf 74' lang='grc' dir='ltr'><strong>-ι-</strong></span> <span class='ocrx_word' id='word_1_664' title='bbox 2225 3619 2284 3673; x_wconf 85' lang='grc' dir='ltr'><strong>ν.</strong></span> <span class='ocrx_word' id='word_1_665' title='bbox 2311 3618 2368 3672; x_wconf 93' lang='lat' dir='ltr'><strong>C.</strong></span> <span class='ocrx_word' id='word_1_666' title='bbox 2393 3618 2668 3689; x_wconf 90' lang='lat' dir='ltr'><strong>Pappolus</strong></span> <span class='ocrx_word' id='word_1_667' title='bbox 2714 3618 2967 3685; x_wconf 88' lang='lat' dir='ltr'><strong>interfui,</strong></span> <span class='ocrx_word' id='word_1_668' title='bbox 3004 3628 3060 3673; x_wconf 91' lang='lat' dir='ltr'><strong>et</strong></span> <span class='ocrx_word' id='word_1_669' title='bbox 3095 3617 3421 3689; x_wconf 82' lang='lat' dir='ltr'><strong>subscripsi.</strong></span> <span class='ocrx_word' id='word_1_670' title='bbox 3467 3620 3527 3673; x_wconf 88' lang='lat' dir='ltr'><strong>V.</strong></span> <span class='ocrx_word' id='word_1_671' title='bbox 3586 3619 3646 3675; x_wconf 92' lang='lat' dir='ltr'><strong>C.</strong></span> 
     </span>
    </p>
   </div>
   <div class='ocr_carea' id='block_1_94' title="bbox 2021 3710 3652 3782">
    <p class='ocr_par' dir='ltr' id='par_1_94' title="bbox 2021 3710 3652 3782">
     <span class='ocr_line' id='line_1_95' title="bbox 2021 3710 3652 3782; baseline 0 -16"><span class='ocrx_word' id='word_1_672' title='bbox 2021 3710 2286 3766; x_wconf 86' lang='lat' dir='ltr'><strong>Eulodius</strong></span> <span class='ocrx_word' id='word_1_673' title='bbox 2334 3710 2578 3777; x_wconf 90' lang='lat' dir='ltr'><strong>interfui,</strong></span> <span class='ocrx_word' id='word_1_674' title='bbox 2632 3718 2684 3764; x_wconf 94' lang='lat' dir='ltr'><strong>et</strong></span> <span class='ocrx_word' id='word_1_675' title='bbox 2713 3710 3043 3782; x_wconf 77' lang='lat' dir='ltr'><strong>subscripsi.</strong></span> <span class='ocrx_word' id='word_1_676' title='bbox 3076 3711 3135 3765; x_wconf 87' lang='lat' dir='ltr'><strong>V.</strong></span> <span class='ocrx_word' id='word_1_677' title='bbox 3166 3711 3221 3766; x_wconf 88' lang='lat' dir='ltr'><strong>C.</strong></span> <span class='ocrx_word' id='word_1_678' title='bbox 3257 3711 3533 3766; x_wconf 87' lang='lat' dir='ltr'><strong>Eusebius</strong></span> <span class='ocrx_word' id='word_1_679' title='bbox 3562 3713 3652 3767; x_wconf 88' lang='lat' dir='ltr'><strong>in-</strong></span> 
     </span>
    </p>
   </div>
   <div class='ocr_carea' id='block_1_95' title="bbox 2020 3802 3651 3874">
    <p class='ocr_par' dir='ltr' id='par_1_95' title="bbox 2020 3802 3651 3874">
     <span class='ocr_line' id='line_1_96' title="bbox 2020 3802 3651 3874; baseline 0 -16"><span class='ocrx_word' id='word_1_680' title='bbox 2020 3802 2209 3867; x_wconf 88' lang='lat' dir='ltr'><strong>terfui,</strong></span> <span class='ocrx_word' id='word_1_681' title='bbox 2242 3810 2296 3857; x_wconf 89' lang='lat' dir='ltr'><strong>et</strong></span> <span class='ocrx_word' id='word_1_682' title='bbox 2335 3803 2667 3874; x_wconf 89' lang='lat' dir='ltr'><strong>subscripsi.</strong></span> <span class='ocrx_word' id='word_1_683' title='bbox 2718 3804 2779 3858; x_wconf 89' lang='lat' dir='ltr'><strong>V.</strong></span> <span class='ocrx_word' id='word_1_684' title='bbox 2834 3803 2889 3858; x_wconf 89' lang='lat' dir='ltr'><strong>C.</strong></span> <span class='ocrx_word' id='word_1_685' title='bbox 2952 3803 3265 3861; x_wconf 79' lang='lat' dir='ltr'><strong>Rusticolus</strong></span> <span class='ocrx_word' id='word_1_686' title='bbox 3311 3804 3561 3874; x_wconf 87' lang='lat' dir='ltr'><strong>interfui,</strong></span> <span class='ocrx_word' id='word_1_687' title='bbox 3596 3815 3651 3859; x_wconf 92' lang='lat' dir='ltr'><strong>et</strong></span> 
     </span>
    </p>
   </div>
   <div class='ocr_carea' id='block_1_96' title="bbox 2018 3891 3648 3972">
    <p class='ocr_par' dir='ltr' id='par_1_96' title="bbox 2018 3891 3648 3972">
     <span class='ocr_line' id='line_1_97' title="bbox 2018 3891 3648 3972; baseline 0.001 -26"><span class='ocrx_word' id='word_1_688' title='bbox 2018 3892 2254 3967; x_wconf 88' lang='lat' dir='ltr'><strong>signavi.</strong></span> <span class='ocrx_word' id='word_1_689' title='bbox 2295 3893 2356 3946; x_wconf 88' lang='lat' dir='ltr'><strong>V.</strong></span> <span class='ocrx_word' id='word_1_690' title='bbox 2393 3891 2446 3947; x_wconf 91' lang='lat' dir='ltr'><strong>C.</strong></span> <span class='ocrx_word' id='word_1_691' title='bbox 2488 3894 2785 3966; x_wconf 84' lang='lat' dir='ltr'><strong>EutrOpius</strong></span> <span class='ocrx_word' id='word_1_692' title='bbox 2838 3894 3088 3961; x_wconf 92' lang='lat' dir='ltr'><strong>interfui,</strong></span> <span class='ocrx_word' id='word_1_693' title='bbox 3141 3903 3195 3951; x_wconf 91' lang='lat' dir='ltr'><strong>et</strong></span> <span class='ocrx_word' id='word_1_694' title='bbox 3228 3897 3465 3972; x_wconf 88' lang='lat' dir='ltr'><strong>signavi.</strong></span> <span class='ocrx_word' id='word_1_695' title='bbox 3495 3896 3555 3952; x_wconf 88' lang='lat' dir='ltr'><strong>V.</strong></span> <span class='ocrx_word' id='word_1_696' title='bbox 3591 3894 3648 3949; x_wconf 91' lang='lat' dir='ltr'><strong>C.</strong></span> 
     </span>
    </p>
   </div>
   <div class='ocr_carea' id='block_1_97' title="bbox 2028 3982 2878 4058">
    <p class='ocr_par' dir='ltr' id='par_1_97' title="bbox 2028 3982 2878 4058">
     <span class='ocr_line' id='line_1_98' title="bbox 2028 3982 2878 4058; baseline 0.001 -22"><span class='ocrx_word' id='word_1_697' title='bbox 2028 3983 2257 4037; x_wconf 85' lang='lat' dir='ltr'><strong>Daweus</strong></span> <span class='ocrx_word' id='word_1_698' title='bbox 2278 3982 2527 4049; x_wconf 86' lang='lat' dir='ltr'><strong>interfui,</strong></span> <span class='ocrx_word' id='word_1_699' title='bbox 2560 3991 2617 4039; x_wconf 90' lang='lat' dir='ltr'><strong>et</strong></span> <span class='ocrx_word' id='word_1_700' title='bbox 2640 3985 2878 4058; x_wconf 90' lang='lat' dir='ltr'><strong>signavi.</strong></span> 
     </span>
    </p>
   </div>
   <div class='ocr_carea' id='block_1_98' title="bbox 2105 4073 3650 4149">
    <p class='ocr_par' dir='ltr' id='par_1_98' title="bbox 2105 4073 3650 4149">
     <span class='ocr_line' id='line_1_99' title="bbox 2105 4073 3650 4149; baseline 0.005 -27"><span class='ocrx_word' id='word_1_701' title='bbox 2105 4093 2127 4122; x_wconf 75' lang='grc' dir='ltr'><strong>α</strong></span> <span class='ocrx_word' id='word_1_702' title='bbox 2159 4073 2286 4128; x_wconf 89' lang='lat' dir='ltr'><strong>Post</strong></span> <span class='ocrx_word' id='word_1_703' title='bbox 2331 4074 2615 4130; x_wconf 89' lang='lat' dir='ltr'><strong>conditum</strong></span> <span class='ocrx_word' id='word_1_704' title='bbox 2644 4082 3056 4141; x_wconf 90' lang='lat' dir='ltr'><strong>testamentum,</strong></span> <span class='ocrx_word' id='word_1_705' title='bbox 3088 4076 3199 4130; x_wconf 91' lang='lat' dir='ltr'><strong>imo</strong></span> <span class='ocrx_word' id='word_1_706' title='bbox 3220 4076 3523 4149; x_wconf 90' lang='lat' dir='ltr'><strong>signatum,</strong></span> <span class='ocrx_word' id='word_1_707' title='bbox 3547 4091 3650 4130; x_wconf 86' lang='lat' dir='ltr'><strong>oc-</strong></span> 
     </span>
    </p>
   </div>
   <div class='ocr_carea' id='block_1_99' title="bbox 2024 4162 3649 4236">
    <p class='ocr_par' dir='ltr' id='par_1_99' title="bbox 2024 4162 3649 4236">
     <span class='ocr_line' id='line_1_100' title="bbox 2024 4162 3649 4236; baseline 0.002 -21"><span class='ocrx_word' id='word_1_708' title='bbox 2024 4162 2194 4216; x_wconf 83' lang='lat' dir='ltr'><strong>currit</strong></span> <span class='ocrx_word' id='word_1_709' title='bbox 2219 4162 2481 4217; x_wconf 91' lang='lat' dir='ltr'><strong>sensibus</strong></span> <span class='ocrx_word' id='word_1_710' title='bbox 2510 4164 2670 4228; x_wconf 87' lang='lat' dir='ltr'><strong>meis,</strong></span> <span class='ocrx_word' id='word_1_711' title='bbox 2693 4172 2753 4218; x_wconf 90' lang='lat' dir='ltr'><strong>ut</strong></span> <span class='ocrx_word' id='word_1_712' title='bbox 2782 4164 3029 4220; x_wconf 60' lang='lat' dir='ltr'><strong>basilica?</strong></span> <span class='ocrx_word' id='word_1_713' title='bbox 3058 4164 3408 4231; x_wconf 48' lang='lat' dir='ltr'><strong>,domnorum</strong></span> <span class='ocrx_word' id='word_1_714' title='bbox 3437 4174 3649 4236; x_wconf 83' lang='lat' dir='ltr'><strong>marty-</strong></span> 
     </span>
    </p>
   </div>
   <div class='ocr_carea' id='block_1_100' title="bbox 2026 4255 3652 4331">
    <p class='ocr_par' dir='ltr' id='par_1_100' title="bbox 2026 4255 3652 4331">
     <span class='ocr_line' id='line_1_101' title="bbox 2026 4255 3652 4331; baseline 0.003 -23"><span class='ocrx_word' id='word_1_715' title='bbox 2026 4271 2144 4309; x_wconf 90' lang='lat' dir='ltr'><strong>rum</strong></span> <span class='ocrx_word' id='word_1_716' title='bbox 2181 4255 2453 4311; x_wconf 89' lang='lat' dir='ltr'><strong>Timothei</strong></span> <span class='ocrx_word' id='word_1_717' title='bbox 2495 4263 2550 4311; x_wconf 90' lang='lat' dir='ltr'><strong>et</strong></span> <span class='ocrx_word' id='word_1_718' title='bbox 2590 4256 2923 4327; x_wconf 84' lang='lat' dir='ltr'><strong>Apollinaris</strong></span> <span class='ocrx_word' id='word_1_719' title='bbox 2952 4257 3267 4312; x_wconf 83' lang='lat' dir='ltr'><strong>missorium</strong></span> <span class='ocrx_word' id='word_1_720' title='bbox 3322 4267 3652 4331; x_wconf 86' lang='lat' dir='ltr'><strong>argenteum</strong></span> 
     </span>
    </p>
   </div>
   <div class='ocr_carea' id='block_1_101' title="bbox 2022 4348 3655 4420">
    <p class='ocr_par' dir='ltr' id='par_1_101' title="bbox 2022 4348 3655 4420">
     <span class='ocr_line' id='line_1_102' title="bbox 2022 4348 3655 4420; baseline 0.004 -19"><span class='ocrx_word' id='word_1_721' title='bbox 2022 4363 2117 4403; x_wconf 88' lang='lat' dir='ltr'><strong>sex</strong></span> <span class='ocrx_word' id='word_1_722' title='bbox 2139 4348 2403 4403; x_wconf 90' lang='lat' dir='ltr'><strong>librarum</strong></span> <span class='ocrx_word' id='word_1_723' title='bbox 2459 4349 2536 4402; x_wconf 88' lang='lat' dir='ltr'><strong>ibi</strong></span> <span class='ocrx_word' id='word_1_724' title='bbox 2585 4350 2870 4420; x_wconf 90' lang='lat' dir='ltr'><strong>deputem,</strong></span> <span class='ocrx_word' id='word_1_725' title='bbox 2936 4358 2995 4405; x_wconf 87' lang='lat' dir='ltr'><strong>ut</strong></span> <span class='ocrx_word' id='word_1_726' title='bbox 3051 4366 3117 4406; x_wconf 91' lang='lat' dir='ltr'><strong>ex</strong></span> <span class='ocrx_word' id='word_1_727' title='bbox 3148 4366 3215 4407; x_wconf 92' lang='lat' dir='ltr'><strong>eo</strong></span> <span class='ocrx_word' id='word_1_728' title='bbox 3273 4351 3440 4406; x_wconf 91' lang='lat' dir='ltr'><strong>sedes</strong></span> <span class='ocrx_word' id='word_1_729' title='bbox 3471 4352 3655 4408; x_wconf 87' lang='lat' dir='ltr'><strong>futura</strong></span> 
     </span>
    </p>
   </div>
   <div class='ocr_carea' id='block_1_102' title="bbox 2027 4437 2994 4509">
    <p class='ocr_par' dir='ltr' id='par_1_102' title="bbox 2027 4437 2994 4509">
     <span class='ocr_line' id='line_1_103' title="bbox 2027 4437 2994 4509; baseline 0.001 -18"><span class='ocrx_word' id='word_1_730' title='bbox 2027 4451 2275 4492; x_wconf 90' lang='lat' dir='ltr'><strong>meorum</strong></span> <span class='ocrx_word' id='word_1_731' title='bbox 2313 4437 2521 4493; x_wconf 91' lang='lat' dir='ltr'><strong>ossium</strong></span> <span class='ocrx_word' id='word_1_732' title='bbox 2550 4446 2934 4509; x_wconf 90' lang='lat' dir='ltr'><strong>componatur.</strong></span> <span class='ocrx_word' id='word_1_733' title='bbox 2970 4463 2994 4484; x_wconf 80' lang='grc' dir='ltr'><strong><em>ιο</em></strong></span> 
     </span>
    </p>
   </div>
   <div class='ocr_carea' id='block_1_103' title="bbox 2651 4529 3017 4585">
    <p class='ocr_par' dir='ltr' id='par_1_103' title="bbox 2651 4529 3017 4585">
     <span class='ocr_line' id='line_1_104' title="bbox 2651 4529 3017 4585; baseline -0.003 0"><span class='ocrx_word' id='word_1_734' title='bbox 2651 4529 2861 4585; x_wconf 80' lang='lat' dir='ltr'><strong>CAPUT</strong></span> <span class='ocrx_word' id='word_1_735' title='bbox 2886 4530 3017 4585; x_wconf 81' lang='lat' dir='ltr'><strong>XIX.</strong></span> 
     </span>
    </p>
   </div>
   <div class='ocr_carea' id='block_1_104' title="bbox 1930 4622 3659 4697">
    <p class='ocr_par' dir='ltr' id='par_1_104' title="bbox 1930 4622 3659 4697">
     <span class='ocr_line' id='line_1_105' title="bbox 1930 4622 3659 4697; baseline 0.002 -20"><span class='ocrx_word' id='word_1_736' title='bbox 1930 4672 2000 4697; x_wconf 53' lang='grc' dir='ltr'><strong>,ἢ</strong></span> <span class='ocrx_word' id='word_1_737' title='bbox 2025 4622 2100 4675; x_wconf 82' lang='lat' dir='ltr'><strong>De</strong></span> <span class='ocrx_word' id='word_1_738' title='bbox 2127 4622 2360 4676; x_wconf 76' lang='lat' dir='ltr'><strong>remedio</strong></span> <span class='ocrx_word' id='word_1_739' title='bbox 2394 4624 2565 4691; x_wconf 79' lang='lat' dir='ltr'><strong>pestis</strong></span> <span class='ocrx_word' id='word_1_740' title='bbox 2620 4624 2970 4691; x_wconf 69' lang='lat' dir='ltr'><strong>inguinart&#39;ae,</strong></span> <span class='ocrx_word' id='word_1_741' title='bbox 3019 4627 3069 4678; x_wconf 85' lang='lat' dir='ltr'><strong>et</strong></span> <span class='ocrx_word' id='word_1_742' title='bbox 3098 4627 3302 4679; x_wconf 69' lang='lat' dir='ltr'><strong>cazteris</strong></span> <span class='ocrx_word' id='word_1_743' title='bbox 3342 4641 3449 4694; x_wconf 83' lang='lat' dir='ltr'><strong>per</strong></span> <span class='ocrx_word' id='word_1_744' title='bbox 3469 4629 3659 4697; x_wconf 78' lang='lat' dir='ltr'><strong>ipsum</strong></span> 
     </span>
    </p>
   </div>
   <div class='ocr_carea' id='block_1_105' title="bbox 1943 4672 2002 4743">
    <p class='ocr_par' dir='ltr' id='par_1_105' title="bbox 1943 4672 2002 4743">
     <span class='ocr_line' id='line_1_106' title="bbox 1943 4672 2002 4743; baseline 0 0"><span class='ocrx_word' id='word_1_745' title='bbox 1943 4672 2002 4743; x_wconf 90' lang='lat' dir='ltr'><strong>D</strong></span> 
     </span>
    </p>
   </div>
   <div class='ocr_carea' id='block_1_106' title="bbox 2722 4718 2952 4773">
    <p class='ocr_par' dir='ltr' id='par_1_106' title="bbox 2722 4718 2952 4773">
     <span class='ocr_line' id='line_1_107' title="bbox 2722 4718 2952 4773; baseline 0.004 -1"><span class='ocrx_word' id='word_1_746' title='bbox 2722 4718 2952 4773; x_wconf 80' lang='lat' dir='ltr'><strong>collatis.</strong></span> 
     </span>
    </p>
   </div>
   <div class='ocr_carea' id='block_1_107' title="bbox 2094 4802 3661 4875">
    <p class='ocr_par' dir='ltr' id='par_1_107' title="bbox 2094 4802 3661 4875">
     <span class='ocr_line' id='line_1_108' title="bbox 2094 4802 3661 4875; baseline 0.004 -18"><span class='ocrx_word' id='word_1_747' title='bbox 2094 4803 2221 4858; x_wconf 89' lang='lat' dir='ltr'><strong>Post</strong></span> <span class='ocrx_word' id='word_1_748' title='bbox 2244 4802 2410 4872; x_wconf 80' lang='lat' dir='ltr'><strong>huius</strong></span> <span class='ocrx_word' id='word_1_749' title='bbox 2457 4804 2765 4860; x_wconf 90' lang='lat' dir='ltr'><strong>beatissimi</strong></span> <span class='ocrx_word' id='word_1_750' title='bbox 2808 4806 2988 4863; x_wconf 86' lang='lat' dir='ltr'><strong>Patris</strong></span> <span class='ocrx_word' id='word_1_751' title='bbox 3029 4808 3264 4875; x_wconf 88' lang='lat' dir='ltr'><strong>obitum,</strong></span> <span class='ocrx_word' id='word_1_752' title='bbox 3304 4828 3327 4857; x_wconf 73' lang='grc' dir='ltr'>ι</span> <span class='ocrx_word' id='word_1_753' title='bbox 3366 4824 3495 4863; x_wconf 92' lang='lat' dir='ltr'><strong>cum</strong></span> <span class='ocrx_word' id='word_1_754' title='bbox 3538 4809 3661 4865; x_wconf 91' lang='lat' dir='ltr'><strong>lues</strong></span> 
     </span>
    </p>
   </div>
   <div class='ocr_carea' id='block_1_108' title="bbox 2023 4894 3660 4973">
    <p class='ocr_par' dir='ltr' id='par_1_108' title="bbox 2023 4894 3660 4973">
     <span class='ocr_line' id='line_1_109' title="bbox 2023 4894 3660 4973; baseline 0.002 -25"><span class='ocrx_word' id='word_1_755' title='bbox 2023 4894 2358 4967; x_wconf 86' lang='lat' dir='ltr'><strong>inguinaria,</strong></span> <span class='ocrx_word' id='word_1_756' title='bbox 2398 4920 2422 4943; x_wconf 76' lang='grc' dir='ltr'><strong>»ι</strong></span> <span class='ocrx_word' id='word_1_757' title='bbox 2476 4897 2651 4952; x_wconf 91' lang='lat' dir='ltr'><strong>veluti</strong></span> <span class='ocrx_word' id='word_1_758' title='bbox 2691 4898 2990 4973; x_wconf 87' lang='lat' dir='ltr'><strong>Gregorius</strong></span> <span class='ocrx_word' id='word_1_759' title='bbox 3040 4899 3376 4955; x_wconf 88' lang='lat' dir='ltr'><strong>Turonensis</strong></span> <span class='ocrx_word' id='word_1_760' title='bbox 3436 4912 3660 4956; x_wconf 84' lang='lat' dir='ltr'><strong>enarrat.</strong></span> 
     </span>
    </p>
   </div>
   <div class='ocr_carea' id='block_1_109' title="bbox 2027 4989 3661 5064">
    <p class='ocr_par' dir='ltr' id='par_1_109' title="bbox 2027 4989 3661 5064">
     <span class='ocr_line' id='line_1_110' title="bbox 2027 4989 3661 5064; baseline 0.006 -23"><span class='ocrx_word' id='word_1_761' title='bbox 2027 4989 2116 5056; x_wconf 87' lang='lat' dir='ltr'><strong>(De</strong></span> <span class='ocrx_word' id='word_1_762' title='bbox 2142 4989 2329 5045; x_wconf 82' lang='lat' dir='ltr'><strong>Gloria</strong></span> <span class='ocrx_word' id='word_1_763' title='bbox 2348 4991 2573 5056; x_wconf 79' lang='lat' dir='ltr'><strong>confess.</strong></span> <span class='ocrx_word' id='word_1_764' title='bbox 2625 5008 2672 5046; x_wconf 91' lang='lat' dir='ltr'><strong>c.</strong></span> <span class='ocrx_word' id='word_1_765' title='bbox 2723 4993 2834 5061; x_wconf 88' lang='lat'><strong>79),</strong></span> <span class='ocrx_word' id='word_1_766' title='bbox 2864 5011 2885 5040; x_wconf 84' lang='grc'><em>‹</em></span> <span class='ocrx_word' id='word_1_767' title='bbox 2915 4993 3182 5063; x_wconf 89' lang='lat' dir='ltr'><strong>p0pulum</strong></span> <span class='ocrx_word' id='word_1_768' title='bbox 3206 4993 3401 5064; x_wconf 77' lang='lat' dir='ltr'><strong>primae</strong></span> <span class='ocrx_word' id='word_1_769' title='bbox 3433 4994 3661 5050; x_wconf 89' lang='lat' dir='ltr'><strong>Germa-</strong></span> 
     </span>
    </p>
   </div>
   <div class='ocr_carea' id='block_1_110' title="bbox 2026 5075 3662 5150">
    <p class='ocr_par' dir='ltr' id='par_1_110' title="bbox 2026 5075 3662 5150">
     <span class='ocr_line' id='line_1_111' title="bbox 2026 5075 3662 5150; baseline 0.006 -22"><span class='ocrx_word' id='word_1_770' title='bbox 2026 5075 2133 5129; x_wconf 85' lang='lat' dir='ltr'><strong>niae</strong></span> <span class='ocrx_word' id='word_1_771' title='bbox 2164 5076 2497 5144; x_wconf 88' lang='lat' dir='ltr'><strong>devastaret,</strong></span> <span class='ocrx_word' id='word_1_772' title='bbox 2560 5086 2616 5133; x_wconf 90' lang='lat' dir='ltr'><strong>et</strong></span> <span class='ocrx_word' id='word_1_773' title='bbox 2654 5094 2848 5135; x_wconf 90' lang='lat' dir='ltr'><strong>omnes</strong></span> <span class='ocrx_word' id='word_1_774' title='bbox 2892 5080 3058 5150; x_wconf 91' lang='lat' dir='ltr'><strong>hujus</strong></span> <span class='ocrx_word' id='word_1_775' title='bbox 3095 5081 3271 5136; x_wconf 90' lang='lat' dir='ltr'><strong>cladis</strong></span> <span class='ocrx_word' id='word_1_776' title='bbox 3317 5090 3662 5139; x_wconf 91' lang='lat' dir='ltr'><strong>terrerentur</strong></span> 
     </span>
    </p>
   </div>
   <div class='ocr_carea' id='block_1_111' title="bbox 2026 5168 3659 5248">
    <p class='ocr_par' dir='ltr' id='par_1_111' title="bbox 2026 5168 3659 5248">
     <span class='ocr_line' id='line_1_112' title="bbox 2026 5168 3659 5248; baseline 0.006 -27"><span class='ocrx_word' id='word_1_777' title='bbox 2026 5168 2234 5233; x_wconf 86' lang='lat' dir='ltr'><strong>auditu,</strong></span> <span class='ocrx_word' id='word_1_778' title='bbox 2265 5171 2545 5225; x_wconf 92' lang='lat' dir='ltr'><strong>concurrit</strong></span> <span class='ocrx_word' id='word_1_779' title='bbox 2573 5171 2863 5228; x_wconf 90' lang='lat' dir='ltr'><strong>Remensis</strong></span> <span class='ocrx_word' id='word_1_780' title='bbox 2894 5173 3134 5245; x_wconf 91' lang='lat' dir='ltr'><strong>populus</strong></span> <span class='ocrx_word' id='word_1_781' title='bbox 3154 5174 3222 5229; x_wconf 88' lang='lat' dir='ltr'><strong>ad</strong></span> <span class='ocrx_word' id='word_1_782' title='bbox 3245 5176 3423 5230; x_wconf 90' lang='lat' dir='ltr'><strong>sancti</strong></span> <span class='ocrx_word' id='word_1_783' title='bbox 3467 5177 3659 5248; x_wconf 84' lang='lat' dir='ltr'><strong>sepul-</strong></span> 
     </span>
    </p>
   </div>
   <div class='ocr_carea' id='block_1_112' title="bbox 2025 5260 3656 5337">
    <p class='ocr_par' dir='ltr' id='par_1_112' title="bbox 2025 5260 3656 5337">
     <span class='ocr_line' id='line_1_113' title="bbox 2025 5260 3656 5337; baseline 0.005 -26"><span class='ocrx_word' id='word_1_784' title='bbox 2025 5272 2201 5323; x_wconf 90' lang='lat' dir='ltr'><strong>crum,</strong></span> <span class='ocrx_word' id='word_1_785' title='bbox 2235 5274 2545 5331; x_wconf 89' lang='lat' dir='ltr'><strong>congruum</strong></span> <span class='ocrx_word' id='word_1_786' title='bbox 2598 5260 2763 5330; x_wconf 91' lang='lat' dir='ltr'><strong>hujus</strong></span> <span class='ocrx_word' id='word_1_787' title='bbox 2817 5278 2996 5318; x_wconf 83' lang='lat' dir='ltr'><strong>causae</strong></span> <span class='ocrx_word' id='word_1_788' title='bbox 3027 5262 3276 5337; x_wconf 83' lang='lat' dir='ltr'><strong>flagitare</strong></span> <span class='ocrx_word' id='word_1_789' title='bbox 3320 5264 3656 5319; x_wconf 89' lang='lat' dir='ltr'><strong>remedium.</strong></span> 
     </span>
    </p>
   </div>
   <div class='ocr_carea' id='block_1_113' title="bbox 2025 5350 3658 5431">
    <p class='ocr_par' dir='ltr' id='par_1_113' title="bbox 2025 5350 3658 5431">
     <span class='ocr_line' id='line_1_114' title="bbox 2025 5350 3658 5431; baseline 0.006 -28"><span class='ocrx_word' id='word_1_790' title='bbox 2025 5350 2286 5405; x_wconf 80' lang='lat' dir='ltr'><strong>Accensis</strong></span> <span class='ocrx_word' id='word_1_791' title='bbox 2327 5352 2526 5419; x_wconf 91' lang='lat' dir='ltr'><strong>cereis,</strong></span> <span class='ocrx_word' id='word_1_792' title='bbox 2576 5353 2906 5426; x_wconf 86' lang='lat' dir='ltr'><strong>lychnisque</strong></span> <span class='ocrx_word' id='word_1_793' title='bbox 2963 5357 3214 5411; x_wconf 90' lang='lat' dir='ltr'><strong>accensis</strong></span> <span class='ocrx_word' id='word_1_794' title='bbox 3284 5372 3397 5411; x_wconf 90' lang='lat' dir='ltr'><strong>non</strong></span> <span class='ocrx_word' id='word_1_795' title='bbox 3446 5358 3658 5431; x_wconf 82' lang='lat' dir='ltr'><strong>paucis,</strong></span> 
     </span>
    </p>
   </div>
   <div class='ocr_carea' id='block_1_114' title="bbox 2026 5439 3659 5515">
    <p class='ocr_par' dir='ltr' id='par_1_114' title="bbox 2026 5439 3659 5515">
     <span class='ocr_line' id='line_1_115' title="bbox 2026 5439 3659 5515; baseline 0.006 -23"><span class='ocrx_word' id='word_1_796' title='bbox 2026 5439 2266 5510; x_wconf 84' lang='lat' dir='ltr'><strong>hymnis,</strong></span> <span class='ocrx_word' id='word_1_797' title='bbox 2312 5440 2659 5514; x_wconf 88' lang='lat' dir='ltr'><strong>psalmisque</strong></span> <span class='ocrx_word' id='word_1_798' title='bbox 2708 5443 3033 5499; x_wconf 88' lang='lat' dir='ltr'><strong>coelestibus</strong></span> <span class='ocrx_word' id='word_1_799' title='bbox 3094 5460 3191 5515; x_wconf 91' lang='lat' dir='ltr'><strong>per</strong></span> <span class='ocrx_word' id='word_1_800' title='bbox 3223 5450 3393 5500; x_wconf 91' lang='lat' dir='ltr'><strong>totam</strong></span> <span class='ocrx_word' id='word_1_801' title='bbox 3428 5447 3659 5502; x_wconf 87' lang='lat' dir='ltr'><strong>excubat</strong></span> 
     </span>
    </p>
   </div>
   <div class='ocr_carea' id='block_1_115' title="bbox 2025 5516 3656 5605">
    <p class='ocr_par' dir='ltr' id='par_1_115' title="bbox 2025 5516 3656 5605">
     <span class='ocr_line' id='line_1_116' title="bbox 2025 5516 3656 5605; baseline 0.005 -24"><span class='ocrx_word' id='word_1_802' title='bbox 2025 5533 2265 5584; x_wconf 84' lang='lat' dir='ltr'><strong>noctem.</strong></span> <span class='ocrx_word' id='word_1_803' title='bbox 2298 5516 2456 5584; x_wconf 76' lang='lat' dir='ltr'><strong>Mane</strong></span> <span class='ocrx_word' id='word_1_804' title='bbox 2488 5538 2673 5586; x_wconf 88' lang='lat' dir='ltr'><strong>autem</strong></span> <span class='ocrx_word' id='word_1_805' title='bbox 2704 5531 2847 5588; x_wconf 88' lang='lat' dir='ltr'><strong>facto</strong></span> <span class='ocrx_word' id='word_1_806' title='bbox 2875 5533 3011 5605; x_wconf 91' lang='lat' dir='ltr'><strong>quid</strong></span> <span class='ocrx_word' id='word_1_807' title='bbox 3034 5534 3217 5588; x_wconf 89' lang='lat' dir='ltr'><strong>adhuc</strong></span> <span class='ocrx_word' id='word_1_808' title='bbox 3239 5535 3491 5604; x_wconf 87' lang='lat' dir='ltr'><strong>precatui</strong></span> <span class='ocrx_word' id='word_1_809' title='bbox 3520 5536 3656 5590; x_wconf 86' lang='lat' dir='ltr'><strong>desit</strong></span> 
     </span>
    </p>
   </div>
   <div class='ocr_carea' id='block_1_116' title="bbox 2027 5616 3725 5693">
    <p class='ocr_par' dir='ltr' id='par_1_116' title="bbox 2027 5616 3725 5693">
     <span class='ocr_line' id='line_1_117' title="bbox 2027 5616 3725 5693; baseline 0.005 -23"><span class='ocrx_word' id='word_1_810' title='bbox 2027 5616 2086 5670; x_wconf 90' lang='lat' dir='ltr'><strong>in</strong></span> <span class='ocrx_word' id='word_1_811' title='bbox 2134 5624 2366 5673; x_wconf 83' lang='lat' dir='ltr'><strong>tractatu</strong></span> <span class='ocrx_word' id='word_1_812' title='bbox 2411 5620 2662 5676; x_wconf 90' lang='lat' dir='ltr'><strong>rimatur.</strong></span> <span class='ocrx_word' id='word_1_813' title='bbox 2724 5623 3029 5693; x_wconf 89' lang='lat' dir='ltr'><strong>Reperiunt</strong></span> <span class='ocrx_word' id='word_1_814' title='bbox 3091 5622 3317 5688; x_wconf 90' lang='lat' dir='ltr'><strong>etenim,</strong></span> <span class='ocrx_word' id='word_1_815' title='bbox 3375 5621 3657 5679; x_wconf 77' lang='lat' dir='ltr'><strong>révelante</strong></span> <span class='ocrx_word' id='word_1_816' title='bbox 3720 5662 3725 5665; x_wconf 65' lang='grc'><strong>»</strong></span> 
     </span>
    </p>
   </div>
   <div class='ocr_carea' id='block_1_117' title="bbox 2028 5708 3653 5788">
    <p class='ocr_par' dir='ltr' id='par_1_117' title="bbox 2028 5708 3653 5788">
     <span class='ocr_line' id='line_1_118' title="bbox 2028 5708 3653 5788; baseline 0.006 -26"><span class='ocrx_word' id='word_1_817' title='bbox 2028 5708 2160 5776; x_wconf 89' lang='lat' dir='ltr'><strong>Deo,</strong></span> <span class='ocrx_word' id='word_1_818' title='bbox 2182 5710 2424 5780; x_wconf 86' lang='lat' dir='ltr'><strong>qualiter</strong></span> <span class='ocrx_word' id='word_1_819' title='bbox 2441 5714 2696 5770; x_wconf 89' lang='lat' dir='ltr'><strong>oratione</strong></span> <span class='ocrx_word' id='word_1_820' title='bbox 2746 5715 3055 5786; x_wconf 71' lang='lat' dir='ltr'><strong>praemissa,</strong></span> <span class='ocrx_word' id='word_1_821' title='bbox 3090 5715 3285 5783; x_wconf 89' lang='lat' dir='ltr'><strong>majori</strong></span> <span class='ocrx_word' id='word_1_822' title='bbox 3312 5715 3498 5771; x_wconf 87' lang='lat' dir='ltr'><strong>adhuc</strong></span> <span class='ocrx_word' id='word_1_823' title='bbox 3529 5730 3653 5788; x_wconf 89' lang='lat' dir='ltr'><strong>pro-</strong></span> 
     </span>
    </p>
   </div>
   <div class='ocr_carea' id='block_1_118' title="bbox 2028 5802 3657 5880">
    <p class='ocr_par' dir='ltr' id='par_1_118' title="bbox 2028 5802 3657 5880">
     <span class='ocr_line' id='line_1_119' title="bbox 2028 5802 3657 5880; baseline 0.005 -25"><span class='ocrx_word' id='word_1_824' title='bbox 2028 5802 2344 5875; x_wconf 87' lang='lat' dir='ltr'><strong>pugnaculo</strong></span> <span class='ocrx_word' id='word_1_825' title='bbox 2369 5804 2527 5859; x_wconf 90' lang='lat' dir='ltr'><strong>urbis</strong></span> <span class='ocrx_word' id='word_1_826' title='bbox 2544 5808 2965 5880; x_wconf 87' lang='lat' dir='ltr'><strong>propugnacula</strong></span> <span class='ocrx_word' id='word_1_827' title='bbox 2991 5807 3365 5862; x_wconf 90' lang='lat' dir='ltr'><strong>munirentur.</strong></span> <span class='ocrx_word' id='word_1_828' title='bbox 3396 5809 3657 5878; x_wconf 84' lang='lat' dir='ltr'><strong>Assump-</strong></span> 
     </span>
    </p>
   </div>
   <div class='ocr_carea' id='block_1_119' title="bbox 2008 5896 3653 5971">
    <p class='ocr_par' dir='ltr' id='par_1_119' title="bbox 2008 5896 3653 5971">
     <span class='ocr_line' id='line_1_120' title="bbox 2008 5896 3653 5971; baseline 0 -20"><span class='ocrx_word' id='word_1_829' title='bbox 2008 5902 2136 5951; x_wconf 34' lang='lat' dir='ltr'><strong>‘tam</strong></span> <span class='ocrx_word' id='word_1_830' title='bbox 2167 5896 2340 5969; x_wconf 85' lang='lat' dir='ltr'><strong>igitur</strong></span> <span class='ocrx_word' id='word_1_831' title='bbox 2392 5897 2594 5968; x_wconf 86' lang='lat' dir='ltr'><strong>pallam</strong></span> <span class='ocrx_word' id='word_1_832' title='bbox 2648 5898 2718 5954; x_wconf 91' lang='lat' dir='ltr'><strong>de</strong></span> <span class='ocrx_word' id='word_1_833' title='bbox 2758 5898 2905 5955; x_wconf 86' lang='lat' dir='ltr'><strong>beati</strong></span> <span class='ocrx_word' id='word_1_834' title='bbox 2934 5898 3194 5971; x_wconf 88' lang='lat' dir='ltr'><strong>sepulcro</strong></span> <span class='ocrx_word' id='word_1_835' title='bbox 3224 5908 3575 5969; x_wconf 90' lang='lat' dir='ltr'><strong>componunt</strong></span> <span class='ocrx_word' id='word_1_836' title='bbox 3604 5899 3653 5952; x_wconf 91' lang='lat' dir='ltr'><strong>in</strong></span> 
     </span>
    </p>
   </div>
  </div>
