3884 6430
177 455 239 512 69
776 428 783 435 ’
830 453 1154 510 HISTORUE
1193 453 1528 511 ECCLESIZE
1565 451 1895 509 REMENSIS
1934 452 2112 509 LIBRI
2150 453 2478 521 QUATUOR.
2512 487 2577 497 —
2618 456 2746 512 LIB.
2791 458 2835 513 l.

422 523 453 540 α

3139 374 3155 403 6

3444 461 3514 516 70

176 586 402 642 modum
421 585 630 650 feretri,
662 584 1026 657 accensisque
1068 600 1239 656 super
1267 599 1463 640 cruces
1482 584 1677 651 cereis,
1707 590 1793 640 at-
1820 587 1873 656 Α
1895 582 2232 652 balbutiens,
2283 594 2339 640 et
2366 585 2456 640 vix
2477 601 2792 640 sermonem
2845 585 3122 657 explicare
3166 586 3373 655 valens,
3405 589 3480 645 ait
3507 609 3518 644 :

182 693 281 750 que
302 675 671 743 ceroferariis,
714 676 847 731 dant
872 692 1037 733 voces
1063 677 1119 731 in
1141 676 1376 732 canticis
1407 693 1421 742 ;
1453 675 1798 732 circumeunt

182 767 367 821 urbem
392 782 519 821 cum
544 765 700 832 vicis,
736 782 839 820 nec
876 774 1216 837 praetereunt
1263 764 1439 821 ullum
1471 766 1797 838 hospitium,

184 858 329 931 quod
360 874 473 914 non
527 858 633 913 hac
690 857 1077 914 circumitione
1130 858 1481 915 concludant.
1525 860 1637 915 Nec
1674 868 1800 931 post

184 952 380 1007 multos
406 950 529 1005 dies
548 949 691 1005 ﬁnes
718 950 888 1020 hujus
913 950 1150 1007 civitatis
1194 951 1315 1007 lues
1344 952 1798 1026 aggrediturme-

187 1050 405 1099 morata.
439 1043 829 1099 Verumtamen
851 1060 1028 1116 usque
1045 1044 1115 1098 ad
1139 1059 1265 1099 eum
1291 1044 1475 1100 locum
1503 1043 1795 1108 accedens,

187 1152 289 1209 quo
315 1135 466 1191 beati
497 1135 703 1212 pignus
731 1136 987 1201 accessit,
1019 1152 1083 1191 ac
1125 1136 1172 1191 si
1206 1136 1569 1192 constitutum
1599 1151 1801 1192 cerne-

188 1238 264 1285 ret
287 1231 610 1295 terminum,
643 1230 791 1285 intro
823 1229 1040 1303 ingredi
1073 1245 1185 1285 non
1207 1237 1293 1285 est
1320 1246 1473 1296 ausa,
1501 1230 1601 1285 sed
1635 1230 1799 1286 etiam

189 1334 305 1391 quae
334 1319 393 1373 in
412 1318 692 1390 principio
737 1326 1078 1390 pervaserat,
1111 1319 1279 1388 hujus
1325 1320 1547 1375 virtutis
1578 1321 1805 1392 repulsu

190 1410 425 1482 reliquit.
461 1433 480 1460 ι
520 1410 690 1466 Multa
719 1411 964 1482 denique
1024 1412 1374 1482 postmodum
1402 1414 1471 1468 ad
1494 1413 1672 1485 ipsius
1706 1431 1804 1470 se-

187 1500 433 1571 pulcrum
483 1508 612 1555 sunt
668 1499 936 1555 divinitus
979 1507 1202 1557 ostensa
1240 1502 1527 1570 miracula,
1560 1520 1683 1576 quae
1708 1521 1809 1577 per

189 1590 578 1663 negligentiam
606 1605 718 1646 non
755 1589 1034 1645 habentur
1062 1590 1286 1662 scripta.

820 1677 1040 1733 CAPUT
1066 1678 1176 1734 XX.

190 1772 259 1824 De
296 1769 655 1824 translatione
681 1770 920 1838 corporis
958 1770 1156 1838 ipsius,
1201 1773 1250 1821 et
1280 1769 1609 1839 quibusdam
1637 1770 1813 1826 denuo

700 1859 942 1927 patratis
980 1854 1285 1912 miraculis.

1898 677 2121 733 Deferte
2146 693 2235 733 me
2264 677 2334 733 ad
2366 677 2652 734 basilicam
2692 678 2870 734 sancti
2896 696 2909 733 :
2940 688 2995 734 et
3025 686 3523 753 quantumcunque

1899 786 2067 841 super
2097 786 2183 825 me
2206 769 2265 842 [i,
2297 770 2448 842 apud
2498 770 2604 842 me]
2647 771 2767 826 auri
2807 778 2893 827 est
2934 772 3004 827 ad
3061 773 3376 844 sepulcrum
3406 773 3527 843 ejus

1900 858 2189 930 projicite:
2224 859 2448 930 peccavi
2488 859 2639 914 enim
2692 859 3000 917 auferendo
3052 877 3140 917 res
3199 862 3340 932 ejus.
3370 863 3529 934 Aspi-

1901 946 2055 1003 ciens
2080 954 2267 1003 autem
2307 947 2466 1004 dator
2492 948 2673 1021 campi
2710 950 2861 1005 hunc
2897 966 3024 1005 cum
3077 951 3403 1007 muneribus
3429 953 3529 1009 de-

1899 1036 2050 1105 ferri,
2083 1038 2159 1094 ait
2191 1056 2204 1093 :
2236 1039 2347 1095 Nec
2366 1039 2606 1112 accipias
2658 1055 2870 1113 quaeso,
2928 1048 3117 1098 sancte
3147 1042 3266 1110 Dei,
3300 1060 3529 1100 munera

1899 1128 2022 1198 ejus
2051 1144 2176 1200 quae
2196 1144 2477 1201 nunquam
2537 1129 2743 1201 cupide
2773 1129 3027 1201 accipere
3057 1133 3418 1188 consuevisti.
3452 1134 3530 1188 Ne

1899 1221 1995 1289 sis,
2029 1222 2321 1293 deprecor,
2360 1222 2582 1291 adjutor
2614 1223 2756 1292 ejus,
2805 1223 2902 1295 qui
2927 1222 3306 1282 inflammante
3327 1240 3532 1281 concu-

1906 1313 2179 1384 piscentia
2214 1330 2396 1369 rerum
2454 1322 2674 1369 tuarum
2706 1330 2945 1386 nequam
2986 1331 3276 1387 possessor
3303 1318 3530 1374 exstitit.

1905 1405 2014 1459 Nec
2044 1404 2258 1460 distulit
2283 1412 2510 1460 sanctus
2533 1406 2728 1461 audire
2743 1422 2937 1462 vocem
2967 1408 3228 1478 pauperis
3250 1409 3336 1464 sui
3361 1427 3374 1463 :
3406 1426 3532 1465 nam

1907 1496 2074 1552 homo
2101 1496 2196 1551 ille
2224 1497 2353 1552 licet
2402 1496 2650 1553 dedisset
2712 1514 2964 1565 munera,
3021 1500 3267 1555 ostendit
3309 1507 3535 1557 sanctus

1911 1585 2131 1642 Domini
2156 1602 2217 1641 se
2246 1586 2358 1649 illa,
2394 1602 2507 1642 non
2536 1593 2875 1657 acceptasse,
2916 1587 3049 1643 dum
3077 1589 3300 1644 rediens
3330 1607 3533 1661 perva-

1912 1691 2005 1730 sor
2043 1676 2269 1732 domum
2300 1674 2485 1731 amisit
2529 1675 2809 1747 spiritum,
2863 1682 2918 1731 et
2944 1676 3153 1749 recepit
3182 1678 3422 1734 ecclesia
3449 1696 3538 1735 res

1913 1784 2061 1823 suas.

1983 1854 2347 1928 Temporibus
2377 1856 2668 1929 Chilperici
2712 1857 3044 1914 Francorum
3076 1859 3223 1932 regis
3262 1860 3539 1916 exstitisse

256 1950 482 2021 Sepulto
504 1948 674 2024 igitur
717 1949 773 2003 in
818 1954 1242 2019 praememorata
1269 1948 1520 2013 basilica,
1556 1949 1813 2004 beatissi-
1840 1949 2087 2028 Bfertur
2139 1948 2548 2016 Moderamnus,
2618 1949 3228 2021 Redonensis(Rennes)
3288 1951 3540 2008 ecclesiae

191 2039 259 2092 mi
290 2038 530 2114 Remigii
554 2054 810 2108 corpore,
852 2054 977 2093 cum
1010 2038 1178 2093 multa
1215 2038 1604 2109 stupendaque
1637 2039 1691 2093 in
1717 2055 1813 2093 ea-

188 2129 309 2182 dem
341 2144 443 2199 per
469 2127 689 2182 Domini
745 2127 977 2202 gratiam
1027 2127 1225 2183 ﬁerent
1279 2128 1562 2193 miracula,
1587 2128 1814 2185 dilatata

191 2217 497 2272 etexaltata
547 2224 631 2272 est
688 2217 805 2288 ipsa
856 2217 1110 2285 ecclesia,
1143 2216 1395 2289 factaque
1446 2225 1637 2289 crypta
1688 2228 1814 2288 post

184 2307 350 2361 altare
382 2306 441 2360 in
473 2322 584 2378 qua
614 2305 1009 2360 transferretur
1034 2304 1238 2380 pignus
1266 2305 1606 2361 venerabile.
1643 2306 1811 2360 Dete-

184 2405 319 2468 gunt
342 2396 515 2451 humo
555 2394 819 2459 loculum,
869 2410 978 2466 quo
1029 2401 1397 2466 pmparatu‘m
1429 2396 1713 2467 deponant
1755 2396 1813 2450 in

179 2496 423 2554 antrum,
445 2488 545 2543 sed
578 2487 758 2559 ipsum
784 2488 1005 2559 penitus
1034 2503 1258 2543 movere
1280 2503 1395 2543 non
1427 2497 1679 2559 possunt.
1706 2487 1810 2542 Su-

184 2577 546 2646 perveniente
587 2591 719 2631 vero
756 2584 915 2631 nocte
942 2576 1129 2631 multis
1149 2577 1398 2631 accensis
1423 2576 1811 2641 luminaribus,

183 2666 326 2721 circa
354 2666 538 2721 noctis
566 2665 811 2720 medium
851 2680 1023 2736 s0por
1072 2665 1411 2720 excubantes
1427 2671 1662 2736 occupat
1692 2680 1815 2720 om-

184 2771 299 2810 nes.
364 2755 582 2821 Quibus
639 2753 1082 2828 evigilantibus,
1142 2754 1426 2809 invenitur
1473 2761 1817 2809 transvectus

184 2860 342 2901 sacro
398 2861 528 2900 cum
583 2844 849 2900 thesauro
892 2844 1291 2918 sarcophagus,
1333 2843 1390 2897 in
1445 2850 1814 2914 praeparatum

186 2946 313 3001 {non
341 2934 454 2989 nisi
493 2933 755 2989 manibus
794 2932 1084 3009 angelicis)
1126 2931 1505 2988 habitaculum
1555 2933 1820 3003 deporta-

188 3033 290 3080 tus.
359 3027 646 3098 Tantaque
699 3025 884 3087 cuncti
938 3025 1226 3096 replentur
1281 3024 1469 3081 odoris
1521 3024 1816 3091 suavitate,

187 3117 659 3190 quantamlingua
679 3118 1200 3173 nonvalethumana
1231 3118 1543 3189 propalare.
1573 3116 1703 3181 Quae
1727 3117 1819 3171 de-

1912 2039 2135 2110 praesul,
2176 2037 2262 2093 vir
2286 2038 2462 2094 nobili
2493 2038 2753 2110 prosapia
2770 2038 3040 2094 oriundus
3062 2056 3075 2095 :
3100 2039 3195 2111 qui
3230 2056 3330 2111 per
3356 2039 3537 2095 licen-

1913 2130 2046 2185 tiam
2088 2129 2336 2201 praadicti
2365 2129 2513 2203 regis
2550 2129 2743 2185 limina
2769 2131 2947 2186 sancti
2975 2130 3117 2186 Petri
3150 2131 3305 2186 adire
3336 2131 3535 2204 dispo-

1914 2235 2077 2288 nens,
2100 2217 2322 2274 divertit
2375 2220 2431 2274 in
2480 2219 2880 2274 monasterium
2911 2218 3061 2275 beati
3092 2219 3329 2295 Remigii
3372 2220 3537 2276 situm

1914 2310 1970 2364 in
2001 2308 2272 2364 suburbio
2324 2307 2612 2363 Remensis
2654 2307 2828 2363 urbis.
2888 2309 2990 2363 Ubi
3047 2308 3352 2365 liberaliter
3381 2328 3411 2365 a
3439 2310 3542 2366 fra-

1914 2399 2091 2455 tribus
2111 2399 2363 2469 ejusdem
2394 2398 2502 2454 loci
2552 2406 2868 2470 susceptus,
2916 2400 3237 2471 impetravit
3276 2417 3308 2456 a
3336 2401 3543 2457 Berne-

1913 2492 2088 2548 hardo
2122 2507 2406 2547 sacrorum
2466 2492 2699 2548 custode
2746 2492 3011 2565 reliquias
3041 2493 3112 2548 de
3141 2493 3304 2561 stola,
3337 2494 3543 2563 cilicio,

1914 2590 2081 2653 atque
2130 2581 2353 2636 sudario
2420 2582 2596 2637 sancti
2654 2582 2912 2657 Remigii.
3001 2582 3212 2648 Quibus
3268 2591 3548 2658 gratanter

1916 2671 2182 2742 acceptis.
2234 2670 2340 2725 iter
2372 2670 2676 2742 incoeptum
2729 2672 2885 2726 laetus
2915 2687 3108 2744 agens,
3140 2672 3273 2726 dum
3303 2681 3550 2743 permeat

1918 2763 2151 2829 Italiam,
2176 2762 2232 2817 in
2259 2772 2448 2818 monte
2475 2763 2790 2818 Bardonum
2821 2763 3061 2835 quadam
3090 2770 3253 2819 nocte
3282 2772 3545 2819 metatum

1918 2854 2151 2920 habens,
2191 2859 2527 2909 memoratas
2584 2853 2639 2908 in
2696 2852 2840 2908 ilicis
2895 2868 3047 2908 ramo
3110 2853 3550 2923 suspenditreli-

1923 2944 2101 3017 quias.
2127 2943 2375 3016 Cumque
2415 2943 2659 2998 diluculo
2709 2958 2964 3016 surgens,
2996 2942 3100 2997 iter
3136 2950 3378 3013 emptum
3410 2943 3551 2998 arri-

1921 3039 2099 3105 peret,
2131 3034 2425 3087 immemor
2463 3032 2661 3086 harum
2690 3032 2867 3101 (nutu,
2907 3047 3009 3085 ceu
3043 3031 3307 3097 creditur,
3341 3031 3549 3099 divino)

1922 3124 2041 3178 haec
2088 3121 2299 3176 ibidem
2341 3135 2659 3176 remansere
2718 3119 2969 3192 pignora.
3028 3118 3369 3173 Procedente
3419 3135 3552 3175 vero

185 3206 808 3263 lectationisamcenitas
829 3208 887 3262 in
907 3207 1127 3274 eadem,
1158 3222 1259 3278 per
1275 3213 1444 3262 totam
1462 3206 1613 3261 diem
1643 3205 1806 3270 illam,

1983 3212 2204 3284 iquanto
2236 3209 2458 3285 longius
2513 3207 2797 3278 episcopo,
2850 3206 2947 3261 ubi
2996 3206 3313 3262 relictarum
3341 3223 3555 3262 memor

185 3296 287 3351 sed
307 3305 365 3354 et
392 3296 455 3351 in
478 3296 750 3366 crastina,
776 3296 1151 3368 perseveravit
1194 3295 1456 3351 Ecclesia.
1518 3295 1627 3351 Hac
1656 3294 1824 3370 igitur
1844 3278 1893 3303 υ
1924 3304 1988 3358 δι
2012 3278 2395 3374 ξθιίριιίδιοιιιῖι,
2424 3296 2587 3355 suum
2642 3299 2826 3354 statim
2858 3299 2929 3353 ad
2959 3299 3057 3353 has
3087 3298 3434 3369 recipiendas
3467 3299 3556 3353 di-

187 3383 274 3440 die
326 3385 714 3442 translationis
767 3386 906 3455 ejus,
958 3385 1177 3441 scilicet
1237 3383 1497 3439 Kalendis
1549 3382 1819 3450 Octobris,

181 3493 306 3533 cum
333 3478 1061 3549 divinislaudibussumptaa
1073 3485 1202 3534 sunt
1240 3476 1491 3549 reliquiae
1519 3476 1587 3530 de
1606 3475 1824 3547 capillis

186 3567 326 3636 ejus,
390 3568 603 3634 casula,
661 3566 954 3639 tunicaque
1003 3566 1302 3637 ipsiuszet
1355 3565 1652 3639 integrum,
1695 3565 1827 3620 licet

188 3660 553 3727 exsiccatum,
586 3676 790 3730 corpus
848 3659 1097 3728 ejusdem
1133 3658 1304 3715 rubeo
1333 3665 1549 3715 constat
1577 3657 1824 3713 brandeo

194 3747 536 3805 involutum.

260 3841 361 3897 llic
388 3842 583 3912 itaque
640 3839 801 3895 Pater
844 3840 1293 3905 reverendus,‘et
1317 3840 1372 3893 in
1406 3839 1522 3894 vita
1552 3838 1825 3909 corporis,

193 3940 248 3988 et
305 3944 439 4005 post
491 3933 730 4000 obitum,
779 3933 921 3989 sicut
977 3931 1212 3988 infirmis
1260 3932 1560 3988 sanitatum
1600 3929 1832 4006 gratiam

190 4028 458 4093 contulit,
488 4026 571 4081 sic
595 4034 652 4081 et
691 4026 749 4080 in
779 4042 1106 4096 pervasores
1135 4026 1221 4081 vel
1258 4031 1693 4096 praesumptores
1721 4038 1831 4077 sae-

189 4115 429 4187 pissime
460 4115 663 4171 vindex
690 4116 964 4187 apparuit.
995 4116 1070 4170 De
1100 4131 1211 4187 quo
1241 4112 1503 4186 praefatus
1531 4109 1831 4184 episcopus

189 4207 501 4281 Gregorius
522 4206 731 4262 referre
778 4206 1012 4274 studuit,
1055 4206 1205 4278 quod
1229 4223 1295 4261 ex
1326 4204 1503 4276 ipsius
1533 4204 1624 4259 hic
1649 4203 1837 4259 verbis

192 4300 392 4354 indere
436 4298 646 4371 placuit
685 4299 942 4368 (Gnaeos.
991 4299 1147 4365 Tum,
1202 4299 1295 4353 ubi
1341 4300 1531 4366 supra)
1572 4314 1590 4349 :
1622 4317 1648 4344 ιι
1712 4294 1840 4351 Erat

192 4392 347 4445 enim
383 4390 537 4446 haud
551 4391 745 4462 procul
778 4408 808 4446 a
839 4390 1069 4447 basilica
1090 4392 1223 4462 (scit.
1260 4391 1317 4447 S.
1350 4390 1606 4456 Remigii)
1629 4386 1839 4442 fundus

190 4480 397 4535 tellure
432 4479 714 4535 fecundus
754 4480 908 4551 (tales
960 4481 1154 4536 incolae
1204 4479 1360 4535 Olcas
1419 4479 1629 4545 vocant)
1672 4483 1727 4531 et
1750 4476 1845 4532 hic

1930 3393 2059 3469 rigit
2080 3391 2364 3455 clericum,
2400 3388 2625 3445 nomine
2692 3387 2981 3443 Vulfadum
3035 3389 3151 3454 Quo
3183 3388 3250 3441 ad
3296 3389 3392 3443 has
3431 3405 3558 3459 per-

1929 3482 2210 3547 veniente,
2245 3480 2399 3536 nullo
2441 3479 2591 3535 valet
2646 3494 2739 3533 eas
2768 3477 2997 3550 ingenio
3043 3478 3388 3552 contingere,
3420 3479 3553 3532 dum

1927 3574 2166 3631 mirabili
2213 3573 2396 3647 signo,
2428 3581 2489 3626 ut
2518 3586 2613 3626 eas
2653 3570 2926 3644 attingere
2971 3568 3157 3635 vellet,
3206 3570 3557 3626 elevarentur

1927 3667 1983 3721 in
2003 3664 2263 3721 sublime.
2299 3662 2411 3717 Hoc
2440 3660 2702 3732 praefatus
2718 3652 3015 3731 episcopus
3042 3659 3230 3715 audito
3265 3659 3558 3729 miraculo,

1928 3756 2272 3831 regrediens,
2295 3754 2351 3808 in
2383 3753 2579 3809 eodem
2609 3753 2733 3808 loco
2772 3750 2893 3807 fixit
2933 3752 3233 3807 tentorium
3267 3769 3281 3817 ;
3314 3752 3413 3806 sed
3458 3767 3556 3807 re-

1932 3848 2061 3903 licta
2090 3846 2323 3922 pignora
2359 3842 2552 3898 eadem
2609 3848 2775 3898 nocte
2818 3841 3050 3897 minime
3077 3841 3249 3897 valuit
3286 3842 3557 3913 recipere,

1933 3942 2113 3997 donec
2137 3939 2280 3995 facto
2310 3954 2495 4005 mane,
2530 3939 2586 3991 in
2632 3935 2971 3992 monasterio
3002 3936 3153 4007 quod
3184 3942 3409 3992 vocatur
3428 3937 3560 3990 Ber-

1935 4039 2139 4095 cetum,
2174 4028 2231 4083 in
2273 4029 2488 4084 honore
2531 4026 2583 4081 S.
2645 4025 2888 4082 Abundii
2945 4024 3202 4097 martyris
3241 4024 3379 4081 inibi
3420 4040 3562 4081 eon-

1936 4126 2232 4185 structum,
2284 4118 2506 4172 missam
2569 4116 2878 4181 celebrans,
2927 4116 3320 4187 praedictorum
3350 4121 3561 4184 partem

1938 4227 2232 4266 munerum
2272 4210 2570 4267 devoveret
2612 4208 2821 4265 ibidem
2876 4225 2937 4264 se
2996 4209 3339 4263 relicturum.
3366 4207 3565 4279 Sicque

1938 4307 2096 4371 rapta
2152 4299 2260 4354 sibi
2319 4299 2621 4372 recipiens,
2681 4298 2912 4370 impleto
2964 4296 3359 4353 venerabiliter
3414 4304 3564 4360 voto,

1946 4396 2187 4463 emptum
2215 4389 2418 4460 repetit
2444 4389 2568 4444 iter.
2616 4387 2714 4443 Cui
2759 4388 2960 4445 obvius
2990 4387 3166 4443 factus
3200 4385 3570 4442 Luitbrandus

1944 4482 2406 4555 ]Luidbrandus]
2456 4483 2718 4537 Italorum
2769 4497 2863 4536 rex
2919 4490 3201 4547 strenuus,
3267 4478 3362 4551 qui
3428 4479 3571 4534 hanc

191 4570 360 4625 datus
407 4569 659 4625 basilicae
712 4571 888 4626 sancti
937 4570 1156 4626 fuerat:
1190 4586 1357 4643 quem
1390 4590 1535 4628 unus
1566 4589 1595 4628 e
1627 4571 1841 4628 civibus
1867 4605 1921 4673 D
1948 4572 2140 4628 auditu
2191 4573 2305 4640 jam
2346 4578 2697 4642 compererat
2734 4585 3016 4626 sacrorum
3048 4569 3328 4633 virtutem,
3383 4582 3570 4623 amore

191 4659 480 4729 pervadit,
515 4658 833 4730 despiciens
892 4661 1173 4716 hominem
1207 4661 1301 4731 qui
1334 4678 1459 4716 eum
1495 4661 1617 4717 loco
1648 4670 1839 4717 sancto

191 4753 542 4807 contulerat.
567 4751 669 4816 Qui
701 4768 825 4808 cum
842 4752 912 4807 ab
945 4754 1212 4825 episcopo
1244 4769 1307 4808 ac
1338 4753 1443 4808 loci
1485 4752 1688 4808 abbate
1719 4768 1841 4807 cre-

192 4844 297 4901 bro
330 4850 654 4900 conventus
694 4843 908 4911 fuisset,
956 4852 1018 4899 ut
1069 4861 1194 4916 quae
1250 4845 1455 4914 injuste
1524 4854 1846 4916 pervaserat

194 4935 511 4989 redderet:
540 4932 952 5004 parvipendens
991 4934 1163 4989 verba
1193 4949 1317 5006 quae
1355 4933 1639 5001 audiebat,
1668 4935 1844 5004 perti-

197 5023 320 5078 naci
342 5023 575 5093 direpta
629 5020 955 5077 defensabat
1003 5022 1334 5078 intentione.
1386 5022 1648 5095 Denique
1682 5037 1848 5077 causa

195 5115 438 5183 exstitit,
475 5123 532 5168 et
560 5129 673 5170 non
720 5113 968 5183 devotio,
1001 5123 1062 5172 ut
1088 5115 1283 5170 urbem
1318 5114 1534 5181 adiens,
1578 5128 1848 5186 prOpera-

198 5219 282 5264 ret
309 5209 386 5263 ad
419 5207 603 5264 sancti
658 5206 964 5263 basilicam.
1023 5208 1285 5282 Arguitur
1315 5208 1516 5263 iterum
1540 5208 1613 5262 ab
1645 5208 1847 5264 abbate

200 5314 301 5368 pro
349 5294 912 5367 campipervasione.
985 5297 1094 5352 Sed
1147 5296 1289 5351 nihil
1339 5297 1569 5370 dignum
1630 5297 1846 5352 ratione

200 5389 543 5461 respondet.
576 5388 972 5460 Explicitisque
1023 5388 1264 5462 negotiis
1307 5405 1537 5446 ascenso
1567 5405 1713 5461 equo
1745 5389 1848 5445 do-

200 5496 357 5535 mum
386 5477 585 5533 redire
617 5476 884 5548 disponit.
919 5478 1028 5532 Sed
1052 5477 1235 5533 obstat
1265 5478 1412 5533 nisui
1443 5478 1565 5547 ejus
1586 5478 1849 5533 sacerdo-

198 5567 270 5621 tis
303 5567 542 5636 injuria.
576 5565 710 5620 Nam
735 5567 1014 5622 sauciatus
1043 5566 1187 5638 [ms.,
1228 5565 1476 5637 satiatus]
1502 5565 1846 5639 asanguine,

198 5660 375 5715 diruit
412 5660 476 5714 in
501 5665 700 5713 terram
735 5675 749 5723 ;
785 5657 1066 5733 obligatur
1094 5659 1288 5733 lingua
1314 5674 1437 5730 quae
1460 5658 1643 5713 locuta
1674 5657 1853 5713 fuerat

208 5754 483 5824 campum
514 5749 631 5805 tolli
665 5767 681 5817 ;
714 5749 1049 5807 clauduntur
1076 5750 1246 5816 oculi,
1280 5749 1376 5821 qui
1406 5750 1805 5821 concupierant
1835 5764 1850 5818 ;

198 5860 410 5902 manus
479 5842 904 5912 contrahuntur,
953 5859 1078 5916 quae
1139 5841 1641 5915 apprehenderant.
1700 5841 1855 5900 Tunc

1946 4662 2004 4715 Β.
2038 4660 2273 4734 Remigii
2313 4661 2531 4725 ductus,
2601 4659 2748 4714 idem
2806 4666 3226 4725 monasterium,
3282 4659 3567 4713 Bercetum

1947 4750 2179 4816 scilicet,
2211 4766 2337 4804 cum
2394 4749 2657 4804 omnibus
2687 4749 3030 4818 adjacentiis,
3084 4747 3348 4818 omnique
3392 4746 3570 4801 abba-

1949 4843 2046 4907 tia,
2072 4858 2300 4898 mansos
2324 4842 2676 4917 octingentos
2719 4841 2819 4913 [C.,
2847 4840 3011 4912 octo].
3039 4848 3099 4895 ut
3118 4840 3362 4908 tradunt,
3386 4838 3569 4894 conti-

1949 4935 2124 5001 nenti,
2156 4934 2381 5006 praefato
2412 4935 2636 5005 praesuli
2675 4934 3032 4990 Moderamno
3076 4930 3374 5003 delegavit,
3406 4928 3572 5000 eique

1948 5024 2005 5079 in
2028 5023 2325 5096 praesentia
2356 5022 2604 5078 ﬁdelium
2622 5038 2875 5091 suorum,
2907 5022 3070 5097 legali
3100 5021 3170 5075 de
3198 5033 3369 5081 more,
3403 5015 3576 5071 vesti-

1946 5129 2124 5175 turam
2152 5134 2219 5173 ex
2261 5135 2347 5185 ea,
2403 5126 2459 5173 et
2510 5118 2755 5173 chartam
2810 5116 2957 5172 fecit.
2991 5117 3262 5171 Remeans
3290 5120 3475 5167 autem
3502 5109 3573 5164 ab

1948 5207 2085 5263 urbe
2125 5207 2297 5262 Roma
2316 5215 2654 5262 memoratus
2684 5206 2907 5277 praesul,
2950 5204 3183 5261 accessit
3203 5202 3272 5257 ad
3304 5216 3576 5256 veneran-

1949 5301 2080 5354 dum
2112 5300 2172 5353 Β.
2198 5297 2436 5373 Remigii
2465 5299 2781 5369 sepulcrum
2810 5315 2823 5351 :
2855 5305 3021 5369 atque
3052 5297 3195 5352 sicut
3214 5297 3294 5351 illi
3320 5295 3574 5367 praemis-

1949 5407 2150 5447 susrex
2209 5391 2353 5444 hanc
2398 5399 2599 5445 terram
2654 5389 2900 5457 tradidit,
2952 5388 3027 5444 ita
3066 5389 3427 5444 nihilominus
3480 5386 3571 5440 ille

1948 5480 2003 5535 S.
2036 5478 2288 5552 Remigio
2340 5478 2592 5533 eamdem
2647 5478 2899 5533 contulit.
2951 5479 3150 5551 Sicque
3201 5492 3465 5549 prOSpere
3518 5475 3571 5529 in

1949 5587 2112 5626 suum
2133 5586 2390 5625 reversus
2418 5570 2787 5641 episc0pium,
2808 5586 3188 5627 successorem
3209 5570 3316 5625 sibi
3333 5567 3573 5624 ordinari

1950 5660 2099 5724 fecit,
2125 5669 2181 5714 et
2208 5659 2329 5715 vale
2378 5658 2586 5715 faciens
2635 5657 2767 5714 filiis
2815 5659 2955 5727 suis,
2983 5660 3271 5715 Bercetum
3302 5665 3577 5712 monaste-

1952 5748 2093 5805 rium
2125 5748 2366 5819 repetiit,
2401 5756 2457 5804 et
2502 5764 2680 5819 usque
2720 5748 2790 5804 ad
2824 5747 3012 5805 obitus
3060 5748 3144 5803 sui
3193 5748 3341 5802 diem
3370 5746 3423 5799 in
3455 5744 3577 5798 loco

1954 5840 2049 5898 illo
2078 5839 2366 5898 moderate
2380 5847 2436 5897 et
2463 5840 2724 5911 honeste,
2756 5848 2817 5898 ut
2859 5855 3053 5898 servus
3076 5837 3197 5906 Dei,
3225 5839 3578 5893 conversatus
