3884 6466
284 495 347 548 71
1366 494 1449 549 DE
1486 494 1875 551 FLODOARDO
1916 493 2241 551 CANONlCO
2281 491 2631 549 REMENSIS.
3574 480 3643 537 72

289 621 444 678 vixit.
473 621 575 687 Qui
608 637 831 694 quoque
862 620 1145 678 nonnullis
1173 620 1607 691 deincepslocus
1632 621 1915 677 miraculis
1941 627 1987 694 Α
2017 622 2232 693 broque
2272 621 2447 693 ipsius
2486 620 2543 674 in
2596 629 2797 674 terram
2851 614 3159 679 deﬂuente,
3226 618 3477 667 mortuus
3535 618 3642 664 est.

294 713 600 769 illustratus
627 714 840 768 claruit.

363 805 630 861 Processu
665 806 908 875 denique
967 802 1233 873 temporis
1279 801 1548 873 Pippinus
1589 818 1702 869 rex,
1734 802 1915 858 Karoli

288 893 468 966 Magni
501 903 680 965 pater,
713 891 979 963 episcOpii
1014 890 1396 946 Laudunensis
1442 890 1648 958 villam,
1681 907 1805 963 quae
1828 892 1917 946 di-

287 985 433 1040 citur
482 985 786 1046 Anisiacus,
836 982 1089 1052 accipere
1149 982 1305 1035 nisus
1353 981 1509 1053 quasi
1565 982 1669 1036 sub
1721 998 1912 1051 censu,

288 1072 436 1127 velut
458 1072 594 1126 alias
624 1071 887 1143 quasdam
932 1069 1157 1124 fecerat.
1199 1069 1353 1125 venit
1403 1070 1459 1125 in
1505 1086 1648 1138 eam,
1672 1068 1768 1125 ubi
1788 1086 1913 1126 cum

289 1163 577 1230 dormiret,
601 1161 857 1233 apparuit
889 1161 940 1217 ei
961 1161 1015 1215 S.
1047 1161 1350 1236 Remigius,
1403 1162 1596 1218 dicens
1631 1180 1644 1216 :
1678 1165 1758 1217 Tu
1782 1164 1915 1233 quid

288 1257 375 1309 hic
396 1255 543 1324 jacis
567 1257 595 1309 7
624 1255 800 1321 Quare
826 1256 885 1307 in
918 1254 1056 1308 hanc
1084 1254 1276 1308 villam
1302 1256 1550 1320 intrasti,
1586 1270 1751 1325 quam
1779 1255 1915 1309 mihi

289 1346 440 1398 homo
470 1349 518 1397 te
547 1343 784 1396 devotior
820 1342 991 1407 dedit,
1021 1346 1071 1397 et
1118 1358 1282 1413 quam
1313 1358 1406 1410 ego
1436 1343 1665 1397 ecclesia:
1685 1343 1914 1398 domina:

288 1451 415 1490 mem
442 1438 541 1490 Dei
570 1435 857 1491 Genitricis
896 1434 1101 1489 donavi
1131 1436 1160 1489 ?
1188 1443 1243 1489 et
1285 1433 1581 1507 ﬂagellavit
1610 1450 1737 1490 eum
1781 1434 1913 1490 satis

287 1526 503 1590 acriter,
532 1526 606 1581 ita
634 1531 694 1581 ut
731 1524 933 1581 livores
972 1525 1027 1579 in
1059 1524 1178 1593 ejus
1233 1532 1427 1596 postea
1469 1540 1702 1596 corpore
1747 1542 1911 1596 pare-

287 1622 426 1670 rent.
459 1617 522 1669 At
543 1614 639 1669 ubi
693 1614 965 1685 disparuit
1005 1614 1063 1667 B.
1100 1612 1403 1690 Remigius,
1453 1614 1693 1669 surrexit
1721 1613 1912 1685 Pippi-

2019 712 2208 767 Frater
2230 727 2362 767 vero
2385 711 2560 781 ipsius
2612 708 2669 763 in
2713 708 2938 761 alteram
2973 718 3212 776 pergens
3245 710 3479 774 partem,
3512 718 3644 772 per-

2019 802 2169 857 venit
2196 801 2265 856 ad
2306 800 2604 872 quamdam
2642 805 2876 869 petram.
2899 796 3093 850 dicens
3127 812 3139 848 :
3175 794 3432 849 Omnibus
3454 796 3637 845 notum

2018 895 2112 960 sit,
2133 893 2267 961 quia
2293 906 2461 961 usque
2489 890 2564 943 ad
2591 890 2729 943 hanc
2762 891 2976 957 petram
2989 889 3066 939 est
3095 888 3205 938 ista
3234 884 3372 936 silva
3400 885 3640 950 impera-

2018 984 2150 1036 toris
2180 998 2194 1035 :
2230 995 2410 1052 eoque
2440 979 2521 1034 sic
2566 977 2809 1049 lapidem
2844 991 2967 1030 cum
3000 974 3145 1028 dicto
3185 971 3437 1043 bipenni,
3469 986 3632 1043 quam

2016 1087 2183 1129 manu
2210 1071 2478 1146 gestabat,
2522 1068 2887 1141 percutiente,
2939 1065 3053 1121 saxi
3087 1064 3370 1136 particula:
3420 1063 3476 1116 in
3517 1063 3639 1131 ejus

2015 1163 2207 1220 oculos
2233 1163 2300 1218 ab
2332 1163 2454 1235 ipso
2487 1161 2804 1234 prosiliunt,
2848 1167 2903 1214 et
2932 1173 3111 1214 caecus
3128 1155 3371 1212 efﬁcitur
3399 1173 3413 1222 ;
3446 1154 3636 1227 sicque

2015 1256 2468 1328 praesumptionis
2518 1263 2749 1326 uterque
2778 1250 3092 1307 mercedem
3132 1249 3362 1321 recepit,
3395 1254 3449 1302 et
3477 1263 3640 1302 men-

2015 1346 2158 1401 dacii
2188 1345 2295 1401 sui.

2087 1435 2319 1499 Quidam
2356 1435 2440 1489 vir
2480 1432 2685 1489 nobilis
2743 1448 2807 1486 ex
2868 1428 3146 1486 territorio
3180 1426 3528 1492 Nivernensi,
3576 1426 3634 1478 Β.

2001 1514 2247 1599 ’Βθωίςῆ
2272 1524 2522 1596 reliquiis
2549 1522 2813 1588 obtentis,
2834 1522 3132 1577 oratorium
3166 1520 3223 1574 in
3245 1536 3346 1574 sua
3376 1515 3639 1590 proprie-

2014 1624 2124 1673 tate
2178 1616 2282 1672 sub
2339 1616 2515 1688 ipsius
2570 1613 2865 1670 mdiﬁcavit
2924 1615 3154 1669 honore.
3217 1610 3319 1666 Ubi
3373 1609 3639 1665 Dominus

2016 1706 2302 1773 nonnulla,
2361 1715 2588 1777 pr0pter
2631 1705 2794 1773 hujus
2853 1702 3042 1758 dilecti
3102 1701 3186 1756 sui
3244 1699 3438 1754 merita
3507 1713 3633 1769 pro-

2014 1799 2271 1870 palanda,
2304 1798 2562 1873 dignatus
2589 1805 2672 1852 est
2697 1796 2990 1852 ostendere
3007 1794 3184 1869 signa.
3228 1792 3361 1848 Cum
3390 1791 3637 1862 denique

288 1720 412 1770 nus,
442 1711 806 1773 etcorrUptus
857 1701 1039 1758 valida
1078 1701 1254 1768 febre,
1314 1701 1645 1774 quantocius
1693 1701 1763 1757 ab
1795 1702 1914 1773 ipsa

284 1795 414 1850 villa
430 1794 681 1850 recessit.
713 1795 789 1850 De
818 1811 927 1867 qua
949 1793 1104 1849 febre
1133 1809 1242 1849 non
1266 1809 1436 1865 parvo
1464 1802 1725 1865 tempore,
1760 1792 1913 1849 labo-

288 1886 443 1939 ravit.
490 1885 761 1955 Deinceps
806 1898 940 1938 vero
968 1882 1127 1957 regni
1168 1883 1428 1955 princeps
1477 1883 1614 1947 inibi
1641 1898 1816 1954 usque
1841 1882 1911 1937 ad
1939 1954 1984 1962 _
2013 1890 2290 1946 Ludovico
2337 1891 2673 1962 imperatore
2739 1889 3024 1955 defuncto,
3080 1886 3359 1960 Aquitanii
3424 1884 3637 1957 absque

287 1972 555 2028 moderna
584 1954 831 2043 tempora
862 1986 974 2026 non
1026 1954 1247 2035 mansit,
1289 1954 1492 2027 utinec
1521 1971 1579 2025 in
1622 1970 1912 2027 Codiciaco
1938 1954 1990 2021 B
2014 1981 2285 2053 principis
2318 1954 2453 2056 jug},
2512 1981 2662 2050 facti,
2729 1980 3117 2056 gentiumque
3145 1954 3475 2035 ἰηοδίιίιειρ
3508 1954 3642 2048 μέν.

285 2065 371 2120 vel
394 2063 756 2126 Juliaco.nisi
774 2062 1082 2119 Ludovicus
1113 2079 1205 2119 rex
1223 2063 1547 2129 Germaniae,
1567 2063 1663 2135 qui
1690 2063 1914 2135 quando
2017 2074 2170 2142 moti,
2206 2079 2374 2144 prout
2416 2072 2653 2144 quisque
2702 2077 2939 2142 poterat,
2982 2068 3176 2125 efferre
3216 2085 3359 2135 sese,
3411 2077 3641 2122 mutuo-

189 2207 193 2210 .
286 2155 472 2212 fratris
503 2157 589 2211 sui
623 2156 802 2212 Karoli
826 2172 1060 2230 regnum
1100 2155 1363 2227 pervasit,
1407 2155 1463 2209 in
1506 2155 1728 2210 Juliano
1757 2171 1916 2209 man-
2004 2180 2125 2236 Aque
2148 2162 2498 2237 impugnare,
2528 2176 2593 2215 ac
2636 2175 2737 2232 per
2775 2159 3065 2234 contiguos
3096 2174 3267 2232 pagos
3306 2156 3640 2211 debacchari

284 2244 374 2311 sit,
398 2254 454 2300 et
480 2244 608 2300 inde
632 2244 866 2316 turpiter
893 2244 949 2298 in
987 2244 1288 2300 crastinum
1316 2243 1536 2319 fugiens
1565 2251 1693 2299 ante
1734 2244 1912 2315 ipsum
2015 2252 2339 2323 coepissent,
2374 2265 2648 2321 pauperes
2686 2248 2892 2321 quique
2926 2264 3014 2302 res
3032 2264 3160 2303 suas
3188 2246 3243 2300 in
3276 2246 3527 2302 ecclesiis
3546 2263 3640 2301 re-

280 2335 509 2391 fratrem
527 2353 710 2403 suum,
744 2336 831 2391 vix
852 2336 1044 2391 evasit.

356 2429 573 2484 Partem
631 2444 856 2501 quoque
910 2445 1163 2505 magnam
1216 2428 1371 2484 silva:
1413 2428 1471 2484 in
1526 2427 1667 2484 saltu
1696 2428 1907 2502 Vosego

284 2517 481 2573 beatus
526 2518 615 2573 hic
664 2518 843 2577 Pater.
906 2517 1036 2573 dato
1088 2517 1398 2589 comparuit
1443 2517 1661 2588 pretio;
1691 2516 1908 2571 villulas

282 2610 451 2664 etiam
497 2610 762 2682 quasdam
799 2608 934 2663 inibi
965 2609 1318 2665 constituisse
1368 2608 1562 2676 fertur,
1608 2624 1728 2680 quae
1750 2607 1908 2663 Cosla

282 2710 337 2757 et
365 2701 519 2757 Gleni
539 2710 856 2768 vocantur;
910 2700 1231 2773 incolasque
1288 2702 1357 2757 de
1411 2700 1594 2756 vicina
1635 2700 1907 2772 episcopii

281 2789 431 2857 villa,
460 2790 685 2845 nomine
717 2790 918 2855 Berna,
959 2788 1170 2843 dudum
1192 2788 1300 2843 sibi
1345 2805 1375 2843 a
1410 2788 1635 2843 Francis
1665 2789 1813 2857 data,
1849 2788 1907 2842 in

279 2897 373 2935 eas
428 2880 787 2946 transferens,
848 2879 1057 2934 ibidem
1115 2896 1338 2935 manere
1395 2879 1693 2951 disposuit,
1742 2889 1797 2936 et
1846 2887 1908 2936 ut

286 2970 466 3041 picem
492 2972 768 3046 religiosis
796 2970 1080 3026 annuatim
1124 2971 1261 3025 locis
1311 2970 1562 3027 ecclesia;
1616 2971 1905 3026 Remensis

280 3063 750 3129 administrarent,
785 3062 1043 3118 instituit.
1086 3063 1297 3128 Quibus
1344 3071 1399 3119 et
1432 3079 1660 3135 pensam
1685 3063 1899 3131 tribuit,

283 3168 405 3223 quae
425 3150 594 3207 hodie
620 3152 690 3207 ab
723 3152 970 3224 ipsorum
1011 3151 1426 3208 successoribus
1452 3152 1742 3223 accipitur,
1775 3168 1901 3207 cum

2009 2356 2219 2413 ponere
2260 2339 2612 2404 studuerunt,
2645 2338 2800 2393 Unde
2831 2336 3046 2405 confisi,
3081 2336 3346 2392 virtutum
3377 2352 3499 2407 quae
3543 2337 3637 2390 in—

2007 2430 2085 2487 ibi
2109 2431 2339 2497 ﬁebant,
2372 2432 2657 2503 Opinione,
2694 2446 2794 2486 sua
2839 2430 2995 2485 multi
3051 2429 3321 2484 servanda
3353 2429 3405 2483 in
3435 2429 3637 2483 eodem

2009 2521 2260 2577 certatim
2287 2521 2599 2577 recondunt
2643 2519 2904 2575 oratorio.
2937 2517 3241 2573 Audientes
3270 2524 3453 2573 autem
3486 2533 3639 2589 pras-

2009 2614 2187 2671 dones
2223 2616 2328 2670 hoc
2357 2612 2560 2685 Opibus
2592 2612 2895 2668 oratorium
2939 2610 3191 2682 pluribus
3215 2609 3476 2665 refertum
3510 2610 3641 2681 plu-

2010 2703 2298 2770 rimorum,
2332 2719 2426 2758 eas
2454 2702 2507 2757 vi
2540 2702 2779 2773 diripere
2805 2700 3073 2756 nituntur.
3109 2700 3357 2765 Quorum
3390 2701 3637 2772 quodam

2008 2791 2252 2848 obserati
2297 2807 2478 2846 seram
2542 2795 2777 2845 conante
2808 2787 3064 2862 frangere
3122 2788 3269 2854 ostii,
3303 2804 3428 2844 mox
3460 2796 3520 2844 ut
3544 2791 3641 2858 ja-

2008 2901 2174 2940 nuam
2198 2885 2347 2941 calce
2380 2883 2672 2955 percussit,
2722 2882 2905 2937 eidem
2933 2882 3248 2936 cohaerente
3281 2883 3425 2952 pede
3460 2882 3645 2954 ipsius

2004 2972 2172 3040 ostio,
2234 2972 2532 3043 resupinus
2592 2971 2648 3025 in
2705 2976 2906 3025 terram
2973 2979 3339 3040 praesumptor
3404 2972 3632 3026 cecidit.

2005 3062 2158 3128 Quod
2214 3062 2304 3118 alii
2344 3070 2656 3126 cernentes,
2715 3059 3028 3132 aufugiunt.
3072 3061 3196 3131 Ipse
3254 3074 3384 3114 vero
3441 3060 3640 3129 miser,

2004 3162 2239 3230 cogente
2269 3154 2536 3220 cruciatu,
2588 3169 2712 3209 cum
2758 3152 2998 3208 maximo
3052 3168 3184 3207 suos
3215 3151 3425 3219 ejulatu
3464 3152 3641 3223 ccepit

283 3261 393 3315 qua
410 3261 573 3300 suum
593 3260 819 3317 quoque
857 3244 1182 3315 persolvunt
1214 3242 1483 3299 debitum.
1534 3243 1705 3314 Hujus
1733 3244 1900 3300 etiam
1927 3273 1976 3340 Ο
2006 3244 2316 3315 exprimere
2349 3243 2588 3309 dolores,
2624 3250 2679 3298 et
2734 3241 3093 3296 amarissimis
3140 3241 3474 3312 praemittere
3504 3257 3639 3297 cum

282 3349 395 3389 suae
417 3334 788 3404 coemptionis
808 3333 948 3389 fines
969 3335 1044 3389 ita
1075 3350 1175 3404 per
1204 3350 1397 3407 gyrum
1427 3332 1907 3398 determinavit,et

283 3435 343 3480 ut
371 3424 632 3481 omnibus
660 3426 978 3482 videntibus
1017 3434 1201 3497 pateat
1229 3427 1347 3498 ipsa
1391 3426 1798 3492 determinatio,
1851 3433 1906 3481 et

287 3514 554 3569 hactenus
583 3513 687 3585 ipsi
721 3514 860 3569 fines
892 3514 960 3569 ab
989 3531 1055 3570 eo
1089 3515 1331 3571 denotati
1366 3516 1589 3570 nomine
1622 3524 1785 3571 tenus
1817 3531 1908 3571 vo-

283 3604 525 3660 citentur
540 3611 595 3659 et
614 3604 987 3677 assignentur.
1026 3605 1086 3658 In
1111 3604 1320 3675 quibus
1341 3603 1906 3663 determinationibus

282 3691 717 3767 lignicujusdam
747 3708 1012 3749 concavo.
1040 3710 1209 3749 manu
1240 3711 1341 3749 sua
1363 3704 1575 3766 petram
1599 3694 1905 3764 conjecisse

281 3784 557 3839 traditur:
600 3802 764 3857 quam
825 3785 1141 3857 quicunque
1197 3786 1478 3841 voluerint
1536 3793 1902 3853 contrectare,

281 3890 503 3928 manum
532 3873 587 3928 in
648 3874 822 3945 ipsam
856 3890 1146 3930 cavernam
1189 3875 1373 3931 valent
1405 3872 1630 3940 inferre,
1663 3875 1903 3947 lapidem

281 3963 597 4031 devolvere,
627 3964 724 4018 sed
779 3963 849 4019 ab
905 3964 1099 4019 eadem
1157 3965 1501 4020 concavitate
1553 3964 1705 4019 nullo
1738 3964 1903 4021 modo

281 4065 495 4127 queunt
533 4055 790 4112 educere.
842 4055 969 4111 Post
997 4056 1184 4127 aliqua
1234 4071 1364 4112 vero
1406 4063 1654 4128 tempora
1676 4056 1903 4127 quidam

280 4148 426 4204 beati
456 4148 557 4204 viri
587 4148 847 4204 laudibus
873 4148 1148 4216 invidens,
1184 4149 1358 4220 ipsam
1398 4166 1565 4205 manu
1596 4157 1808 4221 petram
1832 4150 1901 4204 de

280 4237 429 4311 ligno
452 4237 607 4293 nisus
626 4247 709 4293 est
769 4237 1007 4293 evellere
1038 4256 1052 4304 ;
1085 4238 1234 4309 quod
1272 4237 1495 4308 explere
1544 4254 1655 4293 non
1689 4237 1899 4307 valens,

279 4327 458 4398 ipsum
477 4326 659 4382 securi
689 4326 938 4382 foramen
964 4326 1195 4383 tentavit
1220 4327 1512 4399 ampliare.
1543 4328 1651 4382 Sed
1683 4328 1901 4384 elevato

278 4414 424 4471 ferro
485 4426 543 4472 ut
607 4416 863 4471 arborem
922 4423 1256 4487 percuteret,
1324 4416 1565 4473 arefacta
1604 4433 1732 4473 mox
1784 4416 1899 4487 jam

276 4506 520 4576 dextera,
579 4524 742 4581 quam
804 4508 1117 4580 procaciter
1181 4507 1394 4569 extulit.
1465 4509 1644 4580 ipsum
1694 4508 1812 4581 [ms.
1855 4512 1896 4577 i,

280 4599 415 4669 ipse]
442 4615 665 4671 quoque
697 4600 884 4656 lumen
916 4601 1203 4656 oculorum
1235 4601 1440 4668 amisit,
1468 4608 1524 4656 et
1574 4601 1666 4673 qui
1696 4600 1896 4657 famam

275 4690 449 4745 sancti
479 4691 653 4747 Patris
681 4692 847 4762 hujus
867 4692 1223 4767 exstinguere
1253 4693 1450 4756 voluit,
1482 4693 1897 4750 venerationem

279 4779 458 4834 laudis
487 4780 710 4836 adauxit
741 4781 964 4837 invitus.

347 4872 510 4927 Istius
531 4883 743 4943 partem
766 4873 917 4928 silva:
950 4874 1112 4941 hujus
1154 4874 1281 4928 almi
1333 4874 1549 4944 patroni
1583 4873 1753 4929 nostri
1783 4880 1901 4928 stu-

273 4960 383 5016 diis
412 4970 633 5033 emptae,
668 4963 779 5018 duo
810 4963 1035 5035 quidam
1053 4961 1247 5018 fratres
1268 4963 1524 5018 custodes
1555 4964 1691 5036 regii
1730 4964 1899 5019 saltus

273 5054 624 5119 invadentes,
658 5053 983 5109 asserebant
1010 5055 1160 5125 quod
1189 5055 1370 5125 potius
1399 5054 1466 5108 ad
1497 5052 1688 5110 fiscum
1731 5072 1896 5127 quam

274 5145 342 5199 ad
384 5146 477 5213 jus
517 5146 572 5202 S.
608 5145 842 5220 Remigii
902 5146 1227 5216 pertineret.
1287 5144 1497 5200 Accidit
1542 5154 1724 5201 autem
1768 5147 1898 5201 dum

275 5238 557 5307 quondam
586 5255 707 5292 cum
744 5237 940 5293 incolis
962 5237 1211 5292 ecclesia:
1240 5236 1529 5292 Remensis
1549 5237 1747 5293 ditioni
1771 5237 1898 5293 sub-

272 5328 425 5394 ditis,
456 5328 528 5382 ob
561 5328 617 5382 id
639 5330 1064 5399 altercarentur,
1097 5337 1159 5385 ut
1184 5346 1329 5385 unus
1356 5345 1545 5385 eorum
1579 5330 1813 5385 veniens
1827 5331 1894 5386 ad

271 5430 469 5486 porcos
483 5431 633 5483 suos,
654 5433 793 5487 quos
833 5417 887 5472 in
907 5418 1158 5473 eamdem
1185 5418 1378 5473 silvam
1410 5425 1624 5489 pastum
1646 5420 1893 5488 miserat,

267 5506 462 5577 lupum
493 5505 639 5561 inter
668 5523 766 5563 eos
800 5506 1115 5564 inveniret:
1158 5526 1324 5580 quem
1355 5526 1588 5566 ascenso
1621 5526 1767 5582 equo
1797 5527 1893 5567 ce-

267 5594 459 5649 leriter
484 5593 793 5661 insecutus,
824 5612 1065 5668 eumque
1114 5606 1401 5668 percutere
1465 5599 1711 5669 molitus,
1745 5615 1890 5672 equo

266 5679 556 5753 pavefacta
578 5689 744 5751 caput
785 5682 853 5736 ad
877 5685 1172 5755 quamdam
1200 5686 1401 5741 collisit
1421 5687 1703 5760 arborem,
1740 5704 1898 5744 cere-

2006 3333 2282 3406 lacrymis,
2313 3333 2443 3406 quia
2468 3332 2513 3387 si
2539 3333 2685 3387 Deus
2715 3348 2817 3403 per
2840 3331 3038 3387 merita
3064 3332 3130 3385 S.
3166 3331 3401 3405 Remigii
3431 3332 3637 3403 pedem

2008 3426 2186 3497 ipsius
2222 3425 2292 3480 ab
2322 3426 2423 3481 hac
2453 3426 2723 3496 compede
2764 3424 3023 3491 solveret,
3056 3424 3289 3479 ulterius
3319 3440 3637 3496 nunquam,

2005 3515 2091 3571 vel
2118 3515 2186 3570 de
2214 3515 2325 3580 illa,
2358 3514 2442 3568 vel
2498 3514 2568 3568 de
2618 3513 2867 3584 qualibet
2892 3512 3100 3585 aliquid
3135 3513 3368 3568 ecclesia
3393 3514 3640 3582 tolleret,

2006 3614 2102 3662 aut
2133 3606 2560 3677 tolli,quantum
2590 3621 2657 3661 ex
2692 3605 2810 3676 ipso
2842 3612 3009 3671 esset,
3060 3605 3172 3660 ullo
3199 3606 3363 3661 modo
3393 3613 3644 3661 conSen-

2007 3700 2157 3755 tiret.
2193 3698 2476 3754 Caballum
2511 3713 2734 3770 quoque
2765 3713 2925 3752 suum
2954 3713 3075 3753 cum
3108 3698 3264 3767 sella,
3298 3706 3353 3752 et
3374 3698 3478 3752 alia
3509 3714 3640 3769 qum

2007 3788 2186 3861 potuit
2230 3788 2300 3842 ad
2330 3786 2584 3841 eamdem
2634 3786 2861 3842 donavit
2890 3787 3206 3842 ecclesiam.
3270 3786 3471 3858 Sicque
3504 3796 3639 3857 post

2005 3877 2436 3944 confessionem,
2471 3880 2739 3950 lacrymas
2769 3884 2824 3933 et
2843 3885 3053 3945 votum,
3078 3893 3179 3949 pes
3209 3877 3331 3947 ejus
3360 3878 3427 3933 ab
3461 3878 3632 3946 ostio,

2005 3969 2092 4026 cui
2122 3969 2452 4037 adhmserat,
2485 3976 2569 4025 est
2590 3968 2823 4025 solutus.
2860 3968 3247 4023 Verumtamen
3266 3982 3331 4022 eo
3367 3975 3632 4038 postmo-

2005 4059 2137 4114 dum
2176 4059 2319 4131 pede
2347 4058 2579 4114 claudus
2610 4057 2938 4130 permansit,
2961 4057 3092 4112 dum
3125 4072 3282 4113 crure
3301 4055 3635 4128 femoreque

2005 4158 2506 4232 computrescente,
2523 4158 2699 4208 morte
2722 4151 2981 4207 decessit.

2076 4240 2304 4306 Quando
2331 4247 2444 4296 tres
2474 4238 2673 4296 fratres
2714 4240 3024 4306 Lotharius,
3076 4239 3403 4305 Ludovicus,
3437 4246 3491 4294 et
3522 4238 3635 4295 Ka-

2006 4330 2156 4386 rolus
2181 4346 2414 4405 regnum
2445 4329 2553 4385 sibi
2580 4330 2913 4386 Francorum
2943 4336 3068 4400 post
3100 4329 3269 4401 patris
3300 4329 3512 4384 obitum
3535 4330 3634 4385 di-

2002 4420 2206 4488 visere,
2246 4421 2374 4477 villa
2403 4420 2675 4492 episcOpii
2708 4419 3019 4484 Remensis,
3052 4417 3199 4491 quod
3242 4418 3468 4474 tenebat
3494 4419 3632 4475 Ful-

1958 4546 1971 4555 ε
2002 4526 2067 4566 co
2099 4510 2408 4582 presbyter,
2456 4509 2689 4565 Karolus
2720 4508 2837 4564 suis
2887 4506 3169 4563 distribuit
3215 4507 3490 4562 militibus
3548 4507 3632 4563 Ex

2002 4603 2204 4674 quibus
2240 4602 2427 4658 villam
2455 4601 2727 4658 Juliacum
2759 4601 2975 4657 cuidam
3008 4599 3236 4656 Ricuino
3250 4600 3421 4655 dedit.
3453 4598 3632 4668 Cujus

2000 4707 2139 4747 uxor
2194 4690 2419 4747 nomine
2480 4691 2638 4746 Berta
2672 4691 2735 4762 [c.
2793 4693 2833 4758 i,
2894 4689 3106 4761 Beuta],
3139 4688 3270 4745 dum
3332 4690 3385 4744 in
3446 4688 3631 4760 ipsius

1999 4779 2139 4836 villa:
2171 4779 2429 4838 cubiculo
2478 4781 2709 4850 jaceret,
2765 4780 2917 4835 venit
2948 4780 3014 4835 ad
3072 4796 3193 4836 eam
3224 4781 3278 4836 S.
3342 4780 3632 4853 Remigius

2000 4869 2057 4924 in
2086 4869 2300 4926 somnis
2338 4868 2531 4925 dicens
2560 4889 2576 4924 :
2605 4871 2725 4927 Non
2753 4874 2832 4925 est
2861 4872 2962 4925 iste
3004 4869 3147 4927 locus
3187 4873 3312 4925 tuus
3334 4868 3408 4924 ad
3429 4869 3633 4938 jacen-

1999 4962 2145 5015 dum.
2185 4962 2413 5016 Alterius
2442 4963 2624 5015 meriti
2637 4965 2686 5015 et
2707 4963 2880 5031 ofﬁcii
2897 4961 3049 5017 debet
3060 4976 3185 5025 esse,
3220 4963 3318 5032 qui
3349 4962 3488 5015 hanc
3516 4963 3634 5016 vil-

2000 5053 2110 5109 lam
2140 5054 2351 5119 habere,
2385 5058 2435 5108 et
2481 5056 2541 5107 in
2589 5053 2685 5109 hoc
2715 5054 2958 5108 cubiculo
3015 5054 3167 5109 debet
3209 5054 3411 5124 jacere.
3450 5054 3632 5121 Surge

2000 5148 2340 5215 quantocius,
2401 5152 2450 5201 et
2484 5149 2612 5202 hinc
2660 5147 2901 5203 abscede.
2937 5146 3092 5211 Quod
3126 5145 3217 5200 illa
3248 5144 3627 5217 parvipendit,

2001 5239 2378 5309 putansinane
2410 5255 2469 5294 se
2500 5240 2678 5295 visum
2709 5240 2917 5296 videre.
2948 5241 3152 5295 lterum
3193 5254 3417 5311 quoque
3446 5256 3630 5311 appa-

1999 5332 2108 5387 ruit
2146 5331 2197 5387 ei
2247 5339 2472 5387 sanctus
2504 5332 2748 5402 Domini,
2780 5333 2970 5387 dicens
3001 5349 3014 5386 :
3048 5334 3158 5389 Cur
3199 5332 3324 5386 hinc
3354 5348 3460 5385 non
3491 5334 3626 5388 abs-

1994 5423 2223 5489 cessisti,
2256 5424 2397 5477 sicut
2425 5422 2526 5477 tibi
2547 5424 2786 5492 prmaepi
2814 5424 2842 5475 7
2875 5423 3006 5477 Vide
3054 5437 3120 5475 ne
3156 5421 3243 5476 hic
3272 5422 3505 5490 amplius
3531 5426 3631 5477 in-

1995 5516 2229 5569 veniam.
2266 5514 2419 5579 Quod
2453 5514 2573 5585 ipsa
2600 5530 2699 5569 ceu
2733 5514 2904 5585 prius,
2938 5513 3104 5569 etiam
3138 5530 3282 5569 nunc
3320 5529 3421 5584 pro
3443 5514 3629 5573 nihilo

1997 5604 2171 5660 duxit.
2206 5603 2390 5660 Tertio
2412 5604 2563 5659 venit
2591 5602 2659 5658 ad
2708 5604 2960 5659 eamdem
3006 5603 3363 5659 beatissimus
3394 5607 3625 5676 praesul,

1998 5696 2055 5746 et
2085 5691 2221 5747 dixit
2248 5709 2260 5747 :
2295 5695 2484 5748 Nonne
2512 5693 2635 5762 jam
2672 5694 2830 5749 semel
2860 5698 2909 5747 et
2956 5695 3187 5749 secundo
3226 5694 3329 5748 tibi
3357 5694 3533 5761 jussi,
3562 5702 3631 5750 ut
