  <div class='ocr_page' id='page_1' title='image "/cluster/home/n/w/nwhite01/storage/ocr_20150623/134-135/uc1.31175013627537/556.png"; bbox 0 0 3884 6402; ppageno 0'>
   <div class='ocr_carea' id='block_1_1' title="bbox 230 377 3583 449">
    <p class='ocr_par' dir='ltr' id='par_1_1' title="bbox 230 377 3583 449">
     <span class='ocr_line' id='line_1_1' title="bbox 230 377 3583 449; baseline 0.004 -17"><span class='ocrx_word' id='word_1_1' title='bbox 230 377 299 433; x_wconf 90' lang='lat'><strong>73</strong></span> <span class='ocrx_word' id='word_1_2' title='bbox 900 379 1230 435; x_wconf 72' lang='lat' dir='ltr'><strong>HISTORI/E</strong></span> <span class='ocrx_word' id='word_1_3' title='bbox 1271 382 1601 438; x_wconf 74' lang='lat' dir='ltr'><strong>ECCLESUE</strong></span> <span class='ocrx_word' id='word_1_4' title='bbox 1642 383 1971 440; x_wconf 82' lang='lat' dir='ltr'><strong>REMENSIS</strong></span> <span class='ocrx_word' id='word_1_5' title='bbox 2014 385 2187 439; x_wconf 83' lang='lat' dir='ltr'><strong>LIBRI</strong></span> <span class='ocrx_word' id='word_1_6' title='bbox 2231 385 2559 449; x_wconf 79' lang='lat' dir='ltr'><strong>QUATUOR.</strong></span> <span class='ocrx_word' id='word_1_7' title='bbox 2593 417 2659 425; x_wconf 87' lang='lat'><strong>—~</strong></span> <span class='ocrx_word' id='word_1_8' title='bbox 2703 386 2825 440; x_wconf 84' lang='lat' dir='ltr'><strong>LIB.</strong></span> <span class='ocrx_word' id='word_1_9' title='bbox 2870 387 2908 440; x_wconf 88' lang='grc' dir='ltr'><strong>Ι.</strong></span> <span class='ocrx_word' id='word_1_10' title='bbox 3511 393 3583 445; x_wconf 73' lang='lat' dir='ltr'><strong>7t</strong></span> 
     </span>
    </p>
   </div>
   <div class='ocr_carea' id='block_1_2' title="bbox 164 478 179 497">
    <p class='ocr_par' dir='ltr' id='par_1_2' title="bbox 164 478 179 497">
     <span class='ocr_line' id='line_1_2' title="bbox 164 478 179 497; baseline 0 0"><span class='ocrx_word' id='word_1_11' title='bbox 164 478 179 497; x_wconf 83' lang='lat'><strong><em>\</em></strong></span> 
     </span>
    </p>
   </div>
   <div class='ocr_carea' id='block_1_3' title="bbox 186 508 3585 591">
    <p class='ocr_par' dir='ltr' id='par_1_3' title="bbox 186 508 3585 591">
     <span class='ocr_line' id='line_1_3' title="bbox 186 508 3585 591; baseline 0.005 -31"><span class='ocrx_word' id='word_1_12' title='bbox 186 511 191 515; x_wconf 82' lang='grc'><em>’</em></span> <span class='ocrx_word' id='word_1_13' title='bbox 226 508 357 561; x_wconf 74' lang='lat' dir='ltr'><strong>hinc</strong></span> <span class='ocrx_word' id='word_1_14' title='bbox 380 508 688 562; x_wconf 83' lang='lat' dir='ltr'><strong>abscederes</strong></span> <span class='ocrx_word' id='word_1_15' title='bbox 709 510 738 561; x_wconf 72' lang='grc' dir='ltr'><strong>ἵ)</strong></span> <span class='ocrx_word' id='word_1_16' title='bbox 765 508 872 563; x_wconf 85' lang='lat' dir='ltr'><strong>Sed</strong></span> <span class='ocrx_word' id='word_1_17' title='bbox 901 512 1037 578; x_wconf 73' lang='lat' dir='ltr'><strong>quia</strong></span> <span class='ocrx_word' id='word_1_18' title='bbox 1056 525 1280 579; x_wconf 83' lang='lat' dir='ltr'><strong>pergere</strong></span> <span class='ocrx_word' id='word_1_19' title='bbox 1305 516 1692 583; x_wconf 82' lang='lat' dir='ltr'><strong>contempsisti,</strong></span> <span class='ocrx_word' id='word_1_20' title='bbox 1715 515 1854 567; x_wconf 83' lang='lat' dir='ltr'><strong>alio-</strong></span> <span class='ocrx_word' id='word_1_21' title='bbox 1880 518 1930 586; x_wconf 85' lang='grc' dir='ltr'>Α</span> <span class='ocrx_word' id='word_1_22' title='bbox 1949 513 2206 584; x_wconf 83' lang='lat' dir='ltr'><strong>ﬁscalini,</strong></span> <span class='ocrx_word' id='word_1_23' title='bbox 2236 524 2448 572; x_wconf 90' lang='lat' dir='ltr'><strong>terrore</strong></span> <span class='ocrx_word' id='word_1_24' title='bbox 2465 516 2728 587; x_wconf 85' lang='lat' dir='ltr'><strong>perculsi,</strong></span> <span class='ocrx_word' id='word_1_25' title='bbox 2754 516 2945 571; x_wconf 85' lang='lat' dir='ltr'><strong>mortis</strong></span> <span class='ocrx_word' id='word_1_26' title='bbox 2975 517 3269 573; x_wconf 83' lang='lat' dir='ltr'><strong>imminere</strong></span> <span class='ocrx_word' id='word_1_27' title='bbox 3297 519 3405 575; x_wconf 90' lang='lat' dir='ltr'><strong>sibi</strong></span> <span class='ocrx_word' id='word_1_28' title='bbox 3434 522 3585 591; x_wconf 91' lang='lat' dir='ltr'><strong>peri-</strong></span> 
     </span>
    </p>
   </div>
   <div class='ocr_carea' id='block_1_4' title="bbox 227 599 1852 678">
    <p class='ocr_par' dir='ltr' id='par_1_4' title="bbox 227 599 1852 678">
     <span class='ocr_line' id='line_1_4' title="bbox 227 599 1852 678; baseline 0.004 -25"><span class='ocrx_word' id='word_1_29' title='bbox 227 614 353 653; x_wconf 83' lang='lat' dir='ltr'><strong>rum</strong></span> <span class='ocrx_word' id='word_1_30' title='bbox 382 599 757 669; x_wconf 74' lang='lat' dir='ltr'><strong>deportatione</strong></span> <span class='ocrx_word' id='word_1_31' title='bbox 807 601 1068 656; x_wconf 80' lang='lat' dir='ltr'><strong>discedes.</strong></span> <span class='ocrx_word' id='word_1_32' title='bbox 1107 603 1171 658; x_wconf 88' lang='lat' dir='ltr'><strong>Et</strong></span> <span class='ocrx_word' id='word_1_33' title='bbox 1201 606 1473 674; x_wconf 91' lang='lat' dir='ltr'><strong>percussit</strong></span> <span class='ocrx_word' id='word_1_34' title='bbox 1508 605 1655 660; x_wconf 84' lang='lat' dir='ltr'><strong>illam</strong></span> <span class='ocrx_word' id='word_1_35' title='bbox 1703 605 1852 678; x_wconf 89' lang='lat' dir='ltr'><strong>virga</strong></span> 
     </span>
    </p>
   </div>
   <div class='ocr_carea' id='block_1_5' title="bbox 228 692 1852 766">
    <p class='ocr_par' dir='ltr' id='par_1_5' title="bbox 228 692 1852 766">
     <span class='ocr_line' id='line_1_5' title="bbox 228 692 1852 766; baseline 0.004 -20"><span class='ocrx_word' id='word_1_36' title='bbox 228 707 399 763; x_wconf 87' lang='lat' dir='ltr'><strong>quam</strong></span> <span class='ocrx_word' id='word_1_37' title='bbox 438 692 666 747; x_wconf 89' lang='lat' dir='ltr'><strong>tenebat</strong></span> <span class='ocrx_word' id='word_1_38' title='bbox 698 692 755 746; x_wconf 91' lang='lat' dir='ltr'><strong>in</strong></span> <span class='ocrx_word' id='word_1_39' title='bbox 785 709 970 748; x_wconf 53' lang='lat' dir='ltr'><strong>manu.</strong></span> <span class='ocrx_word' id='word_1_40' title='bbox 1008 710 1132 766; x_wconf 72' lang='lat' dir='ltr'><strong>quae</strong></span> <span class='ocrx_word' id='word_1_41' title='bbox 1165 711 1289 751; x_wconf 92' lang='lat' dir='ltr'><strong>mox</strong></span> <span class='ocrx_word' id='word_1_42' title='bbox 1322 697 1378 751; x_wconf 91' lang='lat' dir='ltr'><strong>in</strong></span> <span class='ocrx_word' id='word_1_43' title='bbox 1410 698 1708 752; x_wconf 89' lang='lat' dir='ltr'><strong>maximum</strong></span> <span class='ocrx_word' id='word_1_44' title='bbox 1738 705 1852 752; x_wconf 89' lang='lat' dir='ltr'><strong>toto</strong></span> 
     </span>
    </p>
   </div>
   <div class='ocr_carea' id='block_1_6' title="bbox 225 784 1853 858">
    <p class='ocr_par' dir='ltr' id='par_1_6' title="bbox 225 784 1853 858">
     <span class='ocr_line' id='line_1_6' title="bbox 225 784 1853 858; baseline 0.004 -23"><span class='ocrx_word' id='word_1_45' title='bbox 225 796 465 853; x_wconf 86' lang='lat' dir='ltr'><strong>corpore</strong></span> <span class='ocrx_word' id='word_1_46' title='bbox 491 797 761 838; x_wconf 88' lang='lat' dir='ltr'><strong>conversa</strong></span> <span class='ocrx_word' id='word_1_47' title='bbox 792 786 1087 849; x_wconf 83' lang='lat' dir='ltr'><strong>tumorem,</strong></span> <span class='ocrx_word' id='word_1_48' title='bbox 1128 784 1248 840; x_wconf 87' lang='lat' dir='ltr'><strong>viro</strong></span> <span class='ocrx_word' id='word_1_49' title='bbox 1278 802 1399 850; x_wconf 87' lang='lat' dir='ltr'><strong>suo,</strong></span> <span class='ocrx_word' id='word_1_50' title='bbox 1434 788 1582 858; x_wconf 90' lang='lat' dir='ltr'><strong>quod</strong></span> <span class='ocrx_word' id='word_1_51' title='bbox 1622 787 1853 856; x_wconf 81' lang='lat' dir='ltr'><strong>viderat,</strong></span> 
     </span>
    </p>
   </div>
   <div class='ocr_carea' id='block_1_7' title="bbox 227 870 1857 945">
    <p class='ocr_par' dir='ltr' id='par_1_7' title="bbox 227 870 1857 945">
     <span class='ocr_line' id='line_1_7' title="bbox 227 870 1857 945; baseline 0.004 -19"><span class='ocrx_word' id='word_1_52' title='bbox 227 870 468 943; x_wconf 87' lang='lat' dir='ltr'><strong>aliisque</strong></span> <span class='ocrx_word' id='word_1_53' title='bbox 488 871 774 927; x_wconf 86' lang='lat' dir='ltr'><strong>nonnullis</strong></span> <span class='ocrx_word' id='word_1_54' title='bbox 789 872 951 939; x_wconf 91' lang='lat' dir='ltr'><strong>dixit,</strong></span> <span class='ocrx_word' id='word_1_55' title='bbox 972 882 1027 928; x_wconf 89' lang='lat' dir='ltr'><strong>et</strong></span> <span class='ocrx_word' id='word_1_56' title='bbox 1055 890 1157 944; x_wconf 89' lang='lat' dir='ltr'><strong>per</strong></span> <span class='ocrx_word' id='word_1_57' title='bbox 1179 873 1392 945; x_wconf 89' lang='lat' dir='ltr'><strong>aliquot</strong></span> <span class='ocrx_word' id='word_1_58' title='bbox 1421 877 1543 931; x_wconf 90' lang='lat' dir='ltr'><strong>dies</strong></span> <span class='ocrx_word' id='word_1_59' title='bbox 1563 878 1857 933; x_wconf 87' lang='lat' dir='ltr'><strong>severissi-</strong></span> 
     </span>
    </p>
   </div>
   <div class='ocr_carea' id='block_1_8' title="bbox 229 957 1854 1034">
    <p class='ocr_par' dir='ltr' id='par_1_8' title="bbox 229 957 1854 1034">
     <span class='ocr_line' id='line_1_8' title="bbox 229 957 1854 1034; baseline 0.002 -18"><span class='ocrx_word' id='word_1_60' title='bbox 229 977 322 1017; x_wconf 89' lang='lat' dir='ltr'><strong>me</strong></span> <span class='ocrx_word' id='word_1_61' title='bbox 361 961 811 1028; x_wconf 89' lang='lat' dir='ltr'><strong>cruciata,vitam</strong></span> <span class='ocrx_word' id='word_1_62' title='bbox 852 957 1049 1016; x_wconf 81' lang='lat' dir='ltr'><strong>ﬁnivit.</strong></span> <span class='ocrx_word' id='word_1_63' title='bbox 1086 962 1251 1031; x_wconf 89' lang='lat' dir='ltr'><strong>Cujus</strong></span> <span class='ocrx_word' id='word_1_64' title='bbox 1303 979 1507 1034; x_wconf 89' lang='lat' dir='ltr'><strong>corpus</strong></span> <span class='ocrx_word' id='word_1_65' title='bbox 1535 966 1618 1019; x_wconf 88' lang='lat' dir='ltr'><strong>vir</strong></span> <span class='ocrx_word' id='word_1_66' title='bbox 1647 966 1768 1033; x_wconf 89' lang='lat' dir='ltr'><strong>ejus</strong></span> <span class='ocrx_word' id='word_1_67' title='bbox 1798 966 1854 1020; x_wconf 91' lang='lat' dir='ltr'><strong>in</strong></span> 
     </span>
    </p>
   </div>
   <div class='ocr_carea' id='block_1_9' title="bbox 229 1050 1856 1129">
    <p class='ocr_par' dir='ltr' id='par_1_9' title="bbox 229 1050 1856 1129">
     <span class='ocr_line' id='line_1_9' title="bbox 229 1050 1856 1129; baseline 0 -21"><span class='ocrx_word' id='word_1_68' title='bbox 229 1051 468 1108; x_wconf 87' lang='lat' dir='ltr'><strong>ecclesia</strong></span> <span class='ocrx_word' id='word_1_69' title='bbox 492 1051 547 1106; x_wconf 92' lang='lat' dir='ltr'><strong>S.</strong></span> <span class='ocrx_word' id='word_1_70' title='bbox 582 1050 817 1121; x_wconf 77' lang='lat' dir='ltr'><strong>Remigii</strong></span> <span class='ocrx_word' id='word_1_71' title='bbox 848 1050 1152 1120; x_wconf 90' lang='lat' dir='ltr'><strong>deportari,</strong></span> <span class='ocrx_word' id='word_1_72' title='bbox 1185 1060 1239 1106; x_wconf 93' lang='lat' dir='ltr'><strong>et</strong></span> <span class='ocrx_word' id='word_1_73' title='bbox 1267 1052 1472 1129; x_wconf 85' lang='lat' dir='ltr'><strong>ibidem</strong></span> <span class='ocrx_word' id='word_1_74' title='bbox 1506 1055 1732 1124; x_wconf 87' lang='lat' dir='ltr'><strong>sepeliri</strong></span> <span class='ocrx_word' id='word_1_75' title='bbox 1775 1054 1856 1109; x_wconf 93' lang='lat' dir='ltr'><strong>fe-</strong></span> 
     </span>
    </p>
   </div>
   <div class='ocr_carea' id='block_1_10' title="bbox 229 1142 1856 1213">
    <p class='ocr_par' dir='ltr' id='par_1_10' title="bbox 229 1142 1856 1213">
     <span class='ocr_line' id='line_1_10' title="bbox 229 1142 1856 1213; baseline -0.001 -13"><span class='ocrx_word' id='word_1_76' title='bbox 229 1145 326 1200; x_wconf 90' lang='lat' dir='ltr'><strong>cit.</strong></span> <span class='ocrx_word' id='word_1_77' title='bbox 357 1144 512 1209; x_wconf 83' lang='lat' dir='ltr'><strong>Quod</strong></span> <span class='ocrx_word' id='word_1_78' title='bbox 567 1150 754 1199; x_wconf 90' lang='lat' dir='ltr'><strong>autem</strong></span> <span class='ocrx_word' id='word_1_79' title='bbox 785 1142 950 1197; x_wconf 92' lang='lat' dir='ltr'><strong>funus</strong></span> <span class='ocrx_word' id='word_1_80' title='bbox 989 1142 1163 1213; x_wconf 88' lang='lat' dir='ltr'><strong>ipsius</strong></span> <span class='ocrx_word' id='word_1_81' title='bbox 1207 1143 1262 1197; x_wconf 92' lang='lat' dir='ltr'><strong>in</strong></span> <span class='ocrx_word' id='word_1_82' title='bbox 1294 1145 1527 1199; x_wconf 85' lang='lat' dir='ltr'><strong>ecclesia</strong></span> <span class='ocrx_word' id='word_1_83' title='bbox 1564 1162 1662 1200; x_wconf 92' lang='lat' dir='ltr'><strong>sua</strong></span> <span class='ocrx_word' id='word_1_84' title='bbox 1696 1146 1856 1201; x_wconf 90' lang='lat' dir='ltr'><strong>Pater</strong></span> 
     </span>
    </p>
   </div>
   <div class='ocr_carea' id='block_1_11' title="bbox 228 1235 1854 1310">
    <p class='ocr_par' dir='ltr' id='par_1_11' title="bbox 228 1235 1854 1310">
     <span class='ocr_line' id='line_1_11' title="bbox 228 1235 1854 1310; baseline 0.001 -19"><span class='ocrx_word' id='word_1_85' title='bbox 228 1237 326 1293; x_wconf 90' lang='lat' dir='ltr'><strong>hic</strong></span> <span class='ocrx_word' id='word_1_86' title='bbox 361 1237 540 1291; x_wconf 86' lang='lat' dir='ltr'><strong>almus</strong></span> <span class='ocrx_word' id='word_1_87' title='bbox 586 1235 883 1306; x_wconf 80' lang='lat' dir='ltr'><strong>receperit,</strong></span> <span class='ocrx_word' id='word_1_88' title='bbox 944 1250 1054 1290; x_wconf 90' lang='lat' dir='ltr'><strong>non</strong></span> <span class='ocrx_word' id='word_1_89' title='bbox 1107 1236 1247 1291; x_wconf 88' lang='lat' dir='ltr'><strong>adeo</strong></span> <span class='ocrx_word' id='word_1_90' title='bbox 1283 1237 1593 1301; x_wconf 76' lang='lat' dir='ltr'><strong>mirabitur,</strong></span> <span class='ocrx_word' id='word_1_91' title='bbox 1626 1238 1672 1292; x_wconf 91' lang='lat' dir='ltr'><strong>si</strong></span> <span class='ocrx_word' id='word_1_92' title='bbox 1726 1238 1854 1310; x_wconf 87' lang='lat' dir='ltr'><strong>quis</strong></span> 
     </span>
    </p>
   </div>
   <div class='ocr_carea' id='block_1_12' title="bbox 227 1327 1855 1402">
    <p class='ocr_par' dir='ltr' id='par_1_12' title="bbox 227 1327 1855 1402">
     <span class='ocr_line' id='line_1_12' title="bbox 227 1327 1855 1402; baseline 0.002 -19"><span class='ocrx_word' id='word_1_93' title='bbox 227 1328 403 1402; x_wconf 80' lang='lat' dir='ltr'><strong>digne</strong></span> <span class='ocrx_word' id='word_1_94' title='bbox 431 1328 791 1400; x_wconf 88' lang='lat' dir='ltr'><strong>perpenderit</strong></span> <span class='ocrx_word' id='word_1_95' title='bbox 818 1327 1406 1399; x_wconf 88' lang='lat' dir='ltr'><strong>quasanctivindictas</strong></span> <span class='ocrx_word' id='word_1_96' title='bbox 1436 1329 1492 1383; x_wconf 92' lang='lat' dir='ltr'><strong>in</strong></span> <span class='ocrx_word' id='word_1_97' title='bbox 1515 1329 1855 1401; x_wconf 88' lang='lat' dir='ltr'><strong>delinquen—</strong></span> 
     </span>
    </p>
   </div>
   <div class='ocr_carea' id='block_1_13' title="bbox 229 1416 1855 1490">
    <p class='ocr_par' dir='ltr' id='par_1_13' title="bbox 229 1416 1855 1490">
     <span class='ocr_line' id='line_1_13' title="bbox 229 1416 1855 1490; baseline 0.001 -17"><span class='ocrx_word' id='word_1_98' title='bbox 229 1425 319 1473; x_wconf 85' lang='lat' dir='ltr'><strong>tes</strong></span> <span class='ocrx_word' id='word_1_99' title='bbox 338 1433 597 1473; x_wconf 75' lang='lat' dir='ltr'><strong>exercere</strong></span> <span class='ocrx_word' id='word_1_100' title='bbox 627 1417 845 1473; x_wconf 87' lang='lat' dir='ltr'><strong>soleant</strong></span> <span class='ocrx_word' id='word_1_101' title='bbox 884 1416 1227 1471; x_wconf 86' lang='lat' dir='ltr'><strong>intentione:</strong></span> <span class='ocrx_word' id='word_1_102' title='bbox 1257 1417 1517 1473; x_wconf 86' lang='lat' dir='ltr'><strong>videlicet</strong></span> <span class='ocrx_word' id='word_1_103' title='bbox 1544 1425 1623 1483; x_wconf 90' lang='lat' dir='ltr'><strong>ut,</strong></span> <span class='ocrx_word' id='word_1_104' title='bbox 1658 1420 1703 1474; x_wconf 91' lang='lat' dir='ltr'><strong>si</strong></span> <span class='ocrx_word' id='word_1_105' title='bbox 1736 1436 1855 1490; x_wconf 90' lang='lat' dir='ltr'><strong>poe-</strong></span> 
     </span>
    </p>
   </div>
   <div class='ocr_carea' id='block_1_14' title="bbox 229 1509 1855 1585">
    <p class='ocr_par' dir='ltr' id='par_1_14' title="bbox 229 1509 1855 1585">
     <span class='ocr_line' id='line_1_14' title="bbox 229 1509 1855 1585; baseline 0.001 -21"><span class='ocrx_word' id='word_1_106' title='bbox 229 1510 524 1577; x_wconf 89' lang='lat' dir='ltr'><strong>uituerint,</strong></span> <span class='ocrx_word' id='word_1_107' title='bbox 570 1510 660 1564; x_wconf 79' lang='lat' dir='ltr'><strong>hic</strong></span> <span class='ocrx_word' id='word_1_108' title='bbox 724 1509 996 1579; x_wconf 81' lang='lat' dir='ltr'><strong>recipiant</strong></span> <span class='ocrx_word' id='word_1_109' title='bbox 1044 1509 1195 1579; x_wconf 90' lang='lat' dir='ltr'><strong>quod</strong></span> <span class='ocrx_word' id='word_1_110' title='bbox 1249 1520 1553 1579; x_wconf 86' lang='lat' dir='ltr'><strong>merentur,</strong></span> <span class='ocrx_word' id='word_1_111' title='bbox 1594 1528 1664 1567; x_wconf 92' lang='lat' dir='ltr'><strong>ne</strong></span> <span class='ocrx_word' id='word_1_112' title='bbox 1733 1522 1855 1585; x_wconf 87' lang='lat' dir='ltr'><strong>post</strong></span> 
     </span>
    </p>
   </div>
   <div class='ocr_carea' id='block_1_15' title="bbox 225 1600 1861 1678">
    <p class='ocr_par' dir='ltr' id='par_1_15' title="bbox 225 1600 1861 1678">
     <span class='ocr_line' id='line_1_15' title="bbox 225 1600 1861 1678; baseline 0.003 -21"><span class='ocrx_word' id='word_1_113' title='bbox 225 1602 456 1657; x_wconf 76' lang='lat' dir='ltr'><strong>aeternis</strong></span> <span class='ocrx_word' id='word_1_114' title='bbox 485 1602 775 1672; x_wconf 88' lang='lat' dir='ltr'><strong>suppliciis</strong></span> <span class='ocrx_word' id='word_1_115' title='bbox 811 1600 1157 1664; x_wconf 88' lang='lat' dir='ltr'><strong>addicantur,</strong></span> <span class='ocrx_word' id='word_1_116' title='bbox 1201 1610 1260 1657; x_wconf 94' lang='lat' dir='ltr'><strong>ut</strong></span> <span class='ocrx_word' id='word_1_117' title='bbox 1293 1602 1346 1657; x_wconf 90' lang='lat' dir='ltr'><strong>in</strong></span> <span class='ocrx_word' id='word_1_118' title='bbox 1382 1604 1590 1678; x_wconf 84' lang='lat' dir='ltr'><strong>Regum</strong></span> <span class='ocrx_word' id='word_1_119' title='bbox 1623 1604 1768 1661; x_wconf 89' lang='lat' dir='ltr'><strong>libro</strong></span> <span class='ocrx_word' id='word_1_120' title='bbox 1793 1607 1861 1662; x_wconf 91' lang='lat' dir='ltr'><strong>de</strong></span> 
     </span>
    </p>
   </div>
   <div class='ocr_carea' id='block_1_16' title="bbox 226 1694 1858 1766">
    <p class='ocr_par' dir='ltr' id='par_1_16' title="bbox 226 1694 1858 1766">
     <span class='ocr_line' id='line_1_16' title="bbox 226 1694 1858 1766; baseline 0.003 -17"><span class='ocrx_word' id='word_1_121' title='bbox 226 1695 506 1766; x_wconf 79' lang='lat' dir='ltr'><strong>prapheta</strong></span> <span class='ocrx_word' id='word_1_122' title='bbox 524 1694 746 1766; x_wconf 84' lang='lat' dir='ltr'><strong>legitur,</strong></span> <span class='ocrx_word' id='word_1_123' title='bbox 770 1694 862 1766; x_wconf 90' lang='lat' dir='ltr'><strong>qui</strong></span> <span class='ocrx_word' id='word_1_124' title='bbox 893 1694 975 1749; x_wconf 89' lang='lat' dir='ltr'><strong>ori</strong></span> <span class='ocrx_word' id='word_1_125' title='bbox 1005 1694 1221 1749; x_wconf 90' lang='lat' dir='ltr'><strong>Domini</strong></span> <span class='ocrx_word' id='word_1_126' title='bbox 1275 1696 1607 1751; x_wconf 90' lang='lat' dir='ltr'><strong>inobediens</strong></span> <span class='ocrx_word' id='word_1_127' title='bbox 1633 1700 1858 1763; x_wconf 83' lang='lat' dir='ltr'><strong>exstitit,</strong></span> 
     </span>
    </p>
   </div>
   <div class='ocr_carea' id='block_1_17' title="bbox 224 1783 1862 1857">
    <p class='ocr_par' dir='ltr' id='par_1_17' title="bbox 224 1783 1862 1857">
     <span class='ocr_line' id='line_1_17' title="bbox 224 1783 1862 1857; baseline 0.002 -18"><span class='ocrx_word' id='word_1_128' title='bbox 224 1792 285 1839; x_wconf 88' lang='lat' dir='ltr'><strong>et</strong></span> <span class='ocrx_word' id='word_1_129' title='bbox 307 1800 338 1838; x_wconf 88' lang='lat' dir='ltr'><strong>a</strong></span> <span class='ocrx_word' id='word_1_130' title='bbox 355 1785 518 1839; x_wconf 88' lang='lat' dir='ltr'><strong>leone</strong></span> <span class='ocrx_word' id='word_1_131' title='bbox 544 1783 1086 1854; x_wconf 87' lang='lat' dir='ltr'><strong>percussusinteriit,</strong></span> <span class='ocrx_word' id='word_1_132' title='bbox 1108 1791 1273 1855; x_wconf 89' lang='lat' dir='ltr'><strong>atque</strong></span> <span class='ocrx_word' id='word_1_133' title='bbox 1289 1792 1416 1854; x_wconf 89' lang='lat' dir='ltr'><strong>post</strong></span> <span class='ocrx_word' id='word_1_134' title='bbox 1434 1785 1707 1841; x_wconf 84' lang='lat' dir='ltr'><strong>ultionem</strong></span> <span class='ocrx_word' id='word_1_135' title='bbox 1733 1804 1862 1857; x_wconf 88' lang='lat' dir='ltr'><strong>per-</strong></span> 
     </span>
    </p>
   </div>
   <div class='ocr_carea' id='block_1_18' title="bbox 1954 605 3583 676">
    <p class='ocr_par' dir='ltr' id='par_1_18' title="bbox 1954 605 3583 676">
     <span class='ocr_line' id='line_1_18' title="bbox 1954 605 3583 676; baseline 0.001 -15"><span class='ocrx_word' id='word_1_136' title='bbox 1954 606 2075 661; x_wconf 78' lang='lat' dir='ltr'><strong>cula</strong></span> <span class='ocrx_word' id='word_1_137' title='bbox 2106 606 2289 671; x_wconf 88' lang='lat' dir='ltr'><strong>veriti,</strong></span> <span class='ocrx_word' id='word_1_138' title='bbox 2349 605 2687 675; x_wconf 90' lang='lat' dir='ltr'><strong>tandemque</strong></span> <span class='ocrx_word' id='word_1_139' title='bbox 2720 605 2978 676; x_wconf 91' lang='lat' dir='ltr'><strong>correpti,</strong></span> <span class='ocrx_word' id='word_1_140' title='bbox 3014 617 3306 664; x_wconf 83' lang='lat' dir='ltr'><strong>cessarunt</strong></span> <span class='ocrx_word' id='word_1_141' title='bbox 3335 609 3402 663; x_wconf 87' lang='lat' dir='ltr'><strong>ab</strong></span> <span class='ocrx_word' id='word_1_142' title='bbox 3435 610 3583 663; x_wconf 83' lang='lat' dir='ltr'><strong>atﬂi-</strong></span> 
     </span>
    </p>
   </div>
   <div class='ocr_carea' id='block_1_19' title="bbox 1954 697 3583 770">
    <p class='ocr_par' dir='ltr' id='par_1_19' title="bbox 1954 697 3583 770">
     <span class='ocr_line' id='line_1_19' title="bbox 1954 697 3583 770; baseline 0.002 -18"><span class='ocrx_word' id='word_1_143' title='bbox 1954 699 2138 753; x_wconf 88' lang='lat' dir='ltr'><strong>ctione</strong></span> <span class='ocrx_word' id='word_1_144' title='bbox 2163 698 2420 769; x_wconf 85' lang='lat' dir='ltr'><strong>pauperis</strong></span> <span class='ocrx_word' id='word_1_145' title='bbox 2460 698 2511 750; x_wconf 89' lang='lat' dir='ltr'><strong>S.</strong></span> <span class='ocrx_word' id='word_1_146' title='bbox 2551 697 2807 769; x_wconf 80' lang='lat' dir='ltr'><strong>Remigii.</strong></span> <span class='ocrx_word' id='word_1_147' title='bbox 2843 698 2951 752; x_wconf 88' lang='lat' dir='ltr'><strong>Sed</strong></span> <span class='ocrx_word' id='word_1_148' title='bbox 2982 699 3112 770; x_wconf 87' lang='lat' dir='ltr'><strong>quia</strong></span> <span class='ocrx_word' id='word_1_149' title='bbox 3168 716 3329 755; x_wconf 87' lang='lat' dir='ltr'><strong>secus</strong></span> <span class='ocrx_word' id='word_1_150' title='bbox 3365 718 3583 756; x_wconf 89' lang='lat' dir='ltr'><strong>amnem</strong></span> 
     </span>
    </p>
   </div>
   <div class='ocr_carea' id='block_1_20' title="bbox 1956 790 3586 858">
    <p class='ocr_par' dir='ltr' id='par_1_20' title="bbox 1956 790 3586 858">
     <span class='ocr_line' id='line_1_20' title="bbox 1956 790 3586 858; baseline 0.002 -14"><span class='ocrx_word' id='word_1_151' title='bbox 1956 790 2141 845; x_wconf 88' lang='lat' dir='ltr'><strong>Saram</strong></span> <span class='ocrx_word' id='word_1_152' title='bbox 2172 791 2367 858; x_wconf 73' lang='lat' dir='ltr'><strong>(Serre;</strong></span> <span class='ocrx_word' id='word_1_153' title='bbox 2400 790 2521 845; x_wconf 91' lang='lat' dir='ltr'><strong>loco</strong></span> <span class='ocrx_word' id='word_1_154' title='bbox 2554 791 2732 845; x_wconf 91' lang='lat' dir='ltr'><strong>lutoso</strong></span> <span class='ocrx_word' id='word_1_155' title='bbox 2773 790 3054 857; x_wconf 87' lang='lat' dir='ltr'><strong>manebat,</strong></span> <span class='ocrx_word' id='word_1_156' title='bbox 3089 807 3149 845; x_wconf 67' lang='lat' dir='ltr'><strong>et</strong></span> <span class='ocrx_word' id='word_1_157' title='bbox 3205 792 3261 846; x_wconf 91' lang='lat' dir='ltr'><strong>in</strong></span> <span class='ocrx_word' id='word_1_158' title='bbox 3285 793 3403 848; x_wconf 87' lang='lat' dir='ltr'><strong>suis</strong></span> <span class='ocrx_word' id='word_1_159' title='bbox 3428 795 3586 848; x_wconf 88' lang='lat' dir='ltr'><strong>habi-</strong></span> 
     </span>
    </p>
   </div>
   <div class='ocr_carea' id='block_1_21' title="bbox 1958 882 3583 956">
    <p class='ocr_par' dir='ltr' id='par_1_21' title="bbox 1958 882 3583 956">
     <span class='ocr_line' id='line_1_21' title="bbox 1958 882 3583 956; baseline 0.001 -18"><span class='ocrx_word' id='word_1_160' title='bbox 1958 884 2150 939; x_wconf 90' lang='lat' dir='ltr'><strong>taculis</strong></span> <span class='ocrx_word' id='word_1_161' title='bbox 2178 900 2209 937; x_wconf 92' lang='lat' dir='ltr'><strong>a</strong></span> <span class='ocrx_word' id='word_1_162' title='bbox 2239 883 2599 954; x_wconf 89' lang='lat' dir='ltr'><strong>serpentibus</strong></span> <span class='ocrx_word' id='word_1_163' title='bbox 2628 882 2941 936; x_wconf 84' lang='lat' dir='ltr'><strong>molestiam</strong></span> <span class='ocrx_word' id='word_1_164' title='bbox 2976 899 3228 956; x_wconf 86' lang='lat' dir='ltr'><strong>magnam</strong></span> <span class='ocrx_word' id='word_1_165' title='bbox 3248 885 3583 951; x_wconf 87' lang='lat' dir='ltr'><strong>sustinebat,</strong></span> 
     </span>
    </p>
   </div>
   <div class='ocr_carea' id='block_1_22' title="bbox 1958 971 3583 1043">
    <p class='ocr_par' dir='ltr' id='par_1_22' title="bbox 1958 971 3583 1043">
     <span class='ocr_line' id='line_1_22' title="bbox 1958 971 3583 1043; baseline 0 -16"><span class='ocrx_word' id='word_1_166' title='bbox 1958 973 2238 1043; x_wconf 89' lang='lat' dir='ltr'><strong>accipiens</strong></span> <span class='ocrx_word' id='word_1_167' title='bbox 2269 972 2571 1042; x_wconf 89' lang='lat' dir='ltr'><strong>pulverem,</strong></span> <span class='ocrx_word' id='word_1_168' title='bbox 2606 987 2772 1042; x_wconf 90' lang='lat' dir='ltr'><strong>quem</strong></span> <span class='ocrx_word' id='word_1_169' title='bbox 2820 988 3009 1026; x_wconf 86' lang='lat' dir='ltr'><strong>secum</strong></span> <span class='ocrx_word' id='word_1_170' title='bbox 3041 971 3109 1025; x_wconf 86' lang='lat' dir='ltr'><strong>ab</strong></span> <span class='ocrx_word' id='word_1_171' title='bbox 3141 972 3393 1027; x_wconf 69' lang='lat' dir='ltr'><strong>ecclesiae</strong></span> <span class='ocrx_word' id='word_1_172' title='bbox 3428 973 3583 1043; x_wconf 88' lang='lat' dir='ltr'><strong>pavi-</strong></span> 
     </span>
    </p>
   </div>
   <div class='ocr_carea' id='block_1_23' title="bbox 1957 1060 3584 1131">
    <p class='ocr_par' dir='ltr' id='par_1_23' title="bbox 1957 1060 3584 1131">
     <span class='ocr_line' id='line_1_23' title="bbox 1957 1060 3584 1131; baseline 0.001 -17"><span class='ocrx_word' id='word_1_173' title='bbox 1957 1068 2145 1116; x_wconf 90' lang='lat' dir='ltr'><strong>mento</strong></span> <span class='ocrx_word' id='word_1_174' title='bbox 2170 1060 2464 1115; x_wconf 89' lang='lat' dir='ltr'><strong>collectum</strong></span> <span class='ocrx_word' id='word_1_175' title='bbox 2502 1060 2796 1127; x_wconf 89' lang='lat' dir='ltr'><strong>detulerat,</strong></span> <span class='ocrx_word' id='word_1_176' title='bbox 2834 1076 2933 1131; x_wconf 89' lang='lat' dir='ltr'><strong>per</strong></span> <span class='ocrx_word' id='word_1_177' title='bbox 2992 1060 3308 1116; x_wconf 86' lang='lat' dir='ltr'><strong>habitacula</strong></span> <span class='ocrx_word' id='word_1_178' title='bbox 3361 1078 3461 1116; x_wconf 89' lang='lat' dir='ltr'><strong>sua</strong></span> <span class='ocrx_word' id='word_1_179' title='bbox 3493 1077 3584 1116; x_wconf 87' lang='lat' dir='ltr'><strong>re—</strong></span> 
     </span>
    </p>
   </div>
   <div class='ocr_carea' id='block_1_24' title="bbox 1955 1149 3581 1222">
    <p class='ocr_par' dir='ltr' id='par_1_24' title="bbox 1955 1149 3581 1222">
     <span class='ocr_line' id='line_1_24' title="bbox 1955 1149 3581 1222; baseline 0.002 -19"><span class='ocrx_word' id='word_1_180' title='bbox 1955 1149 2195 1221; x_wconf 86' lang='lat' dir='ltr'><strong>spersit;</strong></span> <span class='ocrx_word' id='word_1_181' title='bbox 2225 1166 2289 1204; x_wconf 89' lang='lat' dir='ltr'><strong>ac</strong></span> <span class='ocrx_word' id='word_1_182' title='bbox 2303 1158 2496 1221; x_wconf 89' lang='lat' dir='ltr'><strong>postea</strong></span> <span class='ocrx_word' id='word_1_183' title='bbox 2526 1165 2757 1220; x_wconf 88' lang='lat' dir='ltr'><strong>serpens</strong></span> <span class='ocrx_word' id='word_1_184' title='bbox 2786 1151 2841 1204; x_wconf 90' lang='lat' dir='ltr'><strong>in</strong></span> <span class='ocrx_word' id='word_1_185' title='bbox 2860 1150 3070 1205; x_wconf 89' lang='lat' dir='ltr'><strong>eisdem</strong></span> <span class='ocrx_word' id='word_1_186' title='bbox 3104 1151 3240 1205; x_wconf 89' lang='lat' dir='ltr'><strong>locis</strong></span> <span class='ocrx_word' id='word_1_187' title='bbox 3265 1167 3375 1205; x_wconf 92' lang='lat' dir='ltr'><strong>non</strong></span> <span class='ocrx_word' id='word_1_188' title='bbox 3408 1168 3581 1222; x_wconf 89' lang='lat' dir='ltr'><strong>appa-</strong></span> 
     </span>
    </p>
   </div>
   <div class='ocr_carea' id='block_1_25' title="bbox 1956 1238 3585 1310">
    <p class='ocr_par' dir='ltr' id='par_1_25' title="bbox 1956 1238 3585 1310">
     <span class='ocr_line' id='line_1_25' title="bbox 1956 1238 3585 1310; baseline 0.001 -18"><span class='ocrx_word' id='word_1_189' title='bbox 1956 1239 2085 1293; x_wconf 89' lang='lat' dir='ltr'><strong>ruit.</strong></span> <span class='ocrx_word' id='word_1_190' title='bbox 2121 1238 2475 1309; x_wconf 83' lang='lat' dir='ltr'><strong>Compertum</strong></span> <span class='ocrx_word' id='word_1_191' title='bbox 2506 1253 2726 1309; x_wconf 90' lang='lat' dir='ltr'><strong>quoque</strong></span> <span class='ocrx_word' id='word_1_192' title='bbox 2758 1239 2990 1293; x_wconf 87' lang='lat' dir='ltr'><strong>traditur</strong></span> <span class='ocrx_word' id='word_1_193' title='bbox 3020 1239 3170 1310; x_wconf 89' lang='lat' dir='ltr'><strong>quod</strong></span> <span class='ocrx_word' id='word_1_194' title='bbox 3217 1239 3273 1293; x_wconf 91' lang='lat' dir='ltr'><strong>in</strong></span> <span class='ocrx_word' id='word_1_195' title='bbox 3323 1239 3585 1295; x_wconf 68' lang='lat' dir='ltr'><strong>omnibus</strong></span> 
     </span>
    </p>
   </div>
   <div class='ocr_carea' id='block_1_26' title="bbox 1957 1329 3583 1401">
    <p class='ocr_par' dir='ltr' id='par_1_26' title="bbox 1957 1329 3583 1401">
     <span class='ocr_line' id='line_1_26' title="bbox 1957 1329 3583 1401; baseline 0 -17"><span class='ocrx_word' id='word_1_196' title='bbox 1957 1330 2208 1385; x_wconf 61' lang='lat' dir='ltr'><strong>ecclesiae</strong></span> <span class='ocrx_word' id='word_1_197' title='bbox 2238 1329 2388 1384; x_wconf 89' lang='lat' dir='ltr'><strong>beati</strong></span> <span class='ocrx_word' id='word_1_198' title='bbox 2446 1329 2680 1401; x_wconf 76' lang='lat' dir='ltr'><strong>Remigii</strong></span> <span class='ocrx_word' id='word_1_199' title='bbox 2729 1330 3259 1398; x_wconf 87' lang='lat' dir='ltr'><strong>circumjacentibus</strong></span> <span class='ocrx_word' id='word_1_200' title='bbox 3287 1330 3462 1395; x_wconf 86' lang='lat' dir='ltr'><strong>atriis,</strong></span> <span class='ocrx_word' id='word_1_201' title='bbox 3499 1332 3583 1385; x_wconf 87' lang='lat' dir='ltr'><strong>vel</strong></span> 
     </span>
    </p>
   </div>
   <div class='ocr_carea' id='block_1_27' title="bbox 1955 1417 3587 1489">
    <p class='ocr_par' dir='ltr' id='par_1_27' title="bbox 1955 1417 3587 1489">
     <span class='ocr_line' id='line_1_27' title="bbox 1955 1417 3587 1489; baseline -0.001 -16"><span class='ocrx_word' id='word_1_202' title='bbox 1955 1418 2309 1485; x_wconf 79' lang='lat' dir='ltr'><strong>coemcteriis,</strong></span> <span class='ocrx_word' id='word_1_203' title='bbox 2335 1417 2568 1473; x_wconf 90' lang='lat' dir='ltr'><strong>coluber</strong></span> <span class='ocrx_word' id='word_1_204' title='bbox 2597 1434 2884 1489; x_wconf 89' lang='lat' dir='ltr'><strong>nunquam</strong></span> <span class='ocrx_word' id='word_1_205' title='bbox 2897 1418 3326 1474; x_wconf 81' lang='lat' dir='ltr'><strong>soleatinveniri</strong></span> <span class='ocrx_word' id='word_1_206' title='bbox 3357 1436 3370 1473; x_wconf 91' lang='lat'><strong><em>:</em></strong></span> <span class='ocrx_word' id='word_1_207' title='bbox 3404 1419 3502 1474; x_wconf 88' lang='lat' dir='ltr'><strong>sed</strong></span> <span class='ocrx_word' id='word_1_208' title='bbox 3530 1426 3587 1473; x_wconf 91' lang='lat' dir='ltr'><strong>et</strong></span> 
     </span>
    </p>
   </div>
   <div class='ocr_carea' id='block_1_28' title="bbox 1954 1510 3590 1582">
    <p class='ocr_par' dir='ltr' id='par_1_28' title="bbox 1954 1510 3590 1582">
     <span class='ocr_line' id='line_1_28' title="bbox 1954 1510 3590 1582; baseline 0.001 -18"><span class='ocrx_word' id='word_1_209' title='bbox 1954 1510 2001 1564; x_wconf 89' lang='lat' dir='ltr'><strong>si</strong></span> <span class='ocrx_word' id='word_1_210' title='bbox 2064 1511 2280 1565; x_wconf 89' lang='lat' dir='ltr'><strong>delatus</strong></span> <span class='ocrx_word' id='word_1_211' title='bbox 2329 1510 2436 1565; x_wconf 88' lang='lat' dir='ltr'><strong>huc</strong></span> <span class='ocrx_word' id='word_1_212' title='bbox 2472 1510 2829 1582; x_wconf 89' lang='lat' dir='ltr'><strong>aliquomodo</strong></span> <span class='ocrx_word' id='word_1_213' title='bbox 2889 1510 3072 1574; x_wconf 88' lang='lat' dir='ltr'><strong>fuerit,</strong></span> <span class='ocrx_word' id='word_1_214' title='bbox 3125 1511 3441 1566; x_wconf 87' lang='lat' dir='ltr'><strong>nullatenus</strong></span> <span class='ocrx_word' id='word_1_215' title='bbox 3498 1510 3590 1565; x_wconf 89' lang='lat' dir='ltr'><strong>hic</strong></span> 
     </span>
    </p>
   </div>
   <div class='ocr_carea' id='block_1_29' title="bbox 1965 1602 2377 1673">
    <p class='ocr_par' dir='ltr' id='par_1_29' title="bbox 1965 1602 2377 1673">
     <span class='ocr_line' id='line_1_29' title="bbox 1965 1602 2377 1673; baseline -0.007 -16"><span class='ocrx_word' id='word_1_216' title='bbox 1965 1602 2151 1658; x_wconf 86' lang='lat' dir='ltr'><strong>vivere</strong></span> <span class='ocrx_word' id='word_1_217' title='bbox 2184 1602 2377 1673; x_wconf 90' lang='lat' dir='ltr'><strong>possit.</strong></span> 
     </span>
    </p>
   </div>
   <div class='ocr_carea' id='block_1_30' title="bbox 2037 1692 3588 1767">
    <p class='ocr_par' dir='ltr' id='par_1_30' title="bbox 2037 1692 3588 1767">
     <span class='ocr_line' id='line_1_30' title="bbox 2037 1692 3588 1767; baseline 0.001 -20"><span class='ocrx_word' id='word_1_218' title='bbox 2037 1694 2309 1764; x_wconf 88' lang='lat' dir='ltr'><strong>Tempore</strong></span> <span class='ocrx_word' id='word_1_219' title='bbox 2338 1692 2526 1748; x_wconf 87' lang='lat' dir='ltr'><strong>domui</strong></span> <span class='ocrx_word' id='word_1_220' title='bbox 2542 1693 2814 1749; x_wconf 83' lang='lat' dir='ltr'><strong>ilincmari</strong></span> <span class='ocrx_word' id='word_1_221' title='bbox 2835 1693 3104 1763; x_wconf 69' lang='lat' dir='ltr'><strong>praesulis,</strong></span> <span class='ocrx_word' id='word_1_222' title='bbox 3120 1693 3347 1764; x_wconf 89' lang='lat' dir='ltr'><strong>quidam</strong></span> <span class='ocrx_word' id='word_1_223' title='bbox 3384 1695 3588 1767; x_wconf 81' lang='lat' dir='ltr'><strong>Blitga-</strong></span> 
     </span>
    </p>
   </div>
   <div class='ocr_carea' id='block_1_31' title="bbox 1966 1781 3588 1854">
    <p class='ocr_par' dir='ltr' id='par_1_31' title="bbox 1966 1781 3588 1854">
     <span class='ocr_line' id='line_1_31' title="bbox 1966 1781 3588 1854; baseline 0.002 -19"><span class='ocrx_word' id='word_1_224' title='bbox 1966 1782 2080 1836; x_wconf 91' lang='lat' dir='ltr'><strong>rius</strong></span> <span class='ocrx_word' id='word_1_225' title='bbox 2110 1781 2359 1837; x_wconf 81' lang='lat' dir='ltr'><strong>ecclesiae</strong></span> <span class='ocrx_word' id='word_1_226' title='bbox 2399 1798 2651 1836; x_wconf 88' lang='lat' dir='ltr'><strong>mansum</strong></span> <span class='ocrx_word' id='word_1_227' title='bbox 2695 1782 2750 1835; x_wconf 90' lang='lat' dir='ltr'><strong>in</strong></span> <span class='ocrx_word' id='word_1_228' title='bbox 2781 1782 2913 1837; x_wconf 88' lang='lat' dir='ltr'><strong>villa</strong></span> <span class='ocrx_word' id='word_1_229' title='bbox 2958 1781 3209 1848; x_wconf 87' lang='lat' dir='ltr'><strong>&#39;l‘enoilo,</strong></span> <span class='ocrx_word' id='word_1_230' title='bbox 3234 1782 3382 1852; x_wconf 87' lang='lat' dir='ltr'><strong>apud</strong></span> <span class='ocrx_word' id='word_1_231' title='bbox 3413 1783 3588 1854; x_wconf 90' lang='lat' dir='ltr'><strong>ipsius</strong></span> 
     </span>
    </p>
   </div>
   <div class='ocr_carea' id='block_1_32' title="bbox 224 1871 3589 1953">
    <p class='ocr_par' dir='ltr' id='par_1_32' title="bbox 224 1871 3589 1953">
     <span class='ocr_line' id='line_1_32' title="bbox 224 1871 3589 1953; baseline 0.001 -25"><span class='ocrx_word' id='word_1_232' title='bbox 224 1871 854 1944; x_wconf 87' lang='lat' dir='ltr'><strong>ceptamcorpusipsius</strong></span> <span class='ocrx_word' id='word_1_233' title='bbox 885 1872 1149 1927; x_wconf 90' lang='lat' dir='ltr'><strong>intactum</strong></span> <span class='ocrx_word' id='word_1_234' title='bbox 1183 1888 1212 1926; x_wconf 85' lang='lat' dir='ltr'><strong>a</strong></span> <span class='ocrx_word' id='word_1_235' title='bbox 1233 1872 1351 1927; x_wconf 88' lang='lat' dir='ltr'><strong>fera</strong></span> <span class='ocrx_word' id='word_1_236' title='bbox 1375 1874 1636 1929; x_wconf 89' lang='lat' dir='ltr'><strong>remansit</strong></span> <span class='ocrx_word' id='word_1_237' title='bbox 1661 1877 1709 1939; x_wconf 94' lang='grc' dir='ltr'><strong>(Ι</strong></span> <span class='ocrx_word' id='word_1_238' title='bbox 1725 1878 1853 1945; x_wconf 84' lang='lat' dir='ltr'><strong>Reg.</strong></span> <span class='ocrx_word' id='word_1_239' title='bbox 1891 1886 1940 1953; x_wconf 73' lang='grc' dir='ltr'><strong>Β</strong></span> <span class='ocrx_word' id='word_1_240' title='bbox 1966 1874 2219 1929; x_wconf 83' lang='lat' dir='ltr'><strong>ecclesiae</strong></span> <span class='ocrx_word' id='word_1_241' title='bbox 2251 1875 2540 1930; x_wconf 88' lang='lat' dir='ltr'><strong>custodem</strong></span> <span class='ocrx_word' id='word_1_242' title='bbox 2572 1874 2887 1945; x_wconf 86' lang='lat' dir='ltr'><strong>impetravit</strong></span> <span class='ocrx_word' id='word_1_243' title='bbox 2937 1875 3140 1944; x_wconf 86' lang='lat' dir='ltr'><strong>pretio,</strong></span> <span class='ocrx_word' id='word_1_244' title='bbox 3172 1874 3321 1929; x_wconf 90' lang='lat' dir='ltr'><strong>unde</strong></span> <span class='ocrx_word' id='word_1_245' title='bbox 3352 1874 3589 1930; x_wconf 86' lang='lat' dir='ltr'><strong>famulos</strong></span> 
     </span>
    </p>
   </div>
   <div class='ocr_carea' id='block_1_33' title="bbox 221 1960 1859 2032">
    <p class='ocr_par' dir='ltr' id='par_1_33' title="bbox 221 1960 1859 2032">
     <span class='ocr_line' id='line_1_33' title="bbox 221 1960 1859 2032; baseline 0.002 -16"><span class='ocrx_word' id='word_1_246' title='bbox 221 1964 352 2028; x_wconf 76' lang='lat' dir='ltr'><strong>xui)</strong></span> <span class='ocrx_word' id='word_1_247' title='bbox 382 1960 536 2025; x_wconf 82' lang='lat' dir='ltr'><strong>Quod</strong></span> <span class='ocrx_word' id='word_1_248' title='bbox 549 1976 681 2016; x_wconf 89' lang='lat' dir='ltr'><strong>vero</strong></span> <span class='ocrx_word' id='word_1_249' title='bbox 699 1961 1039 2032; x_wconf 71' lang='lat' dir='ltr'><strong>praemissam</strong></span> <span class='ocrx_word' id='word_1_250' title='bbox 1052 1961 1339 2017; x_wconf 90' lang='lat' dir='ltr'><strong>mulierem</strong></span> <span class='ocrx_word' id='word_1_251' title='bbox 1355 1972 1441 2016; x_wconf 91' lang='lat' dir='ltr'><strong>ter</strong></span> <span class='ocrx_word' id='word_1_252' title='bbox 1453 1964 1754 2019; x_wconf 87' lang='lat' dir='ltr'><strong>admonere</strong></span> <span class='ocrx_word' id='word_1_253' title='bbox 1767 1982 1859 2020; x_wconf 83' lang='lat' dir='ltr'><strong>cu-</strong></span> 
     </span>
    </p>
   </div>
   <div class='ocr_carea' id='block_1_34' title="bbox 222 2055 1854 2130">
    <p class='ocr_par' dir='ltr' id='par_1_34' title="bbox 222 2055 1854 2130">
     <span class='ocr_line' id='line_1_34' title="bbox 222 2055 1854 2130; baseline 0.004 -22"><span class='ocrx_word' id='word_1_254' title='bbox 222 2055 453 2121; x_wconf 86' lang='lat' dir='ltr'><strong>raverit,</strong></span> <span class='ocrx_word' id='word_1_255' title='bbox 479 2070 583 2110; x_wconf 90' lang='lat' dir='ltr'><strong>nec</strong></span> <span class='ocrx_word' id='word_1_256' title='bbox 611 2070 734 2110; x_wconf 91' lang='lat' dir='ltr'><strong>eam</strong></span> <span class='ocrx_word' id='word_1_257' title='bbox 777 2056 954 2126; x_wconf 92' lang='lat' dir='ltr'><strong>primo</strong></span> <span class='ocrx_word' id='word_1_258' title='bbox 985 2055 1071 2111; x_wconf 84' lang='lat' dir='ltr'><strong>vel</strong></span> <span class='ocrx_word' id='word_1_259' title='bbox 1096 2058 1345 2112; x_wconf 89' lang='lat' dir='ltr'><strong>secundo</strong></span> <span class='ocrx_word' id='word_1_260' title='bbox 1369 2058 1624 2126; x_wconf 87' lang='lat' dir='ltr'><strong>visitans,</strong></span> <span class='ocrx_word' id='word_1_261' title='bbox 1651 2075 1854 2130; x_wconf 90' lang='lat' dir='ltr'><strong>percu-</strong></span> 
     </span>
    </p>
   </div>
   <div class='ocr_carea' id='block_1_35' title="bbox 222 2144 1856 2219">
    <p class='ocr_par' dir='ltr' id='par_1_35' title="bbox 222 2144 1856 2219">
     <span class='ocr_line' id='line_1_35' title="bbox 222 2144 1856 2219; baseline 0.002 -19"><span class='ocrx_word' id='word_1_262' title='bbox 222 2151 348 2200; x_wconf 90' lang='lat' dir='ltr'><strong>tere</strong></span> <span class='ocrx_word' id='word_1_263' title='bbox 377 2144 551 2199; x_wconf 89' lang='lat' dir='ltr'><strong>voluit</strong></span> <span class='ocrx_word' id='word_1_264' title='bbox 596 2149 784 2216; x_wconf 90' lang='lat' dir='ltr'><strong>(quam</strong></span> <span class='ocrx_word' id='word_1_265' title='bbox 825 2154 1009 2200; x_wconf 88' lang='lat' dir='ltr'><strong>tamen</strong></span> <span class='ocrx_word' id='word_1_266' title='bbox 1042 2145 1256 2200; x_wconf 90' lang='lat' dir='ltr'><strong>ultione</strong></span> <span class='ocrx_word' id='word_1_267' title='bbox 1284 2146 1635 2217; x_wconf 91' lang='lat' dir='ltr'><strong>plectendam</strong></span> <span class='ocrx_word' id='word_1_268' title='bbox 1665 2156 1856 2219; x_wconf 90' lang='lat' dir='ltr'><strong>utpote</strong></span> 
     </span>
    </p>
   </div>
   <div class='ocr_carea' id='block_1_36' title="bbox 218 2235 1855 2313">
    <p class='ocr_par' dir='ltr' id='par_1_36' title="bbox 218 2235 1855 2313">
     <span class='ocr_line' id='line_1_36' title="bbox 218 2235 1855 2313; baseline 0.004 -22"><span class='ocrx_word' id='word_1_269' title='bbox 218 2237 341 2293; x_wconf 85' lang='lat' dir='ltr'><strong>Deo</strong></span> <span class='ocrx_word' id='word_1_270' title='bbox 372 2235 706 2305; x_wconf 87' lang='lat' dir='ltr'><strong>conjunctus</strong></span> <span class='ocrx_word' id='word_1_271' title='bbox 738 2253 848 2293; x_wconf 91' lang='lat' dir='ltr'><strong>non</strong></span> <span class='ocrx_word' id='word_1_272' title='bbox 883 2238 1170 2312; x_wconf 79' lang='lat' dir='ltr'><strong>ignoravit)</strong></span> <span class='ocrx_word' id='word_1_273' title='bbox 1205 2240 1340 2311; x_wconf 92' lang='lat' dir='ltr'><strong>quid</strong></span> <span class='ocrx_word' id='word_1_274' title='bbox 1369 2241 1521 2295; x_wconf 85' lang='lat' dir='ltr'><strong>aliud</strong></span> <span class='ocrx_word' id='word_1_275' title='bbox 1550 2258 1712 2313; x_wconf 87' lang='lat' dir='ltr'><strong>quam</strong></span> <span class='ocrx_word' id='word_1_276' title='bbox 1751 2259 1855 2312; x_wconf 90' lang='lat' dir='ltr'><strong>pa-</strong></span> 
     </span>
    </p>
   </div>
   <div class='ocr_carea' id='block_1_37' title="bbox 216 2326 1859 2402">
    <p class='ocr_par' dir='ltr' id='par_1_37' title="bbox 216 2326 1859 2402">
     <span class='ocr_line' id='line_1_37' title="bbox 216 2326 1859 2402; baseline 0.002 -20"><span class='ocrx_word' id='word_1_277' title='bbox 216 2326 439 2382; x_wconf 59' lang='lat' dir='ltr'><strong>tientiae</strong></span> <span class='ocrx_word' id='word_1_278' title='bbox 470 2326 633 2382; x_wconf 90' lang='lat' dir='ltr'><strong>nobis</strong></span> <span class='ocrx_word' id='word_1_279' title='bbox 652 2327 904 2396; x_wconf 88' lang='lat' dir='ltr'><strong>exempla</strong></span> <span class='ocrx_word' id='word_1_280' title='bbox 930 2327 1218 2398; x_wconf 79' lang='lat' dir='ltr'><strong>praposuit</strong></span> <span class='ocrx_word' id='word_1_281' title='bbox 1238 2327 1266 2381; x_wconf 71' lang='grc'><strong>7</strong></span> <span class='ocrx_word' id='word_1_282' title='bbox 1297 2345 1366 2383; x_wconf 91' lang='lat' dir='ltr'><strong>ne</strong></span> <span class='ocrx_word' id='word_1_283' title='bbox 1389 2330 1603 2385; x_wconf 90' lang='lat' dir='ltr'><strong>scilicet</strong></span> <span class='ocrx_word' id='word_1_284' title='bbox 1635 2331 1701 2385; x_wconf 90' lang='lat' dir='ltr'><strong>ad</strong></span> <span class='ocrx_word' id='word_1_285' title='bbox 1726 2347 1859 2402; x_wconf 90' lang='lat' dir='ltr'><strong>pro-</strong></span> 
     </span>
    </p>
   </div>
   <div class='ocr_carea' id='block_1_38' title="bbox 217 2414 1856 2490">
    <p class='ocr_par' dir='ltr' id='par_1_38' title="bbox 217 2414 1856 2490">
     <span class='ocr_line' id='line_1_38' title="bbox 217 2414 1856 2490; baseline 0.002 -20"><span class='ocrx_word' id='word_1_286' title='bbox 217 2414 521 2470; x_wconf 87' lang='lat' dir='ltr'><strong>ferendam</strong></span> <span class='ocrx_word' id='word_1_287' title='bbox 554 2416 609 2468; x_wconf 93' lang='lat' dir='ltr'><strong>in</strong></span> <span class='ocrx_word' id='word_1_288' title='bbox 648 2430 926 2486; x_wconf 86' lang='lat' dir='ltr'><strong>quemque</strong></span> <span class='ocrx_word' id='word_1_289' title='bbox 970 2415 1258 2471; x_wconf 89' lang='lat' dir='ltr'><strong>scientiam</strong></span> <span class='ocrx_word' id='word_1_290' title='bbox 1309 2417 1500 2472; x_wconf 89' lang='lat' dir='ltr'><strong>faciles</strong></span> <span class='ocrx_word' id='word_1_291' title='bbox 1531 2419 1727 2487; x_wconf 87' lang='lat' dir='ltr'><strong>simus,</strong></span> <span class='ocrx_word' id='word_1_292' title='bbox 1761 2420 1856 2490; x_wconf 92' lang='lat' dir='ltr'><strong>qui</strong></span> 
     </span>
    </p>
   </div>
   <div class='ocr_carea' id='block_1_39' title="bbox 216 2504 1857 2580">
    <p class='ocr_par' dir='ltr' id='par_1_39' title="bbox 216 2504 1857 2580">
     <span class='ocr_line' id='line_1_39' title="bbox 216 2504 1857 2580; baseline 0.003 -22"><span class='ocrx_word' id='word_1_293' title='bbox 216 2505 340 2559; x_wconf 84' lang='lat' dir='ltr'><strong>Deo</strong></span> <span class='ocrx_word' id='word_1_294' title='bbox 371 2519 473 2575; x_wconf 90' lang='lat' dir='ltr'><strong>per</strong></span> <span class='ocrx_word' id='word_1_295' title='bbox 497 2504 713 2559; x_wconf 88' lang='lat' dir='ltr'><strong>diversa</strong></span> <span class='ocrx_word' id='word_1_296' title='bbox 743 2504 1136 2580; x_wconf 81' lang='lat' dir='ltr'><strong>disjungimur,</strong></span> <span class='ocrx_word' id='word_1_297' title='bbox 1170 2521 1293 2561; x_wconf 90' lang='lat' dir='ltr'><strong>cum</strong></span> <span class='ocrx_word' id='word_1_298' title='bbox 1338 2516 1393 2561; x_wconf 90' lang='lat' dir='ltr'><strong>et</strong></span> <span class='ocrx_word' id='word_1_299' title='bbox 1423 2523 1550 2561; x_wconf 92' lang='lat' dir='ltr'><strong>eum</strong></span> <span class='ocrx_word' id='word_1_300' title='bbox 1582 2508 1857 2578; x_wconf 86' lang='lat' dir='ltr'><strong>patienter</strong></span> 
     </span>
    </p>
   </div>
   <div class='ocr_carea' id='block_1_40' title="bbox 213 2598 1854 2673">
    <p class='ocr_par' dir='ltr' id='par_1_40' title="bbox 213 2598 1854 2673">
     <span class='ocr_line' id='line_1_40' title="bbox 213 2598 1854 2673; baseline 0.003 -21"><span class='ocrx_word' id='word_1_301' title='bbox 213 2604 548 2668; x_wconf 86' lang='lat' dir='ltr'><strong>exspectare</strong></span> <span class='ocrx_word' id='word_1_302' title='bbox 579 2598 898 2667; x_wconf 90' lang='lat' dir='ltr'><strong>probemus,</strong></span> <span class='ocrx_word' id='word_1_303' title='bbox 957 2613 1124 2668; x_wconf 89' lang='lat' dir='ltr'><strong>quem</strong></span> <span class='ocrx_word' id='word_1_304' title='bbox 1186 2598 1297 2654; x_wconf 88' lang='lat' dir='ltr'><strong>Deo</strong></span> <span class='ocrx_word' id='word_1_305' title='bbox 1351 2600 1653 2667; x_wconf 70' lang='lat' dir='ltr'><strong>cohterere,</strong></span> <span class='ocrx_word' id='word_1_306' title='bbox 1688 2608 1854 2673; x_wconf 84' lang='lat' dir='ltr'><strong>atque</strong></span> 
     </span>
    </p>
   </div>
   <div class='ocr_carea' id='block_1_41' title="bbox 215 2687 1177 2758">
    <p class='ocr_par' dir='ltr' id='par_1_41' title="bbox 215 2687 1177 2758">
     <span class='ocr_line' id='line_1_41' title="bbox 215 2687 1177 2758; baseline 0 -15"><span class='ocrx_word' id='word_1_307' title='bbox 215 2704 352 2743; x_wconf 91' lang='lat' dir='ltr'><strong>cum</strong></span> <span class='ocrx_word' id='word_1_308' title='bbox 386 2687 510 2758; x_wconf 89' lang='lat' dir='ltr'><strong>ipso</strong></span> <span class='ocrx_word' id='word_1_309' title='bbox 542 2688 800 2757; x_wconf 89' lang='lat' dir='ltr'><strong>judicare</strong></span> <span class='ocrx_word' id='word_1_310' title='bbox 821 2687 1177 2744; x_wconf 81' lang='lat' dir='ltr'><strong>confidimus.</strong></span> 
     </span>
    </p>
   </div>
   <div class='ocr_carea' id='block_1_42' title="bbox 292 2779 1853 2853">
    <p class='ocr_par' dir='ltr' id='par_1_42' title="bbox 292 2779 1853 2853">
     <span class='ocr_line' id='line_1_42' title="bbox 292 2779 1853 2853; baseline 0.003 -19"><span class='ocrx_word' id='word_1_311' title='bbox 292 2779 562 2836; x_wconf 78' lang='lat' dir='ltr'><strong>Moderno</strong></span> <span class='ocrx_word' id='word_1_312' title='bbox 593 2780 1088 2851; x_wconf 88' lang='lat' dir='ltr'><strong>temporecolonus</strong></span> <span class='ocrx_word' id='word_1_313' title='bbox 1119 2782 1347 2853; x_wconf 90' lang='lat' dir='ltr'><strong>quidam</strong></span> <span class='ocrx_word' id='word_1_314' title='bbox 1377 2783 1526 2838; x_wconf 71' lang='lat' dir='ltr'><strong>villae</strong></span> <span class='ocrx_word' id='word_1_315' title='bbox 1558 2783 1853 2839; x_wconf 88' lang='lat' dir='ltr'><strong>Remensis</strong></span> 
     </span>
    </p>
   </div>
   <div class='ocr_carea' id='block_1_43' title="bbox 216 2869 1854 2941">
    <p class='ocr_par' dir='ltr' id='par_1_43' title="bbox 216 2869 1854 2941">
     <span class='ocr_line' id='line_1_43' title="bbox 216 2869 1854 2941; baseline 0.002 -16"><span class='ocrx_word' id='word_1_316' title='bbox 216 2869 499 2940; x_wconf 84' lang='lat' dir='ltr'><strong>episcOpi,</strong></span> <span class='ocrx_word' id='word_1_317' title='bbox 556 2885 680 2941; x_wconf 68' lang='lat' dir='ltr'><strong>quae</strong></span> <span class='ocrx_word' id='word_1_318' title='bbox 712 2870 975 2940; x_wconf 88' lang='lat' dir='ltr'><strong>plumbea</strong></span> <span class='ocrx_word' id='word_1_319' title='bbox 1034 2871 1277 2926; x_wconf 81' lang='lat' dir='ltr'><strong>Fontana</strong></span> <span class='ocrx_word' id='word_1_320' title='bbox 1334 2871 1557 2939; x_wconf 89' lang='lat' dir='ltr'><strong>dicitur,</strong></span> <span class='ocrx_word' id='word_1_321' title='bbox 1622 2889 1854 2929; x_wconf 89' lang='lat' dir='ltr'><strong>manens</strong></span> 
     </span>
    </p>
   </div>
   <div class='ocr_carea' id='block_1_44' title="bbox 210 2959 1850 3034">
    <p class='ocr_par' dir='ltr' id='par_1_44' title="bbox 210 2959 1850 3034">
     <span class='ocr_line' id='line_1_44' title="bbox 210 2959 1850 3034; baseline 0.002 -19"><span class='ocrx_word' id='word_1_322' title='bbox 210 2961 378 3028; x_wconf 84' lang='lat' dir='ltr'><strong>juxta</strong></span> <span class='ocrx_word' id='word_1_323' title='bbox 405 2959 545 3034; x_wconf 82' lang='lat' dir='ltr'><strong>regii</strong></span> <span class='ocrx_word' id='word_1_324' title='bbox 594 2959 781 3015; x_wconf 90' lang='lat' dir='ltr'><strong>villam</strong></span> <span class='ocrx_word' id='word_1_325' title='bbox 812 2959 955 3028; x_wconf 84' lang='lat' dir='ltr'><strong>ﬁsci,</strong></span> <span class='ocrx_word' id='word_1_326' title='bbox 989 2978 1154 3034; x_wconf 87' lang='lat' dir='ltr'><strong>quam</strong></span> <span class='ocrx_word' id='word_1_327' title='bbox 1188 2963 1447 3018; x_wconf 86' lang='lat' dir='ltr'><strong>Rosctum</strong></span> <span class='ocrx_word' id='word_1_328' title='bbox 1493 2971 1713 3031; x_wconf 91' lang='lat' dir='ltr'><strong>vocant,</strong></span> <span class='ocrx_word' id='word_1_329' title='bbox 1745 2981 1850 3018; x_wconf 91' lang='lat' dir='ltr'><strong>ne-</strong></span> 
     </span>
    </p>
   </div>
   <div class='ocr_carea' id='block_1_45' title="bbox 216 3053 1847 3122">
    <p class='ocr_par' dir='ltr' id='par_1_45' title="bbox 216 3053 1847 3122">
     <span class='ocr_line' id='line_1_45' title="bbox 216 3053 1847 3122; baseline 0.003 -19"><span class='ocrx_word' id='word_1_330' title='bbox 216 3065 333 3122; x_wconf 90' lang='lat' dir='ltr'><strong>que</strong></span> <span class='ocrx_word' id='word_1_331' title='bbox 364 3065 626 3114; x_wconf 90' lang='lat' dir='ltr'><strong>messem,</strong></span> <span class='ocrx_word' id='word_1_332' title='bbox 660 3065 845 3122; x_wconf 93' lang='lat' dir='ltr'><strong>neque</strong></span> <span class='ocrx_word' id='word_1_333' title='bbox 897 3060 1137 3121; x_wconf 90' lang='lat' dir='ltr'><strong>pratum.</strong></span> <span class='ocrx_word' id='word_1_334' title='bbox 1190 3058 1518 3106; x_wconf 63' lang='lat' dir='ltr'><strong>cmterumve</strong></span> <span class='ocrx_word' id='word_1_335' title='bbox 1551 3053 1847 3121; x_wconf 83' lang='lat' dir='ltr'><strong>peculium.</strong></span> 
     </span>
    </p>
   </div>
   <div class='ocr_carea' id='block_1_46' title="bbox 216 3137 1854 3214">
    <p class='ocr_par' dir='ltr' id='par_1_46' title="bbox 216 3137 1854 3214">
     <span class='ocr_line' id='line_1_46' title="bbox 216 3137 1854 3214; baseline 0.002 -22"><span class='ocrx_word' id='word_1_336' title='bbox 216 3148 456 3211; x_wconf 84' lang='lat' dir='ltr'><strong>prOpter</strong></span> <span class='ocrx_word' id='word_1_337' title='bbox 487 3137 860 3194; x_wconf 78' lang='lat' dir='ltr'><strong>fiscalinorum</strong></span> <span class='ocrx_word' id='word_1_338' title='bbox 920 3138 1353 3207; x_wconf 87' lang='lat' dir='ltr'><strong>infestationem,</strong></span> <span class='ocrx_word' id='word_1_339' title='bbox 1410 3140 1618 3196; x_wconf 89' lang='lat' dir='ltr'><strong>habere</strong></span> <span class='ocrx_word' id='word_1_340' title='bbox 1666 3144 1854 3214; x_wconf 87' lang='lat' dir='ltr'><strong>quiete</strong></span> 
     </span>
    </p>
   </div>
   <div class='ocr_carea' id='block_1_47' title="bbox 216 3225 1853 3299">
    <p class='ocr_par' dir='ltr' id='par_1_47' title="bbox 216 3225 1853 3299">
     <span class='ocr_line' id='line_1_47' title="bbox 216 3225 1853 3299; baseline 0.001 -16"><span class='ocrx_word' id='word_1_341' title='bbox 216 3225 490 3283; x_wconf 86' lang='lat' dir='ltr'><strong>valebat:</strong></span> <span class='ocrx_word' id='word_1_342' title='bbox 525 3227 677 3283; x_wconf 90' lang='lat' dir='ltr'><strong>unde</strong></span> <span class='ocrx_word' id='word_1_343' title='bbox 729 3242 878 3298; x_wconf 75' lang='lat' dir='ltr'><strong>saepe</strong></span> <span class='ocrx_word' id='word_1_344' title='bbox 929 3227 1201 3298; x_wconf 88' lang='lat' dir='ltr'><strong>justitiam</strong></span> <span class='ocrx_word' id='word_1_345' title='bbox 1262 3228 1411 3299; x_wconf 91' lang='lat' dir='ltr'><strong>apud</strong></span> <span class='ocrx_word' id='word_1_346' title='bbox 1460 3229 1853 3286; x_wconf 88' lang='lat' dir='ltr'><strong>ministeriales</strong></span> 
     </span>
    </p>
   </div>
   <div class='ocr_carea' id='block_1_48' title="bbox 215 3320 1855 3397">
    <p class='ocr_par' dir='ltr' id='par_1_48' title="bbox 215 3320 1855 3397">
     <span class='ocr_line' id='line_1_48' title="bbox 215 3320 1855 3397; baseline 0.003 -21"><span class='ocrx_word' id='word_1_347' title='bbox 215 3320 408 3397; x_wconf 88' lang='lat' dir='ltr'><strong>regios</strong></span> <span class='ocrx_word' id='word_1_348' title='bbox 437 3320 548 3376; x_wconf 89' lang='lat' dir='ltr'><strong>sibi</strong></span> <span class='ocrx_word' id='word_1_349' title='bbox 602 3320 721 3375; x_wconf 86' lang='lat' dir='ltr'><strong>ﬁeri</strong></span> <span class='ocrx_word' id='word_1_350' title='bbox 748 3320 927 3392; x_wconf 88' lang='lat' dir='ltr'><strong>petiit,</strong></span> <span class='ocrx_word' id='word_1_351' title='bbox 978 3338 1082 3377; x_wconf 91' lang='lat' dir='ltr'><strong>nec</strong></span> <span class='ocrx_word' id='word_1_352' title='bbox 1111 3322 1368 3378; x_wconf 88' lang='lat' dir='ltr'><strong>obtinere</strong></span> <span class='ocrx_word' id='word_1_353' title='bbox 1410 3324 1607 3395; x_wconf 85' lang='lat' dir='ltr'><strong>potuit.</strong></span> <span class='ocrx_word' id='word_1_354' title='bbox 1640 3325 1855 3381; x_wconf 84' lang='lat' dir='ltr'><strong>invenit</strong></span> 
     </span>
    </p>
   </div>
   <div class='ocr_carea' id='block_1_49' title="bbox 216 3415 1855 3473">
    <p class='ocr_par' dir='ltr' id='par_1_49' title="bbox 216 3415 1855 3473">
     <span class='ocr_line' id='line_1_49' title="bbox 216 3415 1855 3473; baseline 0 -2"><span class='ocrx_word' id='word_1_355' title='bbox 216 3423 409 3471; x_wconf 88' lang='lat' dir='ltr'><strong>autem</strong></span> <span class='ocrx_word' id='word_1_356' title='bbox 466 3415 691 3470; x_wconf 90' lang='lat' dir='ltr'><strong>tandem</strong></span> <span class='ocrx_word' id='word_1_357' title='bbox 750 3415 858 3470; x_wconf 87' lang='lat' dir='ltr'><strong>sibi</strong></span> <span class='ocrx_word' id='word_1_358' title='bbox 901 3416 1125 3472; x_wconf 88' lang='lat' dir='ltr'><strong>salubre</strong></span> <span class='ocrx_word' id='word_1_359' title='bbox 1171 3417 1485 3473; x_wconf 87' lang='lat' dir='ltr'><strong>consilium.</strong></span> <span class='ocrx_word' id='word_1_360' title='bbox 1547 3418 1677 3473; x_wconf 85' lang='lat' dir='ltr'><strong>Nam</strong></span> <span class='ocrx_word' id='word_1_361' title='bbox 1708 3418 1855 3473; x_wconf 89' lang='lat' dir='ltr'><strong>coxit</strong></span> 
     </span>
    </p>
   </div>
   <div class='ocr_carea' id='block_1_50' title="bbox 218 3511 1851 3581">
    <p class='ocr_par' dir='ltr' id='par_1_50' title="bbox 218 3511 1851 3581">
     <span class='ocr_line' id='line_1_50' title="bbox 218 3511 1851 3581; baseline 0.002 -18"><span class='ocrx_word' id='word_1_362' title='bbox 218 3524 399 3581; x_wconf 89' lang='lat' dir='ltr'><strong>panes</strong></span> <span class='ocrx_word' id='word_1_363' title='bbox 439 3517 496 3563; x_wconf 94' lang='lat' dir='ltr'><strong>et</strong></span> <span class='ocrx_word' id='word_1_364' title='bbox 523 3524 741 3575; x_wconf 90' lang='lat' dir='ltr'><strong>carnes,</strong></span> <span class='ocrx_word' id='word_1_365' title='bbox 801 3515 856 3564; x_wconf 91' lang='lat' dir='ltr'><strong>et</strong></span> <span class='ocrx_word' id='word_1_366' title='bbox 880 3517 1110 3581; x_wconf 89' lang='lat' dir='ltr'><strong>accepta</strong></span> <span class='ocrx_word' id='word_1_367' title='bbox 1139 3511 1428 3573; x_wconf 88' lang='lat' dir='ltr'><strong>cerevisia,</strong></span> <span class='ocrx_word' id='word_1_368' title='bbox 1488 3511 1851 3581; x_wconf 89' lang='lat' dir='ltr'><strong>proutvisum</strong></span> 
     </span>
    </p>
   </div>
   <div class='ocr_carea' id='block_1_51' title="bbox 216 3587 1852 3674">
    <p class='ocr_par' dir='ltr' id='par_1_51' title="bbox 216 3587 1852 3674">
     <span class='ocr_line' id='line_1_51' title="bbox 216 3587 1852 3674; baseline 0.002 -22"><span class='ocrx_word' id='word_1_369' title='bbox 216 3598 347 3666; x_wconf 90' lang='lat' dir='ltr'><strong>fuit,</strong></span> <span class='ocrx_word' id='word_1_370' title='bbox 378 3598 435 3652; x_wconf 92' lang='lat' dir='ltr'><strong>in</strong></span> <span class='ocrx_word' id='word_1_371' title='bbox 477 3598 734 3667; x_wconf 88' lang='lat' dir='ltr'><strong>vasculis,</strong></span> <span class='ocrx_word' id='word_1_372' title='bbox 794 3598 911 3653; x_wconf 64' lang='lat' dir='ltr'><strong>haec</strong></span> <span class='ocrx_word' id='word_1_373' title='bbox 963 3599 1151 3655; x_wconf 88' lang='lat' dir='ltr'><strong>omnia</strong></span> <span class='ocrx_word' id='word_1_374' title='bbox 1201 3599 1481 3658; x_wconf 90' lang='lat' dir='ltr'><strong>vehiculo.</strong></span> <span class='ocrx_word' id='word_1_375' title='bbox 1520 3587 1646 3671; x_wconf 67' lang='lat' dir='ltr'><strong>qua:</strong></span> <span class='ocrx_word' id='word_1_376' title='bbox 1686 3601 1852 3674; x_wconf 85' lang='lat' dir='ltr'><strong>vulgo</strong></span> 
     </span>
    </p>
   </div>
   <div class='ocr_carea' id='block_1_52' title="bbox 217 3687 1846 3759">
    <p class='ocr_par' dir='ltr' id='par_1_52' title="bbox 217 3687 1846 3759">
     <span class='ocr_line' id='line_1_52' title="bbox 217 3687 1846 3759; baseline 0.002 -17"><span class='ocrx_word' id='word_1_377' title='bbox 217 3688 410 3744; x_wconf 89' lang='lat' dir='ltr'><strong>benna</strong></span> <span class='ocrx_word' id='word_1_378' title='bbox 440 3688 665 3754; x_wconf 89' lang='lat' dir='ltr'><strong>dicitur,</strong></span> <span class='ocrx_word' id='word_1_379' title='bbox 686 3687 968 3759; x_wconf 89' lang='lat' dir='ltr'><strong>imposuit,</strong></span> <span class='ocrx_word' id='word_1_380' title='bbox 1001 3694 1056 3743; x_wconf 91' lang='lat' dir='ltr'><strong>et</strong></span> <span class='ocrx_word' id='word_1_381' title='bbox 1098 3688 1307 3757; x_wconf 88' lang='lat' dir='ltr'><strong>junctis</strong></span> <span class='ocrx_word' id='word_1_382' title='bbox 1353 3688 1536 3745; x_wconf 91' lang='lat' dir='ltr'><strong>bobus</strong></span> <span class='ocrx_word' id='word_1_383' title='bbox 1566 3690 1636 3744; x_wconf 91' lang='lat' dir='ltr'><strong>ad</strong></span> <span class='ocrx_word' id='word_1_384' title='bbox 1660 3690 1846 3745; x_wconf 90' lang='lat' dir='ltr'><strong>basili-</strong></span> 
     </span>
    </p>
   </div>
   <div class='ocr_carea' id='block_1_53' title="bbox 215 3779 1851 3854">
    <p class='ocr_par' dir='ltr' id='par_1_53' title="bbox 215 3779 1851 3854">
     <span class='ocr_line' id='line_1_53' title="bbox 215 3779 1851 3854; baseline 0.002 -18"><span class='ocrx_word' id='word_1_385' title='bbox 215 3797 342 3836; x_wconf 80' lang='lat' dir='ltr'><strong>cam</strong></span> <span class='ocrx_word' id='word_1_386' title='bbox 374 3780 552 3836; x_wconf 90' lang='lat' dir='ltr'><strong>sa&#39;ncti</strong></span> <span class='ocrx_word' id='word_1_387' title='bbox 587 3779 844 3854; x_wconf 81' lang='lat' dir='ltr'><strong>Remigii,</strong></span> <span class='ocrx_word' id='word_1_388' title='bbox 877 3780 1166 3836; x_wconf 89' lang='lat' dir='ltr'><strong>candelam</strong></span> <span class='ocrx_word' id='word_1_389' title='bbox 1202 3798 1366 3836; x_wconf 91' lang='lat' dir='ltr'><strong>manu</strong></span> <span class='ocrx_word' id='word_1_390' title='bbox 1406 3781 1611 3848; x_wconf 85' lang='lat' dir='ltr'><strong>ferens,</strong></span> <span class='ocrx_word' id='word_1_391' title='bbox 1645 3799 1851 3854; x_wconf 88' lang='lat' dir='ltr'><strong>prope-</strong></span> 
     </span>
    </p>
   </div>
   <div class='ocr_carea' id='block_1_54' title="bbox 216 3873 1848 3946">
    <p class='ocr_par' dir='ltr' id='par_1_54' title="bbox 216 3873 1848 3946">
     <span class='ocr_line' id='line_1_54' title="bbox 216 3873 1848 3946; baseline 0.002 -19"><span class='ocrx_word' id='word_1_392' title='bbox 216 3873 381 3929; x_wconf 90' lang='lat' dir='ltr'><strong>ravit.</strong></span> <span class='ocrx_word' id='word_1_393' title='bbox 416 3873 534 3939; x_wconf 93' lang='lat' dir='ltr'><strong>Quo</strong></span> <span class='ocrx_word' id='word_1_394' title='bbox 589 3873 942 3945; x_wconf 86' lang='lat' dir='ltr'><strong>perveniens,</strong></span> <span class='ocrx_word' id='word_1_395' title='bbox 997 3873 1223 3929; x_wconf 88' lang='lat' dir='ltr'><strong>cibariis</strong></span> <span class='ocrx_word' id='word_1_396' title='bbox 1269 3890 1395 3946; x_wconf 67' lang='lat' dir='ltr'><strong>qua:</strong></span> <span class='ocrx_word' id='word_1_397' title='bbox 1421 3874 1620 3930; x_wconf 89' lang='lat' dir='ltr'><strong>detulit</strong></span> <span class='ocrx_word' id='word_1_398' title='bbox 1655 3876 1848 3931; x_wconf 82' lang='lat' dir='ltr'><strong>matri-</strong></span> 
     </span>
    </p>
   </div>
   <div class='ocr_carea' id='block_1_55' title="bbox 215 3962 1851 4036">
    <p class='ocr_par' dir='ltr' id='par_1_55' title="bbox 215 3962 1851 4036">
     <span class='ocr_line' id='line_1_55' title="bbox 215 3962 1851 4036; baseline 0.001 -17"><span class='ocrx_word' id='word_1_399' title='bbox 215 3963 468 4019; x_wconf 88' lang='lat' dir='ltr'><strong>cularios</strong></span> <span class='ocrx_word' id='word_1_400' title='bbox 512 3963 678 4034; x_wconf 87' lang='lat' dir='ltr'><strong>pavit,</strong></span> <span class='ocrx_word' id='word_1_401' title='bbox 732 3962 801 4017; x_wconf 90' lang='lat' dir='ltr'><strong>ad</strong></span> <span class='ocrx_word' id='word_1_402' title='bbox 838 3962 1156 4034; x_wconf 87' lang='lat' dir='ltr'><strong>sepulcrum</strong></span> <span class='ocrx_word' id='word_1_403' title='bbox 1206 3964 1385 4019; x_wconf 86' lang='lat' dir='ltr'><strong>sancti</strong></span> <span class='ocrx_word' id='word_1_404' title='bbox 1427 3964 1716 4019; x_wconf 90' lang='lat' dir='ltr'><strong>candelam</strong></span> <span class='ocrx_word' id='word_1_405' title='bbox 1749 3980 1851 4036; x_wconf 88' lang='lat' dir='ltr'><strong>po-</strong></span> 
     </span>
    </p>
   </div>
   <div class='ocr_carea' id='block_1_56' title="bbox 214 4052 1841 4124">
    <p class='ocr_par' dir='ltr' id='par_1_56' title="bbox 214 4052 1841 4124">
     <span class='ocr_line' id='line_1_56' title="bbox 214 4052 1841 4124; baseline -0.001 -15"><span class='ocrx_word' id='word_1_406' title='bbox 214 4055 352 4120; x_wconf 88' lang='lat' dir='ltr'><strong>suit,</strong></span> <span class='ocrx_word' id='word_1_407' title='bbox 389 4062 446 4109; x_wconf 93' lang='lat' dir='ltr'><strong>et</strong></span> <span class='ocrx_word' id='word_1_408' title='bbox 468 4054 591 4123; x_wconf 90' lang='lat' dir='ltr'><strong>ejus</strong></span> <span class='ocrx_word' id='word_1_409' title='bbox 636 4052 907 4107; x_wconf 82' lang='lat' dir='ltr'><strong>auxilium</strong></span> <span class='ocrx_word' id='word_1_410' title='bbox 938 4059 1127 4108; x_wconf 89' lang='lat' dir='ltr'><strong>contra</strong></span> <span class='ocrx_word' id='word_1_411' title='bbox 1160 4066 1293 4108; x_wconf 90' lang='lat' dir='ltr'><strong>suos</strong></span> <span class='ocrx_word' id='word_1_412' title='bbox 1349 4068 1719 4124; x_wconf 90' lang='lat' dir='ltr'><strong>oppressuros</strong></span> <span class='ocrx_word' id='word_1_413' title='bbox 1740 4070 1841 4109; x_wconf 90' lang='lat' dir='ltr'><strong>ex-</strong></span> 
     </span>
    </p>
   </div>
   <div class='ocr_carea' id='block_1_57' title="bbox 218 4141 1840 4217">
    <p class='ocr_par' dir='ltr' id='par_1_57' title="bbox 218 4141 1840 4217">
     <span class='ocr_line' id='line_1_57' title="bbox 218 4141 1840 4217; baseline -0.001 -18"><span class='ocrx_word' id='word_1_414' title='bbox 218 4143 407 4217; x_wconf 85' lang='lat' dir='ltr'><strong>petiit.</strong></span> <span class='ocrx_word' id='word_1_415' title='bbox 433 4142 721 4198; x_wconf 89' lang='lat' dir='ltr'><strong>Pulverem</strong></span> <span class='ocrx_word' id='word_1_416' title='bbox 751 4156 971 4215; x_wconf 91' lang='lat' dir='ltr'><strong>quoque</strong></span> <span class='ocrx_word' id='word_1_417' title='bbox 1002 4142 1070 4196; x_wconf 90' lang='lat' dir='ltr'><strong>de</strong></span> <span class='ocrx_word' id='word_1_418' title='bbox 1100 4141 1416 4212; x_wconf 85' lang='lat' dir='ltr'><strong>pavimento</strong></span> <span class='ocrx_word' id='word_1_419' title='bbox 1447 4143 1696 4198; x_wconf 67' lang='lat' dir='ltr'><strong>ecclesia:</strong></span> <span class='ocrx_word' id='word_1_420' title='bbox 1718 4143 1840 4198; x_wconf 88' lang='lat' dir='ltr'><strong>col-</strong></span> 
     </span>
    </p>
   </div>
   <div class='ocr_carea' id='block_1_58' title="bbox 213 4233 1838 4312">
    <p class='ocr_par' dir='ltr' id='par_1_58' title="bbox 213 4233 1838 4312">
     <span class='ocr_line' id='line_1_58' title="bbox 213 4233 1838 4312; baseline -0.001 -20"><span class='ocrx_word' id='word_1_421' title='bbox 213 4239 428 4312; x_wconf 89' lang='lat' dir='ltr'><strong>ligens,</strong></span> <span class='ocrx_word' id='word_1_422' title='bbox 462 4251 647 4307; x_wconf 90' lang='lat' dir='ltr'><strong>panno</strong></span> <span class='ocrx_word' id='word_1_423' title='bbox 666 4233 967 4307; x_wconf 87' lang='lat' dir='ltr'><strong>colligavit,</strong></span> <span class='ocrx_word' id='word_1_424' title='bbox 1021 4240 1076 4288; x_wconf 91' lang='lat' dir='ltr'><strong>et</strong></span> <span class='ocrx_word' id='word_1_425' title='bbox 1122 4233 1177 4287; x_wconf 95' lang='lat' dir='ltr'><strong>in</strong></span> <span class='ocrx_word' id='word_1_426' title='bbox 1226 4233 1489 4304; x_wconf 74' lang='lat' dir='ltr'><strong>praedicta</strong></span> <span class='ocrx_word' id='word_1_427' title='bbox 1516 4234 1702 4291; x_wconf 88' lang='lat' dir='ltr'><strong>benna</strong></span> <span class='ocrx_word' id='word_1_428' title='bbox 1734 4251 1838 4306; x_wconf 91' lang='lat' dir='ltr'><strong>po-</strong></span> 
     </span>
    </p>
   </div>
   <div class='ocr_carea' id='block_1_59' title="bbox 216 4324 1841 4397">
    <p class='ocr_par' dir='ltr' id='par_1_59' title="bbox 216 4324 1841 4397">
     <span class='ocr_line' id='line_1_59' title="bbox 216 4324 1841 4397; baseline -0.002 -16"><span class='ocrx_word' id='word_1_429' title='bbox 216 4341 385 4391; x_wconf 90' lang='lat' dir='ltr'><strong>nens,</strong></span> <span class='ocrx_word' id='word_1_430' title='bbox 442 4324 676 4380; x_wconf 89' lang='lat' dir='ltr'><strong>linteum</strong></span> <span class='ocrx_word' id='word_1_431' title='bbox 740 4324 982 4396; x_wconf 90' lang='lat' dir='ltr'><strong>desuper</strong></span> <span class='ocrx_word' id='word_1_432' title='bbox 1021 4325 1103 4397; x_wconf 88' lang='lat' dir='ltr'><strong>(ut</strong></span> <span class='ocrx_word' id='word_1_433' title='bbox 1157 4340 1324 4395; x_wconf 91' lang='lat' dir='ltr'><strong>supra</strong></span> <span class='ocrx_word' id='word_1_434' title='bbox 1378 4340 1581 4396; x_wconf 90' lang='lat' dir='ltr'><strong>corpus</strong></span> <span class='ocrx_word' id='word_1_435' title='bbox 1637 4324 1841 4380; x_wconf 90' lang='lat' dir='ltr'><strong>mortui</strong></span> 
     </span>
    </p>
   </div>
   <div class='ocr_carea' id='block_1_60' title="bbox 212 4416 1841 4491">
    <p class='ocr_par' dir='ltr' id='par_1_60' title="bbox 212 4416 1841 4491">
     <span class='ocr_line' id='line_1_60' title="bbox 212 4416 1841 4491; baseline -0.002 -16"><span class='ocrx_word' id='word_1_436' title='bbox 212 4420 367 4475; x_wconf 85' lang='lat' dir='ltr'><strong>solet</strong></span> <span class='ocrx_word' id='word_1_437' title='bbox 392 4416 875 4488; x_wconf 68' lang='lat' dir='ltr'><strong>ﬁerijcomposuit,</strong></span> <span class='ocrx_word' id='word_1_438' title='bbox 923 4424 979 4472; x_wconf 88' lang='lat' dir='ltr'><strong>et</strong></span> <span class='ocrx_word' id='word_1_439' title='bbox 1032 4416 1101 4471; x_wconf 89' lang='lat' dir='ltr'><strong>ad</strong></span> <span class='ocrx_word' id='word_1_440' title='bbox 1132 4417 1356 4488; x_wconf 80' lang='lat' dir='ltr'><strong>prapria</strong></span> <span class='ocrx_word' id='word_1_441' title='bbox 1390 4434 1634 4473; x_wconf 90' lang='lat' dir='ltr'><strong>remeare</strong></span> <span class='ocrx_word' id='word_1_442' title='bbox 1654 4419 1841 4491; x_wconf 87' lang='lat' dir='ltr'><strong>coepit.</strong></span> 
     </span>
    </p>
   </div>
   <div class='ocr_carea' id='block_1_61' title="bbox 1961 1968 3585 2042">
    <p class='ocr_par' dir='ltr' id='par_1_61' title="bbox 1961 1968 3585 2042">
     <span class='ocr_line' id='line_1_61' title="bbox 1961 1968 3585 2042; baseline 0.002 -21"><span class='ocrx_word' id='word_1_443' title='bbox 1961 1970 2136 2023; x_wconf 90' lang='lat' dir='ltr'><strong>sancti</strong></span> <span class='ocrx_word' id='word_1_444' title='bbox 2172 1968 2406 2041; x_wconf 85' lang='lat' dir='ltr'><strong>Remigii</strong></span> <span class='ocrx_word' id='word_1_445' title='bbox 2441 1970 2608 2037; x_wconf 87' lang='lat' dir='ltr'><strong>ejecit</strong></span> <span class='ocrx_word' id='word_1_446' title='bbox 2635 1986 2760 2025; x_wconf 91' lang='lat' dir='ltr'><strong>cum</strong></span> <span class='ocrx_word' id='word_1_447' title='bbox 2811 1970 3065 2042; x_wconf 88' lang='lat' dir='ltr'><strong>ﬂagellis,</strong></span> <span class='ocrx_word' id='word_1_448' title='bbox 3102 1970 3585 2026; x_wconf 85' lang='lat' dir='ltr'><strong>conclamantibus</strong></span> 
     </span>
    </p>
   </div>
   <div class='ocr_carea' id='block_1_62' title="bbox 1958 2060 3585 2133">
    <p class='ocr_par' dir='ltr' id='par_1_62' title="bbox 1958 2060 3585 2133">
     <span class='ocr_line' id='line_1_62' title="bbox 1958 2060 3585 2133; baseline 0.001 -19"><span class='ocrx_word' id='word_1_449' title='bbox 1958 2060 2038 2114; x_wconf 91' lang='lat' dir='ltr'><strong>cis</strong></span> <span class='ocrx_word' id='word_1_450' title='bbox 2068 2060 2119 2114; x_wconf 93' lang='lat' dir='ltr'><strong>S.</strong></span> <span class='ocrx_word' id='word_1_451' title='bbox 2156 2060 2464 2133; x_wconf 89' lang='lat' dir='ltr'><strong>Remigium</strong></span> <span class='ocrx_word' id='word_1_452' title='bbox 2494 2061 2602 2115; x_wconf 90' lang='lat' dir='ltr'><strong>sibi</strong></span> <span class='ocrx_word' id='word_1_453' title='bbox 2644 2061 2787 2116; x_wconf 90' lang='lat' dir='ltr'><strong>ferre</strong></span> <span class='ocrx_word' id='word_1_454' title='bbox 2824 2062 3159 2117; x_wconf 88' lang='lat' dir='ltr'><strong>subsidium.</strong></span> <span class='ocrx_word' id='word_1_455' title='bbox 3207 2062 3585 2128; x_wconf 83' lang='lat' dir='ltr'><strong>Quibusidem</strong></span> 
     </span>
    </p>
   </div>
   <div class='ocr_carea' id='block_1_63' title="bbox 1958 2152 3589 2225">
    <p class='ocr_par' dir='ltr' id='par_1_63' title="bbox 1958 2152 3589 2225">
     <span class='ocr_line' id='line_1_63' title="bbox 1958 2152 3589 2225; baseline 0.002 -20"><span class='ocrx_word' id='word_1_456' title='bbox 1958 2152 2253 2225; x_wconf 87' lang='lat' dir='ltr'><strong>Blitgarius</strong></span> <span class='ocrx_word' id='word_1_457' title='bbox 2283 2169 2407 2206; x_wconf 92' lang='lat' dir='ltr'><strong>cum</strong></span> <span class='ocrx_word' id='word_1_458' title='bbox 2441 2153 2699 2209; x_wconf 88' lang='lat' dir='ltr'><strong>irrisione</strong></span> <span class='ocrx_word' id='word_1_459' title='bbox 2727 2153 2898 2208; x_wconf 89' lang='lat' dir='ltr'><strong>dixit:</strong></span> <span class='ocrx_word' id='word_1_460' title='bbox 2930 2155 3316 2224; x_wconf 79' lang='lat' dir='ltr'><strong>Modoparebit</strong></span> <span class='ocrx_word' id='word_1_461' title='bbox 3346 2155 3589 2225; x_wconf 80' lang='lat' dir='ltr'><strong>qualiter</strong></span> 
     </span>
    </p>
   </div>
   <div class='ocr_carea' id='block_1_64' title="bbox 1958 2244 3585 2313">
    <p class='ocr_par' dir='ltr' id='par_1_64' title="bbox 1958 2244 3585 2313">
     <span class='ocr_line' id='line_1_64' title="bbox 1958 2244 3585 2313; baseline 0.001 -18"><span class='ocrx_word' id='word_1_462' title='bbox 1958 2257 2049 2296; x_wconf 80' lang='lat' dir='ltr'><strong>vos</strong></span> <span class='ocrx_word' id='word_1_463' title='bbox 2088 2248 2309 2297; x_wconf 83' lang='lat' dir='ltr'><strong>sanctus</strong></span> <span class='ocrx_word' id='word_1_464' title='bbox 2350 2245 2624 2310; x_wconf 76' lang='lat' dir='ltr'><strong>Remigius</strong></span> <span class='ocrx_word' id='word_1_465' title='bbox 2662 2244 2970 2312; x_wconf 76' lang='lat' dir='ltr'><strong>adjuvabit.</strong></span> <span class='ocrx_word' id='word_1_466' title='bbox 3019 2245 3207 2300; x_wconf 82' lang='lat' dir='ltr'><strong>Videte</strong></span> <span class='ocrx_word' id='word_1_467' title='bbox 3236 2244 3499 2313; x_wconf 78' lang='lat' dir='ltr'><strong>quomodo</strong></span> <span class='ocrx_word' id='word_1_468' title='bbox 3528 2246 3585 2297; x_wconf 73' lang='lat' dir='ltr'><strong>in</strong></span> 
     </span>
    </p>
   </div>
   <div class='ocr_carea' id='block_1_65' title="bbox 1959 2333 3583 2406">
    <p class='ocr_par' dir='ltr' id='par_1_65' title="bbox 1959 2333 3583 2406">
     <span class='ocr_line' id='line_1_65' title="bbox 1959 2333 3583 2406; baseline 0.001 -20"><span class='ocrx_word' id='word_1_469' title='bbox 1959 2333 2303 2401; x_wconf 81' lang='lat' dir='ltr'><strong>adjutorium</strong></span> <span class='ocrx_word' id='word_1_470' title='bbox 2331 2339 2567 2388; x_wconf 77' lang='lat' dir='ltr'><strong>vestrum</strong></span> <span class='ocrx_word' id='word_1_471' title='bbox 2593 2337 2759 2390; x_wconf 80' lang='lat' dir='ltr'><strong>venit.</strong></span> <span class='ocrx_word' id='word_1_472' title='bbox 2810 2335 3043 2406; x_wconf 86' lang='lat' dir='ltr'><strong>Moxque</strong></span> <span class='ocrx_word' id='word_1_473' title='bbox 3075 2334 3221 2390; x_wconf 87' lang='lat' dir='ltr'><strong>inter</strong></span> <span class='ocrx_word' id='word_1_474' title='bbox 3243 2336 3361 2390; x_wconf 65' lang='lat' dir='ltr'><strong>haec</strong></span> <span class='ocrx_word' id='word_1_475' title='bbox 3391 2334 3583 2399; x_wconf 85' lang='lat' dir='ltr'><strong>verba,</strong></span> 
     </span>
    </p>
   </div>
   <div class='ocr_carea' id='block_1_66' title="bbox 1960 2423 3584 2499">
    <p class='ocr_par' dir='ltr' id='par_1_66' title="bbox 1960 2423 3584 2499">
     <span class='ocr_line' id='line_1_66' title="bbox 1960 2423 3584 2499; baseline 0.002 -23"><span class='ocrx_word' id='word_1_476' title='bbox 1960 2423 2201 2477; x_wconf 89' lang='lat' dir='ltr'><strong>maximo</strong></span> <span class='ocrx_word' id='word_1_477' title='bbox 2258 2423 2499 2495; x_wconf 83' lang='lat' dir='ltr'><strong>clamore</strong></span> <span class='ocrx_word' id='word_1_478' title='bbox 2568 2423 2983 2497; x_wconf 89' lang='lat' dir='ltr'><strong>ingemiscens,</strong></span> <span class='ocrx_word' id='word_1_479' title='bbox 3052 2425 3294 2479; x_wconf 90' lang='lat' dir='ltr'><strong>mirabili</strong></span> <span class='ocrx_word' id='word_1_480' title='bbox 3362 2433 3584 2499; x_wconf 87' lang='lat' dir='ltr'><strong>turgore</strong></span> 
     </span>
    </p>
   </div>
   <div class='ocr_carea' id='block_1_67' title="bbox 1959 2515 3585 2587">
    <p class='ocr_par' dir='ltr' id='par_1_67' title="bbox 1959 2515 3585 2587">
     <span class='ocr_line' id='line_1_67' title="bbox 1959 2515 3585 2587; baseline 0.002 -18"><span class='ocrx_word' id='word_1_481' title='bbox 1959 2515 2232 2570; x_wconf 88' lang='lat' dir='ltr'><strong>distentus</strong></span> <span class='ocrx_word' id='word_1_482' title='bbox 2264 2515 2542 2578; x_wconf 88' lang='lat' dir='ltr'><strong>intumuit,</strong></span> <span class='ocrx_word' id='word_1_483' title='bbox 2578 2523 2634 2570; x_wconf 89' lang='lat' dir='ltr'><strong>et</strong></span> <span class='ocrx_word' id='word_1_484' title='bbox 2660 2517 2919 2586; x_wconf 87' lang='lat' dir='ltr'><strong>expirans</strong></span> <span class='ocrx_word' id='word_1_485' title='bbox 2950 2516 3169 2587; x_wconf 88' lang='lat' dir='ltr'><strong>crepuit</strong></span> <span class='ocrx_word' id='word_1_486' title='bbox 3196 2517 3436 2572; x_wconf 87' lang='lat' dir='ltr'><strong>medius.</strong></span> <span class='ocrx_word' id='word_1_487' title='bbox 3473 2520 3585 2583; x_wconf 89' lang='lat' dir='ltr'><strong>Qua</strong></span> 
     </span>
    </p>
   </div>
   <div class='ocr_carea' id='block_1_68' title="bbox 1957 2604 3580 2676">
    <p class='ocr_par' dir='ltr' id='par_1_68' title="bbox 1957 2604 3580 2676">
     <span class='ocr_line' id='line_1_68' title="bbox 1957 2604 3580 2676; baseline 0.002 -18"><span class='ocrx_word' id='word_1_488' title='bbox 1957 2604 2202 2660; x_wconf 88' lang='lat' dir='ltr'><strong>vindicta</strong></span> <span class='ocrx_word' id='word_1_489' title='bbox 2231 2621 2654 2660; x_wconf 88' lang='lat' dir='ltr'><strong>commonemur</strong></span> <span class='ocrx_word' id='word_1_490' title='bbox 2684 2605 2953 2661; x_wconf 89' lang='lat' dir='ltr'><strong>ultionem</strong></span> <span class='ocrx_word' id='word_1_491' title='bbox 3010 2605 3255 2660; x_wconf 89' lang='lat' dir='ltr'><strong>divinam</strong></span> <span class='ocrx_word' id='word_1_492' title='bbox 3314 2606 3580 2676; x_wconf 87' lang='lat' dir='ltr'><strong>pertime-</strong></span> 
     </span>
    </p>
   </div>
   <div class='ocr_carea' id='block_1_69' title="bbox 1957 2693 3583 2759">
    <p class='ocr_par' dir='ltr' id='par_1_69' title="bbox 1957 2693 3583 2759">
     <span class='ocr_line' id='line_1_69' title="bbox 1957 2693 3583 2759; baseline 0 -11"><span class='ocrx_word' id='word_1_493' title='bbox 1957 2709 2135 2759; x_wconf 91' lang='lat' dir='ltr'><strong>scere,</strong></span> <span class='ocrx_word' id='word_1_494' title='bbox 2164 2695 2463 2749; x_wconf 90' lang='lat' dir='ltr'><strong>crudeliter</strong></span> <span class='ocrx_word' id='word_1_495' title='bbox 2509 2694 2938 2750; x_wconf 86' lang='lat' dir='ltr'><strong>ecclesiasticam</strong></span> <span class='ocrx_word' id='word_1_496' title='bbox 2982 2709 3094 2748; x_wconf 89' lang='lat' dir='ltr'><strong>non</strong></span> <span class='ocrx_word' id='word_1_497' title='bbox 3148 2702 3380 2749; x_wconf 89' lang='lat' dir='ltr'><strong>tractare</strong></span> <span class='ocrx_word' id='word_1_498' title='bbox 3416 2693 3583 2749; x_wconf 87' lang='lat' dir='ltr'><strong>fami-</strong></span> 
     </span>
    </p>
   </div>
   <div class='ocr_carea' id='block_1_70' title="bbox 1956 2781 3583 2854">
    <p class='ocr_par' dir='ltr' id='par_1_70' title="bbox 1956 2781 3583 2854">
     <span class='ocr_line' id='line_1_70' title="bbox 1956 2781 3583 2854; baseline 0.001 -19"><span class='ocrx_word' id='word_1_499' title='bbox 1956 2781 2107 2847; x_wconf 91' lang='lat' dir='ltr'><strong>liam,</strong></span> <span class='ocrx_word' id='word_1_500' title='bbox 2136 2790 2191 2837; x_wconf 92' lang='lat' dir='ltr'><strong>et</strong></span> <span class='ocrx_word' id='word_1_501' title='bbox 2222 2782 2278 2835; x_wconf 92' lang='lat' dir='ltr'><strong>in</strong></span> <span class='ocrx_word' id='word_1_502' title='bbox 2309 2783 2479 2837; x_wconf 89' lang='lat' dir='ltr'><strong>Deum</strong></span> <span class='ocrx_word' id='word_1_503' title='bbox 2512 2799 2576 2838; x_wconf 88' lang='lat' dir='ltr'><strong>ac</strong></span> <span class='ocrx_word' id='word_1_504' title='bbox 2614 2792 2835 2838; x_wconf 90' lang='lat' dir='ltr'><strong>sanctos</strong></span> <span class='ocrx_word' id='word_1_505' title='bbox 2853 2783 2974 2851; x_wconf 90' lang='lat' dir='ltr'><strong>ejus</strong></span> <span class='ocrx_word' id='word_1_506' title='bbox 2998 2798 3355 2854; x_wconf 87' lang='lat' dir='ltr'><strong>summepere</strong></span> <span class='ocrx_word' id='word_1_507' title='bbox 3386 2799 3583 2837; x_wconf 80' lang='lat' dir='ltr'><strong>cavere</strong></span> 
     </span>
    </p>
   </div>
   <div class='ocr_carea' id='block_1_71' title="bbox 1959 2870 2382 2941">
    <p class='ocr_par' dir='ltr' id='par_1_71' title="bbox 1959 2870 2382 2941">
     <span class='ocr_line' id='line_1_71' title="bbox 1959 2870 2382 2941; baseline 0.007 -17"><span class='ocrx_word' id='word_1_508' title='bbox 1959 2870 2382 2941; x_wconf 85' lang='lat' dir='ltr'><strong>blasphemiam.</strong></span> 
     </span>
    </p>
   </div>
   <div class='ocr_carea' id='block_1_72' title="bbox 2028 2959 3588 3032">
    <p class='ocr_par' dir='ltr' id='par_1_72' title="bbox 2028 2959 3588 3032">
     <span class='ocr_line' id='line_1_72' title="bbox 2028 2959 3588 3032; baseline 0 -17"><span class='ocrx_word' id='word_1_509' title='bbox 2028 2961 2237 3016; x_wconf 87' lang='lat' dir='ltr'><strong>Nostris</strong></span> <span class='ocrx_word' id='word_1_510' title='bbox 2270 2961 2403 3015; x_wconf 93' lang='lat' dir='ltr'><strong>olim</strong></span> <span class='ocrx_word' id='word_1_511' title='bbox 2436 2960 2636 3018; x_wconf 89' lang='lat' dir='ltr'><strong>diebus</strong></span> <span class='ocrx_word' id='word_1_512' title='bbox 2667 2961 2892 3032; x_wconf 90' lang='lat' dir='ltr'><strong>quidam</strong></span> <span class='ocrx_word' id='word_1_513' title='bbox 2924 2959 3247 3016; x_wconf 84' lang='lat' dir='ltr'><strong>Warnerius</strong></span> <span class='ocrx_word' id='word_1_514' title='bbox 3280 2960 3405 3032; x_wconf 85' lang='lat' dir='ltr'><strong>pagi</strong></span> <span class='ocrx_word' id='word_1_515' title='bbox 3449 2961 3588 3017; x_wconf 85' lang='lat' dir='ltr'><strong>Vor-</strong></span> 
     </span>
    </p>
   </div>
   <div class='ocr_carea' id='block_1_73' title="bbox 1958 3049 3584 3129">
    <p class='ocr_par' dir='ltr' id='par_1_73' title="bbox 1958 3049 3584 3129">
     <span class='ocr_line' id='line_1_73' title="bbox 1958 3049 3584 3129; baseline 0 -25"><span class='ocrx_word' id='word_1_516' title='bbox 1958 3049 2234 3105; x_wconf 90' lang='lat' dir='ltr'><strong>macensis</strong></span> <span class='ocrx_word' id='word_1_517' title='bbox 2277 3064 2479 3105; x_wconf 84' lang='lat' dir='ltr'><strong>comes.</strong></span> <span class='ocrx_word' id='word_1_518' title='bbox 2516 3066 2604 3104; x_wconf 87' lang='lat' dir='ltr'><strong>res</strong></span> <span class='ocrx_word' id='word_1_519' title='bbox 2635 3051 2811 3105; x_wconf 87' lang='lat' dir='ltr'><strong>sancti</strong></span> <span class='ocrx_word' id='word_1_520' title='bbox 2864 3051 3102 3122; x_wconf 81' lang='lat' dir='ltr'><strong>Remigii</strong></span> <span class='ocrx_word' id='word_1_521' title='bbox 3162 3051 3496 3129; x_wconf 68' lang='lat' dir='ltr'><strong>praemissas,</strong></span> <span class='ocrx_word' id='word_1_522' title='bbox 3528 3051 3584 3104; x_wconf 91' lang='lat' dir='ltr'><strong>in</strong></span> 
     </span>
    </p>
   </div>
   <div class='ocr_carea' id='block_1_74' title="bbox 1957 3137 3578 3213">
    <p class='ocr_par' dir='ltr' id='par_1_74' title="bbox 1957 3137 3578 3213">
     <span class='ocr_line' id='line_1_74' title="bbox 1957 3137 3578 3213; baseline -0.001 -18"><span class='ocrx_word' id='word_1_523' title='bbox 1957 3140 2170 3213; x_wconf 90' lang='lat' dir='ltr'><strong>Vosago</strong></span> <span class='ocrx_word' id='word_1_524' title='bbox 2200 3139 2352 3206; x_wconf 86' lang='lat' dir='ltr'><strong>sitas,</strong></span> <span class='ocrx_word' id='word_1_525' title='bbox 2384 3137 2675 3201; x_wconf 88' lang='lat' dir='ltr'><strong>invadens,</strong></span> <span class='ocrx_word' id='word_1_526' title='bbox 2709 3138 3031 3194; x_wconf 88' lang='lat' dir='ltr'><strong>hominibus</strong></span> <span class='ocrx_word' id='word_1_527' title='bbox 3058 3141 3174 3194; x_wconf 91' lang='lat' dir='ltr'><strong>suis</strong></span> <span class='ocrx_word' id='word_1_528' title='bbox 3187 3140 3578 3195; x_wconf 85' lang='lat' dir='ltr'><strong>distribuerat.</strong></span> 
     </span>
    </p>
   </div>
   <div class='ocr_carea' id='block_1_75' title="bbox 1881 3211 3585 3303">
    <p class='ocr_par' dir='ltr' id='par_1_75' title="bbox 1881 3211 3585 3303">
     <span class='ocr_line' id='line_1_75' title="bbox 1881 3211 3585 3303; baseline 0.003 -24"><span class='ocrx_word' id='word_1_529' title='bbox 1881 3211 1930 3279; x_wconf 73' lang='grc' dir='ltr'><strong>Ο</strong></span> <span class='ocrx_word' id='word_1_530' title='bbox 1953 3211 2193 3284; x_wconf 79' lang='lat' dir='ltr'><strong>Veniens</strong></span> <span class='ocrx_word' id='word_1_531' title='bbox 2218 3237 2404 3283; x_wconf 90' lang='lat' dir='ltr'><strong>autem</strong></span> <span class='ocrx_word' id='word_1_532' title='bbox 2437 3229 2471 3281; x_wconf 87' lang='grc' dir='ltr'>Β</span> <span class='ocrx_word' id='word_1_533' title='bbox 2547 3228 2831 3302; x_wconf 88' lang='lat' dir='ltr'><strong>Remigius</strong></span> <span class='ocrx_word' id='word_1_534' title='bbox 2859 3227 2930 3282; x_wconf 88' lang='lat' dir='ltr'><strong>ad</strong></span> <span class='ocrx_word' id='word_1_535' title='bbox 2965 3229 3315 3303; x_wconf 88' lang='lat' dir='ltr'><strong>Herigarium</strong></span> <span class='ocrx_word' id='word_1_536' title='bbox 3350 3228 3585 3302; x_wconf 83' lang='lat' dir='ltr'><strong>Mogun-</strong></span> 
     </span>
    </p>
   </div>
   <div class='ocr_carea' id='block_1_76' title="bbox 1957 3321 3581 3395">
    <p class='ocr_par' dir='ltr' id='par_1_76' title="bbox 1957 3321 3581 3395">
     <span class='ocr_line' id='line_1_76' title="bbox 1957 3321 3581 3395; baseline -0.001 -15"><span class='ocrx_word' id='word_1_537' title='bbox 1957 3324 2048 3380; x_wconf 70' lang='lat' dir='ltr'><strong>tias</strong></span> <span class='ocrx_word' id='word_1_538' title='bbox 2079 3323 2398 3394; x_wconf 73' lang='lat' dir='ltr'><strong>praesulem,</strong></span> <span class='ocrx_word' id='word_1_539' title='bbox 2429 3322 2486 3378; x_wconf 93' lang='lat' dir='ltr'><strong>in</strong></span> <span class='ocrx_word' id='word_1_540' title='bbox 2519 3321 2731 3379; x_wconf 91' lang='lat' dir='ltr'><strong>somnis</strong></span> <span class='ocrx_word' id='word_1_541' title='bbox 2755 3322 2807 3376; x_wconf 92' lang='lat' dir='ltr'><strong>ei</strong></span> <span class='ocrx_word' id='word_1_542' title='bbox 2852 3322 3006 3381; x_wconf 87' lang='lat' dir='ltr'><strong>visus</strong></span> <span class='ocrx_word' id='word_1_543' title='bbox 3033 3329 3138 3390; x_wconf 87' lang='lat' dir='ltr'><strong>est,</strong></span> <span class='ocrx_word' id='word_1_544' title='bbox 3158 3322 3492 3395; x_wconf 68' lang='lat' dir='ltr'><strong>praecipiens</strong></span> <span class='ocrx_word' id='word_1_545' title='bbox 3521 3332 3581 3379; x_wconf 92' lang='lat' dir='ltr'><strong>ut</strong></span> 
     </span>
    </p>
   </div>
   <div class='ocr_carea' id='block_1_77' title="bbox 1958 3414 3581 3487">
    <p class='ocr_par' dir='ltr' id='par_1_77' title="bbox 1958 3414 3581 3487">
     <span class='ocr_line' id='line_1_77' title="bbox 1958 3414 3581 3487; baseline 0.001 -18"><span class='ocrx_word' id='word_1_546' title='bbox 1958 3416 2063 3471; x_wconf 88' lang='lat' dir='ltr'><strong>iret</strong></span> <span class='ocrx_word' id='word_1_547' title='bbox 2093 3416 2161 3470; x_wconf 90' lang='lat' dir='ltr'><strong>ad</strong></span> <span class='ocrx_word' id='word_1_548' title='bbox 2193 3414 2503 3470; x_wconf 86' lang='lat' dir='ltr'><strong>Conradum</strong></span> <span class='ocrx_word' id='word_1_549' title='bbox 2564 3430 2772 3487; x_wconf 88' lang='lat' dir='ltr'><strong>regem,</strong></span> <span class='ocrx_word' id='word_1_550' title='bbox 2806 3430 3168 3470; x_wconf 88' lang='lat' dir='ltr'><strong>commonens</strong></span> <span class='ocrx_word' id='word_1_551' title='bbox 3223 3432 3347 3470; x_wconf 92' lang='lat' dir='ltr'><strong>cum</strong></span> <span class='ocrx_word' id='word_1_552' title='bbox 3380 3415 3581 3485; x_wconf 87' lang='lat' dir='ltr'><strong>jubere</strong></span> 
     </span>
    </p>
   </div>
   <div class='ocr_carea' id='block_1_78' title="bbox 1955 3503 3580 3576">
    <p class='ocr_par' dir='ltr' id='par_1_78' title="bbox 1955 3503 3580 3576">
     <span class='ocr_line' id='line_1_78' title="bbox 1955 3503 3580 3576; baseline -0.001 -15"><span class='ocrx_word' id='word_1_553' title='bbox 1955 3506 2063 3561; x_wconf 91' lang='lat' dir='ltr'><strong>sibi</strong></span> <span class='ocrx_word' id='word_1_554' title='bbox 2093 3505 2361 3574; x_wconf 89' lang='lat' dir='ltr'><strong>subjectis</strong></span> <span class='ocrx_word' id='word_1_555' title='bbox 2401 3512 2677 3576; x_wconf 85' lang='lat' dir='ltr'><strong>quatenus</strong></span> <span class='ocrx_word' id='word_1_556' title='bbox 2709 3503 3056 3561; x_wconf 89' lang='lat' dir='ltr'><strong>dimitterent</strong></span> <span class='ocrx_word' id='word_1_557' title='bbox 3111 3513 3309 3560; x_wconf 89' lang='lat' dir='ltr'><strong>terram</strong></span> <span class='ocrx_word' id='word_1_558' title='bbox 3339 3521 3452 3560; x_wconf 69' lang='lat' dir='ltr'><strong>sum</strong></span> <span class='ocrx_word' id='word_1_559' title='bbox 3492 3507 3580 3560; x_wconf 88' lang='lat' dir='ltr'><strong>di-</strong></span> 
     </span>
    </p>
   </div>
   <div class='ocr_carea' id='block_1_79' title="bbox 1956 3595 3583 3671">
    <p class='ocr_par' dir='ltr' id='par_1_79' title="bbox 1956 3595 3583 3671">
     <span class='ocr_line' id='line_1_79' title="bbox 1956 3595 3583 3671; baseline -0.002 -17"><span class='ocrx_word' id='word_1_560' title='bbox 1956 3600 2125 3655; x_wconf 89' lang='lat' dir='ltr'><strong>tionis</strong></span> <span class='ocrx_word' id='word_1_561' title='bbox 2186 3598 2287 3665; x_wconf 90' lang='lat' dir='ltr'><strong>Qui</strong></span> <span class='ocrx_word' id='word_1_562' title='bbox 2313 3614 2656 3671; x_wconf 87' lang='lat' dir='ltr'><strong>consurgens</strong></span> <span class='ocrx_word' id='word_1_563' title='bbox 2699 3613 2731 3651; x_wconf 91' lang='lat' dir='ltr'><strong>a</strong></span> <span class='ocrx_word' id='word_1_564' title='bbox 2783 3611 3000 3662; x_wconf 90' lang='lat' dir='ltr'><strong>somno,</strong></span> <span class='ocrx_word' id='word_1_565' title='bbox 3050 3595 3179 3651; x_wconf 90' lang='lat' dir='ltr'><strong>licet</strong></span> <span class='ocrx_word' id='word_1_566' title='bbox 3228 3596 3465 3652; x_wconf 89' lang='lat' dir='ltr'><strong>miratus</strong></span> <span class='ocrx_word' id='word_1_567' title='bbox 3514 3597 3583 3651; x_wconf 89' lang='lat' dir='ltr'><strong>de</strong></span> 
     </span>
    </p>
   </div>
   <div class='ocr_carea' id='block_1_80' title="bbox 1952 3686 3583 3765">
    <p class='ocr_par' dir='ltr' id='par_1_80' title="bbox 1952 3686 3583 3765">
     <span class='ocr_line' id='line_1_80' title="bbox 1952 3686 3583 3765; baseline -0.003 -19"><span class='ocrx_word' id='word_1_568' title='bbox 1952 3693 2188 3756; x_wconf 87' lang='lat' dir='ltr'><strong>visione,</strong></span> <span class='ocrx_word' id='word_1_569' title='bbox 2221 3692 2336 3765; x_wconf 89' lang='lat' dir='ltr'><strong>regi</strong></span> <span class='ocrx_word' id='word_1_570' title='bbox 2393 3697 2576 3745; x_wconf 89' lang='lat' dir='ltr'><strong>tamen</strong></span> <span class='ocrx_word' id='word_1_571' title='bbox 2626 3687 2815 3744; x_wconf 89' lang='lat' dir='ltr'><strong>omisit</strong></span> <span class='ocrx_word' id='word_1_572' title='bbox 2874 3686 3143 3742; x_wconf 90' lang='lat' dir='ltr'><strong>indicare.</strong></span> <span class='ocrx_word' id='word_1_573' title='bbox 3206 3686 3417 3742; x_wconf 88' lang='lat' dir='ltr'><strong>Rursus</strong></span> <span class='ocrx_word' id='word_1_574' title='bbox 3458 3695 3583 3758; x_wconf 91' lang='lat' dir='ltr'><strong>post</strong></span> 
     </span>
    </p>
   </div>
   <div class='ocr_carea' id='block_1_81' title="bbox 1953 3774 3577 3853">
    <p class='ocr_par' dir='ltr' id='par_1_81' title="bbox 1953 3774 3577 3853">
     <span class='ocr_line' id='line_1_81' title="bbox 1953 3774 3577 3853; baseline -0.004 -17"><span class='ocrx_word' id='word_1_575' title='bbox 1953 3782 2163 3853; x_wconf 88' lang='lat' dir='ltr'><strong>aliquot</strong></span> <span class='ocrx_word' id='word_1_576' title='bbox 2193 3781 2314 3835; x_wconf 90' lang='lat' dir='ltr'><strong>dies</strong></span> <span class='ocrx_word' id='word_1_577' title='bbox 2344 3794 2619 3850; x_wconf 88' lang='lat' dir='ltr'><strong>apparens</strong></span> <span class='ocrx_word' id='word_1_578' title='bbox 2642 3778 2693 3833; x_wconf 91' lang='lat' dir='ltr'><strong>ei</strong></span> <span class='ocrx_word' id='word_1_579' title='bbox 2725 3778 2779 3833; x_wconf 91' lang='lat' dir='ltr'><strong>S.</strong></span> <span class='ocrx_word' id='word_1_580' title='bbox 2802 3775 3088 3850; x_wconf 90' lang='lat' dir='ltr'><strong>Remigius</strong></span> <span class='ocrx_word' id='word_1_581' title='bbox 3113 3774 3399 3849; x_wconf 84' lang='lat' dir='ltr'><strong>redarguit</strong></span> <span class='ocrx_word' id='word_1_582' title='bbox 3427 3792 3577 3842; x_wconf 91' lang='lat' dir='ltr'><strong>eum,</strong></span> 
     </span>
    </p>
   </div>
   <div class='ocr_carea' id='block_1_82' title="bbox 1952 3866 3582 3946">
    <p class='ocr_par' dir='ltr' id='par_1_82' title="bbox 1952 3866 3582 3946">
     <span class='ocr_line' id='line_1_82' title="bbox 1952 3866 3582 3946; baseline -0.006 -16"><span class='ocrx_word' id='word_1_583' title='bbox 1952 3890 2124 3946; x_wconf 90' lang='lat' dir='ltr'><strong>quare</strong></span> <span class='ocrx_word' id='word_1_584' title='bbox 2178 3872 2439 3927; x_wconf 87' lang='lat' dir='ltr'><strong>mandata</strong></span> <span class='ocrx_word' id='word_1_585' title='bbox 2493 3886 2605 3926; x_wconf 93' lang='lat' dir='ltr'><strong>non</strong></span> <span class='ocrx_word' id='word_1_586' title='bbox 2664 3868 3028 3940; x_wconf 87' lang='lat' dir='ltr'><strong>adimplesset</strong></span> <span class='ocrx_word' id='word_1_587' title='bbox 3068 3866 3239 3933; x_wconf 91' lang='lat' dir='ltr'><strong>illius,</strong></span> <span class='ocrx_word' id='word_1_588' title='bbox 3273 3868 3582 3923; x_wconf 88' lang='lat' dir='ltr'><strong>admonens</strong></span> 
     </span>
    </p>
   </div>
   <div class='ocr_carea' id='block_1_83' title="bbox 1953 3960 3572 4034">
    <p class='ocr_par' dir='ltr' id='par_1_83' title="bbox 1953 3960 3572 4034">
     <span class='ocr_line' id='line_1_83' title="bbox 1953 3960 3572 4034; baseline -0.005 -13"><span class='ocrx_word' id='word_1_589' title='bbox 1953 3966 2150 4022; x_wconf 90' lang='lat' dir='ltr'><strong>iterum</strong></span> <span class='ocrx_word' id='word_1_590' title='bbox 2180 3981 2249 4019; x_wconf 89' lang='lat' dir='ltr'><strong>ne</strong></span> <span class='ocrx_word' id='word_1_591' title='bbox 2276 3962 2495 4018; x_wconf 78' lang='lat' dir='ltr'><strong>diﬂ&#39;erat</strong></span> <span class='ocrx_word' id='word_1_592' title='bbox 2534 3963 2669 4034; x_wconf 91' lang='lat' dir='ltr'><strong>quin</strong></span> <span class='ocrx_word' id='word_1_593' title='bbox 2704 3961 2820 4033; x_wconf 85' lang='lat' dir='ltr'><strong>regi</strong></span> <span class='ocrx_word' id='word_1_594' title='bbox 2861 3960 3017 4030; x_wconf 85' lang='lat' dir='ltr'><strong>jussa</strong></span> <span class='ocrx_word' id='word_1_595' title='bbox 3065 3960 3379 4016; x_wconf 87' lang='lat' dir='ltr'><strong>denuntiet.</strong></span> <span class='ocrx_word' id='word_1_596' title='bbox 3416 3961 3572 4024; x_wconf 87' lang='lat' dir='ltr'><strong>Item,</strong></span> 
     </span>
    </p>
   </div>
   <div class='ocr_carea' id='block_1_84' title="bbox 1951 4048 3578 4125">
    <p class='ocr_par' dir='ltr' id='par_1_84' title="bbox 1951 4048 3578 4125">
     <span class='ocr_line' id='line_1_84' title="bbox 1951 4048 3578 4125; baseline -0.005 -13"><span class='ocrx_word' id='word_1_597' title='bbox 1951 4073 2055 4112; x_wconf 92' lang='lat' dir='ltr'><strong>ceu</strong></span> <span class='ocrx_word' id='word_1_598' title='bbox 2089 4053 2261 4125; x_wconf 89' lang='lat' dir='ltr'><strong>prius,</strong></span> <span class='ocrx_word' id='word_1_599' title='bbox 2289 4053 2379 4107; x_wconf 91' lang='lat' dir='ltr'><strong>ille</strong></span> <span class='ocrx_word' id='word_1_600' title='bbox 2410 4051 2589 4107; x_wconf 87' lang='lat' dir='ltr'><strong>visum</strong></span> <span class='ocrx_word' id='word_1_601' title='bbox 2620 4058 2882 4121; x_wconf 89' lang='lat' dir='ltr'><strong>reputans</strong></span> <span class='ocrx_word' id='word_1_602' title='bbox 2906 4050 3091 4113; x_wconf 90' lang='lat' dir='ltr'><strong>inane,</strong></span> <span class='ocrx_word' id='word_1_603' title='bbox 3128 4048 3372 4121; x_wconf 84' lang='lat' dir='ltr'><strong>neglexit</strong></span> <span class='ocrx_word' id='word_1_604' title='bbox 3409 4049 3578 4120; x_wconf 87' lang='lat' dir='ltr'><strong>perti-</strong></span> 
     </span>
    </p>
   </div>
   <div class='ocr_carea' id='block_1_85' title="bbox 1946 4142 3573 4217">
    <p class='ocr_par' dir='ltr' id='par_1_85' title="bbox 1946 4142 3573 4217">
     <span class='ocr_line' id='line_1_85' title="bbox 1946 4142 3573 4217; baseline -0.006 -10"><span class='ocrx_word' id='word_1_605' title='bbox 1946 4166 2071 4208; x_wconf 88' lang='lat' dir='ltr'><strong>cere</strong></span> <span class='ocrx_word' id='word_1_606' title='bbox 2095 4147 2424 4217; x_wconf 68' lang='lat' dir='ltr'><strong>jussiqnem.</strong></span> <span class='ocrx_word' id='word_1_607' title='bbox 2457 4144 2639 4200; x_wconf 90' lang='lat' dir='ltr'><strong>Tertio</strong></span> <span class='ocrx_word' id='word_1_608' title='bbox 2700 4145 2846 4199; x_wconf 90' lang='lat' dir='ltr'><strong>hunc</strong></span> <span class='ocrx_word' id='word_1_609' title='bbox 2878 4144 2992 4212; x_wconf 89' lang='lat' dir='ltr'><strong>jam</strong></span> <span class='ocrx_word' id='word_1_610' title='bbox 3033 4159 3159 4199; x_wconf 92' lang='lat' dir='ltr'><strong>cum</strong></span> <span class='ocrx_word' id='word_1_611' title='bbox 3181 4142 3400 4217; x_wconf 78' lang='lat' dir='ltr'><strong>ﬂagello</strong></span> <span class='ocrx_word' id='word_1_612' title='bbox 3432 4161 3573 4200; x_wconf 87' lang='lat' dir='ltr'><strong>san-</strong></span> 
     </span>
    </p>
   </div>
   <div class='ocr_carea' id='block_1_86' title="bbox 1946 4233 3571 4308">
    <p class='ocr_par' dir='ltr' id='par_1_86' title="bbox 1946 4233 3571 4308">
     <span class='ocr_line' id='line_1_86' title="bbox 1946 4233 3571 4308; baseline -0.005 -11"><span class='ocrx_word' id='word_1_613' title='bbox 1946 4250 2066 4297; x_wconf 85' lang='lat' dir='ltr'><strong>ctus</strong></span> <span class='ocrx_word' id='word_1_614' title='bbox 2094 4238 2310 4304; x_wconf 88' lang='lat' dir='ltr'><strong>adiens,</strong></span> <span class='ocrx_word' id='word_1_615' title='bbox 2346 4236 2523 4308; x_wconf 81' lang='lat' dir='ltr'><strong>ipsius</strong></span> <span class='ocrx_word' id='word_1_616' title='bbox 2553 4233 2861 4304; x_wconf 88' lang='lat' dir='ltr'><strong>increpavit</strong></span> <span class='ocrx_word' id='word_1_617' title='bbox 2899 4233 3326 4300; x_wconf 88' lang='lat' dir='ltr'><strong>contumaciam,</strong></span> <span class='ocrx_word' id='word_1_618' title='bbox 3361 4250 3571 4304; x_wconf 89' lang='lat' dir='ltr'><strong>quem-</strong></span> 
     </span>
    </p>
   </div>
   <div class='ocr_carea' id='block_1_87' title="bbox 1945 4323 3576 4404">
    <p class='ocr_par' dir='ltr' id='par_1_87' title="bbox 1945 4323 3576 4404">
     <span class='ocr_line' id='line_1_87' title="bbox 1945 4323 3576 4404; baseline -0.006 -16"><span class='ocrx_word' id='word_1_619' title='bbox 1945 4348 2053 4404; x_wconf 90' lang='lat' dir='ltr'><strong>que</strong></span> <span class='ocrx_word' id='word_1_620' title='bbox 2114 4347 2213 4401; x_wconf 85' lang='lat' dir='ltr'><strong>per</strong></span> <span class='ocrx_word' id='word_1_621' title='bbox 2264 4325 2553 4383; x_wconf 88' lang='lat' dir='ltr'><strong>brachium</strong></span> <span class='ocrx_word' id='word_1_622' title='bbox 2586 4323 3091 4395; x_wconf 90' lang='lat' dir='ltr'><strong>comprehendens,</strong></span> <span class='ocrx_word' id='word_1_623' title='bbox 3127 4324 3270 4378; x_wconf 89' lang='lat' dir='ltr'><strong>lecto</strong></span> <span class='ocrx_word' id='word_1_624' title='bbox 3313 4323 3461 4379; x_wconf 91' lang='lat' dir='ltr'><strong>visus</strong></span> <span class='ocrx_word' id='word_1_625' title='bbox 3486 4334 3576 4379; x_wconf 88' lang='lat' dir='ltr'><strong>est</strong></span> 
     </span>
    </p>
   </div>
   <div class='ocr_carea' id='block_1_88' title="bbox 1946 4412 3579 4488">
    <p class='ocr_par' dir='ltr' id='par_1_88' title="bbox 1946 4412 3579 4488">
     <span class='ocr_line' id='line_1_88' title="bbox 1946 4412 3579 4488; baseline -0.004 -12"><span class='ocrx_word' id='word_1_626' title='bbox 1946 4420 2264 4477; x_wconf 86' lang='lat' dir='ltr'><strong>extraxisse.</strong></span> <span class='ocrx_word' id='word_1_627' title='bbox 2294 4418 2507 4487; x_wconf 72' lang='lat' dir='ltr'><strong>Sicque</strong></span> <span class='ocrx_word' id='word_1_628' title='bbox 2551 4413 2792 4488; x_wconf 89' lang='lat' dir='ltr'><strong>ﬂagello,</strong></span> <span class='ocrx_word' id='word_1_629' title='bbox 2827 4413 2975 4486; x_wconf 87' lang='lat' dir='ltr'><strong>quod</strong></span> <span class='ocrx_word' id='word_1_630' title='bbox 3010 4412 3253 4480; x_wconf 90' lang='lat' dir='ltr'><strong>tenebat,</strong></span> <span class='ocrx_word' id='word_1_631' title='bbox 3292 4429 3417 4469; x_wconf 92' lang='lat' dir='ltr'><strong>cum</strong></span> <span class='ocrx_word' id='word_1_632' title='bbox 3447 4432 3579 4470; x_wconf 85' lang='lat' dir='ltr'><strong>ver-</strong></span> 
     </span>
    </p>
   </div>
   <div class='ocr_carea' id='block_1_89' title="bbox 213 4505 3574 4602">
    <p class='ocr_par' dir='ltr' id='par_1_89' title="bbox 213 4505 3574 4602">
     <span class='ocr_line' id='line_1_89' title="bbox 213 4505 3574 4602; baseline 0.001 -39"><span class='ocrx_word' id='word_1_633' title='bbox 213 4509 276 4563; x_wconf 90' lang='lat' dir='ltr'><strong>Si</strong></span> <span class='ocrx_word' id='word_1_634' title='bbox 334 4507 434 4579; x_wconf 87' lang='lat' dir='ltr'><strong>qui</strong></span> <span class='ocrx_word' id='word_1_635' title='bbox 485 4522 617 4563; x_wconf 91' lang='lat' dir='ltr'><strong>vero</strong></span> <span class='ocrx_word' id='word_1_636' title='bbox 683 4507 754 4562; x_wconf 89' lang='lat' dir='ltr'><strong>de</strong></span> <span class='ocrx_word' id='word_1_637' title='bbox 809 4505 1167 4562; x_wconf 90' lang='lat' dir='ltr'><strong>obviantibus</strong></span> <span class='ocrx_word' id='word_1_638' title='bbox 1229 4521 1355 4560; x_wconf 90' lang='lat' dir='ltr'><strong>eum</strong></span> <span class='ocrx_word' id='word_1_639' title='bbox 1423 4507 1843 4580; x_wconf 82' lang='lat' dir='ltr'><strong>interrogabant</strong></span> <span class='ocrx_word' id='word_1_640' title='bbox 1873 4513 2173 4602; x_wconf 84' lang='lat' dir='ltr'><strong>Dberans,</strong></span> <span class='ocrx_word' id='word_1_641' title='bbox 2206 4509 2405 4565; x_wconf 88' lang='lat' dir='ltr'><strong>acriter</strong></span> <span class='ocrx_word' id='word_1_642' title='bbox 2463 4524 2667 4564; x_wconf 65' lang='lat' dir='ltr'><strong>caesum</strong></span> <span class='ocrx_word' id='word_1_643' title='bbox 2698 4507 2989 4562; x_wconf 86' lang='lat' dir='ltr'><strong>dimisitet</strong></span> <span class='ocrx_word' id='word_1_644' title='bbox 3043 4506 3418 4564; x_wconf 86' lang='lat' dir='ltr'><strong>humiliatum.</strong></span> <span class='ocrx_word' id='word_1_645' title='bbox 3455 4509 3574 4565; x_wconf 90' lang='lat' dir='ltr'><strong>Non</strong></span> 
     </span>
    </p>
   </div>
   <div class='ocr_carea' id='block_1_90' title="bbox 214 4596 1847 4672">
    <p class='ocr_par' dir='ltr' id='par_1_90' title="bbox 214 4596 1847 4672">
     <span class='ocr_line' id='line_1_90' title="bbox 214 4596 1847 4672; baseline 0 -18"><span class='ocrx_word' id='word_1_646' title='bbox 214 4598 363 4672; x_wconf 89' lang='lat' dir='ltr'><strong>quid</strong></span> <span class='ocrx_word' id='word_1_647' title='bbox 394 4597 450 4652; x_wconf 90' lang='lat' dir='ltr'><strong>in</strong></span> <span class='ocrx_word' id='word_1_648' title='bbox 480 4597 574 4654; x_wconf 92' lang='lat' dir='ltr'><strong>illo</strong></span> <span class='ocrx_word' id='word_1_649' title='bbox 604 4612 761 4653; x_wconf 89' lang='lat' dir='ltr'><strong>carro</strong></span> <span class='ocrx_word' id='word_1_650' title='bbox 800 4597 1047 4666; x_wconf 89' lang='lat' dir='ltr'><strong>duceret,</strong></span> <span class='ocrx_word' id='word_1_651' title='bbox 1074 4596 1449 4668; x_wconf 83' lang='lat' dir='ltr'><strong>reSpondebat</strong></span> <span class='ocrx_word' id='word_1_652' title='bbox 1478 4614 1537 4652; x_wconf 88' lang='lat' dir='ltr'><strong>se</strong></span> <span class='ocrx_word' id='word_1_653' title='bbox 1567 4598 1620 4651; x_wconf 91' lang='lat' dir='ltr'><strong>S.</strong></span> <span class='ocrx_word' id='word_1_654' title='bbox 1658 4598 1847 4654; x_wconf 88' lang='lat' dir='ltr'><strong>Remi-</strong></span> 
     </span>
    </p>
   </div>
   <div class='ocr_carea' id='block_1_91' title="bbox 214 4689 1849 4766">
    <p class='ocr_par' dir='ltr' id='par_1_91' title="bbox 214 4689 1849 4766">
     <span class='ocr_line' id='line_1_91' title="bbox 214 4689 1849 4766; baseline -0.001 -19"><span class='ocrx_word' id='word_1_655' title='bbox 214 4693 377 4766; x_wconf 84' lang='lat' dir='ltr'><strong>gium</strong></span> <span class='ocrx_word' id='word_1_656' title='bbox 401 4690 624 4746; x_wconf 52' lang='lat' dir='ltr'><strong>ducere.</strong></span> <span class='ocrx_word' id='word_1_657' title='bbox 664 4690 1001 4746; x_wconf 78' lang='lat' dir='ltr'><strong>Mirabantur</strong></span> <span class='ocrx_word' id='word_1_658' title='bbox 1062 4696 1247 4744; x_wconf 89' lang='lat' dir='ltr'><strong>autem</strong></span> <span class='ocrx_word' id='word_1_659' title='bbox 1283 4705 1480 4745; x_wconf 91' lang='lat' dir='ltr'><strong>omnes</strong></span> <span class='ocrx_word' id='word_1_660' title='bbox 1510 4689 1567 4743; x_wconf 92' lang='lat' dir='ltr'><strong>in</strong></span> <span class='ocrx_word' id='word_1_661' title='bbox 1598 4689 1762 4745; x_wconf 90' lang='lat' dir='ltr'><strong>dictis</strong></span> <span class='ocrx_word' id='word_1_662' title='bbox 1794 4700 1849 4746; x_wconf 90' lang='lat' dir='ltr'><strong>et</strong></span> 
     </span>
    </p>
   </div>
   <div class='ocr_carea' id='block_1_92' title="bbox 215 4782 1846 4854">
    <p class='ocr_par' dir='ltr' id='par_1_92' title="bbox 215 4782 1846 4854">
     <span class='ocr_line' id='line_1_92' title="bbox 215 4782 1846 4854; baseline 0 -15"><span class='ocrx_word' id='word_1_663' title='bbox 215 4783 386 4840; x_wconf 89' lang='lat' dir='ltr'><strong>factis</strong></span> <span class='ocrx_word' id='word_1_664' title='bbox 408 4782 580 4847; x_wconf 87' lang='lat' dir='ltr'><strong>illius,</strong></span> <span class='ocrx_word' id='word_1_665' title='bbox 611 4790 889 4839; x_wconf 88' lang='lat' dir='ltr'><strong>amentem</strong></span> <span class='ocrx_word' id='word_1_666' title='bbox 922 4782 1068 4838; x_wconf 89' lang='lat' dir='ltr'><strong>hunc</strong></span> <span class='ocrx_word' id='word_1_667' title='bbox 1098 4798 1222 4837; x_wconf 88' lang='lat' dir='ltr'><strong>esse</strong></span> <span class='ocrx_word' id='word_1_668' title='bbox 1240 4782 1500 4839; x_wconf 87' lang='lat' dir='ltr'><strong>ferentes.</strong></span> <span class='ocrx_word' id='word_1_669' title='bbox 1540 4784 1598 4838; x_wconf 88' lang='lat' dir='ltr'><strong>In</strong></span> <span class='ocrx_word' id='word_1_670' title='bbox 1632 4792 1846 4854; x_wconf 88' lang='lat' dir='ltr'><strong>pratum</strong></span> 
     </span>
    </p>
   </div>
   <div class='ocr_carea' id='block_1_93' title="bbox 214 4871 1847 4944">
    <p class='ocr_par' dir='ltr' id='par_1_93' title="bbox 214 4871 1847 4944">
     <span class='ocr_line' id='line_1_93' title="bbox 214 4871 1847 4944; baseline -0.001 -16"><span class='ocrx_word' id='word_1_671' title='bbox 214 4887 357 4929; x_wconf 85' lang='lat' dir='ltr'><strong>vero</strong></span> <span class='ocrx_word' id='word_1_672' title='bbox 386 4888 549 4927; x_wconf 90' lang='lat' dir='ltr'><strong>suum</strong></span> <span class='ocrx_word' id='word_1_673' title='bbox 582 4871 936 4944; x_wconf 86' lang='lat' dir='ltr'><strong>perveniens,</strong></span> <span class='ocrx_word' id='word_1_674' title='bbox 982 4879 1230 4942; x_wconf 90' lang='lat' dir='ltr'><strong>pastores</strong></span> <span class='ocrx_word' id='word_1_675' title='bbox 1258 4871 1396 4926; x_wconf 90' lang='lat' dir='ltr'><strong>inibi</strong></span> <span class='ocrx_word' id='word_1_676' title='bbox 1423 4871 1494 4928; x_wconf 91' lang='lat' dir='ltr'><strong>de</strong></span> <span class='ocrx_word' id='word_1_677' title='bbox 1536 4872 1736 4928; x_wconf 89' lang='lat' dir='ltr'><strong>Roscto</strong></span> <span class='ocrx_word' id='word_1_678' title='bbox 1758 4873 1847 4926; x_wconf 89' lang='lat' dir='ltr'><strong>di-</strong></span> 
     </span>
    </p>
   </div>
   <div class='ocr_carea' id='block_1_94' title="bbox 214 4964 1845 5042">
    <p class='ocr_par' dir='ltr' id='par_1_94' title="bbox 214 4964 1845 5042">
     <span class='ocr_line' id='line_1_94' title="bbox 214 4964 1845 5042; baseline 0 -21"><span class='ocrx_word' id='word_1_679' title='bbox 214 4965 365 5021; x_wconf 88' lang='lat' dir='ltr'><strong>versi</strong></span> <span class='ocrx_word' id='word_1_680' title='bbox 416 4964 642 5042; x_wconf 86' lang='lat' dir='ltr'><strong>generis</strong></span> <span class='ocrx_word' id='word_1_681' title='bbox 693 4964 952 5020; x_wconf 89' lang='lat' dir='ltr'><strong>animalia</strong></span> <span class='ocrx_word' id='word_1_682' title='bbox 983 4972 1271 5037; x_wconf 90' lang='lat' dir='ltr'><strong>pascentes</strong></span> <span class='ocrx_word' id='word_1_683' title='bbox 1319 4964 1549 5021; x_wconf 88' lang='lat' dir='ltr'><strong>invenit.</strong></span> <span class='ocrx_word' id='word_1_684' title='bbox 1603 4966 1697 5020; x_wconf 85' lang='lat' dir='ltr'><strong>Ast</strong></span> <span class='ocrx_word' id='word_1_685' title='bbox 1752 4965 1845 5021; x_wconf 93' lang='lat' dir='ltr'><strong>ubi</strong></span> 
     </span>
    </p>
   </div>
   <div class='ocr_carea' id='block_1_95' title="bbox 216 5054 1850 5133">
    <p class='ocr_par' dir='ltr' id='par_1_95' title="bbox 216 5054 1850 5133">
     <span class='ocr_line' id='line_1_95' title="bbox 216 5054 1850 5133; baseline -0.002 -20"><span class='ocrx_word' id='word_1_686' title='bbox 216 5059 272 5113; x_wconf 90' lang='lat' dir='ltr'><strong>S.</strong></span> <span class='ocrx_word' id='word_1_687' title='bbox 308 5056 625 5129; x_wconf 88' lang='lat' dir='ltr'><strong>Remigium</strong></span> <span class='ocrx_word' id='word_1_688' title='bbox 656 5054 799 5114; x_wconf 87' lang='lat' dir='ltr'><strong>ferre</strong></span> <span class='ocrx_word' id='word_1_689' title='bbox 828 5056 939 5112; x_wconf 88' lang='lat' dir='ltr'><strong>sibi</strong></span> <span class='ocrx_word' id='word_1_690' title='bbox 983 5054 1242 5133; x_wconf 74' lang='lat' dir='ltr'><strong>suffragia</strong></span> <span class='ocrx_word' id='word_1_691' title='bbox 1281 5057 1591 5128; x_wconf 85' lang='lat' dir='ltr'><strong>postulans,</strong></span> <span class='ocrx_word' id='word_1_692' title='bbox 1624 5054 1850 5112; x_wconf 86' lang='lat' dir='ltr'><strong>invoca-</strong></span> 
     </span>
    </p>
   </div>
   <div class='ocr_carea' id='block_1_96' title="bbox 214 5146 1843 5220">
    <p class='ocr_par' dir='ltr' id='par_1_96' title="bbox 214 5146 1843 5220">
     <span class='ocr_line' id='line_1_96' title="bbox 214 5146 1843 5220; baseline -0.001 -16"><span class='ocrx_word' id='word_1_693' title='bbox 214 5149 319 5215; x_wconf 89' lang='lat' dir='ltr'><strong>vit,</strong></span> <span class='ocrx_word' id='word_1_694' title='bbox 353 5162 575 5219; x_wconf 89' lang='lat' dir='ltr'><strong>coepere</strong></span> <span class='ocrx_word' id='word_1_695' title='bbox 598 5146 790 5215; x_wconf 89' lang='lat' dir='ltr'><strong>boves,</strong></span> <span class='ocrx_word' id='word_1_696' title='bbox 845 5146 1003 5212; x_wconf 91' lang='lat' dir='ltr'><strong>hirci,</strong></span> <span class='ocrx_word' id='word_1_697' title='bbox 1037 5162 1331 5220; x_wconf 74' lang='lat' dir='ltr'><strong>capraeque</strong></span> <span class='ocrx_word' id='word_1_698' title='bbox 1363 5146 1601 5204; x_wconf 90' lang='lat' dir='ltr'><strong>invicem</strong></span> <span class='ocrx_word' id='word_1_699' title='bbox 1634 5164 1695 5203; x_wconf 92' lang='lat' dir='ltr'><strong>se</strong></span> <span class='ocrx_word' id='word_1_700' title='bbox 1717 5164 1843 5204; x_wconf 89' lang='lat' dir='ltr'><strong>cor-</strong></span> 
     </span>
    </p>
   </div>
   <div class='ocr_carea' id='block_1_97' title="bbox 217 5237 1847 5313">
    <p class='ocr_par' dir='ltr' id='par_1_97' title="bbox 217 5237 1847 5313">
     <span class='ocr_line' id='line_1_97' title="bbox 217 5237 1847 5313; baseline -0.001 -17"><span class='ocrx_word' id='word_1_701' title='bbox 217 5241 391 5296; x_wconf 91' lang='lat' dir='ltr'><strong>nibus</strong></span> <span class='ocrx_word' id='word_1_702' title='bbox 409 5239 706 5311; x_wconf 90' lang='lat' dir='ltr'><strong>impetere,</strong></span> <span class='ocrx_word' id='word_1_703' title='bbox 732 5238 884 5311; x_wconf 90' lang='lat' dir='ltr'><strong>porci</strong></span> <span class='ocrx_word' id='word_1_704' title='bbox 917 5254 1047 5295; x_wconf 89' lang='lat' dir='ltr'><strong>cum</strong></span> <span class='ocrx_word' id='word_1_705' title='bbox 1072 5237 1255 5311; x_wconf 90' lang='lat' dir='ltr'><strong>porcis</strong></span> <span class='ocrx_word' id='word_1_706' title='bbox 1293 5237 1618 5313; x_wconf 87' lang='lat' dir='ltr'><strong>conﬂigere,</strong></span> <span class='ocrx_word' id='word_1_707' title='bbox 1653 5255 1847 5295; x_wconf 89' lang='lat' dir='ltr'><strong>verve-</strong></span> 
     </span>
    </p>
   </div>
   <div class='ocr_carea' id='block_1_98' title="bbox 215 5328 1852 5402">
    <p class='ocr_par' dir='ltr' id='par_1_98' title="bbox 215 5328 1852 5402">
     <span class='ocr_line' id='line_1_98' title="bbox 215 5328 1852 5402; baseline -0.001 -14"><span class='ocrx_word' id='word_1_708' title='bbox 215 5347 314 5388; x_wconf 91' lang='lat' dir='ltr'><strong>ces</strong></span> <span class='ocrx_word' id='word_1_709' title='bbox 342 5347 469 5387; x_wconf 89' lang='lat' dir='ltr'><strong>cum</strong></span> <span class='ocrx_word' id='word_1_710' title='bbox 498 5330 827 5387; x_wconf 90' lang='lat' dir='ltr'><strong>vervecibus</strong></span> <span class='ocrx_word' id='word_1_711' title='bbox 848 5343 906 5386; x_wconf 90' lang='lat' dir='ltr'><strong>se</strong></span> <span class='ocrx_word' id='word_1_712' title='bbox 928 5329 1218 5396; x_wconf 81' lang='lat' dir='ltr'><strong>collidere,</strong></span> <span class='ocrx_word' id='word_1_713' title='bbox 1241 5336 1490 5402; x_wconf 90' lang='lat' dir='ltr'><strong>pastores</strong></span> <span class='ocrx_word' id='word_1_714' title='bbox 1516 5345 1577 5385; x_wconf 91' lang='lat' dir='ltr'><strong>se</strong></span> <span class='ocrx_word' id='word_1_715' title='bbox 1606 5328 1852 5386; x_wconf 90' lang='lat' dir='ltr'><strong>fustibus</strong></span> 
     </span>
    </p>
   </div>
   <div class='ocr_carea' id='block_1_99' title="bbox 218 5420 1852 5497">
    <p class='ocr_par' dir='ltr' id='par_1_99' title="bbox 218 5420 1852 5497">
     <span class='ocr_line' id='line_1_99' title="bbox 218 5420 1852 5497; baseline -0.001 -18"><span class='ocrx_word' id='word_1_716' title='bbox 218 5433 275 5480; x_wconf 89' lang='lat' dir='ltr'><strong>et</strong></span> <span class='ocrx_word' id='word_1_717' title='bbox 337 5424 543 5497; x_wconf 83' lang='lat' dir='ltr'><strong>pugnis</strong></span> <span class='ocrx_word' id='word_1_718' title='bbox 582 5430 775 5479; x_wconf 91' lang='lat' dir='ltr'><strong>mutuo</strong></span> <span class='ocrx_word' id='word_1_719' title='bbox 828 5430 1139 5494; x_wconf 87' lang='lat' dir='ltr'><strong>percutere.</strong></span> <span class='ocrx_word' id='word_1_720' title='bbox 1186 5420 1533 5493; x_wconf 88' lang='lat' dir='ltr'><strong>Maximoque</strong></span> <span class='ocrx_word' id='word_1_721' title='bbox 1589 5430 1852 5496; x_wconf 88' lang='lat' dir='ltr'><strong>surgente</strong></span> 
     </span>
    </p>
   </div>
   <div class='ocr_carea' id='block_1_100' title="bbox 216 5511 1851 5585">
    <p class='ocr_par' dir='ltr' id='par_1_100' title="bbox 216 5511 1851 5585">
     <span class='ocr_line' id='line_1_100' title="bbox 216 5511 1851 5585; baseline -0.002 -15"><span class='ocrx_word' id='word_1_722' title='bbox 216 5514 444 5570; x_wconf 92' lang='lat' dir='ltr'><strong>turbine</strong></span> <span class='ocrx_word' id='word_1_723' title='bbox 472 5519 727 5585; x_wconf 88' lang='lat' dir='ltr'><strong>pastores</strong></span> <span class='ocrx_word' id='word_1_724' title='bbox 773 5511 1069 5581; x_wconf 89' lang='lat' dir='ltr'><strong>ejulantes,</strong></span> <span class='ocrx_word' id='word_1_725' title='bbox 1114 5511 1375 5567; x_wconf 88' lang='lat' dir='ltr'><strong>animalia</strong></span> <span class='ocrx_word' id='word_1_726' title='bbox 1413 5527 1670 5583; x_wconf 71' lang='lat' dir='ltr'><strong>quicque,</strong></span> <span class='ocrx_word' id='word_1_727' title='bbox 1698 5511 1851 5579; x_wconf 87' lang='lat' dir='ltr'><strong>juxta</strong></span> 
     </span>
    </p>
   </div>
   <div class='ocr_carea' id='block_1_101' title="bbox 211 5601 1849 5679">
    <p class='ocr_par' dir='ltr' id='par_1_101' title="bbox 211 5601 1849 5679">
     <span class='ocr_line' id='line_1_101' title="bbox 211 5601 1849 5679; baseline -0.002 -18"><span class='ocrx_word' id='word_1_728' title='bbox 211 5621 395 5679; x_wconf 86' lang='lat' dir='ltr'><strong>genus</strong></span> <span class='ocrx_word' id='word_1_729' title='bbox 421 5619 606 5669; x_wconf 89' lang='lat' dir='ltr'><strong>suum,</strong></span> <span class='ocrx_word' id='word_1_730' title='bbox 637 5618 840 5678; x_wconf 87' lang='lat' dir='ltr'><strong>magno</strong></span> <span class='ocrx_word' id='word_1_731' title='bbox 878 5603 1064 5659; x_wconf 89' lang='lat' dir='ltr'><strong>sonitu</strong></span> <span class='ocrx_word' id='word_1_732' title='bbox 1089 5601 1519 5673; x_wconf 89' lang='lat' dir='ltr'><strong>perstrependo,</strong></span> <span class='ocrx_word' id='word_1_733' title='bbox 1555 5601 1630 5657; x_wconf 88' lang='lat' dir='ltr'><strong>ita</strong></span> <span class='ocrx_word' id='word_1_734' title='bbox 1660 5618 1849 5673; x_wconf 73' lang='lat' dir='ltr'><strong>coepe—</strong></span> 
     </span>
    </p>
   </div>
   <div class='ocr_carea' id='block_1_102' title="bbox 212 5691 1847 5766">
    <p class='ocr_par' dir='ltr' id='par_1_102' title="bbox 212 5691 1847 5766">
     <span class='ocr_line' id='line_1_102' title="bbox 212 5691 1847 5766; baseline -0.001 -16"><span class='ocrx_word' id='word_1_735' title='bbox 212 5702 339 5750; x_wconf 91' lang='lat' dir='ltr'><strong>runt</strong></span> <span class='ocrx_word' id='word_1_736' title='bbox 366 5694 638 5749; x_wconf 87' lang='lat' dir='ltr'><strong>Rosetum</strong></span> <span class='ocrx_word' id='word_1_737' title='bbox 669 5708 860 5747; x_wconf 88' lang='lat' dir='ltr'><strong>versus</strong></span> <span class='ocrx_word' id='word_1_738' title='bbox 887 5692 1103 5766; x_wconf 87' lang='lat' dir='ltr'><strong>fugere,</strong></span> <span class='ocrx_word' id='word_1_739' title='bbox 1137 5708 1201 5748; x_wconf 90' lang='lat' dir='ltr'><strong>ac</strong></span> <span class='ocrx_word' id='word_1_740' title='bbox 1243 5692 1289 5748; x_wconf 92' lang='lat' dir='ltr'><strong>si</strong></span> <span class='ocrx_word' id='word_1_741' title='bbox 1322 5691 1619 5748; x_wconf 88' lang='lat' dir='ltr'><strong>multitudo</strong></span> <span class='ocrx_word' id='word_1_742' title='bbox 1648 5708 1847 5762; x_wconf 89' lang='lat' dir='ltr'><strong>perse-</strong></span> 
     </span>
    </p>
   </div>
   <div class='ocr_carea' id='block_1_103' title="bbox 209 5779 1849 5857">
    <p class='ocr_par' dir='ltr' id='par_1_103' title="bbox 209 5779 1849 5857">
     <span class='ocr_line' id='line_1_103' title="bbox 209 5779 1849 5857; baseline -0.002 -15"><span class='ocrx_word' id='word_1_743' title='bbox 209 5783 513 5856; x_wconf 86' lang='lat' dir='ltr'><strong>quentium</strong></span> <span class='ocrx_word' id='word_1_744' title='bbox 545 5780 737 5857; x_wconf 84' lang='lat' dir='ltr'><strong>ﬂagris</strong></span> <span class='ocrx_word' id='word_1_745' title='bbox 751 5779 1328 5838; x_wconf 88' lang='lat' dir='ltr'><strong>videreturinsistere.</strong></span> <span class='ocrx_word' id='word_1_746' title='bbox 1373 5781 1526 5845; x_wconf 83' lang='lat' dir='ltr'><strong>Quod</strong></span> <span class='ocrx_word' id='word_1_747' title='bbox 1551 5790 1849 5839; x_wconf 85' lang='lat' dir='ltr'><strong>cernentes</strong></span> 
     </span>
    </p>
   </div>
   <div class='ocr_carea' id='block_1_104' title="bbox 530 5882 1200 5946">
    <p class='ocr_par' dir='ltr' id='par_1_104' title="bbox 530 5882 1200 5946">
     <span class='ocr_line' id='line_1_104' title="bbox 530 5882 1200 5946; baseline -0.004 -4"><span class='ocrx_word' id='word_1_748' title='bbox 530 5882 812 5943; x_wconf 76' lang='lat' dir='ltr'><strong>PATROL</strong></span> <span class='ocrx_word' id='word_1_749' title='bbox 864 5882 1200 5946; x_wconf 84' lang='lat' dir='ltr'>CXXXV.</span> 
     </span>
    </p>
   </div>
   <div class='ocr_carea' id='block_1_105' title="bbox 1951 4599 3573 4673">
    <p class='ocr_par' dir='ltr' id='par_1_105' title="bbox 1951 4599 3573 4673">
     <span class='ocr_line' id='line_1_105' title="bbox 1951 4599 3573 4673; baseline -0.001 -17"><span class='ocrx_word' id='word_1_750' title='bbox 1951 4601 2191 4673; x_wconf 87' lang='lat' dir='ltr'><strong>amplius</strong></span> <span class='ocrx_word' id='word_1_751' title='bbox 2212 4600 2361 4656; x_wconf 91' lang='lat' dir='ltr'><strong>enim</strong></span> <span class='ocrx_word' id='word_1_752' title='bbox 2388 4599 2500 4667; x_wconf 86' lang='lat' dir='ltr'><strong>jam</strong></span> <span class='ocrx_word' id='word_1_753' title='bbox 2530 4606 2773 4653; x_wconf 77' lang='lat' dir='ltr'><strong>temnere</strong></span> <span class='ocrx_word' id='word_1_754' title='bbox 2795 4599 2950 4667; x_wconf 90' lang='lat' dir='ltr'><strong>jussa</strong></span> <span class='ocrx_word' id='word_1_755' title='bbox 2980 4613 3341 4668; x_wconf 64' lang='lat' dir='ltr'><strong>praesumens,</strong></span> <span class='ocrx_word' id='word_1_756' title='bbox 3385 4614 3573 4673; x_wconf 87' lang='lat' dir='ltr'><strong>regem</strong></span> 
     </span>
    </p>
   </div>
   <div class='ocr_carea' id='block_1_106' title="bbox 1948 4690 3575 4762">
    <p class='ocr_par' dir='ltr' id='par_1_106' title="bbox 1948 4690 3575 4762">
     <span class='ocr_line' id='line_1_106' title="bbox 1948 4690 3575 4762; baseline -0.001 -15"><span class='ocrx_word' id='word_1_757' title='bbox 1948 4709 2073 4748; x_wconf 87' lang='lat' dir='ltr'><strong>mox</strong></span> <span class='ocrx_word' id='word_1_758' title='bbox 2103 4692 2237 4758; x_wconf 91' lang='lat' dir='ltr'><strong>adit,</strong></span> <span class='ocrx_word' id='word_1_759' title='bbox 2269 4699 2542 4747; x_wconf 89' lang='lat' dir='ltr'><strong>secretum</strong></span> <span class='ocrx_word' id='word_1_760' title='bbox 2576 4690 2734 4762; x_wconf 84' lang='lat' dir='ltr'><strong>petit,</strong></span> <span class='ocrx_word' id='word_1_761' title='bbox 2795 4698 3005 4745; x_wconf 86' lang='lat' dir='ltr'><strong>vestem</strong></span> <span class='ocrx_word' id='word_1_762' title='bbox 3047 4690 3300 4762; x_wconf 90' lang='lat' dir='ltr'><strong>deponit,</strong></span> <span class='ocrx_word' id='word_1_763' title='bbox 3346 4690 3575 4746; x_wconf 90' lang='lat' dir='ltr'><strong>lividum</strong></span> 
     </span>
    </p>
   </div>
   <div class='ocr_carea' id='block_1_107' title="bbox 1948 4783 3575 4857">
    <p class='ocr_par' dir='ltr' id='par_1_107' title="bbox 1948 4783 3575 4857">
     <span class='ocr_line' id='line_1_107' title="bbox 1948 4783 3575 4857; baseline -0.003 -15"><span class='ocrx_word' id='word_1_764' title='bbox 1948 4802 2150 4857; x_wconf 92' lang='lat' dir='ltr'><strong>corpus</strong></span> <span class='ocrx_word' id='word_1_765' title='bbox 2177 4785 2439 4848; x_wconf 85' lang='lat' dir='ltr'><strong>ostendit,</strong></span> <span class='ocrx_word' id='word_1_766' title='bbox 2473 4792 2527 4838; x_wconf 93' lang='lat' dir='ltr'><strong>et</strong></span> <span class='ocrx_word' id='word_1_767' title='bbox 2556 4784 2701 4840; x_wconf 87' lang='lat' dir='ltr'><strong>dicta</strong></span> <span class='ocrx_word' id='word_1_768' title='bbox 2726 4785 2813 4838; x_wconf 91' lang='lat' dir='ltr'><strong>vel</strong></span> <span class='ocrx_word' id='word_1_769' title='bbox 2845 4792 2966 4840; x_wconf 89' lang='lat' dir='ltr'><strong>acta</strong></span> <span class='ocrx_word' id='word_1_770' title='bbox 2991 4783 3232 4840; x_wconf 82' lang='lat' dir='ltr'><strong>fideliter</strong></span> <span class='ocrx_word' id='word_1_771' title='bbox 3274 4801 3338 4838; x_wconf 89' lang='lat' dir='ltr'><strong>ex</strong></span> <span class='ocrx_word' id='word_1_772' title='bbox 3379 4783 3575 4839; x_wconf 88' lang='lat' dir='ltr'><strong>ordine</strong></span> 
     </span>
    </p>
   </div>
   <div class='ocr_carea' id='block_1_108' title="bbox 1951 4872 3569 4947">
    <p class='ocr_par' dir='ltr' id='par_1_108' title="bbox 1951 4872 3569 4947">
     <span class='ocr_line' id='line_1_108' title="bbox 1951 4872 3569 4947; baseline -0.002 -17"><span class='ocrx_word' id='word_1_773' title='bbox 1951 4875 2160 4946; x_wconf 89' lang='lat' dir='ltr'><strong>pandit.</strong></span> <span class='ocrx_word' id='word_1_774' title='bbox 2195 4874 2404 4930; x_wconf 87' lang='lat' dir='ltr'><strong>Accidit</strong></span> <span class='ocrx_word' id='word_1_775' title='bbox 2445 4879 2652 4939; x_wconf 89' lang='lat' dir='ltr'><strong>autem,</strong></span> <span class='ocrx_word' id='word_1_776' title='bbox 2684 4879 2747 4927; x_wconf 89' lang='lat' dir='ltr'><strong>ut</strong></span> <span class='ocrx_word' id='word_1_777' title='bbox 2787 4872 2980 4927; x_wconf 89' lang='lat' dir='ltr'><strong>eadem</strong></span> <span class='ocrx_word' id='word_1_778' title='bbox 3015 4872 3104 4927; x_wconf 88' lang='lat' dir='ltr'><strong>die</strong></span> <span class='ocrx_word' id='word_1_779' title='bbox 3139 4873 3352 4947; x_wconf 87' lang='lat' dir='ltr'><strong>legatus</strong></span> <span class='ocrx_word' id='word_1_780' title='bbox 3381 4872 3569 4927; x_wconf 92' lang='lat' dir='ltr'><strong>domni</strong></span> 
     </span>
    </p>
   </div>
   <div class='ocr_carea' id='block_1_109' title="bbox 1949 4962 3572 5036">
    <p class='ocr_par' dir='ltr' id='par_1_109' title="bbox 1949 4962 3572 5036">
     <span class='ocr_line' id='line_1_109' title="bbox 1949 4962 3572 5036; baseline -0.002 -16"><span class='ocrx_word' id='word_1_781' title='bbox 1949 4965 2205 5036; x_wconf 63' lang='lat' dir='ltr'><strong>praesulis</strong></span> <span class='ocrx_word' id='word_1_782' title='bbox 2234 4964 2405 5020; x_wconf 90' lang='lat' dir='ltr'><strong>nostri</strong></span> <span class='ocrx_word' id='word_1_783' title='bbox 2427 4963 2651 5026; x_wconf 84' lang='lat' dir='ltr'><strong>Hirivei,</strong></span> <span class='ocrx_word' id='word_1_784' title='bbox 2671 4962 2893 5018; x_wconf 90' lang='lat' dir='ltr'><strong>nomine</strong></span> <span class='ocrx_word' id='word_1_785' title='bbox 2916 4963 3257 5027; x_wconf 88' lang='lat' dir='ltr'><strong>Tendoinus,</strong></span> <span class='ocrx_word' id='word_1_786' title='bbox 3287 4962 3355 5017; x_wconf 90' lang='lat' dir='ltr'><strong>ab</strong></span> <span class='ocrx_word' id='word_1_787' title='bbox 3375 4963 3572 5017; x_wconf 90' lang='lat' dir='ltr'><strong>eodem</strong></span> 
     </span>
    </p>
   </div>
   <div class='ocr_carea' id='block_1_110' title="bbox 1947 5056 3572 5131">
    <p class='ocr_par' dir='ltr' id='par_1_110' title="bbox 1947 5056 3572 5131">
     <span class='ocr_line' id='line_1_110' title="bbox 1947 5056 3572 5131; baseline -0.001 -19"><span class='ocrx_word' id='word_1_788' title='bbox 1947 5058 2171 5114; x_wconf 88' lang='lat' dir='ltr'><strong>seniore</strong></span> <span class='ocrx_word' id='word_1_789' title='bbox 2201 5073 2304 5114; x_wconf 91' lang='lat' dir='ltr'><strong>suo</strong></span> <span class='ocrx_word' id='word_1_790' title='bbox 2359 5074 2459 5130; x_wconf 90' lang='lat' dir='ltr'><strong>pro</strong></span> <span class='ocrx_word' id='word_1_791' title='bbox 2516 5057 2652 5128; x_wconf 89' lang='lat' dir='ltr'><strong>ipsis</strong></span> <span class='ocrx_word' id='word_1_792' title='bbox 2706 5057 2875 5113; x_wconf 88' lang='lat' dir='ltr'><strong>rebus</strong></span> <span class='ocrx_word' id='word_1_793' title='bbox 2934 5056 3256 5127; x_wconf 88' lang='lat' dir='ltr'><strong>repetendis</strong></span> <span class='ocrx_word' id='word_1_794' title='bbox 3285 5056 3353 5111; x_wconf 89' lang='lat' dir='ltr'><strong>ad</strong></span> <span class='ocrx_word' id='word_1_795' title='bbox 3386 5073 3572 5131; x_wconf 86' lang='lat' dir='ltr'><strong>regem</strong></span> 
     </span>
    </p>
   </div>
   <div class='ocr_carea' id='block_1_111' title="bbox 1950 5146 3571 5221">
    <p class='ocr_par' dir='ltr' id='par_1_111' title="bbox 1950 5146 3571 5221">
     <span class='ocr_line' id='line_1_111' title="bbox 1950 5146 3571 5221; baseline -0.001 -19"><span class='ocrx_word' id='word_1_796' title='bbox 1950 5163 2075 5202; x_wconf 92' lang='lat' dir='ltr'><strong>cum</strong></span> <span class='ocrx_word' id='word_1_797' title='bbox 2116 5148 2443 5203; x_wconf 89' lang='lat' dir='ltr'><strong>muneribus</strong></span> <span class='ocrx_word' id='word_1_798' title='bbox 2496 5146 2805 5216; x_wconf 89' lang='lat' dir='ltr'><strong>deveniret,</strong></span> <span class='ocrx_word' id='word_1_799' title='bbox 2863 5155 3030 5219; x_wconf 90' lang='lat' dir='ltr'><strong>atque</strong></span> <span class='ocrx_word' id='word_1_800' title='bbox 3062 5148 3277 5213; x_wconf 90' lang='lat' dir='ltr'><strong>horam,</strong></span> <span class='ocrx_word' id='word_1_801' title='bbox 3307 5162 3417 5220; x_wconf 90' lang='lat' dir='ltr'><strong>qua</strong></span> <span class='ocrx_word' id='word_1_802' title='bbox 3456 5147 3571 5221; x_wconf 84' lang='lat' dir='ltr'><strong>regi</strong></span> 
     </span>
    </p>
   </div>
   <div class='ocr_carea' id='block_1_112' title="bbox 1950 5236 3575 5310">
    <p class='ocr_par' dir='ltr' id='par_1_112' title="bbox 1950 5236 3575 5310">
     <span class='ocr_line' id='line_1_112' title="bbox 1950 5236 3575 5310; baseline 0.001 -19"><span class='ocrx_word' id='word_1_803' title='bbox 1950 5238 2274 5308; x_wconf 63' lang='lat' dir='ltr'><strong>praesentari</strong></span> <span class='ocrx_word' id='word_1_804' title='bbox 2306 5238 2500 5309; x_wconf 89' lang='lat' dir='ltr'><strong>possit,</strong></span> <span class='ocrx_word' id='word_1_805' title='bbox 2534 5244 2687 5292; x_wconf 86' lang='lat' dir='ltr'><strong>extra</strong></span> <span class='ocrx_word' id='word_1_806' title='bbox 2742 5245 2894 5292; x_wconf 89' lang='lat' dir='ltr'><strong>stans</strong></span> <span class='ocrx_word' id='word_1_807' title='bbox 2924 5245 3289 5309; x_wconf 91' lang='lat' dir='ltr'><strong>exspectaret.</strong></span> <span class='ocrx_word' id='word_1_808' title='bbox 3327 5236 3575 5310; x_wconf 85' lang='lat' dir='ltr'><strong>Cumque</strong></span> 
     </span>
    </p>
   </div>
   <div class='ocr_carea' id='block_1_113' title="bbox 1957 5330 3573 5406">
    <p class='ocr_par' dir='ltr' id='par_1_113' title="bbox 1957 5330 3573 5406">
     <span class='ocr_line' id='line_1_113' title="bbox 1957 5330 3573 5406; baseline 0.003 -23"><span class='ocrx_word' id='word_1_809' title='bbox 1957 5345 2071 5386; x_wconf 90' lang='lat' dir='ltr'><strong>rem</strong></span> <span class='ocrx_word' id='word_1_810' title='bbox 2106 5340 2316 5406; x_wconf 89' lang='lat' dir='ltr'><strong>gestam</strong></span> <span class='ocrx_word' id='word_1_811' title='bbox 2349 5346 2443 5386; x_wconf 88' lang='lat' dir='ltr'><strong>rex</strong></span> <span class='ocrx_word' id='word_1_812' title='bbox 2496 5330 2821 5397; x_wconf 90' lang='lat' dir='ltr'><strong>admiratus,</strong></span> <span class='ocrx_word' id='word_1_813' title='bbox 2879 5332 3091 5405; x_wconf 90' lang='lat' dir='ltr'><strong>requiri</strong></span> <span class='ocrx_word' id='word_1_814' title='bbox 3139 5332 3499 5404; x_wconf 66' lang='lat' dir='ltr'><strong>praecepisset</strong></span> <span class='ocrx_word' id='word_1_815' title='bbox 3529 5335 3573 5388; x_wconf 89' lang='lat' dir='ltr'><strong>si</strong></span> 
     </span>
    </p>
   </div>
   <div class='ocr_carea' id='block_1_114' title="bbox 1955 5420 3578 5496">
    <p class='ocr_par' dir='ltr' id='par_1_114' title="bbox 1955 5420 3578 5496">
     <span class='ocr_line' id='line_1_114' title="bbox 1955 5420 3578 5496; baseline 0.002 -21"><span class='ocrx_word' id='word_1_816' title='bbox 1955 5422 2079 5491; x_wconf 88' lang='lat' dir='ltr'><strong>quis</strong></span> <span class='ocrx_word' id='word_1_817' title='bbox 2113 5422 2227 5477; x_wconf 90' lang='lat' dir='ltr'><strong>illic</strong></span> <span class='ocrx_word' id='word_1_818' title='bbox 2256 5421 2401 5476; x_wconf 88' lang='lat' dir='ltr'><strong>inter</strong></span> <span class='ocrx_word' id='word_1_819' title='bbox 2432 5436 2561 5476; x_wconf 90' lang='lat' dir='ltr'><strong>suos</strong></span> <span class='ocrx_word' id='word_1_820' title='bbox 2593 5420 2734 5476; x_wconf 85' lang='lat' dir='ltr'><strong>forte</strong></span> <span class='ocrx_word' id='word_1_821' title='bbox 2766 5423 2970 5478; x_wconf 89' lang='lat' dir='ltr'><strong>nostris</strong></span> <span class='ocrx_word' id='word_1_822' title='bbox 3001 5440 3031 5478; x_wconf 90' lang='lat' dir='ltr'><strong>e</strong></span> <span class='ocrx_word' id='word_1_823' title='bbox 3072 5424 3329 5496; x_wconf 87' lang='lat' dir='ltr'><strong>partibus</strong></span> <span class='ocrx_word' id='word_1_824' title='bbox 3361 5424 3578 5479; x_wconf 87' lang='lat' dir='ltr'><strong>inveni-</strong></span> 
     </span>
    </p>
   </div>
   <div class='ocr_carea' id='block_1_115' title="bbox 1955 5510 3577 5586">
    <p class='ocr_par' dir='ltr' id='par_1_115' title="bbox 1955 5510 3577 5586">
     <span class='ocr_line' id='line_1_115' title="bbox 1955 5510 3577 5586; baseline 0.002 -21"><span class='ocrx_word' id='word_1_825' title='bbox 1955 5520 2120 5578; x_wconf 88' lang='lat' dir='ltr'><strong>retur,</strong></span> <span class='ocrx_word' id='word_1_826' title='bbox 2157 5510 2250 5565; x_wconf 91' lang='lat' dir='ltr'><strong>ille</strong></span> <span class='ocrx_word' id='word_1_827' title='bbox 2280 5526 2380 5581; x_wconf 91' lang='lat' dir='ltr'><strong>pro</strong></span> <span class='ocrx_word' id='word_1_828' title='bbox 2415 5511 2516 5567; x_wconf 90' lang='lat' dir='ltr'><strong>hac</strong></span> <span class='ocrx_word' id='word_1_829' title='bbox 2547 5512 2741 5567; x_wconf 86' lang='lat' dir='ltr'><strong>eadem</strong></span> <span class='ocrx_word' id='word_1_830' title='bbox 2762 5530 2820 5568; x_wconf 90' lang='lat' dir='ltr'><strong>re</strong></span> <span class='ocrx_word' id='word_1_831' title='bbox 2852 5512 2989 5571; x_wconf 87' lang='lat' dir='ltr'><strong>foris</strong></span> <span class='ocrx_word' id='word_1_832' title='bbox 3019 5518 3305 5570; x_wconf 87' lang='lat' dir='ltr'><strong>sustinens</strong></span> <span class='ocrx_word' id='word_1_833' title='bbox 3363 5515 3577 5586; x_wconf 86' lang='lat' dir='ltr'><strong>reperi—</strong></span> 
     </span>
    </p>
   </div>
   <div class='ocr_carea' id='block_1_116' title="bbox 1952 5599 3578 5672">
    <p class='ocr_par' dir='ltr' id='par_1_116' title="bbox 1952 5599 3578 5672">
     <span class='ocr_line' id='line_1_116' title="bbox 1952 5599 3578 5672; baseline -0.001 -16"><span class='ocrx_word' id='word_1_834' title='bbox 1952 5608 2040 5656; x_wconf 90' lang='lat' dir='ltr'><strong>tur</strong></span> <span class='ocrx_word' id='word_1_835' title='bbox 2069 5601 2283 5669; x_wconf 90' lang='lat' dir='ltr'><strong>adesse,</strong></span> <span class='ocrx_word' id='word_1_836' title='bbox 2335 5599 2450 5672; x_wconf 80' lang='lat' dir='ltr'><strong>regi</strong></span> <span class='ocrx_word' id='word_1_837' title='bbox 2487 5599 2790 5667; x_wconf 88' lang='lat' dir='ltr'><strong>nuntiatur,</strong></span> <span class='ocrx_word' id='word_1_838' title='bbox 2824 5618 2891 5658; x_wconf 90' lang='lat' dir='ltr'><strong>eo</strong></span> <span class='ocrx_word' id='word_1_839' title='bbox 2917 5602 3150 5672; x_wconf 89' lang='lat' dir='ltr'><strong>jubente</strong></span> <span class='ocrx_word' id='word_1_840' title='bbox 3178 5620 3364 5661; x_wconf 89' lang='lat' dir='ltr'><strong>coram</strong></span> <span class='ocrx_word' id='word_1_841' title='bbox 3399 5602 3578 5656; x_wconf 85' lang='lat' dir='ltr'><strong>dedu-</strong></span> 
     </span>
    </p>
   </div>
   <div class='ocr_carea' id='block_1_117' title="bbox 1950 5692 3579 5769">
    <p class='ocr_par' dir='ltr' id='par_1_117' title="bbox 1950 5692 3579 5769">
     <span class='ocr_line' id='line_1_117' title="bbox 1950 5692 3579 5769; baseline 0.001 -20"><span class='ocrx_word' id='word_1_842' title='bbox 1950 5694 2112 5759; x_wconf 90' lang='lat' dir='ltr'><strong>citur,</strong></span> <span class='ocrx_word' id='word_1_843' title='bbox 2138 5692 2264 5748; x_wconf 91' lang='lat' dir='ltr'><strong>etei</strong></span> <span class='ocrx_word' id='word_1_844' title='bbox 2304 5708 2390 5748; x_wconf 90' lang='lat' dir='ltr'><strong>res</strong></span> <span class='ocrx_word' id='word_1_845' title='bbox 2447 5708 2571 5764; x_wconf 67' lang='lat' dir='ltr'><strong>quae</strong></span> <span class='ocrx_word' id='word_1_846' title='bbox 2618 5696 2904 5766; x_wconf 84' lang='lat' dir='ltr'><strong>prepalata</strong></span> <span class='ocrx_word' id='word_1_847' title='bbox 2945 5697 3120 5754; x_wconf 89' lang='lat' dir='ltr'><strong>fuerat</strong></span> <span class='ocrx_word' id='word_1_848' title='bbox 3177 5698 3444 5769; x_wconf 91' lang='lat' dir='ltr'><strong>aperitur.</strong></span> <span class='ocrx_word' id='word_1_849' title='bbox 3484 5697 3579 5751; x_wconf 82' lang='lat' dir='ltr'><strong>llic</strong></span> 
     </span>
    </p>
   </div>
   <div class='ocr_carea' id='block_1_118' title="bbox 1950 5776 3575 5861">
    <p class='ocr_par' dir='ltr' id='par_1_118' title="bbox 1950 5776 3575 5861">
     <span class='ocr_line' id='line_1_118' title="bbox 1950 5776 3575 5861; baseline 0.001 -22"><span class='ocrx_word' id='word_1_850' title='bbox 1950 5776 2156 5858; x_wconf 86' lang='lat' dir='ltr'><strong>gratias</strong></span> <span class='ocrx_word' id='word_1_851' title='bbox 2177 5800 2368 5856; x_wconf 85' lang='lat' dir='ltr'><strong>agens,</strong></span> <span class='ocrx_word' id='word_1_852' title='bbox 2400 5799 2501 5855; x_wconf 88' lang='lat' dir='ltr'><strong>pro</strong></span> <span class='ocrx_word' id='word_1_853' title='bbox 2522 5785 2691 5840; x_wconf 88' lang='lat' dir='ltr'><strong>rebus</strong></span> <span class='ocrx_word' id='word_1_854' title='bbox 2710 5786 2847 5857; x_wconf 90' lang='lat' dir='ltr'><strong>ipsis</strong></span> <span class='ocrx_word' id='word_1_855' title='bbox 2869 5805 2930 5844; x_wconf 90' lang='lat' dir='ltr'><strong>se</strong></span> <span class='ocrx_word' id='word_1_856' title='bbox 2964 5790 3190 5845; x_wconf 90' lang='lat' dir='ltr'><strong>missum</strong></span> <span class='ocrx_word' id='word_1_857' title='bbox 3216 5788 3437 5861; x_wconf 85' lang='lat' dir='ltr'><strong>retegit,</strong></span> <span class='ocrx_word' id='word_1_858' title='bbox 3468 5802 3575 5850; x_wconf 87' lang='lat' dir='ltr'><strong>res,</strong></span> 
     </span>
    </p>
   </div>
   <div class='ocr_carea' id='block_1_119' title="bbox 3244 5892 3282 5948">
    <p class='ocr_par' dir='ltr' id='par_1_119' title="bbox 3244 5892 3282 5948">
     <span class='ocr_line' id='line_1_119' title="bbox 3244 5892 3282 5948; baseline 0 0"><span class='ocrx_word' id='word_1_859' title='bbox 3244 5892 3282 5948; x_wconf 83' lang='lat'><strong>3</strong></span> 
     </span>
    </p>
   </div>
  </div>
