3884 6398
412 354 483 408 75
1535 334 1904 394 FLODOARDI
1946 330 2251 387 CANONICI
2293 333 2623 389 REMENSIS
3695 341 3767 394 76

414 518 545 578 rege
582 498 874 563 reddente,
930 492 1148 564 recipit,
1197 499 1252 545 et
1309 487 1505 543 eodem
1546 482 1762 537 favente
1796 476 2024 550 praefato
2052 478 2479 547 Areconditum
2520 480 2791 547 eburneo,
2848 479 3035 535 Remis
3073 480 3279 536 abinde
3330 489 3672 548 reservatur,
3707 483 3761 537 in

413 567 662 668 pontifici
722 583 1008 657 Herigario
1048 581 1303 637 tutandas
1340 577 1408 632 ad
1470 567 2023 668 ﬁdelitatem_S."Re.-

415 657 566 762 inigii
613 677 924 741 committit.
984 675 1289 744 Posteaque
1338 670 1575 724 domnus
1626 662 1827 735 praasul
1873 657 2027 762 Rari-

414 752 570 848 veus,
601 780 733 835 dum
764 773 990 837 advixit,
1025 786 1091 824 ex
1118 768 1315 821 iisdem
1347 762 1515 818 rebus
1546 756 1831 814 annuatim
1864 752 2031 807 debi-

417 882 532 930 tum
561 873 686 927 sine
706 862 1141 925 contradictione
1171 874 1395 915 censum
1422 852 1651 923 recepit.

487 967 721 1021 Easdem
738 976 826 1015 res
840 958 1074 1011 domnus
1100 952 1351 1008 Artaldus
1364 949 1661 1020 episcopus
1672 943 1881 998 dudum
1896 940 2032 995 Con-

418 1031 550 1111 rado
582 1053 708 1109 duci
741 1046 1095 1106 commiserat
1115 1061 1127 1097 :
1148 1057 1286 1114 quas
1302 1040 1395 1095 ille
1427 1034 1779 1112 Ragenbaldo
1810 1032 2029 1087 cuidam

415 1163 641 1203 suorum
697 1144 1067 1215 delegaverat.
1117 1136 1218 1203 Qui
1274 1129 1666 1207 Ragenbaldus
1710 1124 2031 1182 earumdem

419 1258 598 1301 rerum
610 1237 838 1293 colonos
850 1233 1011 1289 valde
1022 1229 1324 1304 afﬂigebat.
1343 1225 1455 1298 ipsi
1471 1238 1600 1279 vero
1615 1235 1715 1293 pro
1730 1216 2032 1273 afﬂictione

415 1350 514 1390 sua
541 1343 688 1400 saepe
717 1326 786 1381 ad
813 1330 1062 1380 sanctum
1107 1315 1422 1391 Remigium
1454 1310 1788 1371 clamabant,
1847 1304 2033 1360 Remis

416 1426 722 1487 venientes,
744 1425 800 1476 et
830 1418 1005 1490 ipsius
1028 1413 1243 1487 patroni
1275 1410 1358 1466 sui
1392 1404 1700 1480 patrocinia
1736 1398 2033 1472 requiren-

416 1529 517 1577 tes.
548 1519 651 1573 Pro
696 1530 806 1587 qua
834 1528 895 1568 re
950 1524 1128 1581 nuper
1182 1518 1327 1562 anno
1386 1500 1682 1573 praeterito.
1741 1509 1866 1550 cum
1894 1496 2030 1565 rege

417 1611 613 1666 Ottone
640 1612 695 1661 et
716 1582 952 1676 praefato
983 1601 1123 1655 duce
1152 1594 1323 1653 locuti
1355 1607 1566 1657 sumus,
1599 1586 1821 1676 quando
1865 1582 2035 1676 Aquis

419 1698 489 1753 ad
513 1673 772 1751 eumdem
803 1706 991 1765 regem
1022 1686 1177 1742 missi
1206 1683 1435 1739 fuimus.
1490 1681 1597 1735 Sed
1655 1683 1714 1732 ut
1746 1675 1894 1765 idem
1928 1673 2038 1727 Ra-

419 1784 730 1860 genbaldus
762 1780 830 1836 ab
872 1764 1134 1851 ipsarum
1166 1789 1350 1828 rerum
1400 1768 1715 1840 direptione
1743 1764 2038 1819 desisteret

2129 573 2367 628 ecclesia
2393 573 2567 629 beatae
2622 572 2719 627 Dei
2761 572 3049 646 genitricis
3103 573 3306 628 Mariae.
3340 575 3593 646 Denique
3629 590 3763 630 cum

2128 681 2329 737 corpus
2354 666 2529 737 ipsius
2577 665 3008 720 sacratissimum
3048 665 3118 720 de
3148 666 3372 737 lapideo
3403 666 3763 741 sarcophago

2129 755 2186 808 in
2217 755 2501 825 praemisso
2533 753 2909 823 transponitur
2936 753 3137 821 loculo,
3161 754 3311 808 Rado
3344 754 3573 826 quidam
3588 753 3767 809 Sues-

2131 842 2335 923 soni‘cae
2358 851 2488 897 tunc
2508 841 2765 896 Ecclesia
2786 841 3182 907 subdiaconus,
3215 841 3312 913 qui
3342 857 3468 897 cum
3487 841 3765 913 episcopo

2131 950 2232 990 suo
2264 934 2515 990 Rothado
2546 931 2680 987 iluc
2734 932 3050 998 advenerat,
3109 933 3250 989 adeo
3282 933 3474 989 dolore
3504 932 3769 988 dentium

2133 1040 2232 1095 per
2258 1024 2532 1097 integrum
2563 1029 2788 1077 vexatus
2847 1038 3077 1087 annum,
3110 1030 3191 1088 ut,
3224 1020 3434 1077 doloris
3464 1022 3766 1077 nimietate

2135 1116 2451 1186 perditurus
2466 1122 2808 1169 metueretur
2823 1129 3070 1180 sensum,
3090 1113 3365 1168 maxillam
3394 1120 3552 1185 peste
3565 1129 3771 1189 grava-

2134 1217 2244 1261 tam
2284 1207 2406 1262 loco
2435 1205 2533 1260 ubi
2565 1213 2818 1261 sanctum
2846 1206 3052 1279 pignus
3074 1206 3345 1274 jacuerat,
3379 1206 3688 1277 apposuit:
3716 1215 3772 1261 et

2136 1315 2261 1355 mox
2282 1298 2351 1353 ab
2382 1299 2485 1353 hac
2511 1298 2653 1353 liber
2667 1298 2915 1353 redditus
2930 1298 3293 1373 aegritudine,
3318 1299 3575 1354 dolorem
3594 1298 3774 1353 dein-

2135 1402 2268 1457 ceps
2297 1386 2681 1455 hujuscemodi
2700 1388 2905 1442 meruit
2925 1402 3036 1442 non
3057 1387 3282 1441 sentire.
3312 1386 3421 1441 Hac
3449 1386 3654 1442 eadem
3679 1386 3773 1440 die

2136 1480 2246 1535 duo
2272 1478 2499 1551 quidam
2541 1479 2794 1534 homines
2846 1479 3042 1534 morbo
3071 1478 3338 1534 contracti
3367 1478 3517 1550 apud
3556 1495 3773 1553 pagum

2140 1569 2463 1625 Ribuarium
2493 1569 3124 1641 (BruiéresinLannois),
3154 1569 3211 1622 in
3241 1568 3487 1624 oratorio
3519 1569 3775 1641 quodam

2140 1663 2421 1718 memoriae
2451 1663 2616 1733 hujus
2645 1661 2795 1717 beati
2855 1661 3027 1717 nostri
3069 1660 3287 1731 patroni
3316 1659 3578 1716 dedicato
3607 1660 3775 1714 sani-

2140 1758 2302 1806 tatem
2338 1751 2623 1807 nuntiatur
2650 1751 2949 1822 recepisse.
2976 1751 3035 1805 ln
3068 1750 3245 1821 ipsius
3282 1756 3469 1804 autem
3505 1765 3618 1821 qua
3647 1764 3780 1804 cor—

420 1840 718 1947 ?mpetrare
771 1840 1145 1941 nequivimus.
1181 1863 1336 1919 Unde
1367 1859 1599 1931 contigit
1629 1859 1804 1911 horno
1836 1855 1894 1924 [i,
1933 1854 2035 1908 hoc
2057 1855 2112 1917 Β
2139 1860 2273 1916 pore
2299 1845 2535 1916 quiescit
2555 1844 2803 1904 basilica.
2834 1844 3095 1899 continua
3122 1841 3242 1898 ﬁeri
3290 1855 3401 1897 non
3424 1840 3778 1897 omittuntur

420 1968 559 2039 an.],
608 1974 670 2021 ut
713 1964 843 2019 dum
874 1961 1114 2033 quodam
1171 1955 1409 2011 Sabbato
1459 1951 1683 2007 eosdem
1716 1949 1942 2039 colonos
1969 1947 2037 2002 ad

421 2037 562 2130 opus
591 2053 870 2128 quoddam
924 2046 1302 2121 peragendum
1362 2048 1729 2114 congregatos
1785 2037 2032 2130 haberet,

425 2126 861 2219 praeciperetque
918 2138 1242 2211 presbytero
1300 2148 1369 2188 ne
1428 2132 1587 2203 signa
1644 2126 2039 2197 vespertinalia

427 2218 604 2310 usque
655 2249 830 2307 prope
862 2238 1078 2287 noctem
1112 2227 1376 2298 pulsaret,
1426 2222 1697 2293 operique
1754 2218 2039 2310 implendo

425 2307 728 2391 insisteret,
758 2324 1143 2394 percuteretur
1179 2326 1509 2387 percussore
1536 2310 1738 2364 inviso.
1771 2308 1870 2373 Qui
1904 2307 2036 2361 dum

426 2420 735 2492 requireret
763 2417 889 2487 quis
900 2429 1027 2468 eum
1041 2408 1423 2482 percussisset,
1443 2418 1747 2473 omnesque
1760 2417 1817 2456 se
1838 2400 2041 2455 vidisse

425 2519 714 2584 negarent,
744 2508 904 2565 furiis
956 2504 1285 2579 exagitatus,
1343 2513 1570 2553 sensum
1627 2494 1832 2559 amisit,
1860 2492 2041 2566 gravi-

425 2614 619 2677 terque
644 2609 890 2671 vexatus,
931 2597 1184 2669 spiritum
1242 2589 1536 2648 exhalavit.
1585 2587 1699 2652 Quo
1754 2591 2039 2655 comperto

427 2673 545 2751 dux
568 2691 849 2748 Conradus
888 2686 1121 2741 nimium
1165 2681 1390 2737 territus
1445 2678 1513 2732 ad
1573 2685 1824 2731 sanctum
1858 2673 2044 2728 Remi-

424 2788 577 2863 gium
598 2784 774 2852 venit,
794 2781 958 2851 eique
990 2775 1239 2846 resipsas
1272 2770 1533 2836 reddidit,
1563 2784 1700 2839 quas
1727 2766 2044 2838 praemissus

422 2859 626 2952 praesul
654 2872 908 2929 Artaldus
941 2869 1232 2923 ilincmaro
1259 2862 1468 2923 abbati.
1499 2876 1563 2916 ac
1585 2859 1800 2915 caeteris
1848 2873 2042 2913 mona-

425 2949 547 3025 chis
572 2966 641 3021 ad
663 2962 1110 3034 supplementum
1135 2956 1317 3013 victus
1347 2949 1622 3007 attribuit.

498 3060 559 3113 In
614 3051 921 3109 Vulﬁniaco
977 3048 1137 3116 Rivo,
1196 3058 1338 3119 pago
1380 3038 1752 3102 Laudunensi,
1808 3036 2044 3093 habetur

424 3150 725 3209 oratorium
752 3146 808 3200 in
856 3144 1066 3199 honore
1108 3139 1163 3194 S.
1196 3133 1432 3210 Remigii
1465 3132 1806 3187 dedicatum.
1845 3132 1901 3185 In
1935 3145 2044 3202 quo

427 3243 557 3297 dum
583 3235 853 3294 Rodulfus
883 3249 976 3288 rex
1001 3229 1349 3286 Heribertum
1385 3223 1646 3280 comitem
1678 3235 2042 3293 persequere-
2070 3216 2120 3287 C

429 3341 536 3399 tur,
568 3330 661 3403 qui
692 3327 1075 3398 episcopatum
1094 3321 1420 3375 Remensem
1445 3332 1475 3369 a
1497 3329 1626 3387 rege
1640 3311 1749 3366 sibi
1766 3326 2048 3365 commen-

428 3428 617 3482 datum
648 3418 892 3482 tenebat,
926 3408 1373 3481 hominesipsius
1397 3405 1542 3459 villae
1566 3420 1652 3458 res
1670 3418 1800 3457 suas
1822 3409 2048 3472 propter

426 3512 658 3571 hostiles
685 3509 942 3563 incursus
970 3502 1272 3559 recondere
1304 3495 1656 3552 studuerunt.
1695 3494 1760 3547 At
1791 3492 1921 3546 dum
1950 3507 2044 3545 rex

426 3607 685 3682 praefatus
713 3603 783 3658 ad
800 3597 1166 3656 obsidendam
1198 3594 1528 3648 Remensem
1550 3585 1793 3642 venisset
1823 3582 2040 3649 urbem,

426 3674 481 3756 et
506 3700 562 3754 in
593 3693 949 3752 Culmissiaco
980 3696 1219 3744 metatus
1257 3692 1422 3749 esset,
1451 3679 1729 3736 exercitus
1757 3676 1879 3745 ejus
1905 3674 2043 3730 vici-

426 3808 527 3847 nas
556 3786 849 3859 occupavit
877 3782 1052 3839 villas.
1110 3779 1339 3846 Quidam
1392 3789 1521 3831 vero
1554 3772 1798 3833 illorum,
1857 3766 1955 3839 qui
1987 3766 2041 3821 in

427 3886 732 3955 praenotata
782 3875 931 3939 villa,
965 3872 1178 3927 scilicet
1216 3865 1523 3923 Vulfiniaco
1584 3861 1718 3914 Rivo
1782 3863 2043 3911 metatum

429 3952 727 4036 habebant,
792 3965 981 4022 vinum
1021 3963 1171 4035 quod
1223 3962 1278 4016 in
1327 3958 1563 4015 ecclesia
1617 3952 1832 4010 timoris
1880 3964 2046 4005 causa

427 4065 772 4122 reconditum
812 4059 989 4113 fuerat
1014 4054 1225 4110 invadit
1257 4070 1271 4118 ;
1307 4061 1361 4107 et
1403 4048 1559 4122 quasi
1592 4046 1875 4102 tabernam
1911 4056 2047 4096 con-

425 4158 660 4214 stituens
684 4155 738 4209 in
760 4150 955 4206 eadem
976 4144 1231 4211 ecclesia,
1252 4143 1478 4216 paribus
1501 4140 1616 4196 suis
1636 4136 1772 4193 illud
1797 4132 2042 4189 vendere

424 4253 611 4323 cmpit.
666 4249 789 4303 Hac
817 4246 950 4300 dum
980 4245 1187 4317 ageret,
1228 4248 1524 4308 percussus
1564 4229 1778 4292 morbo,
1813 4231 2045 4295 repente

330 4322 347 4335 ’
425 4322 650 4400 sensum
672 4337 878 4406 amisit,
897 4350 991 4391 ore
1009 4331 1117 4387 sibi
1145 4329 1213 4384 ad
1225 4342 1413 4382 aurem
1443 4337 1618 4394 usque
1642 4334 1783 4391 pene
1814 4322 2043 4383 retorto,

426 4439 636 4508 diuque
665 4431 943 4489 cruciatus
989 4430 1266 4482 tormento
1297 4420 1463 4477 vitam
1496 4417 1694 4473 finivit.
1739 4412 1893 4480 Quod
1922 4424 2046 4463 cer-

425 4503 622 4580 nentes
663 4519 866 4586 caeteri,
899 4517 1081 4573 eidem
1112 4514 1233 4569 loco
1271 4527 1427 4567 sacro
1480 4509 1721 4565 debitam
1779 4503 2045 4570 deinceps

425 4618 755 4674 exhibentes
769 4609 1157 4676 reverentiam,
1189 4607 1259 4663 ab
1274 4608 1589 4680 hujusmodi
1604 4621 1730 4662 sese
1744 4599 2043 4660 cohibuere
2065 4593 2128 4663 Ι)

428 4706 880 4780 praesumptione.

669 4787 673 4791 δ
1052 4792 1260 4848 CAPUT
1285 4791 1421 4846 XXI.

370 4878 377 4881 A
430 4898 501 4949 De
529 4893 702 4947 altera
730 4889 813 4943 vel
848 4889 1048 4941 iterata
1085 4887 1464 4946 translatione,
1497 4898 1590 4939 seu
1617 4867 1880 4938 relatione
1910 4893 2044 4933 cor-

935 4976 1088 5045 poris
1119 4975 1233 5044 ejus
1247 4974 1323 5029 ad
1340 4974 1546 5029 urbem.

500 5067 670 5138 Hujus
696 5063 1002 5122 beatissimi
1051 5064 1226 5119 Patris
1264 5061 1435 5119 nostri
1469 5060 1788 5116 venerabile
1820 5058 2041 5132 pignus,

427 5159 666 5213 domnus
696 5157 1020 5211 Hincmarus
1056 5152 1526 5225 archiepiscopus,
1560 5150 1742 5205 adhuc
1781 5148 2046 5219 ampliata

425 5250 603 5322 ipsius
635 5248 890 5313 ecclesia,
924 5258 1226 5320 cryptaque
1257 5261 1426 5318 opera
1457 5243 1663 5312 majore
1711 5249 1877 5314 atque
1922 5239 2046 5312 pul-

426 5341 643 5393 chriore
673 5344 998 5410 preeparata,
1028 5336 1401 5408 praesentibus
1430 5342 1483 5390 et
1513 5333 1894 5389 annitentibus
1922 5331 2048 5400 epi-

426 5430 612 5500 sc0pis
638 5429 947 5483 diceeeseos
978 5428 1144 5497 hujus
1165 5425 1765 5493 Remensis,transtulit
1789 5425 1898 5496 [ειη.
1919 5422 2044 5489 8ὅ2,

430 5522 657 5577 Kalend.
701 5518 914 5587 Octob.]
948 5520 1371 5593 :integrumque
1422 5518 1559 5573 illud
1599 5534 1724 5573 cum
1775 5516 2044 5582 brandeo,

428 5629 538 5688 quo
568 5613 725 5685 prius
773 5617 1051 5680 repertum
1103 5610 1280 5665 fuerat
1308 5611 1636 5673 involutum,
1688 5612 1746 5664 in
1784 5618 2047 5682 argenteo

427 5705 626 5764 locello
654 5699 1011 5773 transposuit.
1032 5699 1323 5755 Sudarium
1339 5717 1471 5756 vero
1510 5701 1660 5773 quod
1684 5716 1854 5772 super
1881 5710 2047 5771 caput

428 5794 606 5869 ipsius
635 5800 774 5859 erat,
817 5804 941 5845 cum
988 5794 1142 5859 parte
1194 5789 1445 5857 praedicti
1477 5789 1733 5850 brandei,
1775 5787 2041 5844 scriniolo

2140 1934 2401 2010 insignia,
2435 1933 2568 1987 dum
2598 1932 2960 1988 advenientes
2997 1931 3191 2005 aegroti
3227 1939 3517 1995 sanantur,
3552 1928 3775 2001 perjuri

2141 2027 2391 2083 daemone
2432 2026 2830 2097 pervaduntur,
2878 2024 3243 2097 energumeni
3276 2023 3612 2088 liberantur,
3642 2021 3778 2076 illu-

2140 2117 2420 2172 minantur
2447 2115 2600 2183 caeci,
2628 2116 2915 2188 eriguntur
2944 2113 3148 2180 claudi,
3181 2113 3315 2168 utin
3338 2110 3494 2167 caelis
3521 2109 3779 2184 gloriose

2141 2225 2264 2263 cum
2296 2207 2510 2263 Christo
2563 2208 2748 2262 vivere
2805 2206 3216 2261 demonstretur
3245 2203 3338 2275 qui
3394 2209 3472 2258 tot
3522 2201 3781 2256 miracu-

2141 2299 2321 2355 lorum
2352 2299 2548 2373 signis,
2582 2298 2679 2353 ubi
2711 2313 2911 2369 corpus
2950 2297 3204 2352 examine
3234 2301 3502 2359 servatur,
3537 2293 3594 2347 in
3628 2302 3780 2347 terra

2141 2388 2326 2443 vivere
2354 2386 2769 2458 comprobatur.
2795 2387 2855 2440 In
2879 2386 3060 2441 loculo
3085 2400 3218 2440 vero
3251 2383 3346 2440 ubi
3382 2391 3511 2437 tunc
3539 2382 3781 2452 deposi-

2144 2487 2257 2535 tum
2289 2495 2490 2550 corpus
2517 2479 2639 2547 ejus
2669 2485 2772 2545 est,
2828 2478 2885 2532 hi
2915 2492 3108 2533 tersus
3147 2492 3179 2531 a
3217 2475 3425 2531 domno
3468 2473 3774 2528 Hincmaro

2143 2567 2301 2634 editi,
2334 2568 2593 2641 leguntur
2619 2566 2903 2636 insculpti.

2207 2717 2295 2766 Hic
2323 2717 2544 2765 famulus
2564 2717 2801 2765 Hincmar
2829 2713 3028 2764 Domini
3061 2727 3200 2762 sacra
3222 2710 3447 2760 membra
3468 2710 3682 2767 locavit,

2267 2779 2433 2842 Dulcis
2462 2778 2689 2842 Remigii,
2724 2778 2903 2827 ductus
2934 2789 3100 2842 amore
3132 2774 3231 2838 pio.

2204 2841 2296 2900 Qui
2320 2841 2459 2903 prius
2479 2849 2552 2889 est
2581 2839 2795 2896 sanctus,
2818 2839 3007 2903 mundo
3032 2852 3184 2903 quam
3208 2843 3365 2885 matre
3392 2842 3613 2884 creatus.

2268 2899 2335 2966 Et
2357 2917 2564 2966 magnus
2586 2902 2747 2951 dictus
2768 2899 3088 2966 cmlitusore
3103 2899 3205 2948 Dei.

2206 2962 2472 3028 Bisrdenos,
2497 2965 2740 3028 binosque
2764 2962 3168 3028 gerens_fel_icit_er
3190 2973 3367 3016 annos,

2269 3027 2406 3077 Sorte
2430 3028 2516 3077 Dei
2547 3024 3065 3089 sumpsit—pontificale
3093 3024 3261 3079 decus,

2208 3089 2473 3159 Sexaginta
2501 3083 2757 3159 simul-his
2780 3083 2966 3151 septem
2989 3093 3251 3159 ‘manserat
3284 3083 3430 3133 annis

2266 3147 2414 3201 Istius
2447 3152 2585 3200 urbis
2610 3152 2783 3208 honor,
2823 3147 3022 3213 praesul,
3055 3156 3104 3197 et
3130 3147 3270 3213 urbis
3293 3160 3449 3203 amor.

2210 3214 2378 3265 Vitam
2396 3213 2655 3269 defunctis,
2680 3208 2891 3276 redde—ns
2921 3225 3117 3276 quoque
3142 3210 3335 3276 lumina
3356 3208 3531 3267 caecis;

2274 3277 2450 3338 Egerat
2467 3284 2516 3325 ct
2536 3276 2711 3326 vivens
2737 3273 3096 3338 plurimamii'a
3124 3273 3261 3338 satis.

2210 3332 2339 3388 Nam
2366 3339 2564 3388 domuit
2593 3339 2697 3387 fera
2718 3332 2869 3387 cbrda
2896 3337 3066 3386 animo
3093 3336 3222 3400 pius,
3246 3348 3330 3384 ore
3359 3332 3616 3396 profusus,

2272 3401 2540 3472 Sicambrae
2569 3401 2743 3472 gentis,
2770 3399 2902 3463 regia
2931 3399 3365 3472 sceptra‘sacrans.

2207 3461 2710 3532 Nonagintaquidem
2735 3461 2959 3532 sex'cum
2982 3461 3317 3532 c0mpleverat
3339 3471 3517 3516 annos,

2271 3521 2543 3589 SplEndida
2566 3525 2653 3575 lux
2693 3532 2886 3589 nostras
2912 3521 3133 3573 deseruit
3157 3521 3400 3589 tenebras.

2209 3583 2326 3652 Idus
2356 3589 2462 3652 jam
2484 3588 2659 3652 plenas
2687 3601 2800 3637 cum
2825 3587 3184 3652 Janusmensls
3212 3583 3431 3652 haberet,

2270 3647 2519 3713 Emeritu's
2550 3651 2695 3699 miles
2719 3648 2934 3713 praemia
2949 3647 3266 3713 digna_capit.

2206 3711 2367 3762 Isdem
2390 3713 2689 3762 Hincmarus
2708 3707 2901 3774 primus
2923 3707 3149 3774 hac'sede
3168 3707 3395 3759 sacerdos

2273 3776 2384 3839 Post
2405 3775 2622 3839 triginta,
2647 3773 2754 3824 loco
2787 3773 3008 3839 constitit
3027 3781 3306 3839 etnumero
3329 3784 3340 3818 :

2208 3837 2300 3896 Qui
2320 3833 2492 3888 sextus
2508 3838 2732 3886 decimus
2757 3837 2849 3886 sub
2879 3837 2971 3885 hac
2995 3834 3223 3885 radiante
3252 3833 3454 3883 lucerna

2274 3900 2509 3963 Remigio,
2535 3899 2704 3963 Remis
2735 3899 2909 3963 munia
2942 3896 3277 3963 chara__dedit.

2209 3962 2371 4012 Annis
2400 3958 2636 4024 septenis,
2667 3961 2837 4025 quinis
2867 3975 2924 4009 ac
2946 3958 3202 4025 mensibus
3226 3958 3324 4022 egit

2272 4022 2485 4074 Pastoris
2514 4022 2704 4077 curam:
2727 4024 2834 4073 haec
2860 4022 3123 4073 recolenda
3152 4035 3356 4084 parans.

2206 4086 2562 4151 Octingenteno
2591 4085 3041 4151 quinquagenoque
3066 4083 3282 4151 secundo

2269 4147 2375 4212 Quo
2400 4151 2528 4200 Deus
2549 4147 2623 4198 est
2642 4147 2775 4212 anno
2804 4147 2995 4212 virgine
3018 4154 3166 4197 natus
3193 4147 3335 4195 homo
3360 4159 3371 4192 :

2207 4210 2403 4262 Tertius
2430 4220 2480 4260 et
2508 4210 2718 4274 Karolus
2741 4210 3223 4274 regni‘componeret
3251 4216 3408 4274 aptus,

2269 4274 2518 4324 Octimber
2540 4273 2754 4336 primam
2778 4270 2892 4324 cum
2923 4270 3065 4323 daret
3085 4279 3235 4336 atque
3266 4270 3421 4327 diem,

2207 4339 2637 4407 Acntercentengus
2664 4344 2868 4407 octavus
2894 4342 3305 4407 tangeretannus

2271 4398 2360 4449 Hic
2376 4400 2541 4463 justus
2560 4397 2761 4463 Domini
2790 4412 2888 4462 quo
2910 4395 3036 4463 petit
3058 4404 3192 4446 astra
3214 4395 3335 4460 poli.

2207 4462 2301 4511 Ter
2333 4456 2531 4513 centum
2559 4461 2771 4517 fuerant,
2802 4456 3121 4522 tres—etdem
3150 4456 3326 4522 quater
3349 4456 3491 4515 anni,

2269 4525 2376 4593 Quo
2393 4525 2511 4593 vita
2541 4523 2752 4593 Francos
2776 4522 2963 4593 gurgite
2992 4521 3115 4593 lavit
3127 4521 3307 4593 ovans.

2269 4537 2376 4584 uno
2394 4537 2511 4574 Viue
2541 4537 2752 4573 Francos
2776 4537 2963 4632 gurgite
2992 4537 3115 4570 iavu
3134 4537 3307 4570 ovans.

2208 4586 2369 4652 Ipsius
2389 4587 2432 4636 is
2454 4586 2687 4652 precibus
2705 4600 2776 4652 cce
2799 4594 2890 4633 esti
2905 4584 2959 4633 in
2990 4583 3105 4632 sede
3127 4583 3333 4652 locetur,

2269 4650 2424 4710 Quem
2454 4645 2598 4698 terris
2617 4648 2770 4699 coluit
2788 4662 2936 4697 verus
2966 4654 3175 4696 amator.
3211 4645 3393 4694 Amen.

2219 4791 2429 4849 Accidit
2446 4798 2630 4847 autem
2657 4798 2872 4862 postea,
2914 4794 3269 4859 peccatorum
3299 4784 3514 4840 meritis
3535 4785 3775 4857 exigen-

2148 4884 2318 4944 tibus.
2345 4881 2722 4959 utDominicae
2755 4877 3151 4934 incarnationis
3181 4890 3328 4930 anno
3375 4873 3482 4929 882
3512 4874 3622 4929 sub
3649 4890 3774 4949 rege

2148 4973 2536 5039 Karlomanno,
2566 4970 2827 5043 prmdicto
2851 4968 3056 5023 domno
3079 4966 3370 5020 Hincmaro
3394 4963 3772 5034 archiepisco-

2148 5080 2220 5136 po
2250 5072 2553 5137 satagente,
2585 5061 2979 5116 transferretur
3023 5054 3346 5115 venerabile
3410 5054 3619 5126 pignus
3651 5070 3771 5111 cor-

2148 5153 2300 5225 poris
2330 5153 2496 5222 hujus
2535 5149 2895 5206 sacratissimi
2941 5147 3112 5221 patris
3144 5154 3199 5202 et
3228 5144 3419 5200 domni
3453 5143 3634 5199 nostri
3668 5145 3770 5199 Re-

2150 5246 2305 5319 migii
2337 5252 2586 5316 (propter
2623 5241 3039 5298 infestationem
3092 5239 3459 5314 paganorum)
3484 5235 3555 5291 ad
3584 5236 3765 5291 villam

2151 5335 2327 5406 ipsius
2350 5335 2464 5403 jam
2495 5349 2664 5403 supra
2702 5339 2958 5399 taxatam,
2994 5330 3218 5386 nomine
3242 5329 3609 5399 Sparnacum,
3641 5326 3764 5398 quia

2149 5427 2341 5483 civitas
2385 5426 2683 5481 Remorum
2739 5431 2872 5481 tunc
2926 5422 3195 5494 temporis
3234 5436 3346 5476 non
3405 5418 3657 5474 habebat
3711 5419 3760 5472 in

2149 5518 2362 5573 ambitu
2389 5518 2728 5572 suimurum.
2761 5516 2928 5585 Cujus
2942 5515 3174 5570 obtentu
3206 5511 3376 5568 totius
3405 5520 3539 5566 tunc
3568 5512 3691 5586 pagi
3704 5509 3767 5564 ad

2149 5624 2313 5679 quem
2345 5608 2589 5663 delatum
2627 5623 2831 5662 munus
2884 5607 2991 5661 hoc
3020 5604 3257 5659 habetur
3306 5600 3763 5664 amantissimum,

2148 5697 2369 5770 provisa
2395 5696 2662 5768 probatur
2703 5696 2854 5751 salus
2891 5710 2923 5749 a
2966 5694 3329 5765 persuasione
3381 5688 3763 5758 barbarorum,

2146 5786 2232 5843 vel
2262 5785 2486 5842 incursu
2505 5774 2861 5857 praedonum.
2887 5783 3015 5840 Post
3043 5780 3318 5839 Rincmari
3346 5778 3598 5851 denique
3629 5793 3763 5852 pon-
