3884 6468
147 410 217 461 7'7
829 404 1156 460 HlSTORl/E
1196 405 1531 460 ECCLESIIE
1572 405 1900 460 REMENSIS
1941 407 2117 461 LIBRI
2158 406 2488 471 QUATllOR.
2523 437 2591 446 —-
2624 407 2749 460 LIB.
2797 408 2839 462 l.
3435 415 3506 468 78

146 541 317 596 tificis
363 540 580 595 obitum
639 539 798 605 (obiit
853 540 996 593 dicto
1053 555 1144 592 an.
1180 538 1307 604 882,
1355 543 1414 593 ut
1471 542 1636 594 estin
1674 542 1780 608 ﬁne
1806 548 1859 611 Α
1885 540 2210 596 Grimoldus
2243 540 2490 607 nomine,
2516 539 2612 594 diu
2641 539 2853 594 lumine
2895 539 3161 610 privatus,
3188 554 3251 594 os
3281 555 3504 612 quoque

144 633 242 684 liv.
272 631 378 698 ιιι),
410 626 798 682 desiderabilis
821 627 912 681 hic
945 642 1230 682 sacrorum
1263 628 1559 682 thesaurus
1593 643 1769 681 mem-

144 721 398 784 brorum,
431 717 498 771 ad
531 716 848 770 Orbacense
878 717 1198 786 perducitur
1222 717 1643 771 monasterium.
1679 715 1774 771 llic

145 827 374 882 quoque
405 809 714 865 beatissimi
767 809 932 876 hujus
985 808 1206 878 patroni
1278 808 1449 862 nostri
1501 806 1778 881 suffragiis

145 904 334 959 omnis
361 901 727 958 commoditas
785 899 928 954 aeris
983 899 1418 971 circumquaque
1445 899 1779 972 degentibus

147 993 705 1057 attribuiturincolis,
725 1008 848 1046 cum
880 991 1102 1046 insolita
1126 991 1412 1045 fertilitate
1436 991 1668 1046 telluris.

221 1086 668 1141 Postdecessum
697 1099 827 1137 vero
868 1083 1158 1154 saepedicti
1213 1083 1470 1153 praesulis
1503 1081 1779 1136 Hincmari

148 1195 275 1233 cum
310 1177 667 1249 pontificatus
695 1175 957 1230 subiisset
978 1176 1247 1230 honorem
1278 1174 1569 1239 Fulco,sui
1603 1173 1780 1244 primo

151 1270 483 1339 praesulatus
514 1284 659 1322 anno
710 1265 919 1321 referre
983 1267 1232 1321 decrevit
1279 1267 1422 1320 alma
1472 1264 1782 1320 beatissimi

153 1359 320 1426 hujus
351 1359 525 1413 nostri
564 1356 744 1410 Patris
783 1371 909 1410 ossa
934 1355 1042 1426 [απ.
1077 1355 1221 1426 883].
1257 1354 1413 1420 Quod
1454 1354 1551 1408 ubi
1583 1370 1782 1427 aggre-

151 1449 328 1513 ditur,
361 1449 725 1520 perveniente
745 1447 858 1515 jam
887 1461 973 1509 eo,
1007 1463 1132 1500 cum
1160 1445 1515 1517 coepiSCOpis
1538 1452 1592 1499 et
1617 1443 1782 1499 cleris

155 1537 419 1607 plurimis
447 1536 514 1590 ad
535 1538 712 1590 locum
744 1536 843 1590 ubi
868 1535 1068 1610 pignus
1094 1535 1423 1590 servabatur
1455 1533 1781 1604 pretiosum,

153 1645 282 1684 cum
312 1637 460 1683 esset
483 1644 686 1701 magna
721 1627 846 1682 coeli
876 1626 1166 1691 serenitas,
1199 1626 1298 1680 sed
1342 1625 1563 1679 fervens
1593 1625 1787 1678 admo-

151 1719 288 1772 dum
341 1717 582 1780 siccitas,
640 1715 826 1770 subito
879 1731 938 1770 se
979 1722 1162 1769 tantus
1219 1713 1413 1768 effudit
1462 1713 1661 1779 imber,
1726 1721 1784 1766 ut

1874 633 2261 691 miserabiliter
2290 649 2320 686 a
2344 632 2697 687 rectitudinis
2748 633 2868 688 loco
2897 633 3178 694 distortus,
3217 632 3505 704 invisaque

1874 723 2223 778 deformitate
2284 730 2536 792 turpatus
2566 738 2595 776 a
2648 721 2975 793 parentibus
3006 722 3227 777 obviam
3263 722 3502 785 delatus,

1878 813 2193 886 pristinum,
2227 828 2393 882 quem
2425 810 2634 865 dudum
2671 811 2954 877 amiserat,
2981 821 3065 866 est
3097 811 3275 866 visum
3307 826 3506 866 conse-

1878 913 2056 969 cutus,
2099 911 2153 958 et
2185 903 2240 956 in
2272 903 2554 974 propriam
2606 903 2941 958 sanctissimi
2976 903 3151 958 Patris
3182 903 3346 971 hujus
3370 903 3501 973 Opi-

1882 993 2149 1049 tulatione
2183 991 2504 1045 mirabiliter
2535 1001 2616 1045 est
2671 991 2914 1064 efﬁgiem
2969 993 3272 1047 restitutus.
3326 993 3505 1046 [nter-

1877 1082 2198 1152 jectovelut
2231 1081 2395 1135 unius
2447 1069 2597 1136 horae
2629 1082 2830 1151 spatio.
2863 1097 3004 1152 puer
3040 1081 3180 1136 alius
3209 1097 3241 1136 a
3271 1089 3500 1137 contra-

1884 1173 2069 1227 ctione
2096 1170 2345 1242 corporis
2394 1169 2645 1238 ejusdem
2713 1171 2933 1241 patroni
2966 1169 3243 1244 suffragiis
3275 1169 3511 1226 feliciter

1885 1272 1970 1319 est
1999 1271 2215 1318 erectus
2265 1262 2473 1317 Cohors
2499 1262 2670 1334 igitur
2700 1263 2922 1330 devota,
2960 1263 3222 1319 melodiis
3253 1264 3509 1319 Davidica

1887 1368 2237 1424 nequaquam
2292 1349 2578 1406 sufficiens
2639 1352 2873 1407 reboare
2932 1353 3200 1418 carmina,
3272 1351 3511 1408 maximo

1883 1445 2067 1500 cordis
2089 1444 2288 1499 affectu
2319 1453 2585 1515 permota,
2611 1443 2754 1500 inter
2782 1446 3005 1499 laudum
3036 1463 3219 1513 voces,
3255 1447 3512 1502 eliciente

1885 1535 2087 1607 gaudio
2138 1533 2392 1605 lacrymis
2451 1549 2547 1589 ora
2605 1535 2784 1607 rigare
2841 1534 3102 1605 profusis,
3155 1543 3210 1590 et
3249 1535 3511 1606 suspiria,

1887 1628 2274 1700 singultusque
2319 1627 2558 1682 formare
2617 1643 2715 1698 pro
2771 1628 3022 1683 canticis.
3057 1627 3511 1684 Concurrentium

1886 1735 2107 1791 quoque
2142 1719 2312 1774 nimia
2336 1719 2560 1791 stipatio
2599 1719 2868 1792 plebium,
2907 1720 3049 1775 sacri
3079 1721 3326 1776 muneris
3350 1737 3515 1794 geru-

156 1807 328 1862 totius
359 1806 524 1874 hujus
576 1803 928 1875 superﬁciem
974 1813 1133 1858 terrae
1188 1803 1474 1858 videretur
1541 1801 1783 1856 ubertim
1813 1810 1998 1885 Blum
2033 1808 2350 1864 deosculari
2408 1809 2755 1880 cupientium
2798 1809 3063 1876 loculum,
3098 1809 3515 1881 importunitate

157 1896 439 1969 irrigasse.
474 1897 531 1949 ln
560 1895 866 1950 crastinum
898 1910 1030 1949 vero
1061 1895 1192 1948 dum
1224 1909 1381 1948 sacra
1425 1892 1630 1947 referre
1657 1908 1785 1962 pro-

157 1996 658 2053 moventmunera,
685 1995 884 2041 cuncta
901 1987 1066 2053 clara,
1095 1985 1788 2054 cunetajucunda,cuncta

159 2082 462 2137 mundanae
492 2080 700 2152 speciei
761 2080 1068 2133 redduntur
1117 2096 1370 2147 amoena;
1406 2091 1789 2150 prospereque

161 2187 469 2245 progressu
492 2167 904 2224 conﬂuentibus
944 2169 1191 2239 undique
1229 2169 1471 2240 p0pulis,
1506 2167 1574 2222 ad
1605 2167 1787 2220 vicum

159 2263 477 2318 deveniunt
525 2261 938 2324 Calmiciacum,
975 2261 1030 2314 in
1081 2277 1192 2332 quo
1216 2261 1483 2316 nonnulla
1513 2260 1672 2314 Pater
1699 2258 1790 2312 hic

156 2355 404 2409 eximius
433 2354 616 2409 adhuc
667 2371 831 2409 carne
887 2361 1076 2424 septus
1133 2353 1394 2407 virtutum
1447 2350 1794 2424 dignoscitur

156 2447 487 2503 exhibuisse
546 2447 836 2521 magnalia.
903 2447 996 2501 llic
1051 2446 1297 2500 membra
1361 2443 1680 2499 veneranda
1739 2441 1792 2496 in

157 2537 404 2592 ecclesia
442 2537 790 2606 deponentes
848 2536 969 2603 ejus
1029 2534 1254 2589 nomine
1313 2533 1588 2594 dedicata,
1620 2531 1798 2586 noctis

160 2629 356 2700 quiete
417 2629 562 2682 fessa
611 2628 796 2681 levant
849 2643 1098 2697 corpora.
1164 2627 1289 2680 Post
1337 2623 1551 2694 requiei
1615 2622 1801 2676 subsi-

161 2723 346 2787 dium,
375 2721 488 2789 jam
547 2728 718 2774 terras
785 2719 919 2774 solis
996 2719 1306 2772 illustrante
1357 2716 1579 2786 jubare,
1636 2729 1801 2769 voces

164 2813 424 2883 undique
456 2813 626 2866 Deum
662 2810 1113 2866 benediccntium
1137 2817 1474 2879 concrepant
1495 2815 1660 2877 atque
1683 2807 1799 2859 lau-

163 2902 444 2967 dantium,
505 2901 654 2972 quod
715 2901 796 2954 eis
850 2909 1147 2970 pastorem,
1207 2906 1502 2968 patronum
1563 2911 1626 2950 ac
1658 2909 1794 2966 pro-

165 2999 441 3045 teetorem
501 2989 761 3043 redderet
815 2987 1178 3059 corporaliter
1237 2986 1558 3057 proprium,
1629 3000 1796 3054 quem

165 3098 397 3152 semper
447 3080 595 3150 apud
654 3079 893 3134 divinam
946 3078 1296 3134 clementiam
1349 3077 1796 3141 intercessorem,

1890 1901 2068 1956 valida
2133 1901 2460 1956 vehentium
2494 1901 2664 1972 coepit
2723 1900 2896 1975 figere
2951 1917 3222 1972 gressum.
3259 1901 3514 1957 Mirorum

1890 1993 2166 2064 siquidem
2219 2010 2343 2064 qua)
2369 1993 2710 2067 gerebantur
2753 1993 3248 2064 percrebrescebat
3277 1994 3466 2065 opinio
3502 2009 3518 2061 ;

1890 2083 2254 2154 certatimque
2300 2090 2408 2137 tam
2458 2083 2577 2137 sani
2634 2099 2798 2154 quam
2850 2083 3080 2139 diversis
3109 2083 3520 2138 calamitatibus

1891 2175 2060 2229 attriti
2097 2193 2395 2247 properare
2455 2177 2778 2248 studebant,
2840 2177 3132 2248 cupientes
3171 2178 3373 2232 intueri
3402 2194 3520 2232 ma—

1893 2268 2076 2339 gnalia
2106 2285 2229 2340 quae
2257 2269 2519 2324 Dominus
2573 2270 2948 2340 omnipotens,
2992 2271 3045 2325 in
3087 2271 3258 2326 sancti
3285 2271 3368 2325 sui
3403 2271 3518 2325 cla-

1896 2355 2224 2422 rificatione,
2282 2358 2650 2428 multiplicare
2708 2366 3096 2431 proposuerat.
3167 2361 3270 2415 Pro
3323 2375 3521 2432 magno

1898 2464 2136 2519 namque
2161 2447 2269 2502 sibi
2288 2448 2490 2504 damno
2510 2448 2745 2520 quisque
2772 2449 3088 2520 reputabat,
3115 2451 3225 2505 imo
3257 2449 3521 2504 delictum

1903 2537 2222 2608 deputabat,
2259 2553 2369 2592 non
2399 2538 2589 2606 modo,
2645 2537 2690 2591 si
2738 2553 2847 2593 non
2881 2539 3231 2609 procederet,
3261 2554 3450 2593 verum
3478 2537 3523 2591 si

1901 2636 2213 2696 postremus
2267 2627 2574 2681 accederet.
2631 2629 3080 2697 Approperantes
3129 2635 3314 2681 autem
3372 2627 3524 2680 cives

1901 2719 2140 2781 obviam,
2175 2719 2304 2773 dum
2328 2727 2481 2793 grata
2526 2719 2732 2774 deferri
2763 2731 2998 2778 cernunt
3027 2736 3278 2783 munera,
3301 2737 3359 2774 se
3392 2735 3526 2790 pro-

1899 2819 2237 2878 sternentes,
2267 2813 2371 2867 soli
2396 2813 2793 2868 deosculantur
2812 2823 2965 2886 terga
2991 2814 3525 2886 :suspicientesque,

1899 2901 1995 2955 ubi
2027 2902 2476 2972 contemplantur
2504 2902 2710 2970 locum,
2739 2904 2998 2974 pretiosae
3035 2903 3208 2958 divini
3240 2904 3529 2959 diadema-

1901 2990 1970 3044 tis
1998 3007 2231 3063 gemmze
2269 2991 2543 3060 bajulum,
2577 2993 2775 3047 multas
2818 2993 2964 3048 inter
2995 2993 3197 3048 eximia
3215 2993 3420 3070 gaudia
3453 2995 3530 3048 la-

1900 3098 2119 3154 crymas
2167 3083 2427 3151 fundunt,
2485 3084 2847 3140 obsecrantes
2904 3102 2973 3139 ne
3000 3085 3240 3156 amplius
3273 3085 3527 3154 ejusdem

165 3180 225 3224 et
247 3169 536 3224 assiduum
570 3184 628 3223 se
685 3168 888 3222 habere
927 3166 1209 3222 conﬁdant
1250 3165 1592 3222 advocatum.
1648 3165 1795 3218 ΡΓέῐΞ·
1832 3193 1879 3259 C
1902 3174 2077 3229 Patris
2099 3173 2243 3230 affici
2277 3183 2610 3231 censeantur
2638 3176 2915 3242 absentia,
2945 3176 3079 3248 quin
3115 3187 3382 3249 perpetua
3412 3194 3536 3231 me-

171 3264 319 3318 latus
350 3263 565 3316 interea
595 3263 816 3332 praesul,
849 3261 1158 3316 cmlestium
1190 3259 1552 3315 sacramentis
1590 3264 1801 3328 myste-

169 3354 386 3407 riorum
429 3352 532 3407 rite
586 3350 899 3411 celebratis,
954 3349 1294 3404 imminentis
1344 3350 1480 3423 juga
1509 3364 1633 3402 cum
1683 3347 1802 3401 lau-

170 3443 347 3496 dibus
386 3441 605 3496 scandit
652 3441 894 3507 montis;
924 3439 1323 3495 comitantibus
1363 3438 1613 3509 undique
1641 3454 1803 3491 secus

171 3535 513 3607 populorum
541 3534 776 3605 stipatus
833 3533 1086 3588 catervis.
1149 3531 1245 3587 Hic
1301 3531 1397 3585 ubi
1451 3547 1552 3601 pro
1611 3530 1802 3600 populi

173 3628 418 3693 delictis,
472 3634 526 3681 et
584 3627 681 3680 iraa
731 3626 1076 3700 mitigatione
1135 3625 1375 3680 caelestis
1409 3624 1476 3678 ad
1509 3623 1803 3678 Dominum

175 3719 418 3773 fudisset
448 3718 783 3782 orationem,
813 3717 1210 3788 paululumque
1240 3715 1672 3787 processissent,
1706 3714 1807 3768 ad-

179 3810 290 3862 huc
322 3806 622 3862 clarificare
657 3806 926 3873 Christus,
983 3805 1277 3860 mirificare
1305 3812 1471 3874 atque
1498 3803 1809 3877 glorificare

177 3903 491 3972 disponens
540 3902 688 3956 hunc
745 3900 1127 3955 beatissimum
1188 3899 1400 3954 Patrem
1457 3905 1708 3954 nostrum
1756 3897 1810 3951 in

178 3991 370 4056 terris,
418 4007 582 4061 quem
643 3988 996 4063 magnificare
1054 4007 1180 4044 cum
1239 3989 1453 4064 angelis
1482 3989 1726 4059 elegerat
1759 3988 1813 4041 in

178 4084 362 4149 caelis,
395 4085 585 4155 quanti
625 4083 697 4138 sit
722 4082 867 4154 apud
899 4099 960 4138 se
1009 4082 1190 4138 meriti
1221 4082 1573 4138 concurrenti
1607 4096 1815 4152 propa-

178 4175 297 4228 lare
321 4172 571 4228 decernit
597 4171 958 4226 multitudini.

796 4285 1006 4340 CAPUT
1043 4285 1203 4339 XXll.

428 4378 503 4430 De
531 4375 784 4430 remediis
801 4375 1028 4428 subinde
1053 4375 1302 4442 pluribus
1318 4375 1596 4443 impensis.

257 4467 472 4524 Accidit
497 4468 685 4540 itaque
711 4468 914 4522 mulier
951 4483 1117 4529 caeca,
1179 4466 1405 4521 nomine
1436 4466 1607 4531 Doda,
1648 4482 1813 4520 manu

179 4558 294 4612 sibi
333 4572 557 4631 gressus
589 4555 834 4630 regentis
892 4555 1099 4621 innixa,
1131 4573 1255 4626 quae
1286 4571 1433 4624 mox,
1469 4563 1528 4610 ut
1560 4556 1816 4610 cominus

1902 3277 2127 3322 reantur
2166 3269 2426 3343 gratulari
2477 3270 2792 3340 priesentia.
2828 3271 2990 3326 Pater
3021 3271 3237 3326 interea
3268 3271 3531 3327 beatissi-

1904 3373 2026 3410 mus
2054 3355 2288 3411 filiorum
2340 3357 2623 3414 devotioni
2691 3359 2972 3431 przeclaris
3031 3359 3222 3416 favens
3279 3361 3530 3430 nutibus,

1905 3445 2057 3499 addit
2092 3447 2270 3501 adhuc
2304 3445 2510 3501 divinis
2541 3448 2764 3518 plebem
2793 3466 2951 3504 suam
2976 3450 3358 3521 multipliciter
3375 3451 3534 3504 exhi-

1907 3533 2081 3588 larare
2111 3534 2479 3591 mirabilibus.
2512 3536 2724 3590 Etenim
2755 3538 2885 3592 dum
2917 3540 3101 3594 clerus
3125 3554 3248 3594 cum
3272 3538 3534 3594 sacerdo-

1909 3625 2078 3692 tibus,
2111 3627 2356 3697 psalmis,
2391 3629 2632 3698 hymnis,
2666 3640 2721 3683 et
2758 3631 2990 3685 canticis
3030 3631 3284 3688 intonant
3307 3632 3535 3703 spirita-

1909 3715 2076 3783 libus,
2127 3716 2369 3787 populus
2421 3717 2586 3771 etiam
2621 3717 3290 3785 jubilationisimmensze
3343 3723 3537 3777 reboat

1911 3811 2164 3874 vocibus,
2207 3819 2267 3866 ut
2296 3810 2606 3865 mirabilem
2639 3813 2810 3867 Deum
2844 3813 2899 3868 in
2932 3816 3139 3871 sanctis
3187 3817 3304 3871 suis
3331 3819 3537 3887 jucun-

1914 3900 2165 3956 dioribus
2205 3899 2389 3955 adhuc
2441 3909 2896 3971 przeconarentur
2943 3903 3181 3968 animis,
3247 3903 3536 3974 pristinam

1914 3991 2209 4046 multitudo
2242 3991 2620 4064 languentium
2655 3991 2978 4063 sospitatem
3000 3992 3293 4047 manifeste
3314 3995 3541 4064 conspi-

1915 4083 2058 4137 citur
2087 4098 2440 4153 recuperare,
2489 4083 2682 4138 levatis
2741 4083 2995 4153 pluribus
3025 4083 3175 4139 varia
3232 4093 3389 4155 peste
3416 4101 3542 4141 cor-

1916 4175 2184 4245 poribus:
2217 4176 2470 4246 adeoque
2529 4193 2630 4246 per
2659 4175 2880 4248 singula
2920 4193 3062 4248 pene
3099 4187 3398 4246 momenta,
3427 4194 3544 4234 co:-

1825 4301 1836 4307 -
1918 4268 2075 4322 lestia
2104 4268 2497 4339 pandebantur
2527 4269 2816 4338 miracula,
2839 4277 2898 4324 ut
2924 4269 2990 4324 ad
3024 4270 3143 4325 hth
3172 4270 3421 4325 locorum
3458 4274 3544 4327 vel

1919 4368 2231 4431 temporum
2262 4362 2351 4416 vix
2405 4361 2786 4417 enumeranda
2833 4361 3048 4418 censeri
3098 4362 3347 4418 valerent
3378 4363 3550 4418 inter-

1917 4451 2088 4506 stitia.

1990 4540 2142 4595 Tunc
2174 4540 2340 4614 igitur
2372 4541 2626 4596 Hosanna
2654 4541 2908 4612 quaedam
2943 4541 3164 4600 mulier.
3209 4557 3332 4596 cum
3367 4539 3548 4594 admi-

182 4653 546 4719 approperat,
572 4646 750 4700 visum
791 4644 899 4698 sibi
960 4645 1175 4699 restitui
1215 4661 1399 4700 coram
1431 4645 1692 4700 omnibus
1717 4645 1819 4698 im-
1845 4621 1900 4688 D
1925 4632 2137 4686 ratione
2168 4632 2554 4705 gaudentium,
2577 4633 2746 4687 celeri
2780 4634 2980 4689 meruit
3004 4634 3370 4706 prosperitate
3411 4633 3554 4688 reci-

185 4744 391 4808 petrat.
426 4735 580 4799 Quod
638 4735 839 4805 prmsul
898 4733 1152 4799 audiens,
1215 4734 1480 4803 hymnum
1513 4734 1693 4788 laudis
1724 4733 1817 4787 Dei

185 4841 318 4880 cum
366 4823 596 4894 populo,
652 4839 853 4897 magno
913 4823 1158 4894 repletus
1207 4822 1558 4878 concelebrat
1589 4822 1815 4896 gaudio.

187 4914 442 4970 Necdum
481 4912 742 4968 finierant
779 4914 914 4968 odas
951 4911 1318 4967 exsultatione
1348 4912 1548 4967 caelum
1587 4912 1818 4983 replen-

190 5013 300 5068 tes,
349 5011 408 5057 et
453 5017 584 5057 ecce
619 5000 913 5056 frustratus
969 4999 1195 5074 quidam
1249 5000 1442 5055 multis
1472 5016 1665 5075 gressu
1697 5001 1821 5056 die-

189 5096 300 5150 bus
365 5110 492 5149 cum
552 5094 768 5166 integra
813 5093 1067 5164 procedit
1132 5091 1512 5148 incolumitate
1552 5093 1826 5148 laetabun-

195 5188 324 5243 dus.

264 5277 560 5332 Transiere
587 5291 713 5330 cum
741 5273 1000 5330 laudibus
1029 5273 1163 5329 inde
1193 5273 1476 5345 paulisper
1503 5290 1515 5326 :
1543 5281 1598 5327 et
1626 5273 1828 5328 mulier

192 5367 454 5439 quaedam
498 5380 764 5419 manuum
809 5362 982 5434 potita
1034 5363 1268 5418 sanitate
1311 5363 1576 5418 succedit.
1634 5363 1829 5433 Dupli-

194 5465 326 5512 cant
406 5469 540 5529 ergo
575 5494 590 5520 ,
676 5453 1072 5525 triplicantque
1130 5452 1451 5507 comitantia
1526 5452 1826 5524 gratiarum

194 5551 450 5606 actiones
479 5544 720 5620 agmina.
753 5543 1079 5600 Tremef‘acti
1134 5545 1370 5616 proximi
1414 5545 1622 5616 quique
1661 5544 1827 5598 mira-

195 5640 401 5694 bilium
452 5633 864 5709 magnitudine,
919 5633 1192 5705 tantisper
1240 5650 1270 5688 a
1319 5641 1488 5689 tantm
1519 5633 1831 5689 deliberant

195 5732 468 5788 secedere
496 5727 809 5783 sanctitatis
838 5725 1199 5782 sublimitate.
1241 5725 1352 5781 Nec
1380 5740 1485 5781 vox
1548 5725 1831 5795 reciproca

197 5823 551 5882 laudantium
589 5820 882 5878 defecerat
926 5821 995 5875 ab
1051 5836 1169 5875 ore.
1226 5819 1357 5873 dum
1412 5816 1638 5888 quidam
1668 5833 1827 5886 puer,

1923 4739 2056 4794 pere
2084 4723 2279 4779 visum.
2315 4725 2376 4778 Et
2399 4733 2523 4796 post
2578 4726 2836 4796 pusillum
2884 4727 3115 4782 claudus
3147 4725 3369 4798 quidam
3407 4725 3548 4780 felici

1924 4831 2156 4870 munere
2187 4817 2546 4888 consequitur
2575 4834 2846 4890 gressum.
2878 4818 3118 4874 Deodata
3153 4819 3428 4890 quazdam,
3450 4835 3553 4888 pa-

1925 4907 2142 4962 tefactis
2187 4908 2403 4962 aurium
2450 4909 2662 4976 januis,
2694 4910 3023 4981 adipiscitur
3081 4911 3354 4964 auditum.
3422 4909 3553 4975 Qui-

1925 4996 2074 5062 dam,
2104 4996 2332 5051 nomine
2375 4997 2570 5062 Teuto,
2630 4997 2989 5053 desiderabili
3043 4997 3252 5069 potitur
3280 4996 3554 5052 illumina-

1927 5085 2096 5140 tionis
2125 5086 2293 5142 dono.
2345 5087 2501 5151 Item,
2561 5089 2815 5158 quaedam
2860 5088 3062 5143 mulier
3115 5087 3313 5142 eodem
3370 5088 3554 5159 gavisa

1928 5178 2141 5234 laetatur
2188 5177 2483 5234 beneficio.
2561 5181 2827 5235 Similiter
2901 5180 3173 5236 Ausoldus
3220 5179 3286 5251 [j,
3345 5180 3552 5252 Ansol.]

1928 5283 2150 5339 quoque
2179 5267 2410 5330 lumine,
2443 5269 2592 5339 quod
2650 5268 2822 5323 nimio
2855 5269 3122 5342 ﬂagrabat
3147 5271 3370 5341 assequi
3405 5269 3558 5324 desi—

1929 5360 2106 5427 derio,
2141 5358 2251 5414 fido
2297 5375 2401 5415 ceu
2433 5359 2674 5415 credidit
2731 5361 2942 5428 animo,
2993 5361 3166 5415 Patris
3223 5362 3388 5430 hujus
3420 5361 3560 5433 piis-

1928 5448 2070 5503 simo
2138 5446 2443 5519 perfruitur
2513 5445 2779 5522 suffragio
2918 5449 3149 5513 Quidam
3217 5449 3558 5514 Cerbertus,

1931 5543 2198 5615 paralysis
2219 5551 2349 5597 esta
2388 5542 2760 5598 dissolutione
2791 5554 3035 5599 sanatus.
3067 5544 3300 5610 Quidam
3335 5563 3561 5618 quoque

1929 5632 2071 5686 alius
2100 5631 2352 5700 ejusdem
2398 5631 2648 5688 muneris
2707 5635 2946 5690 exsultat
3005 5635 3092 5690 hic
3149 5635 3400 5711 largitate
3431 5653 3561 5707 per-

1933 5722 2184 5780 functus.

2002 5817 2246 5887 Cumque
2278 5817 2526 5873 certatim
2573 5817 2801 5890 quique,
2854 5818 3040 5875 studio
3090 5820 3193 5891 pia)
3253 5818 3565 5871 devotionis
