3884 6462
363 432 433 488 79
1446 426 1527 480 DE
1566 423 1952 479 FLODOARDO
1992 421 2315 479 CANONICO
2355 421 2703 478 REMENSIS.
3669 430 3745 483 30

370 561 589 619 obviam
621 561 909 616 studerent
946 573 1257 623 occurrere,
1314 571 1378 609 ac
1423 569 1533 608 non
1564 553 1730 608 modo
1758 552 1987 627 benigni
2010 559 2061 624 Α
2091 551 2492 619 immolatione,
2538 552 2741 609 mulier
2788 550 3041 624 quaedam
3088 551 3159 609 de
3215 569 3357 629 pago
3415 554 3741 613 Trecasino

371 650 966 715 cordisintentiunem,
995 646 1129 719 quin
1184 644 1349 700 etiam
1382 658 1565 697 rerum
1599 641 1988 712 temporalium
2092 644 2465 700 membrorum
2519 644 2769 699 omnium
2820 644 3125 717 agitatione
3166 646 3420 713 multata,
3483 648 3742 703 veniens

372 743 795 809 exhibitionem,
853 748 1016 813 prout
1085 738 1285 809 cuique
1345 735 1575 790 facultas
1631 733 1984 805 suppetebat.

375 836 667 892 afferrent:
699 835 898 890 mulier
941 831 1189 904 qu:edam
1235 827 1592 899 paupercula,
1652 827 1720 881 de
1767 826 1989 882 civitate

375 941 682 998 preperans
714 925 769 978 in
798 937 1107 985 occursum,
1162 935 1325 973 manu
1374 933 1596 972 cereum
1629 916 1863 982 ferebat,
1892 914 1988 987 qui

374 1033 640 1073 accensus
696 1029 977 1085 nunquam
1026 1011 1220 1065 fuerat.
1263 1008 1512 1064 Mirabile
1557 1008 1730 1075 dictu,
1800 1006 1987 1062 subito

373 1107 594 1162 ccelitus
648 1111 786 1159 nutu
833 1102 1019 1156 divino
1067 1114 1264 1155 cereus
1314 1098 1369 1152 in
1420 1113 1588 1152 manu
1627 1096 1876 1171 gerentis
1906 1102 1991 1149 est

370 1197 763 1255 illuminatus:
811 1194 1081 1263 illumque
1130 1191 1265 1247 dum
1321 1201 1420 1262 per
1460 1198 1628 1245 totam
1672 1188 1849 1243 defert
1899 1187 1993 1242 illa

372 1290 537 1351 viam,
591 1287 687 1341 Dei
733 1284 1049 1341 confitendo
1104 1283 1456 1349 miraculum,
1499 1296 1851 1353 nequaquam
1894 1295 1992 1334 su-

374 1377 532 1449 perni
565 1375 788 1431 luminis
817 1374 1018 1429 amittit
1050 1374 1143 1428 ille
1172 1370 1529 1437 beneﬁcium,
1573 1371 1754 1426 donec
1774 1368 1994 1424 miriﬁci

375 1467 606 1539 pignora
644 1463 815 1534 patris
848 1464 902 1516 in
931 1462 1187 1518 stationis
1220 1462 1460 1533 prOpriaa
1495 1459 1874 1531 perferrentur
1894 1458 1994 1514 do-

374 1571 544 1621 mum,
601 1554 804 1626 hicquc
855 1570 886 1607 a
925 1552 1183 1623 pontifice
1254 1551 1528 1607 solemnia
1575 1549 1996 1605 celebrarentur

375 1646 686 1699 missarum.
717 1644 867 1699 Tunc
906 1644 1112 1699 femina
1168 1660 1391 1699 cereum
1435 1642 1645 1697 lumine
1669 1641 1993 1715 ﬂagrantem

376 1734 616 1789 mirabili
649 1732 893 1788 basilica
923 1732 1355 1788 traditcustodi:
1383 1731 1477 1803 qui
1497 1731 1568 1785 ob
1596 1745 1852 1801 supernae
1872 1745 1998 1801 gra-

375 1827 463 1883 tia:
496 1827 644 1898 quod
683 1825 992 1899 contigerat
1012 1824 1299 1899 gaudium,
1320 1823 1618 1878 luminaria
1648 1835 1996 1893 quaecunque

2092 750 2275 790 coram
2305 734 2462 789 altari
2495 735 2678 790 ruitin
2709 733 3029 804 pavimento
3063 751 3078 799 ;
3112 734 3302 807 ibique
3316 735 3741 793 miserabiliter

2090 822 2185 878 diu
2216 833 2408 877 vexata
2448 823 2609 891 hujus
2668 822 2900 893 piissimi
2933 822 3299 880 consolatorie
3348 824 3737 882 miseratione

2089 915 2269 988 surgit
2297 914 2591 969 incolumis
2639 913 2854 969 effecta.
2910 914 3041 979 Quae
3082 931 3253 987 super
3300 925 3511 973 eventu
3544 925 3737 973 tantae

2090 1006 2340 1062 consulta
2386 1006 2733 1071 calamitatis,
2784 1023 2980 1063 necem
3027 1024 3086 1063 se
3147 1008 3385 1080 propriae
3418 1010 3739 1066 conﬁtetur

2092 1106 2443 1169 perpetrasse
2480 1099 2693 1154 matris.
2738 1099 3025 1154 Missarum
3054 1100 3306 1173 denique
3363 1103 3739 1158 solemnibus

2094 1206 2156 1245 ex
2191 1204 2345 1244 more
2401 1189 2662 1259 peractis,
2730 1204 2833 1244 sua
2862 1190 3074 1261 quique
3105 1197 3388 1261 repetunt,
3441 1194 3737 1248 reversuri

2095 1285 2309 1333 mature
2340 1276 2394 1331 in
2423 1277 2746 1342 crastinum,
2770 1276 2839 1332 ad
2869 1279 2976 1334 hoe
3007 1278 3193 1335 tutelae
3234 1296 3349 1336 suae
3398 1282 3736 1352 praesidium

2097 1367 2154 1421 in
2184 1367 2462 1421 civitatem
2496 1366 2909 1438 perferendum.
2967 1367 3126 1423 Mane
3150 1369 3262 1440 jam
3296 1369 3458 1438 facto,
3486 1372 3633 1427 dum
3665 1373 3736 1427 ad

2095 1456 2412 1513 condictum
2468 1458 2715 1515 studiose
2769 1459 3143 1527 contenditur,
3194 1462 3435 1518 Erluidis
3461 1465 3738 1535 quaedam

2096 1548 2313 1615 mulier,
2349 1548 2495 1602 haud
2529 1549 2721 1619 procul
2749 1549 2818 1604 ab
2851 1550 2990 1605 urbe
3030 1551 3266 1623 degens,
3297 1552 3366 1607 ad
3399 1560 3573 1609 tanta;
3600 1569 3742 1626 pro-

2097 1638 2366 1694 cessionis
2422 1641 2802 1710 spectaculum
2858 1641 3191 1712 disponebat
3228 1643 3404 1698 exire.
3447 1653 3741 1716 quatenus

2097 1738 2296 1801 optatae
2327 1731 2614 1802 sospitatis
2644 1733 2724 1787 uti
2781 1742 3089 1789 mereretur
3145 1750 3393 1790 munere.
3431 1735 3563 1800 Quae
3599 1738 3738 1807 quia

2094 1822 2207 1890 jam
2238 1839 2339 1892 per
2364 1823 3099 1899 quinquenniumlanguore
3117 1844 3333 1899 pressa,
3367 1837 3589 1900 partem
3610 1845 3741 1885 cor-

374 1932 474 1987 per
503 1914 794 1969 ecclesiam
844 1912 1178 1967 videbantur
1216 1913 1410 1968 ardere
1436 1911 1664 1966 mandat
1691 1908 1991 1982 exstingui,
2027 1916 2074 1983 Β
2100 1914 2251 1984 poris
2280 1914 2528 1970 dextram
2578 1923 2993 1986 praemortuam,
3037 1918 3299 1990 peneque
3345 1920 3614 1995 gestabat
3646 1921 3738 1975 in-

373 2006 696 2077 lumineque
724 2004 993 2059 divinitus
1025 2005 1130 2059 hoc
1159 2004 1285 2058 dato
1318 2020 1508 2058 rursus
1534 2002 1795 2057 accendi:
1827 2001 1996 2070 hujus

376 2112 508 2151 vero
556 2102 768 2166 partem
812 2093 961 2148 cerei
1011 2093 1153 2148 ccelo
1204 2093 1316 2147 dati
1371 2091 1621 2146 miraculi
1657 2089 1908 2145 decernit
1939 2089 1995 2143 in

379 2184 759 2239 testimonium
801 2181 1089 2236 reservari.

453 2275 761 2349 Rotgardus
790 2274 932 2345 [ms.,
953 2272 1257 2347 Totgardis]
1278 2272 1529 2343 quaedam
1546 2270 1751 2325 femina
1773 2271 1843 2325 de
1858 2284 2000 2343 pago

379 2367 660 2434 Castricio,
701 2364 993 2442 gradiendi
1047 2381 1242 2420 carens
1278 2363 1483 2431 ofﬁcio,
1522 2363 1770 2434 pristinae
1800 2361 2003 2435 gaudet

378 2477 503 2516 cum
528 2459 924 2514 incolumitatis
947 2457 1094 2512 dono
1138 2474 1150 2510 :
1181 2463 1239 2511 ut
1271 2471 1393 2528 qua:
1419 2446 1671 2527 plaustro
1691 2454 2001 2509 devehente

378 2552 557 2608 fuerat
577 2551 833 2617 adducta,
853 2549 1097 2623 prOpriis
1129 2548 1484 2619 postmodum
1500 2546 1739 2617 pedibus
1754 2560 2002 2600 remeare

377 2645 586 2699 valeret
633 2643 700 2697 ad
759 2659 877 2696 sua.
940 2642 1213 2696 Praeterea
1253 2638 1452 2694 mulier
1509 2638 1761 2710 quaedam
1814 2652 2000 2691 secum

378 2738 661 2809 parvulam
692 2752 790 2790 sex
821 2750 1089 2789 annorum
1148 2733 1263 2788 fere
1304 2730 1485 2786 defert
1552 2729 1743 2793 ﬁliam,
1777 2728 2001 2784 nomine

378 2825 647 2881 Vulﬁdem
681 2843 693 2879 :
736 2840 859 2896 quae
898 2822 1027 2877 dum
1069 2821 1306 2893 quadam
1335 2822 1424 2875 die
1453 2836 1579 2875 cum
1613 2817 1812 2875 coavis
1837 2816 1997 2872 lude-

376 2926 480 2985 ret,
513 2917 580 2972 ab
633 2916 819 2988 aliqua
865 2920 1186 2970 transeunte
1255 2912 1393 2969 forte
1448 2911 1677 2966 muliere
1741 2924 2002 2981 percussa

378 3004 557 3060 fuerat
586 3004 643 3057 in
701 3003 898 3075 capite.
931 3004 1046 3068 Quo
1101 3002 1216 3058 ictu
1259 3001 1408 3068 laesa,
1466 2998 1543 3054 ita
1591 3007 1650 3053 ut
1688 2998 1809 3067 ejus
1857 3004 2001 3052 retro

375 3097 642 3153 reflexum
673 3096 947 3150 inhaerere
1002 3094 1148 3149 cervi
1180 3092 1461 3149 videretur
1522 3090 1866 3162 occipitium,
1900 3104 2004 3145 nec

376 3188 433 3241 in
464 3186 628 3241 aliam
668 3190 834 3256 caput
865 3182 1138 3238 reclinare
1176 3189 1392 3253 partem
1431 3180 1638 3237 valeret
1674 3198 1686 3245 ;
1719 3178 1830 3236 cibi
1870 3192 2001 3234 vero

2099 2005 2310 2069 utilem,
2336 2005 2461 2059 nisu
2502 2021 2611 2075 quo
2654 2012 2868 2075 poterat
2899 2008 3187 2075 accedere,
3241 2014 3296 2063 et
3322 2008 3390 2063 ad
3421 2009 3736 2067 visendum

2095 2093 2238 2149 sacri
2271 2094 2439 2167 hujus
2470 2096 2720 2152 muneris
2768 2097 3032 2167 loculum,
3064 2115 3190 2154 sese
3235 2100 3459 2157 molitur
3489 2118 3738 2172 promo-

2094 2196 2247 2239 vere.
2275 2185 2522 2258 Cumque
2548 2186 2643 2241 tali
2664 2188 2958 2243 conamine
2996 2190 3113 2258 jam
3142 2190 3257 2246 fere
3302 2191 3548 2247 medium
3596 2210 3739 2265 per-

2103 2282 2350 2349 agrasset
2398 2274 2618 2331 itineris
2669 2277 2835 2345 hujus
2888 2278 3155 2349 spatium,
3198 2296 3310 2336 non
3348 2282 3546 2336 valens
3588 2283 3741 2337 ultra

2104 2367 2430 2438 procedere,
2462 2369 2619 2441 gravi
2652 2369 2864 2425 corruit
2904 2371 3156 2428 confecta
3186 2372 3398 2429 labore.
3429 2372 3741 2432 Meditatur

2104 2460 2327 2515 domum
2360 2460 2560 2528 redire,
2595 2461 2694 2516 sed
2726 2463 2919 2534 nequit
2942 2464 3048 2520 hoc
3087 2465 3365 2522 ullatenus
3395 2466 3735 2538 adimplere.

2103 2549 2229 2615 Quae
2263 2558 2553 2622 postquam
2581 2553 2683 2607 hac
2713 2553 3036 2625 aliquandiu
3067 2565 3272 2611 nutans
3292 2557 3467 2626 jacuit
3502 2557 3741 2614 haesita-

2106 2639 2274 2703 tione,
2301 2641 2523 2696 demum
2577 2650 2860 2713 resumpto
2917 2644 3222 2711 moliminis
3253 2662 3416 2713 ausu,
3450 2654 3641 2702 tentat
3670 2663 3735 2701 an

2103 2733 2282 2787 valeat
2339 2733 2522 2787 adhuc
2575 2733 2981 2804 aliquantulum
3034 2735 3433 2808 propinquare.
3496 2738 3739 2810 Moxque

2103 2820 2291 2875 divina
2329 2821 2629 2875 miserante
2667 2821 2982 2888 clementia,
3002 2823 3159 2898 vigor
3193 2824 3356 2896 aegris
3383 2825 3626 2882 additur
3653 2827 3735 2881 ni-

2103 2909 2257 2965 sibus
2289 2910 2652 2982 ;viribusque
2684 2927 2809 2966 cum
2865 2912 3187 2970 salubritate
3241 2915 3510 2986 receptis,
3554 2916 3736 2973 libera

2106 3001 2377 3057 festinans
2404 3002 2704 3066 celeritate,
2766 3004 3045 3078 nimiaque
3088 3007 3400 3079 tripudians
3424 3007 3736 3075 hilaritate,

2105 3109 2217 3166 quo
2238 3094 2557 3150 decreverat
2580 3105 2790 3171 aegrota
2811 3113 2872 3152 se
2904 3098 3124 3154 trahere
3141 3099 3272 3175 agili
3305 3101 3475 3171 C(Bpit
3509 3101 3736 3158 incessu

2104 3184 2357 3253 gaudens
2373 3201 2773 3256 approperare.
2794 3184 3135 3243 Inﬁrmitatis
3147 3189 3315 3244 etiam
3341 3205 3460 3244 suae
3473 3190 3735 3246 solamen

378 3275 606 3340 nullam,
633 3274 737 3329 nisi
761 3272 1027 3344 liquidam
1055 3287 1278 3327 sumere
1295 3277 1481 3342 posset
1513 3269 2000 3335 sustentationem,
2023 3245 2073 3314 (ἶ
2098 3291 2266 3331 manu
2296 3275 2484 3333 ferens
2500 3278 2785 3347 baculum,
2824 3280 2932 3335 iter
2961 3280 3176 3353 peragit
3204 3281 3572 3350 destinatum,
3624 3298 3737 3339 non

379 3379 503 3435 quin
534 3363 813 3435 integrum
869 3361 972 3417 sub
998 3362 1091 3417 tali
1132 3362 1304 3416 ferme
1371 3360 1563 3415 labore
1615 3359 1846 3414 duxerat
1868 3357 1998 3412 anni

378 3457 735 3513 curriculum.
795 3456 966 3522 Quam
1029 3463 1205 3511 mater
1261 3454 1460 3510 affectu
1501 3452 1743 3526 diligens
1781 3458 1995 3516 tenero,

379 3550 560 3621 deque
604 3549 799 3604 salutis
828 3550 1008 3621 ipsius
1036 3548 1274 3604 sollicita
1319 3545 1765 3619 recuperatione,
1789 3543 2001 3599 studuit

378 3642 598 3713 obviam
619 3641 913 3696 deducere.
960 3641 1208 3713 Dumque
1273 3640 1528 3696 cominus
1565 3638 1637 3694 ob
1670 3636 2000 3693 densitatem

377 3711 748 3785 multitudinis
790 3745 900 3784 non
934 3730 1079 3785 valet
1121 3711 1422 3795 accedere,
1464 3734 1722 3798 procurat
1751 3725 2002 3796 aliquan-

378 3819 549 3874 tulum
581 3819 776 3891 vulgus
827 3819 1179 3873 antecedere.
1214 3817 1333 3873 Mox
1361 3817 1417 3871 in
1450 3816 1541 3870 via
1586 3832 1686 3886 per
1710 3830 1874 3886 quam
1902 3814 2004 3869 iter

377 3916 495 3963 erat
524 3908 824 3983 agendum,
856 3923 981 3962 sese
1012 3916 1371 3979 prosternens
1426 3904 1590 3960 simul
1630 3919 1753 3959 cum
1785 3901 1997 3965 sobole,

378 3999 517 4055 fulta
542 4000 722 4055 valide
763 3998 896 4068 ﬁde,
930 4016 1126 4071 preces
1157 3999 1224 4053 ad
1264 3998 1561 4061 Dominum
1584 3997 1786 4053 devota
1816 3994 2004 4070 dirigit

378 4097 584 4143 mente.
619 4089 862 4144 Necdum
915 4087 985 4143 ab
1013 4088 1266 4144 oratione
1292 4076 1555 4151 ceSsarat,
1597 4094 1653 4143 et
1682 4083 2002 4156 ecceipsius

377 4182 549 4252 cmpit
580 4179 871 4235 vociferari
918 4166 1064 4234 ‘ﬁlia.
1097 4180 1267 4244 Quam
1307 4179 1572 4254 genitrix,
1623 4189 1684 4233 ut
1735 4175 2002 4231 maternis

378 4274 699 4328 consoletur
728 4270 1038 4341 blanditiis,
1083 4286 1337 4343 surgens,
1390 4270 1614 4336 intuita,
1656 4277 1823 4339 caput
1884 4267 2005 4335 ejus

379 4365 446 4419 ab
480 4364 779 4419 inflexione
810 4362 961 4419 videt
990 4364 1059 4417 ad
1101 4362 1381 4434 propriam
1414 4359 1764 4417 rectitudinis
1795 4358 2000 4414 lineam

379 4474 677 4513 remeasse.
712 4457 864 4512 Tunc
911 4457 1079 4512 nimia
1120 4455 1396 4511 hilaritate
1448 4454 1681 4526 repleta,
1722 4452 1902 4507 sedet
1932 4451 2000 4506 de

378 4546 550 4617 prolis
580 4547 816 4601 sanitate
848 4544 1081 4612 confisa,
1132 4545 1476 4618 perlustrans
1503 4542 1752 4601 vulneris
1793 4541 1999 4607 locum,

2098 3376 2158 3421 ut
2185 3366 2306 3435 ejus
2324 3367 2562 3439 amplius
2591 3376 2780 3441 egeret
2807 3369 3033 3434 auxilio,
3084 3369 3185 3425 sed
3215 3377 3277 3426 ut
3310 3370 3365 3425 in
3385 3372 3557 3440 hujus
3588 3372 3736 3427 datm

2099 3458 2208 3513 sibi
2228 3457 2487 3513 sanitatis
2512 3457 2834 3514 ostenderet
2870 3459 3211 3516 testimonio.
3264 3460 3731 3535 Perveniensque

2102 3566 2211 3623 quo
2241 3551 2669 3619 desideraverat,
2718 3551 3077 3608 laudabunda
3099 3552 3328 3609 devotas
3354 3552 3736 3610 interventori

2101 3657 2203 3696 suo
2261 3641 2519 3713 rependit
2547 3641 2753 3716 gratias
2798 3641 3044 3714 :hicque
3105 3641 3379 3713 perlatum
3440 3641 3738 3699 dimittens

2103 3729 2386 3797 bacillum,
2418 3730 2614 3801 priscae
2653 3731 2983 3787 calamitatis
3039 3747 3155 3788 suae
3204 3730 3487 3796 solatium,
3534 3732 3737 3789 alacris

2098 3819 2236 3889 jam,
2261 3835 2366 3874 nec
2389 3818 2512 3889 opis
2555 3818 2720 3888 hujus
2750 3820 3005 3893 indigna,
3045 3820 3248 3891 repetit
3278 3820 3385 3878 iter
3412 3835 3732 3888 emensum,

2105 3914 2357 3970 referens
2379 3912 2503 3967 beta
2544 3914 2843 3984 quaesitum
2873 3914 3077 3972 divine
3097 3913 3500 3972 consolationis
3521 3914 3732 3971 suifra-

2103 4004 2281 4080 gium.

2172 4093 2486 4151 Adveniens
2519 4094 2789 4166 pontifex,
2840 4095 2974 4152 cieri
3025 4095 3732 4171 magnatumquestipatus

2104 4185 2347 4260 agmine,
2395 4186 2615 4241 victima
2643 4187 2840 4243 salutis
2860 4188 3066 4255 oblata,
3117 4187 3363 4243 vestibus
3395 4186 3542 4242 albis
3566 4188 3733 4243 indu-

2105 4287 2217 4346 tus,
2250 4295 2375 4335 cum
2403 4279 2589 4334 choris
2617 4280 2972 4350 psallentium
3002 4279 3379 4355 gratissimum
3406 4279 3640 4335 deducit
3662 4280 3730 4334 ad

2104 4371 2305 4427 moenia
2341 4372 2579 4428 civitatis
2634 4374 2975 4430 thesaurum.
3019 4372 3132 4428 Illis
3176 4380 3364 4428 autem
3395 4370 3637 4427 feliciter
3666 4387 3730 4427 eo

2105 4461 2610 4533 progredientibus,
2646 4468 2701 4517 et
2748 4447 3128 4536 gratanter‘ad
3169 4460 3508 4516 destinatum
3550 4460 3727 4515 locum

2105 4550 2481 4617 tendentibus,
2513 4550 2870 4621 omnipotens
2918 4551 3063 4606 Deus
3117 4550 3173 4605 in
3208 4550 3375 4620 hujus
3419 4547 3728 4605 cbarissimi

377 4639 558 4694 cernit
586 4639 858 4711 sanguine
878 4639 1185 4706 madidum,
1202 4654 1514 4710 nervosque
1548 4637 1646 4693 diu
1663 4643 1996 4702 contractos,
2024 4623 2080 4691 D
2103 4643 2188 4699 sui
2219 4643 2620 4719 gloriﬁcatione
2652 4643 2862 4701 fontem
2883 4659 2996 4701 suae
3021 4642 3384 4716 benignitatis
3411 4657 3476 4698 ac
3505 4641 3728 4714 largita-

378 4747 442 4786 ac
471 4731 515 4784 si
548 4730 712 4785 funes
742 4732 983 4799 extendi,
1046 4732 1365 4802 productos.
1401 4730 1491 4785 Sic
1529 4735 1757 4801 accepta
1782 4727 2005 4783 miseri-

376 4823 581 4878 cordiae
610 4840 776 4895 quam
825 4824 1121 4896 quaesierat
1150 4823 1570 4888 benedictione,
1604 4823 1830 4880 domum
1878 4821 2004 4877 laeta

380 4931 504 4971 cum
529 4915 833 4986 gratiarum
865 4915 1162 4972 revertitur
1190 4917 1427 4973 actione.

452 5007 561 5063 Hac
588 5007 759 5077 igitur
783 5007 1054 5082 dignitate
1073 5005 1504 5074 clariﬁcationis,
1531 5013 1586 5061 et
1609 5022 1791 5062 rerum
1814 5013 2004 5080 gesta-

379 5115 501 5154 rum
534 5099 901 5155 admiratione
958 5099 1158 5156 cohors
1189 5099 1414 5172 stipata,
1462 5106 1707 5168 votoque
1753 5096 2003 5168 gratula-

380 5186 549 5242 tionis
577 5195 856 5259 arreptum
888 5196 1002 5245 toto
1052 5188 1287 5245 fervoris
1327 5189 1432 5242 iter
1463 5187 1684 5250 annisu,
1716 5202 1838 5242 cum
1867 5202 2003 5242 can-

382 5277 879 5351 ticis,hymnisque
920 5297 1249 5353 percurrere
1288 5280 1600 5353 satagebat.
1636 5279 2002 5336 Praecesserat

381 5365 644 5435 equidem
702 5369 924 5438 praesul,
979 5370 1078 5425 sed
1136 5386 1391 5427 reversus
1417 5369 1550 5427 cleri
1602 5368 2002 5426 comitantibus

380 5452 568 5508 choris
599 5455 1063 5526 pretiosissimum
1089 5460 1328 5530 prOpriis
1346 5459 1670 5516 thesaurum
1694 5457 1866 5515 sumit
1896 5458 2002 5514 hu-

383 5540 550 5595 meris
583 5559 596 5595 :
636 5549 690 5598 et
710 5542 789 5599 sic
815 5546 882 5599 ad
914 5546 1091 5617 ipsius
1122 5549 1402 5619 propriam
1432 5548 1743 5605 beatissimi
1771 5547 1996 5605 domum

383 5629 578 5698 patris,
610 5647 735 5686 cum
781 5647 981 5707 magna
1018 5635 1225 5707 p‘erfert
1279 5637 1454 5714 gloria
1488 5637 1862 5708 jubilationis.
1907 5638 1999 5693 Ast

381 5716 475 5771 ubi
491 5718 813 5791 pervenitur
859 5720 914 5775 in
977 5723 1292 5793 ecclesiam,
1346 5743 1469 5799 quae
1515 5734 1833 5798 competere
1882 5726 2005 5781 visa

379 5820 513 5867 sunt
538 5814 639 5870 rite
670 5811 977 5885 dispositis,
1024 5812 1285 5872 inchoata
1330 5818 1443 5887 jam
1475 5818 1712 5875 victimae
1734 5818 2003 5890 spiritalis

2105 4734 2175 4790 tis
2191 4734 2415 4791 abunde
2446 4742 2530 4793 est
2559 4736 2818 4809 dignatus
2840 4735 3149 4803 effundere,
3166 4744 3226 4791 ut
3253 4734 3341 4791 vix
3372 4734 3566 4807 lingua
3584 4749 3729 4805 quae-

2105 4826 2410 4884 libeteﬁari
2431 4828 2629 4896 valeat,
2660 4844 2785 4900 quae
2800 4829 2907 4884 hoc
2940 4827 3286 4884 tuncitinere
3315 4841 3415 4897 per
3446 4825 3564 4897 ipsa
3590 4842 3727 4897 pene

2104 4926 2493 4973 momentanea
2535 4924 2691 4989 gesta
2738 4917 3046 4987 probantur
3101 4906 3359 4972 horarum
3412 4915 3723 4972 interstitia.

2105 5006 2236 5061 Nam
2269 5014 2480 5061 tantam
2508 5006 2772 5062 Dominus
2825 5005 2913 5062 hic
2961 5013 3224 5077 operatus
3276 5014 3364 5060 est
3385 5004 3490 5061 hac
3506 5004 3594 5059 die
3622 5004 3723 5059 mi-

2106 5095 2421 5152 raculorum
2470 5093 2930 5170 magnitudinem,
2989 5103 3049 5151 ut
3077 5094 3180 5151 viri
3221 5100 3485 5166 quatuor,
3510 5091 3723 5149 femina:

2103 5201 2232 5240 vero
2264 5201 2487 5252 novem,
2520 5185 2699 5241 visum
2730 5203 2743 5250 ;
2777 5184 2879 5240 viri
2906 5199 3131 5256 quoque
3163 5183 3541 5256 duogressum
3583 5183 3721 5237 reci-

2106 5293 2236 5348 pere
2267 5287 2636 5333 mererentur.
2673 5276 2807 5333 Cum
2855 5276 3019 5346 hujus
3070 5277 3260 5347 itaque
3290 5272 3568 5345 praeclara:
3595 5290 3717 5348 gra-

2107 5366 2391 5422 tulationis
2444 5366 2833 5436 admiratione,
2881 5365 2936 5419 in
2976 5365 3257 5421 civitatem
3314 5363 3385 5418 ad
3436 5362 3718 5419 ecclesiam

2104 5459 2202 5513 Dei
2227 5457 2536 5525 Genitricis,
2570 5457 2941 5529 prOSperrima
2971 5456 3291 5528 pervenitur
3330 5454 3717 5511 exsultatione.

2102 5548 2297 5619 Sicque
2325 5548 2549 5603 lucerna
2584 5548 2701 5604 haec
2727 5548 2920 5603 lucens
2966 5556 3022 5603 et
3050 5547 3253 5602 ardens
3281 5544 3637 5609 aeternaliter,
3662 5544 3716 5598 in

2100 5641 2290 5696 altaris
2316 5641 2528 5696 sistitur
2574 5641 2875 5712 crepidine.
2910 5641 3046 5696 Dum
3094 5638 3299 5710 priesul
3341 5638 3509 5712 igitur
3541 5636 3607 5691 ad
3635 5652 3717 5691 sa-

2103 5729 2372 5784 crandum
2399 5727 2600 5785 viviﬁci
2643 5745 2849 5785 munus
2894 5729 3110 5786 accedit
3146 5727 3413 5800 mysterii,
3468 5726 3593 5797 quis
3617 5735 3715 5780 tam

2106 5821 2343 5877 ferreum
2385 5831 2599 5893 pectus,
2625 5830 2735 5878 tam
2793 5822 3076 5893 lapideum
3103 5837 3198 5878 cor
3235 5819 3435 5893 gessit,
3475 5818 3573 5890 qui
3613 5833 3714 5875 non
