3884 6432
92 472 151 526 81
766 463 1091 520 ΗΙΞΤΟΡιΙίΕ
1130 460 1474 518 ECCLESIE
1512 460 1723 516 REMEI‘

1899 461 2060 517 LIBRI
2101 461 2428 525 QUATUOR.
2455 494 2526 502 —
2567 463 2689 519 LIB.
2734 467 2773 519 Ι.
3379 469 3449 524 ΒΞ

91 596 336 670 gemitus
358 593 574 659 ederet,
601 599 799 663 pectus
828 589 1108 656 tunderet,
1140 586 1413 659 lacrymas
1437 585 1717 652 funderet,
1752 591 1801 658 Α
1829 593 2026 658 petunt
2051 586 2319 650 ecclesiae,
2352 588 2544 643 videre
2565 589 2857 659 cupientes
2887 591 3163 664 magnalia
3184 591 3308 646 Dei.
3347 592 3450 647 Vi-

94 686 221 740 dum
261 694 375 739 tam
425 681 706 754 stupenda
753 679 1068 736 divinorum
1124 678 1273 734 dona
1325 676 1718 733 charismatum

92 777 449 848 conSpiceret
469 774 497 828 ?
516 774 648 840 Quis
665 772 876 829 etenim
903 777 1072 843 queat
1092 785 1425 825 enumerare
1452 768 1719 824 mirorum

93 870 311 940 copiam
329 867 552 924 caelitus
581 865 674 920 hic
695 880 761 919 ea
798 864 889 918 die
921 862 1206 934 profusam
1241 860 1269 912 ‘I
1298 861 1473 915 Nemo
1505 876 1719 926 revera,

94 957 188 1030 qui
219 957 519 1028 praevaleat
556 953 824 1025 expedire
878 967 1141 1008 sermone
1195 958 1331 1023 quot
1383 957 1721 1025 aegrotantes

95 1046 291 1109 sanati,
326 1052 466 1117 quot
493 1038 811 1098 titubantes
840 1041 1033 1108 erecti,
1059 1046 1197 1112 quot
1225 1040 1346 1111 ipsa
1370 1039 1461 1094 die
1487 1039 1724 1094 diversis

94 1138 182 1193 hic
198 1147 333 1193 sunt
361 1135 618 1193 cladibus
648 1135 913 1191 absoluti.

163 1228 296 1283 Post
326 1228 547 1298 expleta
598 1225 961 1296 mysticorum
1012 1219 1367 1277 discedentes
1395 1234 1571 1285 sacra,
1605 1236 1726 1275 ma-

97 1321 356 1376 turabant
387 1321 597 1391 quique
646 1324 900 1389 repetere
930 1332 1050 1371 sua.
1085 1314 1193 1369 Sed
1238 1313 1387 1368 inter
1415 1311 1727 1368 absceden-

95 1412 223 1465 dum
264 1411 452 1465 minax
493 1408 626 1465 oriri
686 1405 977 1472 territatio,
1025 1404 1206 1461 nubes
1246 1404 1540 1459 teterrimae
1564 1404 1725 1458 terri-

95 1504 349 1574 bilesque
377 1515 737 1574 consurgere,
755 1498 1071 1555 truculenta
1090 1497 1280 1568 polum
1307 1495 1546 1568 caligine
1568 1496 1719 1550 elau-

94 1593 247 1657 dere,
263 1591 471 1646 micare
494 1588 732 1662 fulgura,
753 1602 1090 1657 concrepare
1104 1585 1369 1650 tonitrua,
1392 1584 1720 1659 grandoque

92 1680 271 1736 solum
304 1679 605 1734 verberare
664 1678 835 1748 empit
887 1691 1007 1756 non
1056 1675 1306 1730 minima.
1363 1674 1480 1739 Quo
1511 1681 1723 1730 terrore

96 1772 334 1845 perculsi
395 1771 617 1826 rediere
653 1768 901 1841 plurimi,
961 1767 1310 1822 clementiam
1360 1767 1725 1837 deprecantes

92 1865 387 1932 Altissimi,
420 1871 696 1935 quatenus
724 1860 1304 1931 hujusintercessione
1318 1859 1492 1931 patris
1511 1859 1723 1914 beatis-

1820 684 2038 746 dentes,
2098 684 2159 733 ut
2201 679 2515 745 audierant,
2573 680 2886 736 divinarum
2940 682 3099 755 signa
3159 684 3445 751 virtutum,

1820 772 2084 829 manibus
2112 779 2392 844 gratanter
2440 771 2495 825 in
2528 773 2727 827 cmlum
2779 775 3072 844 porrectis,
3104 775 3451 831 benedicunt

1822 863 2137 920 Dominum.
2166 861 2321 926 Quod
2335 860 2538 915 divinae
2555 861 2920 935 benignitatis
2943 863 3269 919 miraculum
3288 865 3449 920 valde

1824 964 1955 1008 tunc
1976 950 2253 1023 profuisse
2309 950 2655 1022 dignoscitur
2702 951 2770 1005 ad
2802 967 2993 1006 eorum
3026 954 3309 1018 solatium,
3352 955 3446 1025 qui

1823 1059 1883 1097 se
1915 1040 2281 1111 corporaliter
2310 1039 2493 1094 deseri
2536 1048 2689 1096 tanto
2740 1041 3124 1112 querebantur
3181 1053 3442 1113 patrono.

1825 1130 2039 1196 Quibus
2069 1139 2253 1183 tamen
2286 1129 2614 1199 spiritaliter
2640 1146 2698 1185 se
2728 1146 2838 1186 non
2868 1131 3182 1191 deessetali
3218 1138 3445 1202 patratae

1829 1222 2054 1294 pietatis
2067 1220 2371 1276 declaravit
2399 1220 2625 1276 indicio.

1898 1314 1959 1368 In
1993 1313 2230 1368 ecclesia
2261 1328 2487 1384 quoque
2516 1312 2695 1368 beatae
2721 1314 2816 1368 Dei
2836 1313 3451 1382 Genitricis,ubivene-

1824 1408 2003 1464 rabile
2035 1408 2208 1480 patris
2267 1408 2433 1477 hujus
2476 1408 2803 1463 servabatur
2825 1408 3044 1482 pignus,
3085 1408 3449 1464 nonnullidi-

1824 1501 1997 1555 versis
2027 1500 2218 1573 a:groti
2251 1507 2381 1554 sunt
2419 1498 2643 1554 interim
2683 1499 2857 1554 curati
2896 1499 3278 1571 languoribus.
3314 1498 3446 1554 Nam

1823 1593 2046 1664 quidam
2079 1593 2304 1647 nomine
2354 1591 2558 1647 Natalis
2589 1593 2657 1647 de
2688 1590 3253 1661 Burdenaeo,mulier
3283 1592 3447 1647 etiam

1824 1685 2076 1757 quaedam
2101 1686 2249 1741 dicta
2279 1686 2612 1759 Teutberga,
2630 1686 2762 1740 item
2789 1684 2994 1740 mulier
3022 1685 3195 1740 altera
3224 1686 3450 1740 nomine

1828 1775 2160 1837 Gonthildis,
2206 1775 2370 1844 hujus
2428 1774 2740 1846 patrocinio
2772 1774 2945 1845 patris
2982 1773 3162 1828 visum
3192 1774 3444 1845 recipere

1826 1873 2175 1918 meruerunt.
2208 1864 2326 1919 Alia
2347 1863 2601 1934 quaedam
2634 1878 2857 1934 quoque
2886 1862 3087 1916 mulier
3107 1862 3276 1918 unius
3301 1862 3447 1918 oculi

92 1958 213 2012 simi
245 1964 602 2012 mererentur
631 1954 699 2010 ab
736 1953 824 2009 bis
846 1952 1271 2008 imminentibus
1300 1951 1564 2023 periculis
1580 1952 1717 2007 erui.
1752 1959 1801 2027 Β
1821 1958 2000 2013 visum
2022 1957 2077 2011 in
2091 1957 2285 2012 eadem
2309 1958 2475 2011 domo
2507 1955 2861 2027 recuperavit
2882 1955 3167 2011 amissum.
3192 1956 3449 2020 Quaedam

93 2047 297 2102 Mirum
336 2046 392 2100 in
434 2046 661 2100 modum
698 2044 1073 2115 perturbatio,
1104 2058 1228 2114 quae
1248 2050 1514 2098 terrorem
1539 2043 1724 2097 incus-

90 2144 255 2202 serat,
292 2132 596 2200 immutari,
631 2132 861 2188 nubium
892 2146 1172 2187 rarescere
1219 2131 1279 2202 [ε.
1318 2133 1357 2185 i.
1392 2116 1716 2201 clar'escere]

92 2225 487 2287 tenebrositas,
559 2238 777 2278 cessare
852 2221 1093 2297 fulgura,
1152 2220 1395 2296 mitigari
1455 2220 1717 2288 tonitrua,

91 2324 409 2387 cunctaque
433 2314 615 2370 sedari
638 2314 807 2385 coepit
826 2330 892 2369 ac
930 2311 1185 2383 dissipari
1211 2316 1530 2381 tempestas,
1566 2321 1625 2364 et
1652 2325 1718 2364 ex

91 2408 224 2462 truci
280 2422 552 2462 conversa
603 2407 663 2461 in
702 2405 1078 2477 exoptabilem
1128 2405 1371 2476 pluviam
1419 2403 1715 2477 grandine,

88 2495 307 2550 telluris
351 2493 593 2549 ubertim
624 2492 970 2566 superﬁcies,
1004 2510 1128 2566 quae
1174 2493 1348 2549 nimio
1378 2494 1511 2549 solis
1527 2502 1720 2548 exusta

88 2586 342 2641 fervebat
373 2586 594 2653 ardore,
626 2587 850 2657 perfusa
875 2587 1126 2661 secundo
1157 2585 1459 2640 salubriter
1506 2584 1723 2640 refove-

91 2677 451 2731 turhumore.
500 2676 704 2747 Sicque
746 2675 1036 2731 manifeste
1099 2675 1354 2749 dignosci
1384 2675 1545 2729 datur
1576 2674 1723 2728 indi-

88 2767 378 2839 gnationis
419 2767 488 2822 ad
513 2768 706 2823 horam
759 2768 1039 2824 concitata
1064 2766 1360 2838 permotio,
1395 2767 1587 2822 salutis
1616 2767 1723 2821 im-

89 2865 303 2913 mutata
346 2856 623 2912 subsidio.
657 2857 907 2930 Denique
936 2855 1327 2929 benignissimi
1357 2857 1527 2927 patris
1556 2856 1721 2925 hujus

88 2949 292 3005 solatio
340 2949 513 3004 totius
573 2949 709 3004 dirae
757 2949 933 3020 pestis
987 2949 1191 3004 nostris
1244 2949 1468 3004 videtur
1511 2948 1719 3005 finibus

86 3041 380 3097 eliminata
408 3041 712 3114 corruptio.
760 3041 1007 3097 Salubris
1044 3057 1158 3107 aer,
1188 3041 1375 3113 pluvia
1420 3042 1548 3098 data
1581 3058 1718 3099 con-

86 3148 315 3203 gruens,
340 3132 511 3187 timor
539 3132 706 3187 etiam
735 3132 831 3204 qui
862 3148 1098 3208 regnum
1131 3138 1447 3203 pervaserat
1478 3131 1715 3201 hostilis,

90 3225 140 3278 in
162 3240 322 3295 spem
368 3224 637 3295 paulatim
674 3225 990 3282 securitatis
1033 3225 1429 3298 tranquillitate
1486 3226 1721 3282 vertitur

89 3316 257 3385 pacis.

157 3408 267 3464 Hac
287 3408 493 3462 eadem
544 3407 770 3480 praefata
814 3409 1029 3465 scilicet
1058 3409 1321 3466 illationis
1342 3411 1483 3465 sacri
1520 3426 1721 3482 corpo-

89 3512 143 3550 rc
174 3497 231 3550 in
263 3496 468 3552 urbem
520 3496 635 3564 die,
686 3497 864 3574 tingui
924 3498 1137 3553 fervida
1162 3500 1278 3566 jam
1310 3499 1446 3555 solis
1502 3499 1720 3555 Oceano

86 3592 200 3640 rota
230 3592 486 3657 petente,
519 3584 767 3657 quidam,
799 3586 1027 3643 Nivolus
1068 3587 1312 3656 nomine,
1337 3588 1406 3643 de
1437 3588 1569 3643 villa
1596 3604 1719 3660 quae

85 3687 314 3732 vocatur
347 3676 662 3742 Dominica,
721 3677 1018 3734 Remorum
1058 3680 1263 3734 montis
1288 3679 1345 3734 in
1396 3681 1566 3734 latere
1593 3679 1717 3745 sita,

86 3767 289 3822 surdus
318 3773 380 3821 et
399 3773 611 3836 mutus,
629 3766 893 3822 manibus
948 3784 1171 3840 quoque
1198 3784 1297 3839 per
1325 3784 1501 3825 annos
1520 3784 1717 3823 novem

86 3854 290 3909 debilis
322 3870 392 3910 ac
452 3855 711 3925 pedibus,
765 3857 1147 3928 qualicunque
1193 3857 1363 3914 valuit
1412 3874 1510 3929 per
1550 3865 1716 3912 totam

87 3943 230 3999 diem
261 3945 586 4012 conamine,
619 3947 688 4002 ab
720 3948 901 4020 ipsius
929 3950 1211 4022 surgentis
1251 3966 1465 4005 aurorae
1489 3948 1720 4012 lumine,

89 4053 185 4105 per
214 4038 479 4109 quinque
527 4037 699 4095 ferme
753 4057 1016 4112 passuum
1049 4058 1252 4113 repens
1310 4042 1502 4108 millia,
1533 4041 1623 4096 vix
1653 4040 1722 4095 ad

88 4125 264 4196 ipsius
284 4127 431 4183 aedis
450 4128 692 4199 sepulcri
713 4130 922 4197 limina,
956 4148 1065 4204 qua
1097 4131 1314 4187 decima
1338 4132 1559 4187 tandem
1595 4147 1723 4201 per-

86 4220 237 4274 venit
266 4221 432 4275 hora.
477 4220 577 4285 Qui
605 4221 734 4277 dum
760 4223 1011 4284 veniens,
1039 4240 1254 4280 sacrum
1279 4241 1481 4295 corpus
1514 4223 1721 4278 ibidem

89 4328 196 4367 non
227 4313 440 4369 adesse
469 4316 853 4387 comperisset,
912 4317 1217 4389 templique
1249 4315 1397 4372 fores
1422 4315 1563 4370 seris
1586 4312 1720 4367 dili-

89 4414 292 4472 genter
322 4403 640 4460 obﬁrmatis
658 4406 875 4462 clausas
897 4407 1252 4478 perspiceret,
1283 4407 1493 4462 cadens
1536 4405 1591 4458 in
1633 4404 1720 4459 fa-

90 4493 232 4549 ciem
255 4512 439 4568 super
492 4502 717 4563 terram,
748 4496 987 4568 quadam
1039 4495 1490 4569 praesumptionis
1510 4496 1723 4566 impor-

88 4590 349 4657 tunitate,
380 4591 692 4648 sanctitatis
705 4607 872 4647 aures
911 4589 1260 4647 clandestino
1289 4591 1460 4662 erepit
1485 4591 1723 4646 clamore

1825 2054 2093 2117 praeterea
2134 2045 2338 2115 puella,
2370 2044 2704 2119 cognomine
2734 2044 3042 2120 Flotgildis,
3073 2061 3137 2100 ex
3168 2045 3297 2099 villa
3324 2062 3449 2116 quae

1823 2145 2051 2190 vocatur
2077 2134 2329 2189 Cancella
2355 2149 2516 2188 secus
2538 2133 2756 2188 Libram
2782 2134 3018 2188 rivulum
3047 2132 3172 2196 sita,
3216 2144 3454 2204 quatuor

1823 2222 2045 2277 circiter
2087 2223 2267 2277 aetatis
2315 2239 2490 2278 annos
2553 2239 2776 2296 gerens,
2813 2223 3139 2277 lubricando
3172 2224 3450 2293 prolapsa,

1821 2319 2115 2383 utrumque
2157 2300 2265 2366 sibi
2306 2329 2453 2386 genu
2481 2312 2867 2368 debilitaverat
2903 2331 2915 2366 :
2953 2313 3028 2366 ita
3057 2312 3254 2367 clauda
3284 2312 3445 2380 facta,

1820 2407 1881 2455 ut
1907 2400 2135 2456 omnino
2166 2417 2269 2456 nec
2326 2416 2577 2474 gressum
2606 2399 2798 2476 ﬁgere,
2841 2417 2945 2456 nec
2974 2401 3213 2472 pedibus
3243 2403 3450 2456 valeret

1822 2492 2100 2548 insistere.
2132 2494 2303 2559 Quam
2323 2502 2583 2566 parentes
2604 2494 2749 2563 ejus,
2775 2493 3026 2565 quamvis
3049 2508 3346 2564 pauperes,
3376 2493 3445 2547 de

1823 2586 2089 2656 sospitate
2116 2594 2300 2642 tamen
2334 2587 2511 2657 ipsius
2541 2586 2784 2653 solliciti,
2831 2602 2928 2656 per
2950 2587 3198 2641 diversas
3227 2586 3447 2640 deferre

1824 2688 2139 2735 sanctorum
2172 2688 2504 2736 curaverunt
2558 2679 2842 2734 ecclesias.
2894 2680 2989 2734 Ast
3040 2679 3135 2733 ubi
3190 2680 3301 2749 jam
3347 2695 3448 2749 per

1823 2777 2145 2832 duodenum
2201 2773 2318 2830 fere
2379 2789 2651 2829 annorum
2704 2774 2942 2843 spatium
3000 2773 3094 2828 tali
3159 2781 3450 2827 vexaretur

1823 2865 2106 2939 languoris
2132 2860 2452 2926 acerbitate,
2514 2878 2618 2917 nec
2675 2862 2984 2916 remedium
3028 2869 3214 2933 posset
3247 2861 3454 2917 doloris

1821 2955 2074 3009 invenire
2105 2973 2121 3019 ;
2164 2951 2515 3024 comperiens
2580 2952 2652 3007 de
2706 2951 2976 3007 relatione
3004 2951 3145 3006 sacri
3177 2950 3446 3020 corporis,

1818 3062 2165 3118 operumque
2195 3045 2495 3111 miraculis,
2525 3060 2635 3115 quo
2652 3043 2826 3099 valuit
2852 3044 2998 3109 nisu,
3035 3059 3230 3113 repere
3257 3042 3449 3113 erepit,

1820 3155 1922 3195 nec
1949 3156 2008 3194 se
2037 3147 2301 3209 carpento
2334 3136 2604 3207 permittit
2634 3135 2867 3206 imponi,
2903 3134 3002 3189 sed
3060 3141 3260 3198 tractu,
3284 3142 3451 3204 prout

1821 3233 1985 3297 valet,
2021 3230 2155 3285 illud
2185 3246 2349 3304 agere
2383 3228 2548 3303 gestit
2579 3228 2702 3283 iter.
2760 3227 2838 3281 Ad
2872 3227 3137 3297 templum
3169 3241 3299 3281 vero
3328 3241 3454 3296 per-

1821 3322 2073 3386 veniens,
2129 3316 2239 3390 quo
2316 3318 2627 3389 pretiosum
2686 3316 2881 3372 salutis
2933 3316 3187 3371 audierat
3250 3332 3453 3371 munus

1824 3412 2028 3477 inesse,
2060 3408 2198 3464 fusis
2226 3407 2446 3464 Domini
2462 3405 2816 3461 clementiam
2838 3405 2983 3462 votis
3007 3422 3109 3477 pro
3132 3406 3219 3461 sui
3236 3405 3449 3480 flagitat

1823 3502 2178 3558 liberatione.
2214 3501 2321 3555 Sed
2344 3508 2399 3554 et
2426 3498 2670 3570 propriis
2708 3497 2883 3554 fertur
2914 3498 3233 3569 pavimenta
3263 3499 3448 3568 lacry-

1823 3595 1927 3649 mis
1956 3595 2327 3654 humectasse,
2380 3590 2511 3654 Quae
2566 3598 2861 3660 postquam
2918 3606 3020 3660 per
3062 3598 3179 3646 tres
3229 3591 3303 3645 ita
3328 3591 3452 3647 dies

1820 3685 2048 3759 egisset,
2109 3683 2241 3737 dum
2302 3682 2486 3735 denuo
2532 3677 2797 3749 precibus
2839 3677 3208 3745 incumberet,
3263 3679 3451 3734 divina

1818 3774 1928 3829 sibi
1957 3772 2135 3846 gratia
2164 3769 2616 3842 superveniente,
2666 3768 2776 3823 vim
2823 3767 3118 3823 medicinae
3148 3769 3240 3823 vix
3262 3769 3454 3824 valens

1823 3866 1967 3921 ferre
2001 3864 2219 3937 magnis
2277 3862 2447 3933 erepit
2500 3860 2730 3916 vocibus
2783 3867 3055 3931 strepere,
3098 3869 3153 3915 et
3204 3860 3445 3929 ejulatus

1823 3955 2053 4010 acerbos
2114 3952 2282 4007 edere
2351 3950 2554 4021 Sicque
2606 3950 2770 4006 nodis
2815 3966 3110 4005 nervorum
3168 3951 3451 4019 resolutis,

1825 4045 2091 4108 omnique
2119 4044 2396 4116 poplitum
2427 4043 2808 4099 contractione
2823 4042 3085 4108 relaxata,
3117 4041 3283 4096 unius
3302 4041 3452 4097 horae

1824 4136 1994 4189 ferme
2024 4133 2227 4205 spatio,
2258 4132 2473 4189 viribus
2503 4132 2790 4198 exhausta,
2814 4129 2990 4199 jacuit
3016 4129 3175 4201 quasi
3201 4137 3450 4185 mortua.

1822 4224 1927 4278 Sed
1959 4223 2054 4294 qui
2084 4222 2318 4278 contulit
2359 4220 2728 4277 absolutionis
2762 4236 2948 4292 opem,
2985 4218 3203 4275 roboris
3230 4218 3449 4273 addidit

1823 4325 2049 4389 quoque
2102 4316 2369 4388 vigorem.
2410 4313 2642 4385 Moxque
2708 4328 2805 4368 ceu
2850 4311 2920 4367 de
2968 4312 3120 4386 gravi
3167 4311 3448 4383 evigilans

1826 4424 2044 4479 somno,
2073 4408 2172 4463 ubi
2223 4423 2527 4479 supernum
2555 4406 2664 4461 sibi
2694 4406 2866 4461 sentit
2904 4404 3201 4461 obvenisse
3228 4402 3451 4459 beneﬁ-

1825 4502 1997 4567 cium,
2030 4500 2284 4576 pignoris
2312 4500 2442 4554 almi
2473 4500 2614 4571 petit
2638 4498 2908 4563 ioculum,
2942 4497 3101 4567 cujus
3125 4498 3304 4571 gratia
3343 4497 3452 4551 sibi

1824 4593 2123 4667 contigisse
2144 4608 2255 4648 non
2305 4592 2601 4647 haesitabat
2649 4589 3453 4663 remedium.Dehincgratias

92 4683 342 4752 pulsare,
370 4689 481 4737 tam
506 4696 708 4754 magno
737 4698 798 4737 se
828 4696 1180 4753 conquerens
1207 4675 1395 4737 labore
1412 4680 1724 4753 fatigatum,
1755 4668 1806 4734 D
1832 4687 1924 4741 hic
1950 4702 2143 4761 agens,
2164 4685 2491 4756 ibidemque
2518 4684 2720 4756 degere
2746 4680 2997 4757 gratiﬁca
3030 4683 3364 4750 decernens,
3399 4689 3454 4736 et

92 4789 195 4827 nec
224 4772 340 4827 sibi
372 4770 494 4826 fore
524 4770 862 4842 permissum
883 4770 1077 4827 videre
1101 4771 1298 4826 saltem
1319 4771 1560 4826 loculum
1585 4771 1726 4826 sacri

94 4865 354 4941 pignoris
387 4863 661 4932 bajulum,
693 4864 788 4936 qui
810 4875 992 4921 tamen
1044 4865 1164 4935 ejus
1189 4865 1298 4920 sibi
1332 4880 1494 4936 posse
1523 4864 1727 4920 subve—

94 4960 211 5013 nire
232 4958 459 5014 celsum
489 4972 843 5030 nequaquam
889 4956 1168 5013 difﬁderet
1209 4957 1550 5029 praesidium.
1581 4958 1729 5013 Talia

94 5046 347 5120 denique
396 5045 533 5101 dum
602 5046 768 5101 tacita
810 5063 1003 5102 secum
1052 5046 1281 5103 volutat.
1319 5056 1502 5103 mente
1535 5049 1730 5103 salutis

94 5138 252 5212 vigor
282 5134 473 5209 ipsius
502 5152 604 5206 per
634 5135 883 5192 membra
908 5153 1144 5209 quaeque
1168 5137 1375 5192 sensim
1396 5138 1564 5208 coepit
1587 5138 1727 5193 irre-

95 5246 249 5302 pere,
291 5228 625 5302 priseasque
643 5228 811 5285 simul
841 5238 1027 5302 stupet
1048 5232 1295 5287 omnium
1335 5248 1394 5287 se
1422 5233 1568 5289 vires
1599 5250 1732 5287 sen-

94 5338 256 5376 suum
286 5335 650 5390 recuperare.
687 5319 933 5393 Cumque
962 5337 1153 5378 rumor
1172 5324 1554 5392 hujuscemodi
1586 5341 1729 5396 Ope-

96 5411 355 5479 rationis,
412 5410 751 5482 quibusdam
783 5411 1191 5480 nuntiantibus,
1224 5430 1387 5469 aures
1409 5415 1736 5484 percelleret

96 5505 499 5574 plurimorum,
526 5502 775 5557 certatim
789 5502 1001 5575 quique
1033 5510 1384 5574 procurrunt,
1411 5504 1736 5560 admiranda

98 5595 191 5649 Dei
222 5590 518 5669 magnalia
540 5591 789 5648 laetantes
821 5592 1100 5664 aspiciunt
1145 5611 1160 5660 ;
1191 5601 1422 5649 ovanter
1452 5593 1732 5649 hominem

96 5685 164 5739 ad
186 5685 380 5740 locum
433 5680 737 5736 venerandi
782 5681 1024 5753 sepulcri
1058 5682 1390 5753 perducunt,
1437 5698 1733 5752 campanas

103 5774 352 5845 pulsant,
398 5770 740 5826 lzetabundis
797 5772 908 5828 Deo
937 5773 1132 5829 laudes
1163 5773 1393 5829 vocibus
1454 5773 1727 5829 intonant.

100 5867 275 5936 Hujus
305 5863 579 5925 miraculi,
602 5864 835 5933 permoti
886 5865 1030 5921 fama
1059 5866 1476 5938 quamplurimi,
1506 5866 1730 5921 domum

1833 4776 2091 4846 precibus
2153 4773 2365 4829 crebris
2406 4773 2694 4839 insistens,
2754 4771 2973 4826 debitas
3002 4771 3326 4826 medicatori
3352 4787 3455 4825 suo

1829 4868 2077 4924 celebrat
2107 4867 2391 4934 excubias,
2451 4882 2513 4921 ac
2560 4864 2818 4922 salutaris
2867 4863 3117 4937 quotidie
3173 4864 3457 4920 libaminis

1830 4957 1990 5013 offert
2017 4957 2352 5013 oblationes.

1900 5047 2022 5102 Fuit
2049 5055 2232 5102 autem
2265 5045 2453 5101 Remis
2482 5045 2539 5099 in
2568 5045 2795 5116 praefata
2815 5044 2911 5100 Dei
2954 5043 3248 5100 Gcnitrieis
3275 5045 3458 5099 eccle-

1831 5143 1912 5197 sia
1942 5158 2146 5212 eorpus
2204 5140 2341 5195 illud
2397 5138 2828 5194 sacratissimum
2877 5137 3187 5192 beatissimi
3239 5138 3457 5209 patroni

1834 5232 2008 5289 nostri
2031 5230 2267 5305 Remigii
2297 5230 2428 5284 dum
2460 5235 2919 5300 praememoratus
2948 5227 3181 5282 antistes
3221 5229 3460 5283 domnus

1834 5321 1999 5377 Fulco
2029 5320 2360 5391 praesulatus
2400 5317 2649 5390 fungitur
2687 5316 2896 5384 ofﬁcio,
2938 5315 3153 5372 scilicet
3184 5333 3363 5389 usque
3386 5317 3456 5371 ad

1837 5414 2221 5486 episcOpatum
2242 5410 2580 5467 venerabilis
2629 5408 2845 5464 Herivei
2899 5409 3329 5482 archiepiscopi,
3361 5410 3458 5482 qui

1836 5513 2086 5561 cessante
2114 5503 2578 5559 Nortmannorum
2607 5502 2995 5573 persecutione
3029 5505 3146 5572 (an.
3178 5503 3326 5571 901),
3360 5520 3460 5574 per

1835 5599 2008 5654 solam
2032 5596 2125 5651 Dei
2156 5595 2507 5651 clementiam
2538 5611 2675 5666 pace
2692 5603 3039 5667 recuperata,
3073 5611 3276 5652 munus
3308 5595 3455 5649 idem

1834 5703 2138 5759 supernum
2173 5685 2397 5758 propria
2424 5685 2725 5756 sepulturae
2756 5686 2935 5758 ipsius
2977 5686 3182 5741 referre
3212 5684 3458 5740 decrevit

1834 5778 1978 5831 intra
2005 5775 2229 5832 moenia.
2263 5774 2418 5842 Quod
2453 5775 2585 5829 dum
2603 5778 2922 5833 convocatis
2938 5777 3271 5849 quibusdam
3300 5772 3454 5843 regni

1833 5870 2162 5940 proceribus
2207 5884 2375 5942 agere
2430 5879 2755 5940 maturaret,
2804 5871 3152 5927 accumulare
3190 5864 3453 5921 Dominus
