3884 6454
318 543 389 600 83
1455 539 1822 595 FLODOARDI
1863 539 2168 596 CANONICI
2205 541 2535 597 REMENSIS
3596 545 3672 597 84

323 672 444 741 ejus
475 687 585 727 non
619 671 835 727 distulit
864 670 1341 735 clariﬁcationem,
1376 683 1600 724 suorum
1642 666 1947 737 repetentis
1975 673 2028 738 Α
2051 667 2200 738 cipia
2253 669 2453 725 Aderat
2473 669 2944 734 Hilariadiacona,
2962 682 3127 738 quam
3157 665 3499 722 benedicens
3520 668 3673 724 idem

324 764 533 820 ossium
586 764 800 819 sedem.
836 762 1075 837 Contigit
1123 760 1293 824 enim,
1351 759 1482 814 dum
1522 775 1719 833 magna
1751 759 1942 829 populi
2051 766 2209 828 pater
2263 759 2670 826 sanctissimus,
2739 757 2907 812 tiliam
2965 762 3122 811 vocat
3181 772 3194 808 :
3264 755 3352 810 cui
3412 756 3674 812 ancillam

326 853 660 909 conﬂuentis
689 853 990 924 stiparetur
1014 860 1253 915 caterva,
1277 857 1566 921 postquam
1599 857 1728 901 sunt
1750 847 1944 902 urbem
2047 850 2341 921 quamdam
2369 850 2617 923 deputat,
2679 858 2734 906 et
2780 850 2975 905 vitium
3017 850 3363 920 pedaturam,
3405 865 3531 921 quae
3557 866 3678 904 suae

331 943 560 1015 egressi,
590 942 816 1013 quidam
848 941 1076 996 claudus
1126 946 1181 993 et
1210 937 1468 992 ariditate
1527 953 1819 992 nervorum
1847 952 1947 1007 po—
2044 941 2384 1016 jungebatur
2429 942 2628 1009 vineae,
2685 942 2874 1008 donat,
2910 947 3235 1012 partemque
3267 955 3424 995 suam
3452 940 3520 994 de
3551 939 3682 995 Tal—

334 1035 642 1106 plitumque
681 1042 1018 1099 contractus,
1077 1031 1353 1086 Abraham
1412 1030 1661 1096 nomine,
1698 1030 1790 1100 qui
1828 1046 1952 1084 sca-
2057 1034 2316 1105 pusciaco
2347 1050 2445 1106 pro
2483 1035 2770 1107 obsequiis
2805 1050 2929 1106 quae
2959 1033 3068 1088 sibi
3111 1032 3499 1088 indesinenter
3526 1031 3596 1086 ab
3617 1048 3689 1086 ea

335 1123 557 1178 bellum
589 1123 827 1186 haerens:
859 1137 960 1191 Per
1007 1127 1211 1174 terram
1265 1135 1324 1174 se
1358 1119 1742 1174 tam“mmOdO
1773 1118 1958 1173 trahe-
2059 1127 2311 1198 impensa
2337 1136 2589 1195 testatur,
2621 1127 2671 1183 ei
2697 1125 3036 1182 transcribit.
3065 1125 3189 1180 Erat
3209 1131 3265 1180 et
3297 1124 3569 1197 Remigia,
3589 1126 3687 1179 cui

337 1215 451 1280 bal,
478 1221 539 1268 υι
596 1219 833 1285 Poterat.
877 1212 972 1268 ubi
1031 1227 1195 1268 secus
1241 1212 1437 1266 urbem
1468 1211 1719 1276 veniens,
1756 1211 1860 1266 iter
1888 1211 1959 1265 ad
2065 1219 2157 1274 dat
2203 1220 2515 1275 cochlearia
2571 1220 2696 1286 tria,
2755 1235 2876 1291 quae
2933 1217 3107 1288 ipsius
3151 1216 3456 1270 beatissimi
3516 1217 3697 1286 patris

337 1313 582 1359 sanctam
662 1301 948 1357 basilicam
1029 1301 1345 1357 inchoasset
1403 1301 1714 1363 intendere,
1775 1301 1964 1355 divina
2068 1307 2284 1363 fueram
2314 1308 2538 1364 nomine
2578 1306 2814 1373 mulam,
2873 1303 3246 1376 delegansim
3293 1303 3400 1358 alia
3431 1304 3696 1374 quadam

342 1403 518 1450 tactus
546 1393 815 1465 potentia,
870 1409 1200 1466 compagum
1257 1393 1463 1448 duritia
1508 1393 1770 1455 resoluta.
1798 1393 1967 1464 Cmpit
2069 1413 2292 1469 quoque
2323 1397 2667 1452 munuscula.
2713 1396 2820 1451 Sed
2870 1404 2925 1450 et
2955 1393 3080 1450 laici
3108 1393 3402 1448 clarissimi
3437 1393 3699 1448 nonnulli

342 1483 410 1580 eti
431 1483 625 1580 Sellllis
654 1482 875 1580 (fatendi
909 1482 1177 1580 Γθῐῐξθίξίδο
1204 1483 1404 1580 ‘Quem
1450 1483 1715 1553 sospitale
1748 1490 1970 1580 recepta
2070 1490 2389 1544 renitebant
2415 1489 2541 1557 viri,
2576 1505 2809 1561 quorum
2843 1486 3140 1558 Pappolus,
3191 1485 3477 1549 Eulodius,
3524 1485 3701 1539 Euse-

347 1571 866 1642 pluribusvidimus
888 1571 1051 1626 annis
1074 1571 1974 1644 incolumem,ercctumgradien-
2072 1578 2219 1644 hius,
2283 1578 2613 1637 Rusticolus,
2668 1576 2994 1646 Eutropius,
3053 1585 3108 1629 et
3166 1575 3414 1629 Dauveus
3466 1573 3710 1644 privatis

349 1672 478 1731 tem,
502 1663 814 1734 collataque
868 1663 976 1717 sibi
1005 1664 1372 1734 prOSperitate
1424 1664 1779 1736 gaudentem.
1818 1666 1875 1719 ln
1906 1679 1973 1719 eo
2075 1669 2222 1724 beati
2254 1671 2356 1724 viri
2421 1670 2590 1724 rebus
2655 1668 3049 1734 interfuerunt,
3083 1675 3137 1720 et
3169 1666 3344 1736 ipsius
3364 1671 3710 1720 testamento

349 1755 617 1809 veroloco
646 1753 743 1809 ubi
765 1755 872 1810 hoc
902 1754 1098 1808 salutis
1121 1754 1324 1809 accidit
1355 1754 1586 1821 donum,
1617 1755 1798 1826 posita
1817 1756 1978 1810 dein-
2076 1762 2494 1818 subscribentes
2517 1762 2743 1817 nomina
2773 1761 2998 1832 propria
3021 1758 3409 1814 subdiderunt.

353 1860 486 1914 Ceps
519 1851 696 1898 θκδίδῑ
746 1844 1004 1900 θοῘυῙηηδ
1061 1860 1226 1898 (Ἦλθε
1277 1843 1521 1915 Ρΐίὲθκᾶ»
1554 1844 1978 1916 gloriﬁcationis
2151 1853 2360 1908 Euituit
2402 1853 2570 1907 etiam
2607 1853 2690 1907 vir
2730 1853 3030 1923 praeclarus
3052 1849 3283 1916 Attolus,
3317 1849 3436 1920 qui,
3467 1849 3615 1903 sicut
3653 1848 3718 1900 in

356 1935 830 2004 hujuscontinens
858 1937 1220 1990 monimenta.
1288 1936 1393 1989 Sed
1421 1943 1476 1990 et
1535 1943 1642 1991 tam
1688 1936 1843 2008 prius
1865 1944 2025 2011 ere-1

2202 1961 2206 1996 ι
2238 1943 2526 2015 epitaphio
2577 1942 2803 2015 legitur,
2838 1957 3027 1996 amore
3053 1940 3352 2012 studioque
3383 1938 3558 1993 sancti
3597 1937 3721 1990 Re-

358 2027 622 2094 bel‘l‘ime.
657 2043 820 2099 quam
877 2037 1092 2098 postea,
1125 2026 1450 2082 clarissimis
1483 2043 1630 2098 saepe
1663 2028 1990 2098 multiplici-
2088 2034 2264 2109 migii,
2298 2027 2947 2088 xenodochiaduodecim
2964 2025 3131 2081 rebus
3162 2042 3190 2081 e
3223 2026 3463 2097 prepriis
3479 2025 3723 2080 struxit:

363 2121 577 2193 busque
609 2120 892 2176 miraculis
921 2120 1042 2188 ejus
1089 2120 1330 2191 sepulcri
1397 2120 1689 2175 decoratur
1730 2121 1986 2188 ecclesia,
2090 2125 2453 2197 sepultusque
2483 2139 2607 2179 cum
2638 2121 2755 2175 filio
2786 2127 2841 2175 et
2878 2117 2990 2173 ﬁlia
3021 2125 3145 2188 post
3173 2117 3346 2170 altare
3386 2117 3443 2169 in
3472 2115 3733 2171 ecclesia

365 2227 489 2281 quae
513 2207 1374 2281 nequaquamlitterishabentur
1395 2209 1802 2280 comprehensa
1831 2217 1992 2265 :sunt
2092 2215 2239 2270 beati
2270 2212 2477 2269 Juliani
2535 2209 2811 2280 martyris,
2865 2209 3012 2261 hunc
3062 2206 3360 2274 sepultura:
3400 2204 3739 2257 declaratur

369 2317 609 2374 namque
639 2300 990 2357 mllllimedao
2094 2308 2302 2362 habere
2327 2303 2546 2361 titulum
2576 2301 2767 2372 templi
2796 2298 3092 2371 pinnaculo
3114 2297 3423 2350 innotatum
3454 2313 3470 2348 :

973 2390 1181 2446 CAPUT
1207 2391 1391 2446 XXIII.
2156 2395 2418 2460 Hic‘igitur
2448 2391 2646 2460 nullum
2677 2390 2846 2460 lateat,
2871 2386 2988 2450 quid
3024 2394 3152 2433 terra
3180 2389 3405 2460 retentat,

608 2483 679 2535 De
712 2481 998 2551 discipulis
1038 2480 1279 2549 ejusdem
1311 2481 1455 2534 beati
1491 2482 1739 2548 Remigii.
2156 2451 3218 2551 ρ..ῗὲ.ἓ“ἷ,⁵ηῗῖη⁰ξ¹ἓξ³ξιξ¹ιξὲῗὲτξῗιζῗῗῗιῗξῗιῗιῗέἲ

448 2569 484 2623 F
608 2505 679 2535 ue
712 2505 998 2580 ““F‘PW’
1031 2505 1279 2578 .e‘luwem
1311 2505 1455 2578 mimi
1491 2505 1739 2578 limum”:
1977 2568 1988 2578 ,
2156 2505 2355 2568 δυὴᾱιιὲ
2387 2518 2521 2566 enim
2555 2505 2648 2563 tria
2670 2505 2946 2562 consistunt
2975 2516 3298 2558 monumenta
3323 2505 3536 2569 petrina,

492 2578 692 2623 uerunt
723 2569 885 2623 huius
915 2569 1160 2623 denique
1218 2569 1530 2623 beatismmi
1590 2576 1765 2623 patris
1819 2576 1994 2623 nostri
2227 2583 2280 2623 In
2313 2580 2494 2623 auibus
2515 2578 2761 2623 almorum
2795 2588 3001 2623 corpora
3032 2571 3231 2620 condita
3255 2577 3389 2618 sunt.

492 2578 692 2624 uerunt
723 2569 885 2638 hujus
915 2569 1160 2639 denique
1218 2569 1530 2624 beatissimi
1589 2569 1765 2639 patris
1819 2569 1994 2624 nostri

2227 2583 2281 2630 ln
2313 2580 2494 2644 quibus
2515 2578 2761 2644 almorum
2795 2588 3001 2636 corpora
3032 2571 3231 2620 condita
3255 2577 3389 2644 sunt.

379 2661 744 2732 temporibus,
779 2661 835 2714 in
867 2661 968 2716 hac
998 2660 1135 2715 urbe
1155 2660 1257 2715 viri
1288 2659 1603 2727 clarissimi,
1637 2661 1862 2731 Deoque
1889 2661 2001 2716 vir-

379 2753 589 2810 tutibus
612 2752 850 2823 accepti,
884 2760 991 2807 tam
1017 2768 1082 2806 ex
1105 2753 1254 2806 clero
1282 2769 1448 2822 quam
1478 2768 1544 2806 ex
1570 2751 1767 2807 ordine
1803 2751 2006 2816 laicali,

381 2851 572 2914 utpote
601 2843 692 2914 qui
727 2841 844 2907 tali,
875 2849 983 2895 tam
1015 2841 1356 2905 venerando,
1399 2849 1624 2912 tamque
1660 2841 2011 2895 sanctissimo

388 2933 804 2989 famulabantur
825 2931 988 3002 patri.
1032 2932 1273 2996 Quorum
1313 2931 1541 2985 videtur
1573 2930 1830 2995 eximius,
1859 2931 2018 3003 Agri—

393 3025 515 3080 cola
541 3038 716 3093 nepos
743 3020 940 3092 ipsius,
1000 3020 1290 3091 presbyter
1342 3019 1711 3086 venerandus,
1745 3028 1804 3074 et
1832 3020 2014 3074 eidem

395 3116 702 3188 obsequiis,
727 3122 787 3170 ut
814 3114 936 3184 ipse
967 3119 1218 3176 testatur,
1247 3128 1277 3165 a
1305 3111 1544 3182 pueritia
1567 3111 1823 3182 placitus,
1849 3129 2014 3182 quam

397 3208 731 3266 domesticos
763 3207 882 3275 ejus
922 3205 1108 3276 exegit
1154 3203 1296 3257 intra
1337 3203 1578 3274 parietes
1612 3221 1625 3256 :
1658 3218 1821 3274 quem
1850 3203 2016 3257 etiam

398 3317 522 3355 cum
556 3297 800 3353 Ecclesia
831 3295 1113 3360 Remensi,
1144 3293 1422 3364 beateque
1445 3293 1596 3364 Lupo
1623 3293 1888 3364 episc0po
1912 3292 2020 3346 fra-
2053 3320 2102 3387 Ο

403 3391 500 3447 tris
519 3391 602 3445 sui
636 3387 774 3455 ﬁlio,
807 3389 864 3442 in
897 3386 1046 3442 omni
1076 3386 1385 3440 substantia
1413 3402 1535 3450 sua,
1580 3385 1849 3456 praeterid
1881 3386 2029 3455 quod

403 3482 717 3555 specialiter
774 3480 1081 3551 unicuique
1146 3479 1466 3545 donaverat,
1518 3477 1710 3533 darive
1766 3479 2028 3546 jusserat,

407 3575 682 3630 haeredcm
713 3571 1004 3629 constituit
1055 3571 1114 3626 Ei
1164 3587 1385 3643 quoque
1455 3570 1734 3640 mancipia
1766 3569 2030 3624 nonnulla

408 3688 533 3727 cum
553 3667 734 3723 vineis
798 3666 1156 3738 peculiariter
1213 3666 1492 3735 deputans
1523 3664 1772 3732 tradidit,
1815 3666 1920 3720 hoc
1951 3664 2029 3718 illi

412 3760 651 3814 fidenter
685 3757 984 3831 injungens
1011 3763 1069 3809 ut
1112 3755 1313 3810 diebus
1367 3753 1525 3808 festis
1554 3762 1609 3808 et
1640 3754 1903 3808 omnibus
1923 3754 2032 3808 Do-

413 3851 655 3916 minicis,
687 3849 860 3904 sacris
889 3846 1160 3902 altaribus
1185 3847 1307 3915 ejus
1337 3844 1627 3902 offerretur
1675 3844 1905 3911 oblatio,
1939 3860 2039 3898 an-

415 3956 639 4011 nuaque
669 3937 923 3994 convivia
955 3935 1327 3991 Remensibus
1353 3934 1696 4006 presbyteris
1717 3943 1770 3988 et
1791 3933 2042 3988 diaconi-

418 4030 522 4084 bus
552 4028 956 4099 prmberentur.
1001 4025 1126 4079 Erat
1182 4032 1237 4079 et
1295 4023 1437 4078 alius
1500 4040 1673 4094 nepos
1704 4025 1844 4093 ejus,
1892 4023 2043 4077 Etius

421 4118 667 4183 nomine,
702 4115 788 4171 cui
824 4121 1035 4186 partem
1067 4113 1138 4167 de
1189 4111 1507 4178 Cesurnieo,
1562 4128 1684 4184 quae
1733 4112 1843 4166 sibi
1894 4120 2042 4166 sorte

419 4208 710 4265 divisionis
741 4207 1064 4272 obvenerat,
1083 4221 1209 4261 cum
1241 4205 1532 4273 omnijure
1559 4203 1708 4276 quod
1738 4203 1814 4257 ibi
1850 4211 2047 4257 tenue-

423 4307 506 4352 rat
533 4304 700 4369 atque
769 4294 1108 4366 possederat.
1144 4293 1499 4348 Ambrosium
1529 4308 1752 4364 quoque
1785 4308 2043 4363 puerum,

423 4410 547 4450 cum
565 4389 793 4446 familiis
819 4387 1153 4461 quibusdam
1187 4386 1509 4460 designans,
1541 4385 1607 4439 ad
1637 4385 1729 4454 jus
1756 4385 1906 4439 illius
1945 4384 2046 4438 do-

428 4486 770 4556 miniumque
828 4479 1180 4537 transmittit.
1260 4477 1464 4533 Aderat
1515 4485 1571 4532 et
1635 4477 2042 4550 Agathimerus,

426 4593 582 4650 aeque
607 4591 782 4647 nepos
809 4574 1008 4647 ipsius,
1036 4573 1129 4628 cui
1179 4571 1418 4626 familias
1449 4569 1713 4642 quasdam
1757 4569 2043 4642 delegans,

427 4667 643 4721 vineam
670 4679 896 4738 quoque
926 4679 1090 4735 quam
1137 4670 1294 4734 pater
1346 4661 1493 4715 idem
1527 4657 1882 4714 beatissimus
1917 4658 2047 4711 Vin-

429 4756 669 4812 donissae
701 4759 982 4826 posuerat,
1013 4761 1069 4807 et
1099 4768 1199 4807 suo
1231 4751 1421 4807 labore
1446 4749 1830 4812 constituerat,
1858 4746 1961 4802 sub
1981 4762 2046 4800 ea

431 4849 754 4906 conditione
786 4846 1034 4912 donavit,
1064 4853 1125 4901 ut
1155 4843 1419 4900 omnibus
1438 4841 1639 4897 diebus
1658 4839 1815 4896 festis
1846 4855 1908 4894 ac
1938 4839 2052 4893 Do-

433 4938 654 4994 minicis
683 4953 782 5009 pro
821 4933 1351 4992 commemoratione
1407 4947 1507 4986 sua
1549 4930 1722 4984 sacris
1788 4927 2056 4983 altaribus

435 5028 728 5085 offerretur
777 5027 1006 5093 oblatio,
1073 5034 1129 5080 et
1201 5021 1663 5080 Laudunensibus
1720 5018 2059 5092 presbyteris

437 5127 604 5190 atque
633 5117 966 5174 diaconibus
1021 5130 1205 5170 annua
1243 5112 1496 5169 convivia
1555 5118 1897 5181 pararentur.
1955 5109 2056 5161 Ar-

439 5210 754 5266 chidiaconi
772 5209 856 5264 sui
875 5207 997 5264 Ursi
1016 5223 1074 5262 se
1107 5205 1479 5260 familiaribus
1506 5200 2055 5272 asserensobsequiis

442 5319 623 5367 usum,
657 5302 826 5357 donat
851 5302 900 5357 ei
920 5301 1160 5356 casulam
1193 5299 1487 5372 quamdam
1509 5295 1794 5361 subtilem,
1818 5304 1872 5348 et
1891 5294 2054 5348 aliam

445 5391 775 5460 pleniorem,
807 5392 916 5446 duo
944 5407 1078 5466 saga
1130 5388 1385 5454 delicata,
1438 5395 1622 5459 tapete
1653 5401 1875 5458 quoque
1907 5383 2056 5454 quod

446 5479 687 5534 habebat
717 5479 773 5532 in
803 5480 965 5545 lecto,
985 5489 1040 5534 et
1059 5480 1303 5536 tunicam
1321 5495 1485 5552 quam
1510 5486 1759 5547 tempore
1793 5475 2060 5531 transitus

445 5568 532 5622 sui
563 5567 901 5640 relinqueret
958 5571 1260 5626 meliorem.
1297 5567 1469 5624 Erant
1500 5576 1554 5623 et
1583 5566 1676 5622 alii
1721 5563 1937 5637 probati
1960 5560 2062 5618 viri

448 5667 581 5714 tunc
601 5658 789 5713 Remis
808 5675 872 5713 ex
911 5660 1060 5717 clero
1108 5671 1219 5716 tam
1281 5658 1588 5731 presbyteri
1621 5674 1786 5729 quam
1817 5654 2060 5714 diaconi.

447 5762 587 5820 quos
617 5762 849 5800 munere
877 5763 980 5802 suo
1034 5749 1237 5822 dignos
1281 5748 1547 5813 ostendit,
1580 5746 1896 5818 quibusque
1922 5743 2067 5798 dona

445 5839 696 5912 largitus,
723 5835 1012 5893 etviueam
1040 5837 1258 5910 delegat
1289 5840 1658 5895 communiter
1674 5834 2066 5908 possidendam

446 5948 570 5989 cum
602 5928 858 5997 vinitore,
892 5929 1103 5984 addens
1129 5928 1210 5982 eis
1227 5930 1334 5984 alia
1364 5931 1620 6000 quaedam
1653 5943 1879 5999 quoque
1909 5941 2068 5980 man-

2164 2645 2253 2694 Hic
2277 2631 2414 2707 pater
2436 2650 2509 2690 est
2533 2639 2744 2707 Attolus,
2777 2631 2908 2692 nato,
2942 2642 3164 2707 nataque
3181 2631 3421 2695 sepultus,

2229 2695 2628 2768 Eispectantque
2653 2700 2786 2749 diem
2812 2713 2943 2748 nunc
2969 2695 3168 2768 Domini
3198 2707 3479 2759 properam.

2173 2769 2313 2818 Illius
2332 2759 2460 2816 certe
2492 2759 2638 2814 natus
2669 2769 2972 2811 memoratur
2995 2759 3200 2808 Elanus.

2238 2831 2361 2879 Nata
2386 2828 2566 2877 deinde
2596 2839 2687 2875 sua
2706 2825 2891 2873 dicitur
2925 2820 3171 2871 Eufrasia.

2180 2894 2271 2954 Qui
2298 2892 2526 2955 placuere
2553 2890 2664 2945 Deo,
2697 2887 2842 2935 dictis
2875 2885 3114 2955 factisque
3127 2896 3384 2955 supremo.

2248 2942 2388 3004 Nune
2414 2953 2614 3015 pariter,
2640 2942 2854 3015 quorum
2881 2942 3105 3015 membra
3122 2942 3547 3015 tertentloculum.

2181 3020 2226 3067 ls
2257 3006 2529 3065 struxi‘tbis
2553 3006 2672 3061 sena
2700 3012 2803 3060 suis
2827 3007 3131 3059 xenodochia
3153 3006 3315 3062 rebus,

2244 3080 2359 3128 Jure
2384 3078 2555 3126 fovens
2575 3075 2757 3138 plebes,
2783 3072 2973 3138 divitiis
2997 3071 3185 3132 inopes.

2180 3143 2258 3192 Sic
2284 3140 2539 3204 proprium
2569 3129 2770 3204 censum
2785 3135 2968 3204 coelum
3003 3129 3277 3204 transvexit
3298 3129 3360 3200 ad
3391 3129 3570 3204 altum,

2244 3189 2412 3266 Iriqu‘o
2441 3199 2794 3266 suscepitquod
2820 3195 3099 3266 miserando
3129 3193 3240 3255 [τηε.
3252 3191 3569 3266 'rniserendo]
3594 3189 3762 3239 dedit.

2183 3268 2282 3315 Hoc
2315 3253 2471 3313 totum
2497 3253 2778 3319 sub‘am'ore
2800 3259 2925 3308 sacri
2961 3253 3224 3319 studioque
3251 3253 3462 3319 Remigi,

2252 3329 2323 3377 Ol)
2345 3327 2476 3391 quod
2509 3317 2822 3388 prterutilum
2853 3320 3042 3369 detinet
3063 3317 3169 3382 ipse
3198 3317 3386 3380 polum.

2205 3413 2353 3466 Hanc
2384 3425 2508 3464 esse
2540 3421 2760 3479 quoque
2790 3421 2915 3459 reor
2946 3401 3262 3462 ecclesiam,
3295 3399 3365 3452 de
3392 3413 3502 3468 qua
3533 3396 3763 3470 Grego-

2131 3507 2246 3562 rius
2295 3503 2635 3559 Turonensis
2687 3500 2855 3555 refert
2911 3497 3030 3562 (lib.
3070 3513 3105 3550 ιι
3150 3497 3342 3551 Mirac.
3413 3492 3506 3563 qui
3571 3498 3660 3545 est
3703 3493 3768 3544 de

2127 3597 2378 3665 passio-ne
2407 3598 2454 3647 et
2483 3594 2673 3646 mirae.
2712 3589 2769 3642 S.
2802 3588 3035 3650 Juliani,
3087 3600 3135 3638 c.
3192 3583 3303 3647 32),
3349 3581 3496 3651 quod
3529 3579 3766 3650 quidam

2133 3683 2369 3758 Belgicae
2397 3680 2659 3737 secundae
2692 3675 2991 3749 provincia:
3053 3673 3109 3727 in
3164 3669 3434 3726 suburbio
3468 3668 3773 3722 Bernensis

2137 3757 2292 3826 urbis
2322 3771 2376 3825 in
2398 3771 2607 3825 honore
2636 3768 2692 3820 Β.
2727 3763 2984 3835 martyris
3015 3762 3181 3829 hujus
3207 3759 3490 3814 basilicam
3513 3757 3773 3812 studiose

2140 3863 2449 3919 construxit
2493 3860 2656 3929 Cujus
2690 3857 2956 3929 reliquias
2988 3860 3111 3925 post
3143 3851 3445 3924 perfectam
3474 3850 3772 3914 fabricam,

2143 3952 2382 4007 fideliter
2397 3956 2664 4020 expetens
2716 3963 2781 4000 ac
2817 3945 3038 4007 devote,
3074 3941 3327 4012 percepit
3357 3957 3369 3992 :
3405 3938 3771 4009 acceptisque

2143 4041 2330 4098 viatim
2359 4037 2644 4109 psallendo
2704 4032 3051 4105 regrediens,
3085 4030 3215 4084 dum
3274 4030 3605 4082 Remeusem
3643 4042 3768 4080 cum

2147 4131 2234 4186 his
2259 4127 2606 4198 campaniam
2647 4121 2980 4195 ingreditur,
3037 4136 3068 4172 a
3111 4116 3439 4189 pervasione
3494 4115 3774 4170 dmmonis

2149 4223 2316 4277 homo
2345 4217 2590 4291 quidam,
2626 4212 2801 4268 sancti
2817 4210 2925 4266 sibi
2959 4208 3213 4279 martyris
3239 4206 3405 4273 hujus
3436 4204 3774 4278 pignoribus

2147 4311 2445 4384 applicitis,
2478 4309 2770 4363 liberatur.

2749 4396 2958 4452 CAPUT
2989 4393 3166 4449 XXIV.

2611 4493 2684 4545 De
2726 4491 2909 4543 sancto
2964 4483 3303 4539 Theoderico.

2222 4580 2546 4638 Exstitithis
2571 4578 2737 4633 etiam
2793 4572 3102 4630 beatissimi
3149 4569 3385 4644 Remigii
3421 4569 3774 4638 temporibus

2153 4675 2349 4728 beatus
2374 4670 2461 4725 vir
2479 4667 2875 4731 Theodericus,
2892 4663 3021 4718 almi
3044 4657 3772 4736 magistripiusdiscipulus,

2156 4782 2321 4837 quem
2355 4778 2465 4818 non
2497 4778 2563 4816 ex
2590 4760 2700 4814 alto
2719 4756 3048 4812 voluitadeo
3081 4752 3350 4827 sanguine
3382 4749 3666 4821 generari,
3686 4747 3773 4818 qui

2156 4856 2470 4912 sublimiter
2497 4855 2646 4907 hunc
2672 4851 2727 4904 in
2759 4848 3120 4923 generatione
3140 4847 3424 4918 justorum
3456 4843 3778 4896 decreverat

2159 4951 2474 5006 nobilitare.
2511 4947 2673 5002 Ortus
2701 4955 2887 4999 autem
2921 4956 3062 5016 pago
3095 4937 3378 4999 Remensi,
3399 4935 3546 5000 villa,
3581 4945 3646 4989 ut
3674 4941 3777 4987 tra-

2160 5040 2327 5104 ditur,
2353 5037 2785 5092 Alamannorum
2815 5031 2996 5096 Corte,
3028 5027 3430 5101 patrelatrone,
3471 5023 3647 5077 veluti
3664 5036 3777 5075 rosa

2157 5127 2445 5199 spinarum
2481 5130 2802 5196 procreatur
2833 5121 3087 5174 horrore.
3123 5117 3201 5171 Ad
3233 5112 3625 5170 declarandam
3655 5125 3777 5164 vero

2157 5218 2424 5274 castitatis
2455 5219 2575 5287 ejus
2614 5212 2965 5276 munditiam,
3007 5224 3118 5281 quo
3162 5203 3496 5262 infantilium
3533 5202 3774 5270 ejusdem

2159 5309 2440 5384 panniculi
2469 5309 2609 5379 [ms.,
2631 5305 2877 5378 pannuli]
2912 5304 3163 5358 feruntur
3185 5297 3381 5364 abluti,
3413 5293 3775 5349 nonsordium

2154 5405 2325 5473 jactu,
2354 5417 2464 5456 non
2486 5399 2720 5469 alicujus
2747 5393 3115 5451 immunditize
3149 5399 3352 5461 puteus
3389 5385 3778 5457 inquinamen-

2160 5502 2236 5558 to,
2262 5493 2467 5547 licetos
2504 5490 2627 5557 ejus
2666 5504 2731 5542 ex
2763 5497 2895 5542 tunc
2949 5485 3016 5538 de
3074 5495 3226 5538 more
3283 5482 3490 5550 pateat,
3521 5473 3780 5529 astruitur

2165 5583 2331 5638 infici.
2368 5583 2565 5636 Beatus
2618 5581 2803 5650 itaque
2856 5573 3232 5631 Theodericus
3287 5569 3353 5623 ad
3409 5582 3589 5622 annos
3620 5577 3778 5634 usque

2165 5670 2472 5744 pubertatis
2503 5667 2858 5723 laudabiliter
2891 5665 3182 5727 educatus,
3230 5659 3383 5730 juxta
3416 5671 3631 5712 morem
3662 5667 3778 5726 pro-

2167 5758 2482 5831 pagationis
2506 5759 2782 5824 humanae,
2814 5753 2999 5809 studio
3025 5757 3314 5823 parentum
3337 5751 3590 5811 coactus,
3629 5756 3780 5813 spon-

2169 5869 2282 5905 sam
2307 5851 2477 5921 coepit
2526 5849 2733 5904 habere
2776 5846 3008 5902 nomine
3068 5853 3232 5899 tenus
3261 5854 3516 5904 uxorem,
3552 5853 3655 5891 ceu
3686 5846 3778 5888 non

2171 5941 2482 5997 habiturus.
2512 5943 2711 5994 Amore
2771 5937 3046 6009 siquidem
3102 5931 3411 5990 caelestium
3434 5929 3674 5984 latenter
3710 5926 3780 5978 in-
