3884 6432
169 431 239 487 85
851 423 1182 479 HISTORl/E
1220 423 1556 478 ECCLESl/E
1595 423 1923 479 REMENSIS
1965 423 2140 477 LIBRI
2181 423 2508 488 QUATUOR.
2535 453 2605 463 —
2645 424 2772 481 LIB.
2817 426 2835 478 Ι
3447 430 3516 481 86

171 562 506 626 ﬂammatus,
534 555 655 611 ﬁeri
689 554 950 612 studebat
985 556 1082 610 Dei
1112 557 1291 612 cultor
1316 556 1585 611 occultus.
1623 557 1794 625 Hujus
1823 563 1872 626 Α
1897 556 2282 612 verticedum
2297 556 2754 611 circumferentes
2773 556 3060 612 oculorum
3089 557 3372 624 aciem,de
3399 574 3517 615 mo-

172 649 342 725 igitur
372 645 612 721 angelici
643 646 826 700 cultus
855 644 1050 699 habuit
1080 645 1136 698 in
1186 645 1458 715 proximo,
1493 660 1603 716 quo
1633 661 1796 700 sana-

171 746 323 793 retur
344 735 648 800 medicum,
691 748 802 805 quo
827 734 1116 801 juvaretur
1144 741 1457 804 patronum,
1491 748 1602 804 quo
1630 733 1798 788 doce-

171 840 327 885 retur
351 829 704 904 magistrum,
759 826 1144 881 beatissimum
1183 825 1445 880 videlicet
1474 834 1686 896 patrem
1704 842 1796 881 re-

169 919 398 992 ligionis
418 933 535 973 suae
591 914 928 988 Remigium.
977 912 1144 984 Cujus
1175 913 1414 984 piissimi
1436 915 1798 985 praeceptoris

171 1008 470 1062 irradiatus
503 1004 798 1074 exemplis,
824 1002 1026 1057 ardens
1054 1001 1335 1057 desiderio
1360 1001 1650 1068 virtutum,
1675 1018 1798 1057 cer-

168 1100 323 1155 tatim
354 1097 644 1154 crescebat
668 1095 726 1149 in
754 1095 937 1149 virum
973 1092 1305 1164 perfectum.
1327 1091 1552 1164 Cepulaa
1573 1094 1798 1164 nuptia-

170 1190 234 1244 lis
265 1203 424 1243 amor
452 1184 767 1248 amarescit,
803 1193 858 1237 et
887 1182 1156 1237 castitatis
1183 1181 1406 1236 dilectio
1437 1182 1792 1250 indulcescit,

166 1280 513 1335 desiderium
544 1275 826 1332 desiderio
880 1273 1252 1345 restringitur,
1312 1282 1366 1328 et
1405 1273 1570 1329 ardor
1611 1274 1792 1328 carnis

164 1372 366 1425 ardore
386 1369 616 1440 spiritus
645 1371 959 1436 superatur.
994 1363 1363 1417 Abrenuntiat
1392 1372 1601 1418 amator
1629 1363 1792 1434 pudi-

164 1463 314 1518 citiae
347 1461 580 1529 mundo,
611 1458 794 1514 feadus
825 1457 1071 1511 initcum
1096 1455 1225 1509 Deo.
1255 1455 1466 1508 Bellum
1498 1455 1791 1510 continen-

164 1560 256 1606 tiae
285 1551 557 1605 indicitur
595 1547 764 1612 hosti,
810 1545 1078 1617 singulari
1128 1544 1281 1599 locus
1311 1543 1577 1626 quaeritur
1615 1552 1794 1599 certa-

161 1644 324 1715 mini.
353 1641 668 1713 Alloquitur
697 1640 896 1693 beatus
923 1637 1301 1692 Theodericus
1323 1651 1607 1705 sponsam,
1643 1642 1697 1690 et
1722 1637 1790 1690 ad

161 1731 358 1804 sponsi
375 1729 622 1786 caelestis
660 1729 910 1782 hortatur
936 1741 1179 1780 amorem
1215 1731 1661 1796 perpetuumque
1692 1741 1789 1795 pro

160 1828 485 1900 virginitate
510 1825 806 1897 pollicetur
827 1824 1118 1878 honorem.
1149 1821 1253 1876 Sed
1272 1837 1477 1892 sponsa
1498 1822 1791 1877 tabescens

159 1937 352 1976 arnore
383 1919 620 1974 carnalis
647 1916 936 1982 desiderii,
998 1915 1213 1985 spernit
1260 1915 1522 1969 salutaria
1574 1916 1785 1971 monita

159 2011 379 2083 sponsi,
400 2017 454 2064 et
475 2025 661 2064 amaro
685 2008 872 2061 animo
894 2006 1213 2076 respondet,
1231 2004 1360 2059 dum
1385 2020 1446 2059 se
1468 2005 1782 2076 despectam
1816 1980 1864 2046 Β

157 2106 333 2159 videt.
370 2103 620 2174 Cumque
675 2101 770 2154 Dei
817 2116 1010 2155 servus
1066 2107 1320 2154 cerneret
1371 2097 1519 2169 quod
1580 2097 1700 2164 ejus
1732 2097 1787 2150 in

153 2193 348 2247 animo
377 2206 596 2262 sponsae
650 2189 960 2245 cohortatio
1007 2189 1191 2243 locum
1243 2203 1354 2242 non
1394 2185 1643 2253 haberet,
1673 2186 1788 2241 dis-

153 2284 494 2341 sentientem
517 2282 747 2346 deserit,
779 2289 836 2336 et
855 2282 1049 2336 urbem
1080 2281 1410 2335 Remensem
1428 2280 1653 2351 proprie
1685 2295 1785 2349 pe-

155 2384 306 2439 tens,
348 2373 688 2428 abbatissam
728 2371 1020 2442 quamdam
1072 2368 1291 2424 cmlibis
1319 2367 1445 2423 vitae
1474 2367 1785 2433 cultricem,

152 2465 387 2520 nomine
419 2464 748 2526 Susannam,
788 2459 1042 2532 requirit.
1105 2457 1332 2513 Sobrius
1371 2458 1487 2512 adit
1515 2458 1778 2520 sobriam.

151 2557 400 2628 pudicus
431 2555 715 2626 pudicam,
771 2553 928 2623 virgo
962 2551 1235 2618 virginem
1268 2568 1280 2603 :
1323 2565 1446 2621 quae
1477 2549 1580 2604 sub
1613 2550 1784 2604 tutela

147 2646 305 2701 beati
341 2645 576 2719 Remigii
596 2642 830 2714 puellari
867 2649 1101 2712 praeerat
1115 2638 1552 2714 congregationi,
1576 2638 1780 2694 femina

147 2739 333 2793 virilis
362 2738 557 2802 animi,
601 2736 790 2810 virago
839 2733 1100 2805 profundi
1161 2731 1406 2796 consilii,
1441 2731 1781 2786 consiliatrix

148 2829 370 2883 altioris
428 2826 662 2898 ingenii.
723 2826 800 2879 Ad
851 2825 1009 2892 cujus
1066 2824 1333 2895 piissimae
1367 2824 1578 2888 matris,
1627 2823 1783 2876 sinus

153 2920 485 2975 mitissimos
549 2928 772 2973 sanctus
819 2934 879 2972 se
930 2917 1166 2971 contulit
1223 2916 1598 2971 Theodoricus
1663 2917 1783 2971 solo

151 3010 423 3065 sternitur
516 3016 643 3062 ante
725 3007 895 3076 pedes
974 3005 1244 3075 spiritalis
1344 3006 1558 3070 matris,
1618 3005 1782 3077 eique

154 3103 345 3174 prodit
376 3117 579 3157 arcana
638 3100 737 3155 soli
780 3100 889 3154 Deo
938 3097 1160 3170 cognita
1211 3099 1297 3153 sui
1327 3099 1510 3154 cordis
1548 3114 1781 3164 ;erum-

157 3192 424 3264 pentibus
481 3189 744 3261 lacrymis
807 3188 1018 3263 gemitu
1069 3187 1480 3252 conturbatur,
1537 3187 1782 3262 singultu

155 3283 476 3339 concutitur
511 3323 524 3345 ,
605 3288 772 3352 atque
853 3279 1076 3334 salubre
1137 3279 1432 3334 consilium
1494 3279 1602 3333 sibi
1662 3295 1786 3333 cum

155 3372 411 3427 subsidio
473 3386 708 3441 precum
742 3368 982 3424 subnixe
1038 3367 1165 3424 ferri
1198 3378 1474 3440 precatur.
1509 3369 1586 3424 Ad
1636 3372 1785 3425 hunc

157 3463 920 3536 compunctionismmrorem
939 3461 1285 3516 devotissimi
1299 3462 1523 3529 juvenis
1537 3478 1786 3518 commo-

157 3563 213 3610 ta
244 3560 382 3608 sunt
407 3553 622 3608 viscera
645 3550 1069 3623 benignissima:
1102 3537 1318 3616 matris,
1366 3549 1520 3605 ﬂenti
1552 3567 1784 3622 compa-

159 3645 318 3708 titur,
352 3643 636 3717 lugentem
680 3641 1018 3702 consolatur,
1054 3647 1376 3694 maerentem
1445 3641 1706 3708 laetificat,
1735 3652 1790 3698 et

159 3746 222 3793 ut
241 3754 374 3792 eum
405 3736 516 3792 voti
542 3747 852 3807 compotem
896 3737 1081 3803 faciat,
1109 3737 1404 3793 Dominum
1438 3735 1663 3806 pietatis
1695 3751 1788 3789 ex-

160 3825 840 3897 orat.:Communisitaque
870 3832 1028 3896 pater
1060 3825 1354 3895 utriusque
1390 3822 1692 3892 piissimus,
1719 3822 1788 3877 ab

159 3924 402 3987 utroque
433 3915 594 3969 simul
627 3917 732 3970 hac
779 3915 849 3969 de
899 3930 1064 3970 causa
1095 3922 1320 3969 sanctus
1347 3912 1654 3968 consulitur
1685 3913 1787 3966 Re-

161 4007 407 4079 migius:
441 4007 596 4074 cujus
651 4006 1004 4060 institutione
1052 4004 1376 4060 sublimiter
1426 4003 1537 4071 jam
1594 4003 1789 4057 beatus

159 4096 476 4165 profecerat
504 4095 902 4151 Theodericus.
958 4095 1063 4149 Pro
1094 4109 1300 4165 sponsa
1339 4092 1582 4162 denique
1614 4091 1790 4146 mitti-

163 4197 274 4252 tur,
289 4194 512 4241 aeternae
529 4185 825 4256 praemium
841 4182 1230 4238 retributionis
1253 4182 1309 4236 in
1331 4181 1644 4254 virginitate
1667 4195 1789 4250 per-

162 4275 557 4332 severantibus
582 4285 791 4346 apatre
830 4273 1037 4330 servari
1082 4274 1502 4328 demonstratur
1545 4269 1787 4340 :etquia

161 4367 460 4442 virginitas
485 4366 750 4440 angelicae
780 4373 936 4440 grata
950 4363 1238 4418 munditiae
1269 4361 1339 4416 sit
1365 4361 1562 4424 amica,
1589 4374 1790 4429 propa-

164 4462 334 4515 latur.
386 4459 705 4529 Acquiescit
745 4473 950 4528 sponsa
977 4458 1206 4513 demum
1236 4455 1656 4528 prudentissimi
1691 4471 1791 4526 pa-

164 4550 288 4616 tris,
319 4549 431 4603 imo
453 4549 844 4619 complectitur
872 4547 1150 4613 aﬂ‘amina,
1181 4547 1306 4602 vita:
1327 4548 1569 4603 ccelestis
1597 4545 1788 4600 dulce-

162 4641 300 4694 dine
328 4637 557 4702 mellita,
580 4653 818 4708 seseque
851 4636 1165 4707 pollicetur,
1194 4635 1240 4690 si
1260 4635 1474 4691 Christo
1487 4643 1783 4700 mereatur,

163 4729 479 4793 adhaerere,
530 4726 908 4796 incorruptam
939 4726 1089 4780 salva
1136 4726 1409 4796 pudicitia
1439 4742 1785 4796 permanere.

168 4818 352 4871 Laetus
371 4815 595 4868 tandem
624 4813 896 4868 castitatis
927 4814 1129 4869 decore
1161 4830 1401 4884 sponsus
1447 4814 1793 4885 amplexatur

163 4923 453 4980 sponsam,
484 4922 653 4976 quam
697 4907 850 4961 videt
882 4924 914 4960 a
945 4907 1232 4961 voluntate
1264 4907 1578 4962 seductoris
1617 4916 1672 4960 et
1698 4922 1796 4960 vo-

165 5001 382 5069 luptate
412 4997 598 5050 carnis
644 5004 918 5066 ereptam,
951 4996 1340 5068 conditorique
1367 4997 1479 5065 jam
1511 4997 1614 5051 sub
1651 4997 1798 5051 inte-

169 5086 391 5160 gritatis
413 5086 626 5140 honore
653 5086 1045 5156 mancipatam.

239 5175 511 5250 Dirigitur
541 5175 609 5227 ad
640 5175 1049 5245 providendum
1081 5175 1189 5230 sibi
1210 5177 1392 5230 locum
1436 5173 1798 5229 habitationis

170 5282 302 5321 cum
333 5263 553 5337 virgine
596 5263 772 5334 virgo,
836 5265 1088 5318 Susanna
1129 5281 1252 5319 cum
1307 5263 1651 5319 Theoderico
1708 5263 1798 5318 Est

167 5358 367 5414 silvula
397 5358 453 5410 in
481 5364 670 5410 monte
691 5357 816 5421 sita,
853 5357 1077 5411 tribusa
1107 5356 1326 5412 civitate
1358 5357 1608 5410 millibus
1631 5373 1796 5427 sepa-

167 5458 308 5517 rata,
342 5447 401 5500 in
431 5461 544 5516 quo
571 5446 749 5500 visum
794 5458 880 5500 est
931 5445 1237 5501 venerabili
1267 5463 1488 5518 semper
1517 5447 1571 5501 in
1593 5447 1796 5502 divinis

166 5538 426 5614 ﬂagranti
451 5537 593 5608 patri
617 5537 867 5610 Remigio
888 5538 1136 5594 construi
1162 5539 1486 5594 coenobium
1522 5556 1533 5592 :
1558 5554 1668 5610 quo
1691 5538 1794 5593 sub

167 5633 244 5704 pii
308 5629 589 5702 regimine
639 5629 915 5698 ductoris,
971 5646 1136 5702 quem
1205 5630 1476 5702 proficere
1526 5631 1797 5701 probabat

167 5723 429 5794 exemplo
482 5722 772 5788 virtutum,
831 5732 1107 5778 catervam
1177 5723 1395 5778 Christo
1443 5722 1797 5777 militantium

170 5817 473 5890 colligeret
502 5814 753 5870 fratrum.
779 5816 1100 5872 Conscenso
1119 5816 1363 5887 denique
1380 5817 1568 5872 silvosi
1599 5817 1803 5871 montis

1900 642 2126 695 nasterii
2150 645 2316 697 corde
2347 642 2594 698 volutant
2622 643 2921 714 positione,
2941 645 3128 700 subito
3149 646 3374 700 sublimi
3403 665 3518 703 cce-

1899 731 2076 786 lorum
2105 733 2344 787 mittitur
2403 732 2579 805 aliger
2626 733 2793 787 index
2839 750 2870 787 a
2920 735 3188 799 culmine,
3230 751 3331 805 per
3350 752 3514 807 quem

1897 819 2070 876 cmlos
2098 837 2361 876 scansuro
2409 821 2564 876 locus
2592 821 2646 874 in
2680 822 2844 876 terris
2889 823 3056 879 beato
3096 823 3518 894 depromeretur

1897 912 2263 970 Theoderico.
2295 915 2428 969 Nam
2459 914 2724 985 mysticus
2747 913 2862 970 ales
2892 913 3078 986 aquila
3106 914 3400 984 spatiando
3413 932 3514 990 gy-

1899 1023 2026 1064 rans
2051 1018 2110 1063 et
2129 1010 2374 1081 gyrando
2396 1009 2821 1075 circumvolans,
2849 1017 3120 1079 quantum
3150 1009 3207 1063 in
3240 1009 3362 1080 ipso
3390 1011 3515 1077 fuit,

1898 1104 2079 1158 locum
2113 1101 2437 1158 monasterii
2493 1116 2752 1170 capacem
2802 1116 2996 1155 secans
3026 1117 3154 1155 aera
3181 1101 3509 1174 designavit.

1896 1192 1960 1246 Et
1985 1201 2045 1245 ut
2075 1191 2391 1262 expressius
2455 1189 2772 1244 ostenderet
2825 1189 2960 1259 quid
3000 1189 3267 1244 Dominus
3324 1189 3512 1256 vellet,

1895 1281 2064 1335 unius
2099 1281 2213 1334 fere
2245 1281 2393 1334 horae
2422 1279 2624 1349 spatio,
2666 1292 2834 1348 supra
2863 1278 2959 1333 ubi
2992 1277 3230 1332 ecclesia
3267 1279 3513 1332 construi

1893 1369 2108 1434 debuit,
2144 1368 2312 1423 lentis
2342 1368 2617 1422 volatibus
2644 1367 2813 1434 stetit,
2840 1373 2895 1421 et
2922 1383 2994 1421 ne
3017 1367 3121 1420 hoc
3136 1366 3204 1420 ab
3246 1366 3514 1422 incredu-

1896 1463 1964 1517 lis
1994 1479 2122 1516 casu
2142 1461 2442 1532 contigisse
2461 1467 2769 1530 putaretur,
2787 1459 2906 1529 ipso
2935 1457 3133 1512 natalis
3149 1457 3371 1512 Domini
3398 1455 3509 1523 die,

1895 1554 2266 1626 quadriennio
2315 1553 2585 1607 continuo
2633 1552 3064 1622 supervolando,
3109 1550 3509 1604 monasterium

1893 1651 2213 1713 circumire,
2230 1645 2562 1702 mirantibus
2581 1645 2862 1716 plurimis,
2884 1645 3082 1699 eadem
3111 1645 3296 1716 aquila
3314 1659 3514 1698 cerne-

1894 1747 2079 1802 batur.
2111 1748 2240 1812 Quae
2269 1756 2398 1796 vero
2430 1741 2702 1794 virtutum
2761 1755 2930 1809 opera
2966 1745 3171 1810 quanta
3204 1739 3508 1793 miraculo-

1892 1854 2009 1892 rum
2034 1834 2200 1888 miles
2232 1830 2431 1886 Christi
2450 1827 2825 1882 Theodericus
2855 1827 2996 1882 inibi
3039 1828 3214 1901 gessit
3243 1828 3508 1901 insignia,

1892 1945 2002 1983 non
2023 1928 2297 1979 humanus
2325 1933 2508 1974 sermo
2528 1919 2674 1972 valet
2698 1934 2956 1972 enarrare
2981 1933 3080 1988 per
3099 1917 3336 1991 singula.

1964 2015 2096 2068 Post
2116 2024 2435 2065 successum
2461 2006 2706 2077 denique
2728 2007 3017 2076 temporis,
3051 2006 3146 2060 ubi
3167 2006 3517 2076 presbytera-

1890 2104 1958 2158 lis
1981 2099 2156 2156 subiit
2186 2113 2331 2152 onus
2356 2095 2606 2159 honoris,
2642 2093 2880 2163 implere
2919 2095 3110 2149 volens
3139 2093 3385 2148 ofﬁcium
3416 2108 3513 2145 sa-

1890 2191 2152 2253 cerdotis,
2183 2185 2483 2259 praedicare
2513 2185 2685 2251 coepit
2714 2181 2978 2236 omnibus
2991 2194 3266 2254 praecepta
3295 2182 3510 2236 salutis.

1889 2278 2213 2351 Specialiter
2261 2283 2445 2329 autem
2503 2271 2678 2343 tangit
2723 2269 2967 2324 animum
3027 2271 3290 2341 piissimae
3342 2269 3513 2337 prolis

1889 2366 2196 2424 charissimi
2228 2379 2359 2419 cura
2378 2361 2668 2436 genitoris.
2708 2358 2881 2412 Filius
2905 2359 3128 2430 sapiens
3157 2356 3516 2425 laatilicatpa-

1889 2471 2028 2516 trem
2061 2460 2240 2530 (Prov.
2272 2472 2326 2522 x,
2360 2457 2435 2520 1),
2467 2453 2719 2522 cceloque
2747 2458 3036 2523 regenerat
3060 2459 3221 2504 terra:
3251 2465 3312 2502 se
3337 2464 3509 2524 gene-

1887 2561 2118 2605 rantem.
2154 2549 2227 2600 De
2253 2545 2469 2600 lubrico
2501 2541 2856 2606 monachum,
2899 2541 2968 2594 de
3003 2541 3236 2598 latrone
3262 2539 3509 2592 datorem

1885 2639 2283 2714 largissimum,
2307 2635 2374 2687 de
2402 2648 2563 2686 servo
2612 2630 2819 2684 diaboli
2843 2629 3041 2682 Christi
3066 2628 3194 2681 facit
3222 2627 3509 2682 libertum.

1883 2732 2002 2786 Jam
2029 2731 2254 2800 jamque
2280 2725 2486 2781 viritim
2519 2724 2586 2777 de
2607 2739 2672 2777 eo
2705 2731 2896 2776 sancta
2927 2737 3024 2791 per
3055 2719 3292 2789 populos
3325 2719 3510 2772 divul-

1885 2819 2120 2892 gabatur
2149 2815 2360 2886 Opinio.
2397 2813 2462 2866 Et
2492 2811 2743 2865 neveluti
2778 2809 3004 2863 lucerna
3043 2815 3294 2862 contecta
3318 2807 3512 2861 lateret

1887 2907 1990 2962 sub
2014 2905 2220 2968 modio,
2253 2901 2352 2956 sed
2389 2900 2650 2954 omnibus
2681 2900 2735 2952 in
2754 2898 3070 2951 Deiluceret
3109 2897 3297 2964 domo,
3332 2912 3509 2966 quan-

1887 3011 2002 3055 tum
2051 2995 2308 3055 sublimis
2348 3001 2467 3048 erat
2514 2991 2746 3056 meritis,
2797 3000 3008 3044 tantum
3069 2991 3314 3046 coruscis
3346 2991 3515 3060 erepit

1886 3091 2122 3166 insignis
2153 3088 2416 3160 effulgere
2443 3086 2744 3140 miraculis.
2768 3085 2898 3152 Ejus
2920 3101 3161 3156 namque
3191 3084 3513 3139 beatissima

1886 3185 2030 3238 fama
2061 3189 2391 3252 pervenerat
2431 3193 2605 3249 usque
2659 3177 2726 3230 ad
2787 3177 3118 3232 Francorum
3162 3176 3310 3247 regis
3353 3175 3511 3244 pala-

1814 3254 1862 3321 Ο
1886 3275 1975 3339 tia,
2000 3285 2237 3342 quorum
2279 3283 2372 3320 rex
2396 3276 2526 3321 tunc
2574 3274 2690 3319 erat
2719 3265 3116 3331 Theodoricus,
3151 3264 3407 3319 Clodovei
3445 3264 3512 3316 fi-

1886 3366 2014 3428 lius,
2047 3361 2206 3429 cujus
2234 3359 2428 3413 oculus
2457 3357 2666 3412 doloris
2697 3356 2868 3411 subiti
2900 3355 3512 3411 nimiscruciatibusita

1889 3463 2066 3517 fuerat
2093 3469 2412 3528 oppressus,
2470 3459 2528 3504 ut
2568 3448 2737 3503 nullis
2768 3447 2973 3503 diversi
3010 3447 3234 3521 generis
3265 3447 3513 3503 medica-

1886 3552 2131 3609 minibus
2159 3551 2226 3604 ad
2285 3547 2577 3603 sanitatem
2621 3543 2910 3616 pristinam
2954 3550 3139 3614 posset
3205 3541 3350 3596 ullus
3383 3556 3510 3593 eum

1891 3647 2158 3702 reducere
2187 3643 2456 3697 medicus.
2481 3640 2654 3695 Unius
2681 3639 2827 3694 oculi
2853 3637 3224 3708 lacrymabilis
3240 3637 3512 3710 aegritudo

1891 3740 2182 3795 multorum
2216 3737 2484 3807 lacrymas
2518 3739 2907 3803 provocaverat
2934 3733 2991 3786 in
3021 3732 3248 3802 populo.
3275 3732 3512 3786 Mentem

1893 3831 2039 3903 regis
2059 3830 2193 3884 varii
2227 3825 2562 3883 conturbant
2591 3821 2770 3877 exitus
2798 3821 2992 3876 cladis.
3028 3821 3164 3874 Hinc
3197 3827 3379 3874 metus
3411 3818 3515 3871 sti-

1889 3925 2062 3980 mulat
2111 3919 2401 3977 amittendi
2445 3917 2716 3982 luminis;
2766 3915 2920 3970 illinc
2961 3913 3304 3967 imminentis
3335 3911 3516 3981 pudor

1891 4017 2273 4073 deformitatis.
2308 4016 2440 4069 Nam
2469 4013 2514 4067 si
2572 4028 2665 4066 rex
2699 4009 2915 4065 adforet
2964 4008 3177 4073 luscus,
3211 4004 3510 4059 maximum

1891 4108 2087 4163 fuisset
2121 4107 2175 4159 in
2205 4106 2412 4175 populo
2468 4103 2731 4157 dedecus.
2786 4105 2880 4154 aut
2933 4096 3082 4152 enim
3135 4094 3387 4166 turpiter,
3420 4109 3510 4146 re-

1889 4199 2135 4276 gnando,
2168 4192 2430 4249 foeditatis
2462 4197 2704 4265 gestaret
2734 4187 3120 4259 opprobrium,
3148 4192 3242 4240 aut
3271 4200 3395 4238 cum
3427 4183 3515 4237 lu-

1891 4273 2056 4348 minis
2077 4289 2376 4346 amissione
2426 4285 2569 4340 forte
2597 4279 2933 4353 perdidisset
2963 4284 3018 4331 et
3046 4290 3298 4347 regnum.
3337 4273 3512 4327 Unum

1892 4401 2024 4457 ergo
2053 4381 2297 4436 restabat
2313 4378 2424 4450 regi
2459 4375 2774 4438 consilium,
2809 4378 3082 4443 quatenus
3099 4365 3514 4424 ubiremedium

1893 4473 2144 4530 cessabat
2178 4473 2500 4535 humanum,
2543 4466 2790 4521 divinum
2817 4463 3197 4534 requireretur
3226 4458 3512 4514 auxilium.

1897 4566 2056 4622 Mittit
2086 4565 2254 4638 igitur
2283 4562 2350 4616 ad
2411 4558 2790 4615 venerabilem
2830 4554 3258 4617 Theodericum,
3300 4552 3390 4607 cui
3418 4567 3517 4606 ve-

1897 4655 2070 4713 nienti
2102 4651 2295 4725 pandit
2327 4647 2658 4704 miserabilis
2687 4646 2833 4702 oculi
2876 4644 3151 4699 morbum.
3189 4643 3513 4713 Proditpm-

1894 4765 2017 4804 nam
2052 4761 2216 4817 quam
2250 4741 2455 4813 patitur
2490 4757 2503 4805 ;
2539 4738 2805 4810 praevenit
2836 4736 3096 4806 precibus
3123 4734 3363 4805 pericula
3395 4751 3517 4805 qua:

1895 4843 2134 4892 veretur.
2169 4833 2231 4886 At
2268 4831 2351 4886 vir
2381 4829 2474 4884 Dei
2514 4828 2772 4883 virtutem
2807 4825 2991 4880 sciens
3020 4824 3362 4894 operationis
3395 4840 3516 4878 esse

1898 4924 2122 4989 divinae,
2154 4937 2265 4977 non
2297 4917 2607 4993 fragilitatis
2637 4926 2911 4979 humanas,
2935 4929 3138 4983 corpus
3159 4911 3276 4967 solo
3301 4912 3516 4977 sternit,

1900 5013 2142 5068 animum
2177 5026 2343 5082 supra
2383 5010 2554 5064 caelos
2575 5005 2758 5079 erigit,
2784 5001 3018 5058 orationi
3073 5018 3132 5056 se
3161 5009 3336 5057 totum
3369 5017 3522 5057 com-

1899 5105 2084 5161 mittit.
2139 5101 2384 5157 Tandem
2433 5098 2604 5152 tinitis
2656 5111 2890 5170 surgens
2918 5093 3196 5164 precibus,
3233 5095 3301 5148 ad
3337 5093 3522 5149 sidera

1899 5199 2049 5254 vultu
2079 5195 2319 5259 sublato,
2374 5199 2577 5248 sanctae
2638 5187 2922 5244 Trinitatis
2977 5201 3177 5241 nomen
3233 5185 3518 5247 invocans.

1899 5291 2007 5347 olei
2035 5286 2362 5345 sanctificati
2393 5283 2678 5356 paululum
2733 5279 3034 5335 summitati
3065 5279 3283 5350 pollicis
3334 5279 3523 5334 infun-

1899 5379 2248 5444 dit,etoculo
2276 5374 2417 5429 male
2471 5370 2696 5425 habenti
2754 5370 2974 5443 signum
3013 5367 3315 5425 salutifera:
3344 5370 3523 5425 crucis

1899 5471 2239 5542 imprimens,
2273 5465 2434 5523 simul
2467 5481 2592 5519 cum
2618 5465 2881 5535 sospitate
2937 5463 3123 5516 lumen
3155 5462 3211 5516 in
3242 5471 3522 5518 momento

1898 5559 2158 5614 restituit.
2215 5559 2420 5628 Regem
2465 5569 2655 5628 regum
2693 5553 3011 5627 magniticat
3046 5568 3138 5606 rex
3168 5552 3342 5617 lentus,
3375 5550 3526 5605 cele-

1905 5653 1987 5707 bri
2014 5653 2260 5724 repletur
2289 5652 2480 5706 laztitia
2521 5651 2781 5722 populus,
2815 5648 3050 5702 exsultat
3079 5644 3291 5716 ingenti
3320 5641 3521 5715 gaudio

1903 5748 2135 5797 cunctus
2173 5749 2401 5795 senatus
2435 5741 2728 5805 ;laudatur
2788 5736 3159 5792 Theodericus
3183 5735 3275 5789 Dei
3308 5746 3518 5794 servus,

1903 5842 1958 5888 et
1985 5833 2324 5907 glorificatur
2373 5834 2440 5888 ab
2469 5832 2729 5889 omnibus
2787 5829 3058 5885 mirabilis
3087 5827 3141 5881 in
3177 5823 3383 5881 sanctis
3403 5820 3518 5873 suis
