3884 6464
365 484 431 537 87
1427 486 1856 541 FLODOARDUS
1897 487 2262 545 CANONICUS
2304 492 2646 550 REMENSIS.
3643 503 3714 556 88

370 614 532 668 Deus.
567 613 909 673 Convocatur
946 633 977 669 a
1026 631 1156 690 rege
1206 616 1469 686 primates
1524 615 1734 684 populi,
1769 616 1838 670 de
1872 632 1989 670 ma—
2017 621 2064 686 Α
2095 619 2247 691 regni
2286 620 2616 679 Francorum
2673 626 3044 700 gubernante,
3095 625 3466 700 Angilrannus
3498 626 3715 683 aulico-

371 705 665 778 gnitudine
712 707 1168 782 congratulantur
1215 705 1486 769 miraculi,
1543 707 1693 777 quod
1740 715 1851 761 tam
1879 707 1988 763 cito

374 815 466 854 rex
487 801 724 855 senserit
753 801 1013 857 virtutem
1053 799 1321 869 spiritalis
1347 798 1758 867 medicamenti,
1792 810 1850 857 et
1890 801 1986 873 [ut]

375 888 583 943 nullius
609 890 880 945 cicatricis
902 889 1155 960 vestigia,
1179 888 1385 943 nullius
1423 888 1696 961 caliginis,
1728 892 1812 946 vel
1831 892 1994 965 glau-

372 993 545 1032 coma
580 978 846 1032 resideret
875 978 929 1032 in
943 976 1279 1033 oculosaluti
1307 976 1524 1032 reddito
1555 979 1786 1047 macula.
1804 982 1991 1047 Quan-

375 1067 442 1120 tis
468 1067 776 1121 honoribus
806 1082 898 1120 rex
937 1065 1266 1121 sublimaret
1297 1064 1563 1120 famulum
1584 1066 1783 1123 Christi
1816 1068 1994 1125 sivel'

375 1158 469 1221 let,
502 1173 565 1211 ac
596 1156 819 1227 quantis
836 1154 1183 1221 muneribus,
1207 1154 1293 1209 vel
1325 1153 1695 1228 dignitatibus
1727 1171 1994 1211 remune-

375 1252 536 1307 raret,
573 1245 618 1298 si
687 1249 1033 1314 contemptor
1078 1241 1199 1312 ipse
1253 1242 1591 1318 dignitatum
1621 1243 1987 1313 permitteret.

374 1333 512 1395 Quid
537 1332 683 1386 enim
705 1331 868 1393 oculo
916 1331 970 1384 in
998 1346 1229 1402 corpore
1280 1332 1503 1387 charius
1537 1330 1565 1385 ?
1595 1332 1703 1387 Sed
1734 1334 1990 1390 humana

376 1424 556 1478 laudis
579 1431 634 1478 et
656 1423 950 1478 mundana
973 1422 1362 1479 retributionis
1401 1424 1613 1495 refuga,
1646 1425 1818 1498 gratis
1856 1427 1989 1482 dare

372 1514 567 1569 maluit
591 1514 740 1586 quod
768 1515 939 1588 gratis
968 1515 1184 1586 accepit
1219 1532 1232 1569 :
1261 1524 1426 1589 atque
1458 1517 1541 1571 vir
1570 1532 1782 1592 magna
1805 1517 1989 1573 humi-

374 1604 565 1670 litatis,
600 1605 874 1659 sollicitus
901 1620 970 1659 ne
985 1605 1101 1679 regi
1133 1604 1585 1673 foretunivocus,
1621 1607 1755 1677 petit
1793 1616 1985 1663 utnon

369 1697 742 1751 Theodericus
796 1698 865 1750 de
919 1706 1140 1763 catero,
1198 1698 1335 1769 quin
1378 1705 1605 1755 vocetur
1652 1699 1983 1756 Thcadario.

371 1790 520 1845 Tunc
549 1807 643 1845 rex
682 1791 984 1845 admiratus
1015 1789 1323 1861 purissima
1353 1789 1723 1861 simplicitatis
1761 1790 1989 1848 humili-

373 1890 561 1946 tatem,
597 1882 947 1937 venerabiles
967 1898 1165 1936 manus
1185 1882 1535 1948 deosculans,
1559 1881 1863 1938 sacerdotis
1889 1884 1989 1941 be-

372 1970 744 2026 nedictionem
775 1972 971 2029 devote
1001 1975 1264 2045 postulat,
1328 1983 1383 2031 et
1412 1991 1536 2031 eum
1581 1975 1887 2032 honorifice
1918 1978 1986 2031 ad

371 2077 528 2115 suum
563 2060 765 2115 deduci
818 2064 1222 2118 monasterium
1289 2066 1533 2121 mandat.
1585 2068 1824 2133 Quantas
1858 2076 1989 2123 tunc

369 2172 631 2212 cerneres
679 2156 747 2211 ad
804 2172 930 2212 cum
963 2157 1243 2212 confluere
1275 2157 1545 2213 debilium
1580 2159 1984 2223 multitudines,

371 2265 495 2319 qua
521 2249 645 2303 sine
677 2264 829 2305 mora
859 2249 1118 2322 quasitas
1141 2266 1402 2321 recepere
1430 2250 1693 2306 sanitates
1722 2249 1735 2304 l

445 2336 741 2407 cheritur
772 2337 934 2392 etiam
982 2338 1193 2408 praefati
1237 2338 1385 2412 regis
1426 2335 1595 2393 ﬁliam
1636 2337 1748 2392 vita
1790 2336 1991 2392 defun-

369 2438 517 2485 ctam
549 2430 874 2504 magnificus
922 2431 1013 2486 hic
1050 2431 1266 2488 Domini
1301 2445 1481 2502 praco
1507 2430 1632 2486 vita
1664 2429 1990 2505 reformasse

371 2519 671 2589 spiracula,
714 2536 814 2591 pro
870 2537 979 2592 qua
1009 2522 1311 2596 languente
1343 2537 1437 2576 rex
1467 2521 1537 2577 ad
1568 2526 1821 2575 sanctum
1839 2520 1991 2576 dire-

372 2617 525 2663 xerat
553 2609 883 2685 Remigium,
907 2620 1103 2681 petens
1126 2617 1187 2666 ut
1225 2610 1292 2664 ad
1316 2626 1375 2666 se
1405 2610 1640 2677 veniret,
1674 2616 1838 2681 atque
1864 2625 1989 2664 cum

372 2701 634 2771 precibus
671 2700 961 2775 agrotanti
990 2698 1117 2756 ﬁlia
1148 2716 1369 2756 manum
1405 2700 1737 2770 imponeret.
1769 2700 1833 2755 At
1868 2700 1992 2772 pius

372 2794 577 2865 prasul
610 2792 865 2848 molestia
908 2793 1143 2863 quadam
1163 2794 1435 2863 corporis,
1476 2801 1538 2848 ut
1572 2793 1767 2860 fertur,
1792 2794 1992 2849 deten-

373 2892 478 2947 tus,
512 2882 677 2937 beato
698 2880 1058 2945 Theoderico,
1091 2897 1257 2953 quem
1276 2882 1367 2951 pie
1406 2891 1668 2955 casteque
1699 2885 1988 2948 nutrierat,

372 2977 425 3025 et
446 2967 789 3039 spiritalibus
846 2967 1113 3024 doctrinis
1152 2968 1505 3035 instruxerat,
1546 2987 1827 3043 quemque
1865 2990 1992 3047 gra-

373 3063 447 3118 tia
496 3060 841 3116 curationum
901 3058 1172 3129 repletum
1204 3057 1429 3112 videbat
1455 3098 1479 3133 ,_
1523 3059 1806 3133 negotium
1838 3064 1988 3133 quod

371 3150 683 3224 petebatur,
707 3156 766 3204 ut
817 3156 974 3219 pater
1032 3145 1169 3213 ﬁlia,
1202 3148 1571 3202 commendat.
1604 3149 1704 3212 Qui
1743 3152 1987 3224 magistri

362 3244 518 3311 jussa
558 3242 787 3312 cupiens
812 3242 1044 3296 solerter
1074 3239 1318 3310 explere,
1361 3238 1491 3291 dum
1542 3234 1774 3292 festinus
1795 3239 1900 3294 iter
1918 3244 1985 3297 ad

370 3332 635 3401 palatium
676 3332 819 3406 regis
840 3341 1049 3407 ageret,
1084 3332 1396 3387 adfuturam
1429 3330 1538 3385 sibi
1570 3329 1811 3385 divinam
1850 3348 1986 3390 con-

369 3423 548 3479 ﬁdens
586 3421 940 3477 clementiam
990 3424 1202 3480 nuntiis
1221 3427 1423 3499 accipit
1452 3429 1658 3497 abiisse
1705 3434 1983 3503 puellam;

371 3527 427 3572 et
472 3533 541 3571 ne
585 3514 801 3589 fatigari
841 3516 1059 3583 debeat,
1112 3521 1378 3578 suadetur
1415 3524 1695 3594 prapriam
1736 3535 1986 3599 repetere

369 3607 584 3663 cellam.
617 3606 715 3660 Ille
746 3621 876 3661 vero
908 3608 1266 3679 praeceptoris
1322 3626 1516 3681 parere
1549 3629 1660 3668 non
1709 3614 1985 3673 desistens

371 3700 624 3771 imperia,
669 3699 922 3771 pervenit
974 3700 1044 3754 ad
1084 3702 1351 3772 palatium
1416 3723 1432 3758 :
1474 3721 1709 3762 marore
1728 3718 1987 3778 parentes

366 3787 534 3855 aftici,
574 3790 724 3844 luctu
757 3788 1033 3860 palatinos
1078 3790 1290 3847 invenit
1320 3794 1609 3865 comprimi
1660 3796 1774 3868 [πω.
1797 3797 1848 3867 j.
1880 3813 1988 3869 ap-

367 3885 571 3956 primi].
604 3885 845 3950 Quorum
878 3884 1134 3955 lacrymis
1161 3893 1216 3938 et
1241 3884 1359 3956 ipse
1389 3894 1611 3941 sanctus
1637 3888 1733 3942 Dei
1770 3906 1989 3959 permo-

367 3983 471 4042 tus,
506 3974 692 4045 plures
706 3974 969 4029 sccedcre
991 3974 1263 4047 praecipit,
1286 3991 1411 4031 cum
1442 3975 1631 4047 paucis
1644 3977 1711 4032 ad
1730 3977 1987 4036 funebria

365 4065 588 4121 resedit.
643 4064 745 4120 Car
765 4074 820 4119 et
848 4064 1038 4120 oculos
1055 4065 1123 4120 ad
1156 4064 1356 4121 calum
1378 4080 1505 4121 cum
1518 4065 1774 4123 manibus
1794 4077 1983 4124 exten-

363 4157 463 4220 dit,
486 4158 714 4214 devotas
745 4157 799 4211 in
839 4154 1099 4212 cubiculo
1119 4159 1323 4214 mentis
1353 4159 1465 4214 Deo
1494 4177 1687 4231 preces
1709 4178 1981 4235 compun—

362 4246 583 4310 ctionis,
640 4244 900 4317 perfusus
945 4244 1141 4300 faciem
1203 4246 1476 4317 lacrymis,
1534 4247 1743 4303 effudit.
1778 4250 1841 4305 At
1880 4252 1975 4308 ubi

362 4342 681 4397 exauditum
709 4356 767 4396 se
798 4341 1000 4412 spiritu
1030 4340 1223 4408 sentit,
1256 4340 1325 4394 ad
1365 4340 1618 4396 exanime
1659 4357 1861 4414 corpus
1882 4362 1974 4402 ac-

361 4434 675 4498 cedit,oleo
715 4442 908 4488 sancto
952 4449 1215 4486 sensuum
1249 4431 1366 4486 vias
1397 4448 1523 4487 cum
1570 4442 1713 4489 tactu
1758 4436 1975 4506 pollicis

361 4526 522 4580 illinit
553 4544 565 4579 :
600 4526 918 4596 mirumque
949 4524 1004 4578 in
1035 4524 1260 4579 modum
1294 4522 1542 4579 membra
1572 4535 1788 4583 mortua
1810 4529 1867 4585 in
1886 4548 1973 4587 re-

358 4610 541 4665 diviva
563 4622 890 4685 reparantur
914 4611 1115 4668 ofﬁcia.
1142 4612 1294 4667 Oculi
1333 4613 1519 4668 lumen
1552 4614 1837 4684 hauriunt,
1870 4636 1969 4676 vox

2092 723 2209 766 rum
2233 710 2481 781 quidam,
2513 713 2832 769 traditionis
2863 714 3028 782 hujus
3058 714 3300 785 ignarus,
3334 730 3365 768 a
3397 730 3526 787 rege
3559 715 3712 771 Ven-

2093 806 2280 861 deram
2314 804 2421 859 sibi
2449 806 2690 875 postulat
2744 806 2883 860 dari.
2935 806 3089 872 Quod
3147 806 3244 861 ubi
3277 822 3373 861 rex
3402 807 3712 872 annuisset,

2094 887 2326 949 audiens
2352 892 2592 948 domnus
2612 892 2935 949 Hincmarus
2953 893 3170 963 prasul.
3206 893 3301 965 qui
3320 894 3510 949 sedem
3555 902 3714 951 tene-

2094 984 2190 1040 bat
2219 983 2476 1038 Ecclesia
2501 982 2810 1045 Remensis,
2847 983 2988 1037 hanc
3018 981 3259 1037 infiscari
3282 982 3488 1049 villam,
3508 984 3715 1056 regalis

2097 1074 2354 1142 pracepti
2393 1073 2638 1127 chartam
2670 1070 2726 1125 in
2764 1071 3020 1126 Ecclesia
3061 1072 3225 1141 hujus
3244 1072 3472 1128 archiva
3504 1089 3705 1144 reper-

2096 1170 2224 1227 tam,
2278 1163 2519 1219 datianis
2560 1163 2791 1231 hujusce
2828 1163 3025 1217 seriem
3082 1163 3460 1219 continentem
3508 1164 3709 1220 Karolo

2093 1251 2280 1321 mittit,
2311 1258 2367 1307 et
2416 1267 2486 1306 ne
2513 1258 2705 1307 contra
2750 1251 2929 1325 legem
2983 1251 3307 1307 canonicam
3360 1269 3448 1306 res
3478 1262 3716 1324 usurpet

2092 1342 2367 1408 Ecclesia,
2394 1341 2869 1395 commonefacere
2898 1342 3116 1413 satagit.
3170 1342 3229 1395 In
3275 1359 3384 1414 quo
3428 1349 3714 1414 pracepto

2093 1429 2388 1487 manifeste
2422 1429 2626 1501 legitur
2672 1429 2953 1502 quomodo
3003 1445 3099 1484 rex
3148 1430 3543 1498 Theodericus,
3610 1446 3715 1503 pro

2090 1520 2515 1575 resuscitatione
2548 1517 2673 1574 ﬁlia
2717 1517 2771 1572 S.
2826 1518 3152 1574 Theoderici
3176 1519 3437 1590 precibus
3457 1520 3714 1585 obtenta,

2090 1625 2200 1665 non
2229 1610 2405 1666 solum
2433 1616 2794 1681 pranotatam
2819 1608 3113 1664 conferens
3137 1611 3188 1664 ei
3227 1609 3435 1677 villam,
3466 1612 3561 1668 Dei
3591 1629 3716 1668 ser-

2088 1720 2214 1758 vum
2263 1704 2349 1758 sui
2379 1702 2625 1758 muneris
2676 1703 2887 1757 honore
2917 1701 3239 1772 praetulerit,
3279 1703 3415 1775 quin
3446 1712 3501 1759 et
3528 1705 3711 1778 magi-

2089 1801 2223 1859 stra,
2253 1790 2709 1864 prastantissima
2756 1790 2968 1846 scilicet
3019 1790 3296 1864 Remigio,
3318 1792 3405 1847 cui
3439 1791 3710 1847 Dominus

2093 1894 2297 1940 tantam
2357 1884 2589 1959 gratiam
2641 1883 2971 1950 contulerat,
3022 1892 3081 1938 ut
3136 1884 3303 1938 talem
3360 1884 3702 1955 discipulum

2091 1974 2340 2040 haberet,
2374 1973 2468 2044 qui
2516 1972 2754 2043 Spiritus
2801 1973 2977 2027 sancti
3040 1974 3208 2036 dono,
3257 1976 3488 2030 sicutet
3516 1975 3707 2047 magi-

2089 2074 2224 2130 ster,
2282 2070 2530 2117 mortuos
2598 2061 2976 2127 resuscitaret,
3049 2062 3434 2118 beneficentia
3501 2063 3707 2136 gratia,

2089 2155 2272 2210 villam
2301 2154 2607 2208 Venderam
2635 2152 2919 2208 obtulerit.
2956 2153 3079 2208 Hac
3105 2160 3165 2208 ut
3195 2153 3267 2209 ita
3297 2170 3357 2208 se
3390 2154 3618 2220 habere,
3645 2171 3719 2210 ex

2091 2243 2228 2313 ipsis
2250 2242 2560 2297 chartarum
2612 2242 2972 2296 monimentis
3012 2242 3421 2310 animadvertit,
3464 2259 3725 2314 aperva—

2090 2331 2247 2388 sione
2266 2333 2409 2387 villa
2460 2331 2695 2398 destitit,
2737 2341 2793 2386 et
2832 2331 3087 2386 Ecclesia
3140 2332 3382 2404 prapriis
3423 2331 3601 2388 libere
3634 2336 3719 2391 uti

2093 2421 2364 2491 permisit.

2163 2509 2417 2564 Traditur
2443 2508 2609 2577 hujus
2636 2506 2786 2563 beati
2817 2507 2918 2562 viri
2946 2510 3307 2584 suggestione
3345 2519 3569 2568 sanctus
3599 2514 3714 2570 Re-

2093 2596 2293 2668 migius
2339 2595 2723 2651 collectionem
2764 2596 3139 2664 meretricum,
3189 2614 3312 2670 qua
3335 2599 3404 2654 ad
3434 2600 3488 2655 id
3530 2618 3713 2675 usque

2094 2686 2360 2757 temporis
2387 2685 2694 2759 prostibula
2726 2686 3059 2744 ferturextra
3073 2690 3351 2746 civitatem
3384 2693 3711 2765 retinuisse,

2093 2778 2377 2834 subversis
2393 2778 2723 2846 fornicibus,
2764 2778 2822 2833 in
2848 2779 3140 2835 viduarum
3172 2782 3540 2855 quadraginta
3569 2800 3712 2841 con-

2091 2872 2478 2945 gregationem
2534 2878 2880 2942 permutasse
2909 2912 2922 2938 ,
2971 2880 3339 2946 sumptusque
3382 2875 3713 2946 quotidiana

2091 2965 2257 3020 victui
2313 2966 2659 3021 necessarios
2712 2964 3035 3031 instituisse,
3071 2966 3365 3038 ipsumque
3418 2984 3714 3025 numerum

2090 3057 2382 3113 viduarum
2402 3057 2674 3128 perpetim
2708 3072 2952 3122 manere,
2978 3065 3038 3113 ut
3054 3058 3235 3114 adhuc
3257 3076 3482 3133 quoque
3501 3070 3712 3129 manet,

2090 3147 2421 3201 decrevisse.
2444 3146 2576 3200 Nam
2597 3145 2729 3199 dum
2748 3154 2970 3200 sanctus
2994 3145 3276 3219 Remigius
3306 3148 3708 3203 monasterium

2089 3239 2263 3295 sancti
2295 3238 2618 3294 Theoderici
2647 3237 2898 3303 visitans,
2938 3254 3103 3294 secus
3148 3239 3545 3307 meretricium,
3575 3240 3715 3311 psal-

2056 3330 2068 3348 ‘
2088 3345 2208 3386 mos
2237 3345 2360 3385 cum
2373 3331 2569 3385 eadem
2591 3329 2914 3385 charissima
2935 3330 3210 3400 discipulo
3228 3346 3328 3386 suo
3355 3332 3707 3388 canciuenda

2089 3422 2369 3490 transiret,
2398 3439 2462 3477 ac
2482 3431 2672 3477 sancto
2703 3421 3044 3477 Theoderico
3084 3438 3189 3477 vox
3239 3423 3493 3479 faucibus
3516 3425 3713 3480 basis-

2088 3520 2193 3576 set,
2210 3509 2543 3582 iterumque,
2564 3510 2621 3564 in
2642 3510 2926 3565 redeundo
2978 3511 3208 3578 scilicet,
3234 3511 3384 3567 idem
3408 3512 3465 3567 in
3483 3514 3709 3582 eodem,

2089 3617 2189 3655 ceu
2212 3611 2566 3666 memoratur,
2592 3602 2717 3657 loco
2749 3611 2803 3656 et
2832 3602 3106 3659 versiculo
3154 3603 3498 3677 contigisset,
3533 3605 3715 3661 admi-

2092 3702 2243 3749 ratus
2266 3703 2422 3764 pater
2441 3695 2839 3759 sanctissimus,
2873 3703 2929 3752 et
2957 3696 3245 3768 requirens
3282 3713 3381 3753 cur
3407 3698 3721 3770 discipulus

2030 3787 2034 3791 ’
2092 3784 2266 3839 solers
2311 3784 2369 3840 in
2414 3786 2508 3840 Dei
2562 3785 2823 3840 laudibus
2878 3792 3070 3841 contra
3117 3801 3328 3842 morem
3357 3788 3718 3855 tltubaverat,

2092 3876 2293 3948 accipit
2319 3878 2509 3933 dolere
2541 3876 2767 3933 beatum
2797 3876 2978 3932 virum
3001 3876 3071 3931 de
3090 3877 3396 3932 animarum
3418 3878 3718 3951 dispendio

2090 3966 2451 4035 perditarum,
2487 3976 2543 4024 et
2573 3968 2635 4024 in
2659 3975 2770 4023 tam
2801 3968 2977 4022 sancti
3009 3966 3180 4038 patris
3210 3968 3434 4034 vicinia,
3460 3979 3573 4026 tam
3611 3972 3713 4029 fae-

2086 4056 2170 4111 da
2201 4057 2563 4128 turpitudinis
2591 4066 2743 4114 tanta
2773 4059 2999 4115 diabolo
3029 4074 3277 4115 crescere
3304 4060 3471 4116 lucra.
3504 4062 3709 4135 Sicque

2084 4161 2409 4216 persuasum
2431 4149 2573 4219 patri
2598 4148 2872 4219 piissimo,
2928 4148 3205 4220 discipulo
3236 4160 3575 4225 suggerente
3606 4168 3707 4207 ca-

2079 4236 2343 4302 stissimo,
2372 4237 2697 4293 subvertere
2757 4238 2989 4294 latibula
3037 4240 3266 4309 diaboli,
3325 4252 3381 4298 et
3433 4243 3698 4314 deceptas

2076 4336 2242 4400 atque
2264 4329 2612 4401 decipientes
2637 4332 2919 4389 animasin
2932 4335 3315 4391 castimoniam
3336 4336 3695 4392 transducere

2077 4425 2296 4480 Christi.
2323 4425 2516 4482 Multas
2571 4435 2838 4497 praterea
2868 4433 3081 4483 constat
3132 4428 3394 4491 virtutum
3422 4445 3523 4499 per
3546 4430 3696 4486 hunc

2074 4514 2295 4572 fidelem
2352 4517 2449 4572 Dei
2492 4518 2759 4575 famulum
2814 4527 3056 4592 patratas
3101 4520 3473 4588 operationes.
3523 4521 3695 4578 Cacis

2074 4620 2274 4675 nempe
2306 4605 2508 4671 visum,
2553 4608 2739 4663 surdis
2777 4608 3053 4669 auditum,
3086 4607 3301 4662 claudis
3319 4624 3569 4682 gressum
3598 4625 3691 4664 re-

356 4705 583 4761 admoto
638 4707 880 4777 pectoris
933 4705 1174 4777 impulsu
1226 4705 1554 4777 prorumpit,
1610 4718 1663 4762 et
1704 4711 1888 4779 puella
1912 4729 1972 4769 se
1993 4696 2049 4764 Β)
2074 4702 2347 4762 staurans,
2378 4696 2563 4751 aridas
2604 4705 3027 4770 contractasque
3058 4714 3255 4753 manus
3284 4698 3553 4764 relaxans,
3577 4697 3690 4754 ab-

357 4794 503 4850 beati
536 4796 861 4853 Theoderici
906 4800 1046 4854 votis
1100 4800 1371 4855 redditam
1430 4802 1834 4874 panditsaluti.
1869 4806 1973 4860 Ac-

354 4895 583 4942 currunt
613 4885 894 4960 genitores
925 4903 1047 4941 cum
1078 4888 1284 4961 gaudio
1315 4891 1642 4947 miraculum
1662 4901 1969 4965 stupentes;

354 4975 536 5030 omnis
551 4976 787 5030 exsultat
823 4976 971 5045 aula,
996 4977 1310 5048 tripudians
1351 4980 1569 5036 latatur
1608 4981 1831 5039 familia.
1864 4985 1970 5040 Ve-

355 5075 579 5121 neratur
635 5079 876 5135 sanctus,
927 5076 1038 5123 tam
1092 5086 1122 5122 a
1153 5087 1280 5143 rege
1324 5088 1487 5143 quam
1541 5089 1572 5128 a
1621 5075 1967 5144 proceribus,

352 5156 693 5230 gloriﬁcatur
720 5173 751 5210 a
783 5156 1041 5226 palatinis
1072 5159 1351 5214 omnibus.
1388 5161 1669 5219 Laudibus
1684 5164 1909 5220 effertur
1938 5183 1969 5221 a

354 5244 549 5299 turmis
570 5246 906 5311 vulgaribus.
926 5249 1038 5304 Rex
1064 5252 1249 5323 itaque
1272 5267 1385 5306 non
1415 5251 1592 5307 solum
1607 5253 1964 5326 discipulum,

351 5339 600 5386 sanctum
632 5332 845 5389 scilicet
899 5337 1322 5408 Theodericum,
1354 5340 1451 5395 sed
1484 5349 1539 5396 et
1567 5341 1627 5396 Β.
1652 5341 1965 5416 Remigium

294 5488 301 5491 Α
350 5422 586 5493 cupiens
614 5425 1009 5484 munificentia
1039 5432 1339 5488 sublimare
1369 5434 1539 5502 dona,
1581 5435 1763 5490 villam
1797 5451 1962 5507 quam

348 5516 543 5569 dicunt
580 5516 886 5573 Venderam
945 5524 1245 5597 [Vendier],
1285 5526 1445 5582 sitam
1502 5543 1670 5598 super
1732 5526 1959 5584 fluvium

346 5604 667 5671 Maternam,
727 5611 1029 5666 reverenda
1088 5615 1230 5684 patri
1291 5617 1542 5692 Remigio
1578 5637 1594 5686 ;
1627 5619 1957 5696 Gaugiacum

343 5709 479 5753 vero
503 5693 560 5748 in
591 5714 732 5772 pago
783 5699 1075 5770 Remensi,
1145 5719 1421 5780 pracepto
1445 5727 1559 5767 sua
1592 5693 1954 5781 auctoritatis,

337 5780 539 5878 sancto
569 5791 801 5845 contulit
845 5791 1205 5878 Theoderico.
1256 5801 1517 5858 Processu
1548 5806 1793 5878 denique
1816 5791 1960 5864 tem-

328 5873 770 5951 poris,Karalo,
832 5876 1091 5935 Ludovici
1152 5885 1504 5961 imperatoris
1558 5873 1717 5962 ﬁlio;
1741 5904 1957 5967 sceptra

2073 4803 2257 4842 sessos
2287 4805 2318 4842 a
2338 4789 2687 4846 daemonibus
2739 4792 3005 4857 liberans,
3037 4790 3186 4846 mille
3208 4790 3445 4846 nocendi
3475 4791 3692 4848 Satana

2074 4872 2295 4929 fraudes
2323 4892 2425 4946 per
2452 4877 2654 4933 divina
2710 4878 3003 4935 medicina
3034 4879 3355 4935 destruebat
3382 4880 3693 4950 appositio-

2073 4981 2191 5021 nes.
2227 4967 2290 5023 Et
2320 4984 2510 5024 revera
2538 4970 2755 5027 felicem
2785 4971 2971 5046 gregis
3011 4971 3208 5027 Christi
3254 4973 3564 5041 ductorem,
3596 4974 3685 5030 cui

2071 5055 2259 5111 datum
2279 5064 2361 5113 est
2387 5066 2496 5114 tam
2553 5059 2883 5132 corporibus
2922 5077 3086 5132 quam
3113 5061 3406 5117 animabus
3432 5062 3686 5119 conferre

2069 5151 2303 5206 salutem
2337 5152 2349 5206 l
2380 5153 2762 5209 Perseveravit
2794 5162 2979 5210 autem
3021 5154 3078 5208 in
3103 5154 3199 5209 Dei
3224 5154 3491 5212 famulatu
3509 5173 3685 5228 usque

2070 5237 2126 5292 in
2157 5237 2347 5309 ﬁnem,
2371 5249 2426 5296 et
2456 5242 2605 5313 quod
2632 5258 2728 5298 ore
2756 5243 2946 5299 docuit
2970 5243 3239 5313 exemplis
3255 5243 3687 5300 evidentissimis

2066 5329 2484 5390 demonstravit.
2543 5336 2643 5401 Qui
2674 5347 2796 5408 post
2854 5337 3147 5393 multarum
3194 5337 3457 5393 virtutum
3516 5352 3685 5407 opera

2065 5437 2192 5494 post
2220 5427 2609 5485 miraculorum
2643 5430 3065 5503 insignia,bono
3090 5429 3395 5486 certamine
3415 5429 3484 5483 ad
3505 5428 3682 5484 victo-

2066 5515 2201 5571 riam
2238 5518 2529 5588 perducto,
2566 5518 2711 5575 felici
2753 5535 2916 5576 cursu
2940 5526 3349 5586 consummato,
3399 5518 3610 5575 sanctis
3631 5518 3679 5573 ei

2063 5605 2418 5665 obviantibus
2457 5610 2767 5680 spiritibus,
2830 5617 2885 5664 et
2934 5610 3243 5682 gaudenter
3289 5625 3414 5665 cum
3464 5609 3681 5682 angelis

2060 5696 2522 5766 suscipientibus,
2556 5701 2649 5756 die
2675 5701 3045 5758 Kalendarum
3065 5699 3337 5755 Juliarum
3367 5700 3681 5774 cumgloria

2064 5783 2408 5857 migravitad
2436 5778 2734 5846 Christum.
2768 5790 2934 5861 Cujus
2976 5790 3167 5845 audita
3206 5787 3439 5844 transitu
3470 5789 3684 5859 pretio-

2060 5875 2302 5946 sissima,
2336 5882 2600 5951 prafatus
2621 5899 2711 5940 rex
2762 5882 3137 5941 Theodericus
3185 5883 3255 5941 ad
3282 5882 3679 5939 monasterium
