3884 6432
201 414 273 469 89
880 409 1204 467 ΗΙΒΤΟΒΙᾹΞ
1246 410 1586 467 ECCLESUE
1624 412 1735 467 REI

2018 411 2178 467 .lBRl
2218 406 2637 475 QUATUOR.—
2673 407 2798 461 LIB.
2840 407 2881 461 Ι.
3481 407 3552 462 90

202 556 444 614 propere
483 556 610 596 cum
640 556 841 614 magna
860 539 1011 596 venit
1026 538 1408 607 multitudine,
1431 539 1833 612 praarogatique
1859 545 1912 614 Α
1935 540 2145 612 quique
2174 536 2479 594 nobilitatis
2510 550 2772 608 pompam
2794 548 2893 604 pro
2925 532 3100 587 nihilo
3125 532 3357 596 ducens,
3386 532 3557 605 elegit

199 634 309 689 sibi
341 633 603 689 beneﬁcii
629 648 870 698 memor,
926 632 1026 687 sed
1056 638 1112 687 et
1169 632 1369 687 debitae
1411 632 1691 688 servitutis
1721 648 1833 688 non
1937 629 1993 683 in
2024 626 2461 683 sanctificatione
2491 625 2603 679 Deo
2622 622 2853 690 servire,
2894 621 3330 693 relinquensque
3363 619 3557 676 devios

202 728 517 791 immemor,
546 726 618 780 ad
673 725 971 781 tumulum'
1007 724 1312 780 beatissimi
1368 740 1571 795 corpus
1613 724 1834 781 abbatis
1933 716 2228 781 anfractus,
2253 715 2398 771 viam
2427 712 2563 768 recti
2596 710 2753 767 callis
2779 709 3028 781 expetiit,
3086 709 3182 763 illa
3212 718 3436 764 secutus
3460 724 3558 763 ve-

204 815 448 886 propriis
473 815 714 869 evehere
740 813 953 868 studuit
981 813 1251 869 humeris.
1283 814 1394 869 Nec
1412 814 1635 881 mirum,
1667 813 1714 868 si
1740 830 1831 869 rex
1933 808 2119 883 stigia,
2149 824 2249 878 per
2277 822 2401 878 quae
2427 803 2678 880 turgidos
2707 801 2902 857 mundi
2925 800 3127 856 fluctus
3158 798 3555 871 pertransiens,

207 907 494 963 hominum
545 906 694 961 illius
748 906 999 961 membra
1024 906 1341 963 condiderit
1394 908 1626 974 tumulo,
1676 908 1834 977 cujus
1936 906 2266 968 PPOPCI‘aPel
2322 894 2391 949 δά
2422 891 2695 948 θωιθεῑίθη
2729 892 3017 965 Ingressus
3056 890 3556 977 itaquermonasrtrei-

207 997 451 1051 animam
483 1012 606 1051 cum
622 996 828 1071 gaudio
858 996 970 1050 Rex
992 995 1572 1070 angelorumsuscepit
1597 995 1653 1051 in
1666 1013 1741 1051 cm

2024 1002 2075 1039 m
2128 985 2187 1038 Β.
2246 980 2598 1047 Theoderici,
2651 979 2883 1056 gloriam
2916 978 3078 1046 hujus
3116 976 3304 1031 swculi
3331 976 3558 1032 tradidit

205 1085 284 1139 Ad
315 1086 475 1154 cujus
504 1067 829 1140 venerabile
877 1067 1196 1155 sepulcrum
1247 1085 1436 1141 divina
1456 1086 1633 1141 virtus
1661 1102 1834 1157 usque
1934 1068 2227 1134 oblivioni.
2253 1073 2695 1149 dignitatemque
2715 1070 2976 1126 natalium
2994 1084 3218 1124 suorum
3242 1067 3557 1123 humilitate

208 1176 263 1230 in
293 1176 627 1232 hodiernum
683 1176 833 1231 diem
864 1176 1250 1231 multimodum
1309 1176 1569 1249 dignatur
1612 1179 1830 1250 operari
1935 1167 2208 1238 despexit,
2242 1174 2297 1220 et
2326 1164 2533 1219 ultimae
2572 1162 2853 1218 servitutis
2884 1160 3171 1216 famulatui
3199 1175 3257 1214 se
3286 1159 3555 1234 subjuga-

204 1265 468 1319 salutem.
1931 1261 2026 1326 vit,
2062 1260 2290 1313 humum
2322 1265 2502 1313 rastro
2532 1256 2772 1322 fodiens,
2803 1261 2859 1308 et
2890 1251 3056 1307 aratri
3091 1267 3315 1307 vomere
3347 1250 3559 1305 telluris

278 1353 509 1409 Desidia
546 1370 698 1420 vero,
725 1354 812 1409 vel
844 1354 1066 1410 raritate
1113 1355 1467 1427 scriptorum,
1494 1356 1727 1427 plurima
1755 1358 1832 1412 si-
1934 1358 2087 1423 terga
2141 1350 2426 1415 scindens,
2481 1348 2619 1402 illud
2661 1343 3074 1418 psalmographi
3124 1341 3283 1398 factis
3324 1341 3558 1412 implere

204 1444 383 1499 lentio
410 1452 626 1500 constat
656 1445 912 1517 neglecta
957 1444 1247 1500 mirorum.
1280 1445 1387 1499 Nos
1420 1452 1603 1499 tamen
1632 1462 1827 1513 unum,
1929 1452 2186 1516 satagens
2218 1462 2229 1495 :
2262 1442 2767 1496 Laboresmanuum
2780 1444 2997 1492 tuarum
3018 1439 3151 1506 quia
3179 1434 3555 1498 manducabis,

204 1537 357 1609 quod
391 1536 1177 1608 nupercomperimusactum,
1204 1536 1551 1593 decrevimus
1581 1536 1837 1591 inseren-
1939 1534 2125 1589 beatus
2162 1549 2214 1588 es
2265 1537 2313 1587 et
2372 1533 2500 1586 bene
2543 1532 2646 1585 tibi
2700 1533 2802 1585 erit
2853 1531 3001 1596 (Psal
3077 1544 3275 1593 cxxvu,
3337 1527 3412 1595 2).
3449 1526 3560 1580 Hoc

206 1627 362 1681 dum.
403 1626 644 1692 Quadam
669 1626 915 1698 denique
937 1625 1306 1680 Sabbatorum
1328 1625 1441 1691 die,
1458 1625 1573 1693 jam
1599 1641 1839 1696 vespera
1936 1631 2122 1676 autem
2153 1621 2480 1693 quotidiana
2511 1637 2612 1691 per
2665 1618 2865 1692 viginti
2919 1618 3059 1672 duos
3087 1631 3263 1671 annos
3295 1614 3561 1668 insistens

205 1714 430 1770 Domini
462 1714 575 1769 diei
598 1715 918 1779 accedente,
952 1715 1207 1786 quaedam
1229 1714 1583 1784 paupercula,
1610 1714 1835 1769 nomine
1937 1712 2116 1782 operi,
2148 1728 2274 1768 cum
2303 1711 2523 1765 duobus
2542 1711 2799 1779 juvencis
2830 1709 2898 1762 ad
2951 1709 3055 1763 hoc
3084 1707 3193 1761 sibi
3225 1706 3557 1773 commissis,

205 1804 465 1859 Gillaidis
516 1804 582 1875 [j,
614 1803 916 1875 Gistaidis],
957 1820 1021 1859 ex
1079 1804 1291 1859 familia
1329 1804 1505 1858 sancti
1562 1803 1831 1874 Dionysii,
1861 1870 1901 1875 _
1940 1804 2107 1859 duros
2136 1812 2191 1857 et
2229 1803 2410 1859 varios
2440 1810 2750 1873 temporum
2779 1800 3008 1871 pertulit
3035 1799 3276 1854 invictus
3318 1797 3556 1853 labores.

204 1897 355 1951 villae
386 1894 563 1951 Cortis
600 1896 925 1967 superioris,
948 1896 1081 1951 dum
1114 1897 1315 1951 molam
1362 1912 1529 1951 manu
1572 1905 1831 1964 verteret,
1861 1870 1911 1937 Β
1941 1895 2097 1959 Quod
2124 1910 2255 1949 vero
2313 1893 2671 1948 memorabile
2705 1892 2955 1959 traditur,
2996 1891 3168 1946 iidem
3203 1891 3426 1960 juvenci
3456 1907 3560 1945 nec

205 1984 567 2039 manubrium
596 1984 756 2040 molae
786 1984 958 2056 ipsius
1006 1986 1230 2041 inhaesit
1258 1986 1518 2053 dexterae,
1561 1994 1621 2041 ut
1647 1986 1834 2041 divelli

206 2078 403 2143 posset
423 2088 453 2125 a
491 2073 735 2128 nemine.
766 2074 1006 2129 Tandem
1040 2075 1200 2130 molae
1222 2075 1577 2130 manubrium
1600 2091 1666 2130 ex
1694 2083 1839 2130 utra-

1938 1992 2120 2053 aatate,
2146 2002 2249 2041 nec
2275 1985 2607 2040 lassitudine
2629 1983 2986 2039 deficientes:
3008 1984 3158 2055 quod
3179 1983 3271 2038 alii
3307 1984 3559 2038 ruricola:

1936 2096 2062 2134 cum
2085 2086 2342 2150 quatuor,
2357 2078 2444 2133 vel
2464 2093 2579 2141 sex,
2613 2086 2707 2132 aut
2736 2086 2860 2132 octo
2881 2076 2971 2131 vix
2988 2083 3244 2146 poterant
3267 2075 3555 2147 perﬁcere,
3594 2121 3598 2127 .

205 2182 323 2237 que
354 2173 512 2237 parte
542 2164 1083 2221 manusabscindere
1104 2166 1841 2239 eogitur,indiciumnolens
1941 2172 2030 2227 hic
2089 2188 2215 2227 eum
2271 2171 2488 2226 duobus
2540 2170 2964 2244 infatigabiliter
3002 2168 3262 2239 explebat
3314 2168 3559 2239 Cumque

201 2274 403 2312 secum
434 2256 652 2313 deferre
672 2258 1009 2313 miserabilis
1022 2274 1226 2330 operm.
1254 2260 1317 2313 At
1334 2260 1528 2315 salutis
1548 2275 1662 2314 sua:
1681 2259 1837 2314 solli-

199 2351 337 2414 cita,
370 2350 636 2422 quoniam
665 2351 724 2404 B.
761 2350 1007 2422 Dionysii
1039 2358 1171 2407 tunc
1199 2352 1386 2408 Remis
1415 2354 1485 2407 ob
1522 2351 1837 2407 infestatio-

199 2459 333 2497 nem
356 2458 702 2515 paganorum
714 2443 1082 2499 servabantur
1098 2445 1370 2507 membra,
1387 2444 1561 2500 veloci
1579 2445 1837 2519 ingressu

194 2532 270 2588 ad
288 2531 544 2600 ejusdem
568 2532 744 2587 sancti
759 2532 1015 2604 martyris
1036 2533 1245 2589 domini
1262 2533 1347 2587 sui
1372 2534 1837 2589 contenditacce-

197 2626 342 2679 dere
364 2624 619 2699 pignora.
663 2624 1000 2679 Perveniens
1045 2640 1200 2699 ergo,
1231 2642 1355 2681 cum
1397 2640 1599 2700 magno
1643 2625 1836 2680 timore

195 2729 263 2770 ac
300 2714 611 2769 reverentia
632 2714 752 2769 solo
782 2714 1063 2785 prolapsa,
1097 2714 1483 2770 liberationem
1506 2714 1836 2784 deprecatur

196 2820 228 2857 a
262 2810 435 2858 tantae
470 2802 821 2859 confusionis
850 2803 1095 2858 miseria.
1144 2804 1202 2857 Id
1257 2819 1380 2859 cum
1412 2803 1503 2858 die
1531 2803 1836 2875 peregisset

191 2910 259 2948 ac
303 2902 490 2961 nocte,
540 2891 850 2947 remedium
897 2892 1031 2946 inde
1063 2906 1174 2947 non
1222 2892 1527 2963 desperans
1557 2891 1832 2962 accipere,

188 2981 461 3054 apparuit
475 2981 533 3035 in
552 2981 767 3036 somnis
783 2981 832 3035 ei
854 2980 1078 3052 quidam
1099 2979 1343 3035 clericali
1368 2979 1558 3034 habitu
1572 2987 1727 3035 veste
1748 2980 1836 3034 in-

190 3073 369 3126 dutus
395 3070 654 3136 candida,
685 3069 1105 3137 facisjucunda,
1131 3068 1334 3138 capillo
1349 3068 1649 3125 admodum
1681 3070 1832 3138 albo,

186 3164 348 3219 vultu
377 3163 668 3235 paulisper
685 3161 1217 3228 macilento,dicens
1244 3160 1361 3214 illi:
1397 3162 1568 3229 Surge
1598 3163 1745 3229 hinc,
1778 3168 1833 3217 et

1941 2258 2228 2328 paululum
2261 2267 2506 2313 cessaret
2532 2258 2601 2313 ab
2632 2268 2834 2324 aratro,
2881 2274 3096 2313 rursum
3130 2258 3390 2313 studebat
3421 2257 3560 2311 insi-

1939 2356 2086 2403 stere
2109 2358 2302 2405 rastro.
2352 2350 2701 2420 Stupendum
2761 2366 2986 2422 quoque
3030 2350 3213 2416 valde,
3247 2350 3394 2421 quod
3436 2365 3561 2405 cum

1938 2446 2050 2493 tam
2080 2438 2219 2493 duro
2244 2437 2469 2493 servitio
2529 2439 2775 2493 intentus
2831 2446 2993 2501 esset,
3029 2454 3132 2493 nec
3161 2437 3448 2503 deficeret,
3490 2438 3560 2492 ab

1938 2541 2069 2600 agro
2102 2526 2323 2580 rediens
2353 2542 2517 2581 unam
2559 2542 2707 2596 saepe
2756 2534 2997 2594 noctem,
3045 2526 3370 2599 frequenter
3424 2527 3563 2581 duas

1938 2621 2173 2695 pervigil
2202 2622 2555 2692 hymnorum,
2599 2622 3051 2693 psalmorumque
3106 2621 3365 2677 laudibus
3390 2621 3563 2677 tradi-

1941 2720 2030 2765 tur
2062 2711 2336 2767 excubare
2364 2712 2578 2767 solitus.

2012 2804 2255 2868 Quadam
2289 2805 2532 2877 denique
2588 2806 2701 2871 die,
2757 2806 2888 2861 dum
2922 2803 3127 2861 laboris
3153 2803 3562 2859 intermittendi

1940 2900 2189 2964 tempore
2231 2895 2456 2950 domum
2490 2898 2770 2952 rediturus
2800 2897 2869 2951 ab
2903 2894 3241 2969 agricultura
3271 2899 3560 2953 cessasset,

1939 2986 2336 3041 monasterium
2383 2989 2656 3058 repetenti
2688 2988 3001 3060 quodlibet,
3035 3002 3177 3056 Opus
3218 2983 3561 3039 emendandi

1937 3075 2103 3129 aratri
2136 3076 2358 3142 accidit,
2379 3077 2700 3151 virgamque
2754 3076 2966 3131 stimuli
3005 3075 3183 3148 ﬁgens
3238 3076 3291 3129 in
3335 3082 3560 3139 terram,

1936 3174 2162 3229 domum
2194 3186 2304 3245 quo
2337 3170 2622 3236 tendebat,
2664 3170 2956 3224 immemor
2985 3169 3239 3237 ejusdem
3265 3166 3426 3231 forte,
3452 3165 3563 3221 imo

191 3258 336 3312 vade
347 3258 424 3311 ad
434 3260 682 3311 sanctum
708 3256 1090 3309 Theodericum
1106 3271 1121 3320 ;
1145 3256 1275 3324 quia
1286 3254 1520 3308 secunda
1529 3255 1696 3321 feria,
1710 3272 1725 3324 ς

2044 3240 2232 3316 divina
2278 3261 2555 3331 disposuit
2592 3259 2711 3314 fieri
2770 3258 3100 3320 moderatio,
3142 3255 3415 3327 pervenit.
3459 3254 3561 3309 Mi-

193 3354 275 3406 est
282 3353 413 3419 post
432 3363 576 3414 cras,
601 3349 777 3417 ipsius
789 3350 891 3401 erit
910 3348 1183 3413 festivitas
1197 3346 1540 3412 celebranda,
1567 3352 1616 3400 et
1638 3347 1760 3401 vide
1769 3362 1834 3401 ne

194 3445 256 3497 in
263 3442 424 3496 domo
435 3441 552 3510 ejus
564 3455 841 3509 apparens
854 3455 1047 3505 vacua;
1063 3440 1159 3493 sed
1169 3442 1348 3511 accipe
1358 3456 1533 3494 ceram
1542 3444 1721 3509 ,prout
1735 3440 1837 3494 tibi

195 3531 275 3585 ad
296 3544 540 3599 praesens
562 3530 803 3598 suppetit
830 3529 1092 3595 facultas,
1107 3532 1157 3582 et
1185 3530 1262 3582 sic
1287 3528 1646 3582 adecclesiam
1660 3530 1838 3598 ipsius

192 3623 441 3689 perge,et
452 3619 602 3672 illius
616 3618 764 3688 quod
773 3618 1031 3686 implores
1044 3618 1305 3672 obtinebis
1325 3619 1733 3672 interventione.
1745 3616 1840 3671 llla

201 3726 335 3766 mox
364 3709 660 3786 evigilans,
712 3710 817 3765 hac
869 3711 938 3765 de
1001 3711 1217 3766 visione
1272 3709 1604 3782 stupefacta,
1633 3716 1838 3764 oratex

199 3800 493 3856 voluntate
524 3800 620 3853 Dei
670 3799 778 3854 sibi
835 3797 1149 3855 confirmari
1200 3799 1342 3867 visa,
1383 3805 1592 3854 etcum
1629 3796 1832 3873 gaudio

199 3889 429 3946 festinat
488 3905 759 3962 peragere
798 3890 969 3959 jussa.
1028 3890 1188 3945 Venit
1245 3889 1413 3963 igitur
1440 3889 1507 3943 ad
1539 3887 1832 3943 ecclesiam

198 3978 402 4044 sancti,
447 3978 784 4033 venerandae
837 3977 1208 4035 solemnitatis
1259 3978 1372 4043 dic,
1420 3976 1569 4033 beati
1619 3975 1834 4031 scilicet

197 4068 552 4134 Theoderici,
583 4075 695 4123 tres
726 4067 1105 4123 hebdomadas
1145 4066 1358 4121 habens
1386 4081 1452 4120 ex
1492 4080 1603 4136 quo
1625 4064 1682 4118 id
1709 4064 1830 4118 dis-

200 4156 459 4213 criminis
489 4156 768 4212 acciderat
796 4155 1065 4211 illi.Tunc
1092 4173 1155 4211 se
1182 4163 1310 4213 ante
1323 4156 1642 4227 sepulcrum
1660 4156 1837 4229 ipsius

199 4266 330 4305 cum
364 4249 620 4319 lacrymis
657 4255 934 4316 sternens,
960 4264 1061 4321 pro
1093 4249 1269 4305 salute
1304 4265 1404 4305 sua
1425 4265 1619 4321 preces
1647 4248 1833 4305 effun-

202 4341 289 4393 dit
321 4357 336 4403 ;
373 4338 566 4410 ibique
601 4345 715 4393 tota
746 4346 908 4395 nocte
946 4354 1310 4410 perseverans
1338 4338 1395 4392 in
1426 4338 1704 4406 oratione,
1737 4356 1838 4395 ve-

203 4432 361 4486 niam
393 4431 463 4484 de
490 4429 721 4499 piaculis
750 4430 867 4485 suis
907 4431 1196 4487 humiliter
1228 4448 1292 4488 ac
1324 4432 1562 4490 fidenter
1600 4437 1697 4510 [ms
1728 4479 1743 4506 ,
1767 4438 1839 4492 ti-

1937 3350 2112 3406 rabile
2142 3349 2315 3415 dictu,
2347 3348 2541 3419 spinea
2570 3347 2725 3420 virga
2771 3347 2876 3403 sub
2918 3353 3080 3402 nocte
3112 3344 3329 3399 radices
3356 3344 3412 3398 in
3451 3353 3563 3398 ter-

1946 3456 2062 3494 ram
2092 3439 2265 3505 dedit,
2296 3446 2349 3493 et
2383 3453 2566 3504 mane,
2625 3452 2751 3491 cum
2806 3437 2872 3491 ad
2904 3442 3232 3494 consuetum
3261 3435 3460 3490 beatus
3480 3435 3565 3490 vir

1941 3549 2085 3604 opus
2116 3532 2521 3602 rediret,atque
2550 3545 2839 3585 resumere
2854 3530 3042 3597 vellet,
3065 3537 3378 3605 turgentem
3411 3528 3567 3584 fron-

1941 3623 2106 3678 dibus
2132 3621 2363 3677 invenit.
2389 3621 2517 3686 Quaz
2541 3620 2778 3691 plurimo
2812 3627 3080 3690 tempore,
3116 3618 3449 3674 cumulando
3474 3632 3566 3674 ro-

1941 3714 2067 3781 bur,
2094 3714 2148 3767 in
2180 3713 2458 3768 excelsum
2515 3710 2708 3777 crevit,
2753 3720 2809 3765 et
2865 3710 3069 3765 factum
3118 3711 3309 3765 multis
3339 3708 3562 3775 enituit,

1943 3803 2123 3859 donec
2149 3801 2254 3857 iter
2282 3817 2453 3876 agens
2478 3801 2704 3873 quidam
2733 3814 2896 3871 pmna
2922 3799 3275 3870 plectendus,
3307 3798 3563 3854 eamdem

1944 3896 2245 3958 abscindit.
2280 3896 2678 3966 oculorumque
2695 3893 2803 3949 sibi
2835 3893 3043 3948 lumine
3070 3908 3196 3947 cum
3217 3890 3565 3947 abscissione

1946 3989 2153 4060 pariter
2178 3989 2460 4059 adempto,
2496 3988 2663 4062 juges
2692 3986 2922 4042 incurrit
2953 3984 3229 4040 tenebras.

2010 4082 2136 4150 Ejus
2164 4091 2289 4151 post
2320 4082 2437 4137 hate
2458 4089 2698 4136 aratrum
2726 4095 2758 4134 a
2787 4078 3047 4133 fidelibus
3078 4078 3134 4132 in
3157 4076 3393 4133 ecclesia
3418 4075 3565 4133 villa:

1937 4171 2254 4227 Colubrosae
2303 4186 2659 4241 suspensum,
2688 4168 2788 4237 ibi,
2837 4170 3017 4225 donec
3045 4168 3300 4223 eamdem
3335 4166 3565 4221 inimico

1946 4262 2272 4332 impellente
2319 4276 2487 4317 vorax
2540 4259 2763 4315 ﬂamma
2801 4258 3066 4315 cremavit
3095 4258 3404 4325 basilicam,
3439 4273 3566 4330 per-

1946 4349 2168 4404 mansit.
2198 4349 2274 4404 De
2323 4364 2433 4421 quo
2463 4348 2720 4421 quisquis
2777 4350 3027 4404 dolorem
3052 4347 3302 4403 dentium
3343 4346 3564 4419 patiens

1944 4439 2218 4493 hastulam
2258 4439 2618 4510 praecidisset,
2676 4456 2740 4496 ac
2795 4440 2865 4494 de
2920 4439 3041 4495 loco
3101 4438 3311 4495 doloris
3366 4455 3563 4510 parum

201 4522 427 4594 deliter]
464 4522 734 4593 exposcit.
769 4523 1021 4597 Dumque
1046 4525 1230 4581 adhuc
1254 4536 1385 4583 ante
1414 4528 1835 4600 tumbamjace-
1865 4532 2235 4632 Dsanguinis
2282 4532 2457 4588 fluere
2510 4532 2754 4599 fecisset,
2796 4531 2977 4588 statim
3037 4532 3312 4588 medelam
3366 4532 3563 4589 salutis

201 4626 288 4672 ret
329 4616 480 4671 beati
524 4617 861 4673 confessoris
891 4617 1113 4683 Christi,
1157 4620 1346 4676 divina
1370 4621 1608 4691 jubente
1639 4622 1835 4695 gratia,

202 4722 304 4777 per
327 4706 789 4762 intercessionem
841 4708 1021 4763 sancti
1077 4711 1246 4780 caapit
1298 4726 1494 4766 manus
1537 4711 1713 4783 ipsius
1744 4711 1839 4779 fe-

202 4796 376 4852 minae
402 4795 672 4866 paulatim
704 4812 735 4850 a
766 4796 916 4873 ligno
968 4797 1235 4873 disjungi,
1272 4808 1326 4854 et
1365 4800 1575 4872 absque
1608 4799 1838 4857 laesione

198 4887 511 4956 cujuslibet
550 4887 761 4943 doloris
789 4889 1022 4960 aperiri.
1076 4890 1278 4962 Sicque
1337 4890 1469 4946 dein
1500 4899 1616 4946 tota
1641 4906 1839 4948 manus

199 4979 566 5051 expanditur,
602 4987 658 5034 et
684 4980 898 5054 lignum
923 4982 1071 5038 dicto
1094 4982 1257 5038 citius
1285 4981 1340 5037 in
1374 4981 1691 5053 pavimento
1705 4998 1839 5054 pro-

202 5072 430 5151 labitur,
450 5088 515 5128 ac
527 5072 573 5127 si
589 5089 875 5146 nunquam
888 5076 1190 5132 adhaesisse
1202 5076 1498 5132 videretur.
1518 5075 1671 5131 Multi
1701 5091 1836 5132 vero

200 5160 297 5231 qui
329 5161 586 5228 aderant,
613 5162 719 5217 hoc
747 5178 1004 5235 supernae
1026 5164 1250 5236 pietatis
1280 5171 1574 5220 cernentes
1597 5165 1838 5221 miracu-

201 5251 340 5315 lum,
361 5251 818 5326 glorificaverunt
841 5256 1155 5311 mirabilem
1187 5257 1243 5312 in
1274 5258 1480 5313 sanctis
1508 5257 1623 5313 suis
1639 5258 1831 5313 Deum.

821 5347 1030 5403 CAPUT
1079 5349 1231 5403 XXV.

715 5443 789 5494 De
817 5444 1000 5495 sancto
1025 5442 1343 5510 Theodulfo.

1944 4630 2270 4694 exoptatam.
2320 4622 2465 4678 beati
2493 4619 2780 4677 Theodulfi
2809 4620 3022 4676 meritis
3054 4621 3340 4693 percipere
3373 4637 3559 4677 mere-

1938 4716 2121 4771 batur.
2155 4715 2278 4770 Haac
2306 4712 2579 4770 beneficia
2629 4730 2739 4770 non
2770 4714 2962 4770 audita
2992 4714 3194 4781 solum,
3242 4715 3342 4769 sed
3363 4730 3396 4769 a
3435 4715 3565 4785 plu-

1941 4808 2094 4864 rimis
2115 4808 2281 4865 etiam
2309 4808 2431 4863 visa
2459 4815 2785 4872 noscuntur.
2844 4814 2899 4863 et
2946 4807 3182 4863 sanitate
3214 4813 3560 4878 recuperata,

1938 4906 2067 4955 sunt
2090 4898 2401 4953 certissime
2425 4898 2735 4969 propalata.

2010 4988 2281 5046 Defuncto
2295 4989 2539 5060 denique
2561 4989 2783 5057 abbate,
2799 4989 2894 5061 qui
2919 4989 3085 5045 beato
3097 4988 3404 5063 Theodulfo
3424 5005 3567 5060 prae-

1938 5090 2056 5138 erat
2085 5083 2300 5149 tertius,
2330 5093 2391 5138 ut
2418 5081 2763 5154 praemissum
2792 5090 2894 5147 est,
2930 5081 3076 5136 idem
3110 5081 3193 5136 vir
3222 5080 3570 5137 venerabilis

1939 5174 1996 5229 in
2028 5174 2148 5231 loco
2178 5182 2382 5233 sanctae
2414 5175 2815 5231 recordationis
2847 5175 3035 5232 domni
3090 5176 3421 5232 Theoderici
3483 5184 3568 5232 est

1940 5264 2230 5320 ordinatus
2278 5264 2473 5330 abbas,
2539 5265 2773 5334 praesule
2823 5271 3129 5333 annuente,
3160 5272 3215 5322 et
3262 5268 3568 5324 monacho-

1945 5373 2070 5411 rum
2101 5364 2322 5413 caterva
2352 5364 2594 5428 petente.
2638 5357 2738 5423 Qui
2768 5357 2973 5429 adepto
3012 5358 3301 5434 regiminis
3331 5360 3565 5427 honore,

1949 5447 2105 5518 quasi
2157 5447 2311 5503 rudis
2348 5447 2451 5502 tiro
2478 5448 2693 5504 noviter
2742 5449 3001 5505 addictus
3046 5449 3335 5519 exercitio,
3359 5451 3566 5507 nullam

273 5528 496 5584 Tertius
549 5539 679 5602 post
718 5530 943 5588 beatum
973 5533 1379 5589 Theodericum
1427 5533 1480 5589 S.
1506 5532 1847 5589 Theodulfus
1948 5537 2062 5592 fere
2094 5537 2396 5607 praestabat
2421 5536 2651 5594 artubus
2697 5537 2964 5610 requiem.
2997 5539 3217 5606 Quinut
3248 5539 3567 5615 infatigatus

206 5622 463 5690 ejusdem
528 5625 850 5680 monasterii
885 5633 1064 5681 rector
1119 5625 1347 5690 exstitit,
1389 5624 1484 5697 qui
1543 5625 1846 5697 conspicua
1946 5626 2004 5681 in
2053 5640 2224 5697 opera
2272 5642 2533 5681 manuum
2594 5626 2946 5698 praestiterat,
2986 5628 3069 5685 sic
3110 5630 3419 5685 exercendo
3478 5644 3561 5695 se,

207 5714 437 5772 fulsisse
472 5716 657 5772 fertur
702 5718 1007 5775 aulicorum
1041 5718 1477 5791 propinquitate,
1516 5726 1574 5773 et
1602 5733 1840 5785 venera-

206 5804 405 5863 bilium
437 5810 866 5878 monachorum,
925 5820 1089 5884 atque
1144 5810 1496 5869 sacerdotum
1544 5810 1839 5885 dignitate,

1947 5735 2060 5775 non
2091 5718 2201 5773 sibi
2236 5734 2492 5790 parcens,
2523 5720 2592 5775 ad
2629 5718 2820 5775 divina
2846 5728 3023 5777 totum
3082 5721 3382 5794 dupliciter
3407 5728 3563 5791 apta-

1944 5812 2041 5869 bat
2074 5811 2404 5870 ministeria.
2468 5811 2778 5871 Fabricavit
2833 5813 2983 5869 enim
3030 5812 3313 5871 basilicam
3370 5811 3427 5865 in
3451 5810 3555 5866 ho-
