3884 6472
260 437 330 492 93
942 449 1643 523 HISTORIIEIECCLESIIE
1682 461 1892 517 REMEI‘

2057 463 2229 519 LIBRI
2271 462 2604 528 QUATUOR.
2638 494 2707 502 —
2740 462 2868 517 LIB.
2912 465 2952 517 I.
3555 464 3626 519 94

260 590 384 672 rum
443 578 719 672 solemnia
773 582 1223 655 celebrarentur,
1270 592 1622 650 orationibus
1683 597 1908 668 profuse
1937 608 1986 672 Α
2009 601 2299 665 devastat;
2344 599 2636 671 ipsumque
2682 599 3076 654 monasterium
3124 598 3363 653 ﬂammis
3422 599 3623 653 exurit,

262 665 626 734 lncumbens,
680 670 795 727 Deo
853 676 1246 732 commendare
1313 682 1575 737 studebat
1635 665 1897 755 animam,

264 773 439 828 quam
471 775 746 832 corporeo
807 767 1086 839 ergastulo
1136 769 1247 824 cito
1303 785 1653 843 praenoverat
1711 778 1898 834 absol-

265 850 509 905 vendam
572 854 835 924 Depulsis
895 857 1082 930 itaque
1137 862 1316 917 noctis
1373 866 1642 933 tenebris,
1701 886 1899 927 aurora

267 940 555 1009 rutilante,
615 945 1013 1002 comitantibus
1071 966 1258 1004 secum
1320 954 1655 1023 quibusdam
1697 974 1895 1015 mona-

266 1032 414 1099 chis,
444 1035 701 1090 cellulam
759 1040 1008 1109 repetiit,
1063 1042 1254 1098 hilaris
1297 1045 1367 1099 de
1436 1047 1753 1105 visitatione
1791 1052 1898 1108 sibi

267 1122 415 1179 facta
443 1132 783 1195 sanctorum,
808 1146 872 1185 ac
924 1132 994 1187 de
1035 1135 1394 1205 revelatione,
1449 1156 1558 1210 qua
1604 1143 1690 1196 sui
1715 1151 1900 1200 trans-

267 1213 381 1269 itus
411 1217 603 1272 horam
623 1220 732 1274 sibi
791 1222 1073 1295 gaudebat
1105 1226 1435 1283 intimatam.
1464 1232 1541 1286 Ad
1573 1250 1737 1304 quam
1770 1238 1901 1292 dum

266 1322 329 1360 se
380 1310 702 1379 pervenisse
757 1315 1039 1386 cognovit,
1099 1334 1224 1372 cum
1275 1319 1536 1377 fratribus
1592 1341 1788 1395 pacem
1818 1327 1899 1382 fa-

264 1396 448 1463 ciens,
508 1399 700 1454 oculos
751 1401 819 1455 ad
879 1405 1080 1459 caelum
1136 1422 1258 1461 cum
1324 1409 1581 1464 manibus
1635 1412 1892 1477 elevavit,

267 1494 325 1540 et
345 1485 589 1541 animam
610 1496 855 1544 sanctam
890 1492 1083 1546 mundi
1119 1494 1425 1569 naufragiis
1474 1506 1724 1570 ereptam
1756 1502 1898 1556 Con-

267 1574 442 1630 ditori
470 1576 629 1631 laetus
655 1578 919 1643 reddidit,
948 1597 1111 1650 quam
1155 1583 1400 1639 Christus
1428 1602 1553 1641 cum
1585 1589 1754 1645 curiae
1774 1607 1893 1647 coe-

269 1664 433 1718 lestis
449 1667 815 1722 exsultatione
844 1670 1107 1740 suscepit.

347 1753 551 1808 Horum
583 1755 829 1827 denique
884 1758 1172 1813 beatorum
1234 1763 1631 1817 monasterium
1681 1775 1895 1835 patrum

271 1860 376 1915 pro
404 1848 692 1902 monachis
713 1848 878 1903 modo
906 1850 1139 1906 clericos
1165 1852 1351 1907 habet.
1396 1853 1647 1920 Quorum
1670 1857 1896 1928 quidam

2008 696 2063 743 et
2129 689 2376 760 proxima
2425 704 2659 759 quaeque
2709 688 3230 758 circumposilarum
3284 688 3461 741 ruinis
3516 688 3626 741 fere
3684 700 3687 705 '

1999 778 2250 833 villarum
2302 777 2550 848 proterit.
2589 778 2984 847 Intuemurque
3036 776 3202 831 modo
3237 776 3351 844 jam
3388 775 3625 831 manife-

2000 879 2081 925 ste
2103 886 2267 941 quam
2308 886 2437 925 vera
2484 868 2689 924 fuerint
2715 885 2838 941 quae
2890 869 2983 923 ille
3025 868 3279 923 audierat
3310 885 3374 923 ex
3403 869 3622 923 revela-

2002 942 2173 997 tione.

2136 1080 2137 1083 η
2611 1029 2819 1083 CAPUT
2860 1029 3015 1083 XXVI

2074 1122 2148 1173 De
2176 1120 2327 1186 fonte
2370 1121 2428 1172 in
2458 1119 2646 1173 horum
2683 1123 2993 1173 sanctorum
3025 1120 3350 1173 monasterio
3376 1135 3551 1187 nuper

2709 1214 2914 1265 exorto.

2077 1304 2135 1357 In
2157 1302 2355 1357 silvula
2383 1302 2511 1357 huic
2534 1302 2795 1374 contigua
2847 1301 3209 1366 monasterio,
3244 1301 3368 1355 fons
3408 1300 3616 1355 dudum

2000 1391 2213 1447 novitcr
2239 1401 2464 1446 exortus
2518 1400 2621 1444 est.
2678 1391 2755 1444 Ad
2803 1407 2970 1461 quem
3016 1390 3342 1445 febricitans
3392 1389 3618 1460 quidam
3664 1440 3667 1445 ,

1999 1498 2128 1537 casu
2161 1482 2823 1553 deveniens,viditsupra
2851 1482 3033 1552 ipsum
3062 1481 3265 1535 fontem
3293 1481 3618 1537 inclinatum

2000 1572 2298 1642 quemdam
2320 1587 2511 1626 senem
2542 1572 2598 1625 in
2628 1570 2867 1626 clericali
2892 1571 3082 1626 habitu
3104 1576 3362 1636 stantem,
3392 1587 3618 1625 aureum

2000 1660 2257 1713 baculum
2292 1676 2457 1714 manu
2476 1667 2783 1715 tenentem.
2805 1658 2904 1722 Qui
2923 1675 3049 1713 cum
3062 1660 3249 1714 sonitu
3271 1660 3620 1715 advenientis

2000 1761 2184 1806 motus
2211 1768 2271 1806 se
2293 1752 2579 1806 videretur
2603 1752 2845 1805 erexisse
2868 1769 2898 1805 a
2924 1752 3103 1815 fonte,
3120 1760 3270 1807 tanto
3295 1752 3397 1806 iste
3416 1770 3619 1822 pavore

1997 1860 2300 1899 concussus
2352 1854 2455 1908 est,
2510 1854 2570 1898 ut
2621 1844 2888 1901 attonitus
2929 1843 2983 1897 in
3045 1850 3243 1898 terram
3293 1845 3538 1912 caderet,
3563 1854 3618 1901 et

267 1952 475 2006 nuper,
511 1936 770 1993 Otbertus
816 1940 1063 2007 nomine,
1107 1941 1429 2014 priusquam
1469 1945 1640 2000 Gallia
1688 1923 1898 2021 gadiis
1924 1923 1975 1990 Β
2000 1932 2141 1986 nihil
2169 1933 2398 1988 omnino
2451 1933 2641 1987 videre
2694 1934 2921 1988 valeret.
2957 1934 3021 1987 At
3073 1943 3196 2003 post
3220 1934 3496 1988 modicum
3526 1951 3615 1989 re-

270 2024 663 2097 Hungarorum
698 2028 991 2083 laceranda
1021 2031 1354 2099 traderetur,
1393 2034 1461 2087 ad
1526 2038 1769 2090 extrema
1797 2038 1897 2091 de—

266 2114 498 2180 ductus,
542 2115 674 2169 dum
735 2117 1038 2172 certamina
1094 2119 1408 2176 daemonum
1457 2139 1555 2193 pro
1579 2141 1637 2178 se
1668 2126 1897 2201 litigan-

269 2202 438 2269 tium,
475 2210 530 2258 et
584 2220 709 2258 eum
769 2205 840 2259 ad
898 2206 1183 2262 interitum
1224 2224 1419 2280 rapere
1450 2213 1769 2268 conantium
1802 2233 1901 2286 pa-

269 2301 509 2361 teretur,
551 2296 681 2350 almi
729 2298 949 2367 patroni
1015 2300 1099 2353 sui
1161 2300 1351 2355 domni
1396 2302 1719 2361 Theoderici
1779 2315 1901 2362 tan-

263 2381 404 2435 dem
450 2397 512 2435 se
560 2383 714 2439 videt
768 2386 909 2457 eripi
969 2388 1220 2455 meritis;
1280 2390 1563 2448 daemones
1607 2411 1739 2450 vero
1803 2412 1902 2467 per

256 2474 678 2530 invocationem
733 2474 932 2531 Christi
986 2476 1229 2533 nominis
1283 2488 1337 2533 et
1391 2492 1706 2537 sanctorum
1751 2484 1895 2553 ejus,

250 2580 285 2617 a
316 2580 386 2618 se
413 2580 542 2620 cum
569 2581 772 2640 magno
816 2567 1049 2636 strepitu
1081 2575 1138 2623 et
1193 2569 1581 2644 indignatione
1610 2576 1894 2632 recedere.

253 2656 604 2711 Viditetiam
665 2664 721 2712 et
775 2660 1070 2730 quemdam
1109 2660 1353 2730 fratrem,
1417 2666 1624 2721 dictum
1684 2669 1892 2724 Bertri-

250 2760 415 2811 cum,
476 2747 570 2818 qui
627 2763 737 2803 non
785 2751 948 2825 longe
1005 2763 1134 2808 ante
1191 2754 1527 2822 decesserat,
1588 2774 1647 2812 se
1697 2759 1894 2814 crebro

254 2838 608 2908 visitantem,
652 2842 992 2898 consolando
1044 2861 1267 2916 quoque
1298 2857 1638 2917 monentem,
1695 2866 1765 2904 ne
1806 2850 1895 2904 hic

256 2936 419 3004 apud
461 2937 726 2991 saeculum
777 2937 919 2991 ultra
956 2951 1178 2991 manere
1232 2937 1440 3009 cupiat,
1487 2937 1598 2994 imo
1637 2941 1705 2994 ad
1766 2954 1891 2993 eum

254 3025 601 3096 quantocius
648 3026 730 3080 ire
777 3026 1035 3099 gaudeat,
1087 3033 1147 3080 ut
1203 3043 1268 3082 ea
1324 3046 1447 3101 quae
1475 3047 1756 3105 nunquam
1790 3048 1891 3103 po-

259 3113 377 3168 tuit
421 3116 689 3187 cogitare,
744 3118 924 3173 valeat
976 3119 1186 3175 videre.
1238 3124 1507 3187 Quoniam
1534 3124 1578 3178 si
1625 3124 1889 3178 demora-

1997 2024 2158 2078 diens
2207 2025 2275 2079 ad
2319 2041 2399 2088 se,
2460 2025 2718 2090 surrexit,
2770 2035 2827 2079 et
2855 2024 3209 2095 splendorem
3260 2041 3371 2096 qua
3428 2023 3620 2078 senior

1996 2115 2209 2171 abierat
2238 2116 2631 2171 monasterium
2687 2133 2900 2182 versus,
2950 2133 3210 2190 magnum
3240 2115 3396 2180 vidit,
3425 2116 3619 2187 sicque

2001 2208 2240 2261 salvatus
2284 2207 2354 2261 ab
2395 2206 2716 2263 inﬁrmitate
2758 2223 2879 2270 sua,
2938 2207 3094 2262 laetus
3142 2208 3431 2262 abscessit.
3477 2206 3616 2261 Caeci

2002 2306 2134 2353 tunc
2155 2300 2421 2369 temporis
2436 2300 2541 2354 hoc
2567 2300 2624 2353 in
2666 2300 2783 2355 loco
2807 2299 3103 2354 illuminati
3135 2298 3408 2364 nonnulli,
3435 2299 3620 2354 claudi

2000 2389 2194 2453 erecti,
2242 2389 2379 2443 muti
2426 2390 2595 2445 locuti
2649 2399 2798 2456 sunt,
2852 2398 2908 2444 et
2949 2389 3102 2443 surdi
3161 2395 3621 2459 receperuntau—

2001 2479 2199 2534 ditum.
3508 2538 3517 2553 κ

2069 2568 2256 2638 Nuper
2274 2583 2499 2639 quoque
2539 2566 2796 2622 ordinato
2837 2566 3064 2641 Hugone
3111 2567 3296 2621 Remis
3322 2567 3612 2639 episcopo,

1999 2660 2249 2729 quaedam
2274 2658 2581 2729 paralitica,
2608 2675 2731 2731 quae
2756 2659 3048 2728 jacebatin
3080 2659 3305 2714 civitate
3334 2659 3404 2713 ad
3420 2659 3621 2728 januas

1996 2750 2247 2805 ecclesiae
2288 2758 2493 2806 sanctae
2544 2750 2747 2817 Mariae,
2788 2750 3383 2824 Magenildisnomine,
3420 2753 3618 2808 admo-

1997 2842 2111 2897 nita
2132 2859 2232 2913 per
2258 2843 2460 2909 visum,
2508 2844 2605 2898 illo
2636 2859 2694 2897 se
2727 2843 2932 2898 deferri
2978 2844 3156 2913 petiit,
3192 2852 3357 2915 atque
3389 2852 3449 2900 ut
3477 2861 3618 2916 aqua

1996 2932 2172 3004 ipsius
2224 2934 2394 2991 fontis
2461 2936 2680 3007 perfusa
2726 2945 2829 3001 est,
2886 2936 3325 2991 incolumitatem
3386 2936 3615 3006 recepit.

1994 3024 2252 3089 Quzedam
2284 3028 2648 3083 nihilominus
2675 3028 2971 3082 Adelwidis
3016 3028 3264 3094 nomine,
3313 3028 3469 3083 arida
3488 3028 3619 3083 bra-

1994 3119 2155 3184 chiis,
2177 3121 2442 3174 uteadem
2464 3120 2575 3174 lota
2590 3126 2672 3174 est
2698 3135 2860 3191 aqua,
2886 3120 3149 3190 sospitate
3174 3119 3348 3190 potita
3364 3120 3614 3174 recessit.

259 3216 425 3263 retur
447 3209 504 3263 in
534 3212 738 3266 saeculo
766 3211 998 3278 diutius,
1059 3230 1410 3286 nequaquam
1444 3224 1652 3271 tantum
1688 3218 1890 3271 malum

2057 3223 2183 3262 ecus
2211 3207 2438 3278 quidam
2471 3208 2541 3262 de
2570 3215 2750 3262 castro
2782 3208 3025 3263 Mosomo
3060 3209 3339 3278 (Mousom)
3365 3217 3497 3264 tunc
3511 3210 3613 3265 ad-

256 3299 502 3356 vidisse;
526 3302 849 3373 aliquando,
883 3312 1147 3375 quantum
1188 3305 1403 3363 visurus
1433 3315 1580 3361 esse;
1628 3306 1683 3360 in
1710 3308 1898 3378 prmi-
1922 3288 1971 3314 υ
1998 3295 2250 3359 veniens,
2303 3311 2429 3350 mox
2460 3306 2520 3351 ut
2546 3297 2838 3353 ecclesiam
2870 3298 3045 3353 sancti
3095 3296 3423 3352 Theoderici
3469 3295 3618 3350 visus

258 3405 380 3445 mo.
415 3390 588 3459 Cujus
608 3392 757 3447 dicta
795 3392 1052 3463 probatio
1098 3403 1311 3450 constat
1329 3395 1583 3451 veritatis
1623 3396 1893 3452 insecuta.

262 3480 384 3535 Iste
438 3480 716 3552 siquidem
750 3482 856 3536 levi
888 3482 1079 3538 dolore
1107 3483 1356 3554 corporis
1393 3491 1589 3552 tactus,
1617 3485 1686 3539 ad
1716 3488 1897 3540 eccle-

260 3570 414 3623 siam
446 3585 780 3640 properans,
806 3569 1013 3625 exitum
1034 3586 1194 3625 suum
1209 3571 1470 3641 precibus
1498 3573 1727 3628 Domino
1746 3589 1898 3629 com-

264 3662 520 3729 mendat,
540 3661 737 3717 fratres
750 3662 1005 3733 advocat,
1024 3662 1247 3718 missam
1261 3680 1504 3735 quoque,
1522 3680 1686 3735 quam
1704 3665 1894 3721 debito

262 3754 668 3826 properantius
689 3755 1057 3821 celebrarant,
1107 3756 1232 3810 illos
1272 3766 1527 3828 repetere
1568 3757 1737 3823 facit;
1772 3775 1894 3830 quae

264 3847 491 3903 viderat
555 3857 759 3913 narrat,
817 3856 872 3903 et
919 3865 1014 3904 eos
1050 3865 1233 3905 coram
1282 3866 1342 3905 se
1395 3850 1681 3906 charitatis
1720 3852 1897 3923 gratia

263 3946 463 4009 potum
518 3954 742 3994 sumere
793 3947 967 4014 rogat.
1025 3942 1100 3995 De
1159 3942 1384 3997 servitio
1442 3943 1535 3997 Dei
1590 3943 1894 3999 studiosius

260 4029 511 4101 agendo,
562 4039 618 4084 et
666 4030 1032 4099 psalmodiam
1080 4047 1205 4086 cum
1257 4032 1556 4088 devotione
1586 4034 1892 4088 canendam

263 4125 482 4180 monet,
512 4124 679 4191 atque
730 4119 843 4188 jam
885 4120 1042 4191 quasi
1091 4137 1321 4177 securus
1367 4129 1423 4177 et
1454 4122 1646 4177 hilaris
1671 4122 1889 4194 migrat.

264 4213 399 4267 Post
450 4212 611 4281 cujus
657 4212 873 4267 obitum
925 4230 1063 4287 gens
1113 4214 1494 4286 Hungarorum
1544 4214 1770 4269 Galliam
1796 4216 1890 4270 in-

260 4317 482 4374 gressa,
509 4301 784 4368 caedibus,
830 4302 1124 4369 incendiis,
1157 4320 1222 4359 ac
1272 4304 1487 4375 rapinis
1518 4320 1661 4376 pene
1692 4312 1892 4361 cuncta

1999 3396 2086 3442 est
2110 3387 2388 3450 introisse,
2438 3388 2624 3443 lumen
2654 3388 2906 3460 recipere
2937 3391 3158 3447 meruit.
3191 3391 3447 3457 Quaedam
3477 3406 3616 3460 pau-

2000 3478 2222 3548 percula
2237 3479 2304 3532 de
2332 3477 2456 3549 ipso
2490 3482 2707 3549 loco,ut
2744 3484 2939 3539 oculos
2960 3483 3066 3537 sibi
3096 3485 3198 3540 hoc
3242 3484 3396 3540 fonte
3423 3483 3613 3549 diluit,

1997 3577 2207 3643 lumen,
2267 3578 2417 3649 quod
2447 3578 2561 3646 jam
2617 3576 2687 3631 ab
2727 3576 2889 3631 annis
2933 3576 3076 3631 ultra
3114 3594 3278 3647 quam
3336 3575 3615 3631 sexdecim

1996 3667 2335 3737 perdiderat,
2407 3668 2637 3737 recepit.
2705 3667 2994 3723 Fulbertus
3041 3668 3269 3738 quidam
3327 3669 3615 3724 brachium

1994 3773 2197 3830 gerens
2226 3758 2463 3818 aridum.
2516 3765 2571 3813 et
2601 3758 2795 3813 inutile
2825 3759 2934 3813 sibi
2983 3759 3314 3824 membrum,
3342 3768 3399 3813 ut
3431 3775 3492 3814 se
3516 3759 3618 3814 hac

1994 3861 2139 3917 aqua
2171 3846 2428 3918 perfudit,
2463 3850 2781 3915 sanitatem,
2814 3850 3143 3922 brachiique
3172 3849 3382 3920 recepit
3411 3847 3619 3903 utilita-

1996 3950 2127 3997 tem.
2151 3942 2304 3996 'I‘unc
2329 3939 2495 3994 etiam
2538 3940 2764 4011 quidam
2795 3955 2994 4003 caecus,
3028 3938 3255 3995 nomine
3287 3940 3615 4005 Amalricus,

1996 4031 2074 4085 ibi
2106 4031 2281 4085 visum
2311 4030 2541 4102 recepit,
2583 4047 2708 4086 mox
2729 4031 2826 4086 ubi
2854 4047 2914 4086 se
2946 4032 3049 4086 hoc
3092 4030 3245 4086 fonte
3290 4030 3455 4096 lavit;
3480 4030 3618 4085 alia-

1994 4138 2103 4194 que
2125 4122 2284 4193 plura
2332 4138 2482 4177 nunc
2530 4123 2608 4178 ibi
2651 4123 2932 4179 refulsisse
2978 4123 3287 4194 probantur
3316 4122 3609 4187 miracula,

1994 4223 2049 4269 et
2097 4231 2164 4269 ex
2223 4214 2457 4270 diversis
2494 4215 2919 4289 aegritudinibus
2971 4214 3190 4271 diversa
3233 4224 3362 4270 sunt
3419 4214 3615 4270 collata

1996 4307 2265 4361 remedia.

1375 4665 1775 4752 LIBER
1862 4592 2535 4756 SECU‘NDUS

809 5007 1021 5062 CAPUT
1067 5008 1326 5064 PRIMUM

604 5104 680 5155 De
709 5103 1099 5157 successoribus
1132 5105 1274 5157 beati
1300 5106 1551 5171 Remigii.

334 5193 506 5246 Beato
564 5190 823 5265 Remigio
887 5194 1226 5249 successisse
1302 5192 1536 5247 traditur
1589 5193 1890 5261 Romanus,

265 5288 516 5341 Romano
544 5283 786 5351 Flavius,
820 5296 946 5357 post
984 5305 1126 5360 quos
1170 5291 1464 5363 Mapinius,
1510 5294 1600 5349 cui
1648 5302 1892 5367 potestas

262 5376 421 5451 regia
474 5376 731 5448 qumdam
749 5378 980 5434 cessisse
1004 5380 1518 5451 reperiturpraadia.
1537 5383 1806 5454 deinceps
1819 5384 1888 5439 ab

258 5468 506 5523 Ecclesia
540 5468 799 5522 Remensi
825 5471 1177 5539 possidenda.
1230 5473 1400 5546 Hujus
1420 5490 1644 5547 quoque
1673 5483 1889 5547 tempo-

255 5558 414 5612 ribus
441 5558 780 5629 Suavegotta
839 5558 1033 5633 regina
1085 5560 1344 5617 Remensi
1387 5564 1639 5621 Ecclesiae
1664 5567 1885 5622 tertiam

258 5652 473 5717 partem
498 5644 651 5700 villae
680 5643 931 5703 Virisiaci
967 5649 1209 5721 [Verzy],
1265 5668 1362 5722 per
1391 5657 1706 5711 testamenti
1731 5658 1883 5731 pagi-

256 5755 407 5804 nam,
438 5739 733 5814 delegasse
783 5742 1075 5810 reperitur.
1127 5744 1298 5808 Quam
1340 5754 1553 5815 partem
1596 5747 1741 5801 villae
1768 5747 1889 5818 ipse

258 5846 483 5902 quoque
515 5830 723 5903 praesul
770 5831 1167 5890 Theudechildi
1212 5835 1455 5906 przefatae
1501 5838 1708 5912 reginae
1739 5838 1888 5903 ﬁliai,

1915 5019 1975 5087 D
1998 5011 2426 5081 usufructuario,
2459 5030 2557 5086 per
2602 5015 2928 5086 precariam,
2956 5016 3107 5072 salvo
3158 5016 3416 5072 Ecclesiae
3465 5017 3612 5085 jure,

1997 5113 2306 5176 concessit;
2340 5113 2415 5169 ita
2436 5114 2721 5177 duntaxat,
2772 5120 2832 5167 ut
2890 5122 3014 5183 post
3053 5111 3172 5179 ejus
3201 5110 3439 5175 obitum,
3483 5110 3614 5165 abs-

1997 5221 2105 5277 que
2126 5205 2607 5275 uIIOpraajudicio,
2651 5206 2795 5261 sicut
2842 5204 2910 5258 ab
2961 5220 3027 5258 ea
3055 5201 3345 5257 meliorata
3388 5201 3611 5269 fuisset,

1995 5289 2064 5343 ad
2111 5290 2381 5347 ditionem
2416 5292 2705 5346 Hemensis
2728 5300 3081 5347 revocaretur
3142 5292 3424 5348 Ecclesiae.
3483 5296 3613 5360 Quae

1992 5382 2206 5437 scilicet
2244 5383 2635 5439 Teudechildis
2682 5384 2874 5459 regina
2912 5384 3268 5454 postmodum
3322 5386 3610 5455 nonnulla,

1990 5487 2090 5540 per
2141 5473 2451 5527 testamenti
2508 5472 2593 5527 sui
2647 5474 3053 5540 auctoritatem,
3107 5481 3357 5547 tempore
3418 5476 3610 5532 domui

1989 5561 2192 5634 Egidii,
2216 5562 2474 5618 Remensi
2500 5564 2734 5620 contulit
2761 5564 3021 5620 Ecclesiae
3051 5569 3279 5637 praedia.

2631 5655 2842 5712 CAPUT
2897 5657 2965 5711 ll.

2489 5750 2564 5802 De
2624 5750 2824 5816 Egidt'o
2850 5752 3103 5820 praesule.

2064 5840 2165 5905 Qui
2186 5840 2382 5910 praesul
2425 5841 2664 5914 Egidius
2694 5841 2750 5897 in
2779 5845 3102 5917 episcopatu
3138 5844 3434 5914 Mapinium
3466 5842 3603 5915 legi-
