3884 6424
315 405 387 461 95
1432 406 1806 461 FLODOARDI
1845 404 2152 461 CANONlCl
2193 403 2523 460 REMENSIS
3128 422 3133 425 ‘
3595 412 3681 465 96

319 547 409 594 tur
438 546 683 605 secutus,
705 538 1167 610 episcopiumque
1219 538 1502 593 invenitur
1530 536 1773 604 auxisse,
1806 553 1936 592 arva
1964 542 2013 608 Α
2037 535 2160 591 aliis
2187 535 2385 610 legatis
2412 534 2617 590 missus
2668 535 2856 592 fuerit.
2912 537 2972 591 ln
2999 553 3109 608 qua
3140 536 3422 612 legatione
3452 540 3678 594 consti-

316 627 531 682 scilicet
555 636 611 682 et
653 627 932 698 mancipia
969 626 1235 683 nonnulla
1263 626 1487 692 emisse,
1519 641 1753 697 quarum
1812 624 1933 693 ejus
2034 631 2213 678 tutum
2246 623 2421 678 fuisse
2446 622 2633 689 refert,
2670 632 2730 678 ut
2760 624 2947 680 ablato
2978 625 3301 680 Guntramni
3333 626 3481 700 regis
3511 627 3670 681 (lhil-

317 720 660 790 emptionum
689 720 873 775 adhuc
902 720 1155 791 quaedam
1185 734 1409 790 quoque
1450 717 1802 788 reperiuntur
1835 714 1931 770 in-I

315 817 641 875 strumenta,
686 818 746 863 ut
776 808 911 863 illud
978 824 1087 879 quo
1151 822 1375 878 campos
1405 807 1547 861 duos
1584 806 1653 861 ab
1683 806 1931 861 Oboleno

312 914 481 968 super
510 897 739 953 ﬂuvium
787 898 1115 952 Rotumnam
1147 897 1212 967 [j.
1245 897 1589 957 c..Rotonam
1620 896 1926 967 Retourne.]

316 990 653 1063 legiturdato
684 990 861 1061 pretio
893 1004 1515 1061 comparasse,quorum
1538 1005 1683 1043 unus
1714 989 1931 1045 modios

315 1080 464 1133 mille
487 1088 676 1134 tenere
707 1081 995 1147 sementis,
1026 1081 1166 1135 alter
1190 1081 1511 1136 inscribitur
1540 1080 1925 1154 quadringen-

316 1177 417 1223 tos.
448 1168 703 1223 Villarem
764 1170 929 1225 etiam
970 1172 1266 1242 quemdam
1318 1188 1349 1225 a
1380 1170 1623 1225 Bertulfo
1663 1170 1928 1241 quodam,

312 1278 435 1316 cum
468 1261 744 1330 adjacenti
786 1277 984 1332 campo
1018 1261 1237 1318 modios
1261 1269 1485 1316 centum
1512 1268 1759 1316 tenente.
1788 1260 1926 1314 Par-

314 1358 419 1404 tem
462 1364 684 1421 quoque
716 1351 1004 1419 cujusdam
1054 1352 1207 1407 silvae
1249 1366 1281 1405 a
1317 1350 1635 1405 Charibodo
1688 1350 1929 1421 quodam

316 1443 585 1514 reperitur
610 1443 832 1499 emisse.
878 1444 1104 1498 Necnon
1157 1443 1302 1513 apud
1344 1442 1555 1516 regiam
1581 1441 1929 1509 majestatem

315 1531 674 1588 immunitatis
702 1541 1041 1604 praeceptum
1068 1534 1315 1588 ecclesiae
1345 1548 1459 1586 suae
1499 1530 1762 1598 obtinuit,
1787 1537 1845 1585 ut
1860 1529 1930 1584 ab

312 1622 460 1675 omni
492 1622 662 1677 fiscali
693 1623 977 1680 functione
1008 1626 1092 1680 vel
1120 1626 1467 1681 mutilatione
1489 1639 1719 1696 prorsus
1749 1621 1931 1677 habe-

315 1719 460 1766 retur
479 1727 544 1766 ac
596 1723 947 1782 permaneret
995 1713 1275 1777 immunis,
1333 1713 1521 1769 omnia
1551 1726 1777 1784 quoque
1804 1709 1933 1764 data

312 1802 557 1857 ecclesiae
570 1801 826 1856 stabilem
849 1803 1166 1859 obtinerent
1183 1802 1519 1858 firmitatem.
1544 1798 1934 1855 Cliildebertus

314 1892 480 1946 etiam
512 1906 606 1944 rex
634 1890 881 1946 villarem
902 1892 1197 1963 quemdam
1224 1892 1389 1947 situm
1422 1892 1477 1945 in
1497 1891 1733 1965 Vosago.
1758 1901 1932 1960 prope

315 1981 544 2036 ﬂuvium
574 1981 819 2045 Saroam,
853 1988 963 2036 tam
986 1982 1093 2053 ipsi
1133 1998 1301 2054 quam
1327 1981 1576 2037 ecclesiae
1615 1996 1729 2035 sum
1754 1977 1934 2050 possi-

312 2072 579 2139 dendum,
613 2070 998 2126 instrumentis
1029 2072 1210 2126 adhuc
1240 2070 1615 2135 manentibus,
1649 2069 1933 2123 invenitur

315 2161 623 2215 tradidisse.
656 2161 826 2230 Hujus
878 2163 1131 2232 praesulis
1171 2169 1280 2216 tam
1323 2161 1493 2216 vitam
1533 2175 1697 2231 quam
1725 2156 1930 2229 praedi-

314 2256 589 2311 cationem
617 2256 951 2311 Fortunatus
984 2256 1225 2321 Italicus,
1254 2254 1350 2327 qui
1381 2262 1514 2309 tunc
1549 2251 1699 2324 apud
1739 2250 1940 2304 Gallias

314 2347 369 2401 in
396 2348 622 2402 metrica
667 2347 900 2423 insignis
926 2347 1254 2413 habebatur,
1291 2347 1379 2402 his
1408 2345 1623 2402 studuit
1652 2358 1939 2400 commen-

312 2439 443 2493 dare
472 2439 725 2495 versibus
748 2440 864 2511 [lib.
898 2457 977 2507 Ill,
1008 2442 1253 2497 Carmin.
1287 2440 1376 2507 18)
1414 2456 1427 2491 :

373 2550 579 2599 Actibus
601 2551 805 2614 egregiis
824 2550 1107 2614 venerabile
1134 2550 1330 2598 culmen
1362 2547 1525 2614 Egidi.

436 2614 511 2662 Ex
532 2611 673 2675 cujus
694 2611 883 2663 meritis
904 2614 1059 2663 crevit
1088 2613 1273 2661 honore
1296 2611 1495 2674 gradus,

377 2675 649 2746 Subtrahor
674 2676 892 2746 ingenio,
906 2675 1177 2746 compellor
1188 2687 1354 2722 amore
1375 2680 1565 2746 parato.

440 2738 697 2787 Laudibus
729 2734 984 2804 investris
1000 2734 1205 2804 prodere
1228 2750 1382 2798 pauca
1413 2734 1603 2804 favens.

378 2801 601 2863 Namque
622 2814 734 2849 reus
753 2801 926 2849 videor
956 2799 1106 2863 tantis
1126 2799 1335 2863 existere
1355 2799 1535 2845 causis.

442 2862 492 2928 S_i
519 2860 655 2911 solus
687 2871 871 2928 taceam
894 2861 1139 2928 quidquid
1170 2860 1355 2923 ubique
1382 2865 1542 2928 sonat,
1596 2919 1605 2928 _

379 2924 472 2973 Sed
505 2925 738 2988 quamvis
761 2921 1005 2988 nequeam
1034 2921 1188 2988 digno
1209 2921 1435 2988 sermone
1467 2921 1627 2977 fateri,

442 2984 736 3036 Da'veniam
761 2984 877 3035 voto
900 3001 979 3035 me
1001 2984 1219 3036 voluisse
1245 2984 1398 3046 loqui.

379 3050 513 3100 Exiit
532 3049 583 3097 in
616 3049 805 3097 mundo
829 3053 908 3109 (or
930 3049 1197 3110 mundum)
1227 3044 1475 3110 gestorum
1498 3044 1632 3093 fama
1659 3051 1873 3100 tuorum,

444 3114 505 3161 Et
534 3112 755 3221 progriis
781 3106 971 3160 meritis
993 3111 1132 3160 sidus
1152 3106 1206 3158 in
1230 3106 1354 3157 orbe
1376 3106 1546 3155 micas.

444 3175 568 3221 πίοι-
596 3189 621 3221 e
666 3174 801 3221 ulees
825 3188 976 3221 quam
1005 3173 1180 3221 lucifer
1200 3185 1285 3221 ore
1310 3183 1498 3219 sereno.

376 3173 568 3225 Clario’r
596 3173 812 3238 efi‘ulges»
825 3188 976 3238 quam
996 3173 1180 3238 lucifer
1200 3185 1285 3238 ore
1310 3183 1498 3219 sereno.

446 3237 532 3303 ille
558 3236 662 3285 suis
677 3236 858 3303 radiis,
891 3244 942 3285 tu
955 3236 1145 3303 pietate
1169 3236 1313 3303 nites.

381 3300 462 3349 Nil
494 3299 644 3357 lupus
672 3298 871 3346 insidiis
901 3294 1046 3347 cauto
1073 3296 1321 3346 subduxit
1334 3294 1474 3351 ovili,

444 3362 513 3410 Te
536 3368 733 3423 pastore
755 3375 893 3409 sacro
927 3360 1253 3423 pervigilante
1276 3370 1487 3423 gregem.

385 3418 620 3473 Facundo
642 3423 839 3485 eloquio
868 3418 1093 3471 coelestia:
1114 3418 1346 3485 dogmata
1368 3418 1562 3475 fundis,

448 3485 680 3535 Ecclesia:
707 3484 861 3533 crevit
891 3493 936 3533 te
958 3484 1202 3533 monitore
1232 3484 1428 3532 domus.

387 3547 643 3618 Pontificis
660 3547 831 3618 studio
859 3547 1093 3618 correctio
1114 3546 1273 3618 plebis
1290 3542 1510 3618 .liaberis,

444 3610 513 3659 Ne
546 3609 761 3660 tenebrae
777 3617 986 3659 noceant
1006 3606 1187 3673 semita
1203 3608 1334 3673 lucis
1347 3606 1492 3673 ades.
1543 3666 1588 3673 Π

385 3672 690 3721 Cunctorum
715 3686 904 3721 recreas
938 3672 1131 3720 animos
1160 3669 1424 3720 dulcedine
1454 3666 1611 3724 verbi,

446 3734 540 3793 Qui
563 3734 714 3800 satias
744 3735 922 3797 epulis,
948 3735 1109 3797 pascis
1138 3740 1187 3800 et
1207 3748 1291 3781 ore
1319 3744 1501 3800 greges.

382 3798 633 3860 Praecepta
654 3794 1065 3860 implenturfnon
1097 3797 1202 3846 solo
1227 3809 1356 3860 pane
1379 3794 1623 3860 qibamlll'.

450 3856 656 3923 Delicias
677 3856 916 3922 capimus,
942 3874 1065 3923 quas
1085 3866 1185 3923 tua
1209 3856 1361 3907 verba
1387 3856 1570 3903 ferunt.

382 3920 444 3970 Ut
460 3922 645 3985 gaudet
670 3920 848 3985 corpus
876 3920 973 3970 cui'
987 3921 1155 3985 mitior
1173 3936 1283 3985 esca
1310 3925 1534 3983 paratur,

449 3984 527 4033 Sic
552 3984 735 4048 animae
755 3983 993 4048 gaudent,
1019 3983 1088 4048 sic
1110 3991 1196 4048 tua
1224 3983 1580 4048 linguasonent.
1633 4039 1642 4048 ι
1682 4038 1708 4048 r_

386 4046 703 4110 lizercsisilla
726 4041 805 4110 (ὄν
826 4046 944 4110 itta)
959 4046 1091 4096 cadit
1121 4046 1236 4095 forti
1272 4041 1324 4110 te
1345 4042 1504 4110 milite
1528 4041 1731 4110 Christi.

448 4108 677 4179 acquiris
712 4103 835 4179 regi,
862 4103 949 4172 qui
982 4111 1076 4167 (or.
1103 4110 1241 4176 quia)
1270 4106 1409 4179 dedit
1431 4117 1572 4179 arma
1600 4103 1710 4151 tibi.

381 4172 476 4232 Qui
505 4169 686 4233 purgas
705 4169 865 4233 spinis
876 4169 1033 4234 'agros
1058 4169 1285 4222 sermone
1311 4169 1517 4223 colente,

448 4235 510 4304 Et
537 4236 781 4303 mundata
802 4234 1096 4304 Deo_surgit-
1111 4234 1298 4304 ubique
1320 4246 1472 4293 seges.

385 4296 479 4356 Qui
507 4295 663 4353 venit,
696 4304 752 4344 ut
779 4295 936 4349 exsul.
973 4295 1126 4345 tristis
1155 4295 1392 4351 defessus,
1425 4304 1622 4355 egenus,

449 4357 540 4407 Hic
561 4358 733 4420 recipit
756 4357 973 4420 patriam
999 4366 1043 4407 te
1065 4359 1314 4408 refovente
1337 4369 1496 4405 suam.

385 4421 501 4484 Quia
521 4420 684 4484 doluit
714 4420 861 4477 tollis,
885 4421 1097 4483 gemitus
1119 4422 1172 4484 in
1195 4420 1384 4484 gaudia!
1407 4423 1605 4469 vertens
1626 4430 1635 4462 :

447 4482 691 4531 Exsilium
724 4482 982 4531 removens
995 4483 1164 4532 reddis
1190 4482 1355 4531 amore
1373 4482 1517 4530 lares.

385 4544 579 4610 Pauper
600 4544 780 4610 habere
822 4545 1008 4604 cibum,
1059 4545 1239 4610 meruit
1259 4559 1455 4610 quoque
1486 4541 1652 4610 nudus
1679 4541 1938 4590 amictum.

447 4606 733 4671 Invenithic
750 4621 950 4671 semper
983 4609 1256 4671 quaabona
1274 4605 1486 4671 quisque
1514 4605 1667 4669 cupit.

381 4668 674 4732 Consultum
701 4668 879 4732 tribuis
903 4668 1195 4732 generaliter
1218 4668 1453 4720 omnibus
1486 4668 1664 4718 unum.

446 4730 745 4796 Qui__pop_uli
770 4730 923 4796 patte
936 4747 1004 4790 es,
1031 4740 1111 4796 tot
1134 4732 1216 4796 pia
1243 4732 1334 4781 rite
1362 4732 1503 4796 regis.

383 4794 497 4857 Haec
516 4792 604 4842 tibi
624 4792 730 4857 vita
753 4792 859 4850 diu,
880 4794 1111 4857 Domino
1132 4792 1398 4857 tribuente,
1416 4792 1659 4857 supersit,

446 4856 609 4919 Atque
633 4855 802 4905 futura
822 4856 969 4905 micet
990 4856 1227 4905 lucidiore
1246 4856 1345 4906 die.

395 4980 473 5035 Ab
505 4980 610 5034 hoc
652 4978 888 5049 praesule
937 4979 1236 5053 Gregorius
1266 4981 1380 5047 (lib.
1413 4997 1450 5034 ιι
1497 4982 1719 5049 Mirac,
1758 4997 1807 5036 c.
1835 4983 1941 5047 l7),

323 5067 488 5123 etiam
524 5068 863 5126 Turonensis
894 5069 1140 5146 benigno
1157 5070 1440 5143 quondam
1465 5084 1527 5123 se
1556 5078 1744 5126 narrat
1773 5070 1943 5127 fuisse

321 5166 663 5228 susceptum,
704 5163 928 5232 quando
983 5161 1149 5233 Siggo
1207 5160 1432 5232 quidam
1482 5158 1757 5233 Sigeberti
1798 5159 1945 5234 regis

326 5246 758 5316 referendarius,
815 5251 1012 5305 virtute
1079 5250 1229 5306 beati
1279 5248 1495 5305 Martini
1558 5249 1717 5318 cujus
1796 5249 1942 5304 idem

326 5338 628 5412 Gregorius
660 5348 792 5395 tunc
814 5358 999 5397 secum
1047 5343 1288 5400 habebat
1335 5342 1590 5417 pignora,
1622 5343 1680 5397 in
1700 5343 1943 5399 sacrario

326 5427 526 5483 domus
583 5427 833 5483 ecclesiae
889 5430 1178 5487 Remensis
1229 5432 1483 5489 auditum
1521 5430 1704 5487 surdae
1732 5433 1943 5504 recepit

326 5516 493 5572 auris.
529 5516 630 5582 Qui
658 5523 841 5572 tamen
871 5519 1164 5593 Gregorius
1207 5523 1264 5577 in
1297 5522 1538 5578 Historia
1564 5524 1749 5598 gentis
1770 5524 1941 5578 Fran-

324 5606 653 5677 corumUib.
686 5622 760 5672 vr,
794 5623 913 5677 cap.
944 5609 995 5678 3)
1052 5610 1122 5665 de
1148 5613 1252 5668 hoc
1291 5613 1525 5684 praesule
1556 5623 1761 5679 narrat,
1796 5614 1945 5685 quod

325 5698 540 5774 legatus
560 5715 627 5754 ex
658 5706 813 5770 parte
867 5700 1202 5758 Childeberti
1236 5705 1382 5779 regis
1425 5706 1697 5778 Sigeberti
1732 5704 1855 5771 filii,
1878 5708 1947 5761 ad

332 5790 702 5863 Chilpericum
730 5805 919 5864 regem
950 5796 1209 5864 patruum
1232 5794 1411 5866 ipsius
1428 5794 1791 5862 Childeberti,
1823 5812 1948 5853 cum

2035 716 2207 787 periei
2246 716 2433 771 fratris
2460 730 2651 791 regno,
2688 716 2745 770 in
2768 732 2828 771 se
2873 717 3216 791 conjungere
3257 733 3454 788 pacem
3486 717 3677 774 debe-

2036 816 2177 862 rent.
2213 808 2328 872 Qua
2366 807 2624 877 pactione
2676 805 2909 872 ﬁrmata,
2968 808 3134 882 legati
3183 824 3308 864 cum
3358 809 3547 881 magni
3591 809 3673 863 ad

2035 896 2454 952 Childebertum
2485 904 2615 951 sunt
2643 897 2969 951 muneribus
3000 898 3239 972 regressi
3268 898 3516 967 (ibid.,c,
3544 898 3663 966 31).

2037 986 2168 1039 [tem
2198 985 2348 1057 quod
2378 995 2671 1056 postquam
2700 984 3012 1056 Chilperico
3071 984 3219 1041 filius
3268 992 3431 1041 natus
3469 994 3573 1053 est,
3606 993 3671 1041 et

2034 1078 2156 1147 ipse
2187 1078 2425 1133 Parisios
2465 1077 2725 1149 pervasit,
2776 1076 2975 1150 legatis
3032 1076 3369 1133 Childeberti
3427 1078 3498 1133 ad
3528 1093 3665 1133 eum

2028 1169 2406 1237 venientibus,
2459 1168 2673 1240 primus
2732 1168 2876 1223 inter
2922 1182 3021 1223 eos
3061 1169 3155 1225 hic
3193 1168 3442 1241 pontifex
3471 1169 3670 1236 fuerit,

2030 1261 2125 1332 qui
2155 1262 2283 1317 data
2311 1265 2689 1338 suggestione,
2713 1280 2927 1335 pacem,
2961 1279 3126 1335 quam
3159 1261 3510 1333 Chilpericus
3532 1278 3668 1317 cum

2032 1352 2260 1422 prmfato
2290 1352 2647 1411 Childeberto
2677 1356 2903 1421 fecerat,
2951 1362 3008 1408 ut
3037 1362 3479 1417 conservaretur,
3507 1353 3673 1408 Chil-

2032 1444 2320 1499 debertum
2353 1454 2545 1517 petere
2590 1455 2873 1517 promunt,
2924 1462 3050 1507 cum
3108 1445 3275 1501 fratre
3324 1461 3457 1501 vero
3484 1445 3672 1517 ipsius

2032 1535 2329 1608 Chilperici
2353 1538 2692 1595 Gontramno
2717 1554 2910 1610 pacem
2943 1539 3153 1595 habere
3180 1553 3293 1593 non
3320 1552 3488 1608 posse
3514 1536 3675 1591 Chil-

2037 1624 2332 1680 debertum
2366 1644 2379 1679 :
2406 1626 2535 1697 quia
2566 1634 2777 1697 partem
2820 1626 3070 1682 Massiliae
3110 1632 3235 1698 post
3263 1633 3499 1680 mortem
3530 1625 3669 1680 abs-

2037 1714 2223 1769 tulerit
2280 1716 2486 1785 patris,
2543 1714 2882 1789 fugaeesque
2930 1731 3061 1770 suos
3113 1715 3385 1781 retinens,
3418 1715 3565 1771 nolit
3607 1715 3667 1769 ei

2035 1806 2336 1861 remittere.
2369 1806 2582 1874 Adjecit
2606 1807 2773 1862 etiam
2807 1807 3176 1878 Chilpericus,
3206 1807 3262 1861 in
3285 1806 3477 1861 multis
3504 1822 3671 1861 eum-

2033 1898 2158 1953 dem
2186 1897 2411 1953 fratrem
2444 1913 2605 1954 suum
2650 1914 2773 1953 esse
2808 1898 3172 1970 culpabilem,
3220 1898 3380 1967 cujus
3411 1897 3667 1954 colludio

2033 1995 2192 2057 pater
2230 1987 2394 2055 hujus
2421 1986 2761 2043 Childeberti
2810 1986 2975 2042 fuerit
3007 1986 3351 2041 interfectus.
3401 1987 3557 2041 Unde
3583 1988 3672 2042 le-

2032 2075 2143 2150 gati
2193 2091 2418 2147 quoquo
2453 2076 2689 2146 permoti
2744 2075 3015 2131 ultionem
3048 2074 3291 2130 debitam
3329 2090 3501 2145 super
3532 2091 3668 2130 eum

2032 2165 2280 2219 velocius
2307 2164 2496 2219 inferri
2531 2171 2725 2235 petunt
2758 2181 2772 2228 ;
2808 2164 2976 2235 idque
3027 2170 3086 2219 ut
3115 2170 3199 2218 est
3214 2164 3534 2230 juramento
3565 2161 3668 2218 fir-

2042 2264 2271 2320 matum,
2314 2256 2457 2311 datis
2503 2264 2557 2311 et
2614 2255 2859 2326 acceptis
2916 2254 3229 2319 obsidibus,
3263 2254 3666 2311 discesserunt.

2038 2344 2142 2399 Pro
2178 2344 2385 2416 quibus
2415 2344 2794 2419 legationibus
2852 2359 2947 2398 rex
2996 2343 3383 2411 Gontramnus,
3417 2343 3548 2399 huic
3575 2360 3673 2399 ar-

2036 2434 2394 2505 chiepiscOpo
2422 2450 2644 2505 semper
2667 2444 2785 2490 erat
2818 2433 3087 2489 infensus.
3124 2433 3279 2488 Unde
3308 2440 3365 2487 et
3393 2448 3521 2488 cum
3561 2450 3667 2505 pa-

2036 2544 2155 2582 cem
2189 2536 2384 2598 postea
2421 2528 2644 2584 fecisset
2689 2544 2816 2582 cum
2866 2527 3243 2593 Childeberto,
3296 2525 3550 2581 hortatus
3578 2534 3669 2580 est

2037 2633 2188 2685 cum,
2222 2624 2281 2672 ut
2331 2618 2482 2673 nullo
2537 2617 2703 2672 modo
2745 2616 3015 2678 crederet,
3077 2622 3172 2670 aut
3223 2613 3453 2670 haberet
3509 2614 3665 2670 hunc

2040 2708 2354 2777 prmsulem,
2398 2707 2714 2763 convicians
2761 2722 2887 2761 eum
2921 2705 3149 2776 perjurii
3178 2703 3432 2760 crimine.
3464 2703 3665 2759 Postea

2039 2797 2285 2868 denique
2350 2800 2479 2854 dum
2503 2798 2727 2870 quidam
2760 2813 2887 2853 reus
2917 2804 3293 2868 torqueretur,
3313 2794 3407 2868 qui
3437 2795 3507 2850 ad
3541 2811 3667 2865 per-

2038 2887 2363 2943 cutiendum
2419 2888 2832 2944 Childebertum
2891 2902 3078 2960 regem
3103 2903 3137 2940 a
3175 2884 3540 2959 Fredegunde
3572 2901 3667 2939 re-

2040 2986 2171 3061 gina
2200 2985 2382 3041 fuerat
2426 2986 2647 3052 missus,
2689 2983 2979 3040 confessus
3035 2992 3118 3038 est
3152 2984 3300 3038 hunc
3330 2983 3662 3054 episcopum

2041 3076 2250 3130 socium
2281 3074 2452 3130 fuisse
2480 3074 2536 3128 in
2563 3072 2931 3145 quorumdam
2958 3072 3194 3127 consilio
3225 3072 3293 3126 ad
3316 3071 3664 3127 interﬁcien-

2044 3164 2175 3219 dum
2207 3164 2464 3218 eumdem
2496 3162 2911 3218 Childebertum
2952 3177 3137 3233 regem
3176 3160 3436 3229 (Gusoon.
3470 3159 3571 3214 lib.
3605 3176 3665 3227 ι,

1972 3235 2021 3303 C
2042 3272 2090 3311 c.
2127 3252 2231 3321 13).
2264 3253 2374 3307 Nec
2398 3267 2552 3307 mora
2583 3269 2598 3319 ;
2631 3252 2927 3322 episcopus
2966 3250 3200 3321 rapitur,
3257 3258 3315 3304 et
3336 3250 3407 3304 ad
3441 3248 3663 3304 Meten-

2041 3365 2157 3404 sem
2187 3347 2405 3413 urbem,
2436 3362 2561 3402 cum
2592 3346 2911 3401 essetvalde
2940 3346 3009 3401 ab
3042 3345 3406 3419 aegrotatione
3436 3346 3665 3419 longin-

2041 3453 2151 3509 qua
2189 3437 2461 3503 defessus,
2501 3435 2820 3503 adducitur,
2873 3434 3063 3506 Ibique
3119 3435 3252 3489 dum
3280 3434 3385 3489 sub
3412 3435 3671 3490 custodia

2041 3530 2292 3603 degeret,
2324 3544 2418 3583 rex
2447 3528 2747 3599 episcopus
2790 3527 3046 3583 accersiri
3101 3526 3170 3582 ad
3226 3527 3348 3596 ejus
3378 3526 3671 3582 examina-

2041 3617 2249 3673 tionem
2282 3616 2565 3689 praecepit,
2608 3624 2663 3671 et
2696 3616 2845 3686 apud
2889 3615 3294 3671 Virdunensem
3324 3615 3522 3670 urbem
3558 3616 3669 3670 ini-

2041 3710 2117 3765 tio
2146 3710 2356 3764 mensis
2408 3708 2585 3764 octavi
2635 3708 2900 3782 [Augusti]
2967 3708 3160 3763 adesse
3198 3707 3387 3775 jussit.
3443 3708 3594 3763 Tunc
3634 3725 3669 3763 a

2039 3800 2371 3872 quibusdam
2402 3800 2543 3855 clam
2576 3800 2731 3866 (clam
2770 3801 2915 3855 deest
2944 3802 3002 3854 in
3029 3815 3133 3854 ms.
3169 3804 3218 3853 et
3251 3799 3525 3866 Gregorio)
3562 3815 3665 3854 sa-

2043 3889 2360 3945 cerdotibus
2420 3889 2757 3959 increpatus,
2788 3904 2889 3944 cur
2942 3887 3227 3943 hominem
3265 3887 3334 3942 ab
3374 3887 3515 3943 urbe
3547 3888 3668 3958 rapi

2043 3980 2253 4050 absque
2279 3978 2586 4046 audientia,
2631 3986 2686 4033 et
2730 3978 2785 4032 in
2851 3977 3160 4033 custodiam
3214 3975 3419 4031 retrudi
3450 3992 3666 4048 praece-

2044 4071 2235 4143 pisset,
2268 4071 2521 4142 permisit
2562 4086 2691 4125 eum
2737 4070 2806 4125 ad
2836 4070 3032 4125 urbem
3082 4086 3236 4125 suam
3285 4070 3491 4136 redire,
3520 4070 3667 4124 diri-

2045 4180 2182 4235 gens
2212 4162 2475 4234 epistolas
2495 4163 2564 4217 ad
2593 4178 2787 4218 omnes
2816 4162 2972 4235 regni
3004 4160 3089 4216 sui
3121 4159 3439 4232 pontiﬁces,
3467 4170 3528 4216 ut
3548 4178 3667 4216 me-

2045 4256 2138 4311 dio
2166 4271 2356 4310 mense
2387 4269 2536 4310 nono
2563 4255 2633 4309 ad
2690 4271 2817 4310 eum
2863 4253 3274 4309 discutiendum
3307 4253 3363 4307 in
3394 4252 3536 4307 urbe
3560 4270 3662 4307 su-

2047 4346 2297 4418 pradicta
2349 4346 2620 4401 deberent
2644 4347 2843 4401 adesse
2878 4387 2890 4399 .
2949 4347 3200 4417 Denique
3257 4345 3662 4400 convenientes

2048 4437 2305 4509 pertracti
2336 4444 2465 4492 sunt
2493 4453 2668 4509 usque
2697 4439 2765 4492 ad
2798 4437 3097 4492 Metensem
3128 4436 3356 4492 urbem:
3391 4436 3588 4508 ibique
3609 4444 3668 4492 et

2048 4528 2274 4603 Egidius
2305 4530 2505 4600 praesul
2536 4528 2733 4584 adfuit.
2764 4529 2915 4584 Tunc
2945 4544 3039 4583 rex
3086 4527 3376 4583 inimicum
3406 4527 3665 4581 sibieum

1966 4603 2447 4691 Dreligionisque
2500 4617 2843 4689 proditorem
2887 4632 3008 4671 esse
3067 4615 3436 4687 pronuntians
3477 4615 3667 4671 Enno-

2044 4710 2198 4764 dium
2226 4710 2423 4764 ducem
2471 4709 2537 4763 ad
2597 4708 2879 4783 negotium
2935 4707 3125 4781 dirigit
3185 4709 3662 4778 prosequendum.

2044 4797 2212 4867 Cujus
2243 4797 2547 4869 propositio
2579 4797 2758 4868 prima
2793 4798 2911 4852 haec
2978 4795 3083 4851 fuit
3117 4814 3130 4849 :
3165 4796 3259 4851 Dic
3290 4795 3449 4863 mihi,
3479 4812 3512 4852 o
3540 4796 3665 4867 epi—

2044 4886 2385 4957 scOpe,quid
2437 4886 2539 4941 tibi
2570 4886 2751 4941 visum
2791 4884 2911 4952 fuit,
2946 4891 3004 4939 ut
3050 4884 3245 4939 relicto
3295 4900 3444 4958 rege.
3476 4885 3536 4938 in
3563 4901 3664 4940 cu-

2039 4976 2132 5045 jus
2153 4976 2293 5031 urbe
2308 4975 2660 5047 episcopatus
2690 4976 2901 5031 honore
2954 4973 3249 5040 frucbaris,
3279 4973 3580 5045 Chilperici
3608 4982 3664 5029 te

2045 5068 2215 5141 regiis
2236 5068 2499 5124 amicitiis
2545 5068 2838 5134 subderes,
2871 5066 2965 5137 qui
3014 5080 3239 5136 semper
3266 5065 3532 5121 inimicus
3560 5066 3666 5120 do-

2045 5161 2197 5217 mino
2246 5170 2434 5216 nostro
2472 5162 2587 5235 regi
2641 5160 2815 5216 fuisse
2854 5162 3141 5232 probatur,
3172 5158 3267 5232 qui
3302 5165 3517 5229 patrem
3544 5158 3666 5226 ejus

2045 5252 2341 5319 interfecit,
2373 5262 2603 5309 matrem
2642 5253 2834 5309 exsilio
2862 5251 3274 5319 condemnavit,
3324 5266 3667 5323 regnumque

2045 5343 2305 5414 pervasit,
2338 5349 2394 5398 et
2414 5343 2469 5397 in
2502 5342 2588 5396 his
2614 5342 2870 5409 urbibus,
2895 5358 3054 5413 quas,
3084 5349 3145 5396 ut
3175 5339 3440 5406 diximus,
3470 5338 3665 5410 iniquo

2045 5435 2391 5506 pervasionis
2430 5435 2627 5490 ordine
2674 5450 2773 5490 suo
2834 5433 3174 5509 subjugavit,
3229 5439 3285 5487 tu
3339 5431 3408 5485 ab
3468 5430 3664 5486 eodem

2045 5525 2457 5597 possessionum
2510 5525 2780 5581 fiscalium
2840 5525 3050 5601 praedia
3093 5522 3349 5578 meruisti
3385 5520 3414 5574 Ῥ
3441 5522 3521 5575 Ad
3552 5522 3667 5576 haec

2047 5619 2141 5675 ille
2171 5618 2488 5688 respondit:
2516 5619 2671 5683 Quod
2704 5616 2901 5672 fuerim
2933 5616 3147 5672 amicus
3177 5614 3326 5689 regis
3343 5613 3666 5684 Chilperici,

2048 5723 2253 5778 negare
2280 5722 2393 5762 non
2445 5714 2663 5777 potero,
2719 5721 2830 5762 non
2880 5713 3064 5760 tamen
3123 5710 3316 5759 contra
3374 5702 3666 5757 utilitatem

2050 5798 2196 5869 regis
2226 5794 2563 5851 Childeberti
2593 5796 2711 5850 haec
2740 5794 2983 5851 amicitia
3001 5792 3311 5865 pullulavit.
3342 5790 3512 5846 Villas
3540 5806 3667 5846 vero
