3884 6420
190 386 248 440 97
837 381 1164 437 HISTORUE
1205 381 1537 436 ECCLESIA'I
1579 379 1904 436 REMENSIS
1947 379 2122 434 LIBRI
2163 378 2494 443 QUATUOR.
2529 408 2593 419 α
2625 377 2749 432 LlB.
2794 379 2834 432 Ι.

3440 376 3510 432 98

190 530 312 585 quas
327 526 612 578 memoras,
644 527 744 582 per
783 512 940 566 istius
980 512 1127 586 regis
1154 512 1373 566 chartas
1408 511 1640 565 emerui.
1666 512 1783 576 Quo
1813 520 1860 586 Α
1887 512 2103 568 itineris
2132 510 2456 582 apparuisse
2513 509 2747 564 traditur
2804 506 3034 581 angelus
3073 504 3314 570 Domini,
3348 520 3509 575 quem

192 606 484 678 proferente
511 605 736 658 easdem
771 605 827 657 in
858 603 1101 674 publico,
1125 611 1314 675 negat,
1351 619 1410 657 se
1442 619 1536 657 rex
1549 603 1784 657 haeclar-

1886 610 2104 659 constat
2137 601 2397 655 habuisse
2429 600 2770 670 przeducem,
2795 599 2927 653 dum
2957 597 3288 652 destinatam
3321 594 3514 666 ingre-

189 696 346 768 gitum
382 694 567 748 fuisse.
605 693 924 764 Requisitus
985 691 1126 757 Otto,
1160 691 1256 762 qui
1303 700 1434 746 tunc
1466 691 1788 746 referenda-
1887 692 2036 746 ditur
2073 691 2290 746 urbem.
2324 691 2478 745 Hunc
2498 689 2827 764 dignissime
2861 686 3125 758 praefatus
3156 684 3358 756 praesul
3395 682 3514 755 Egi-

193 788 294 842 rius
318 787 506 853 fuerat,
551 786 712 854 cujus
764 785 839 838 ibi
872 784 1212 854 subscriptio
1260 783 1524 839 meditata
1552 783 1787 837 teneba-
1888 782 2013 836 dius
2058 780 2389 850 suscipiens,
2451 779 2676 851 cognito
2729 775 3139 848 peregrinantis
3203 773 3509 837 desiderio,

193 885 286 946 tur,
305 879 494 943 adfuit,
517 894 730 953 negans
755 893 812 932 se
835 877 1257 947 subscripsisse.
1295 875 1790 948 Haecigiturcausa
1891 869 2209 941 petitusque
2266 867 2582 922 secretioris
2643 864 3084 922 conversationis
3140 861 3517 917 habitaculum

193 968 408 1039 primum
438 967 603 1022 fallax
633 967 932 1037 episcopus
985 972 1237 1036 repertus
1268 980 1389 1019 esse
1420 965 1645 1019 dicitur.
1667 964 1792 1018 Post
1892 963 2221 1027 concedere,
2253 959 2622 1014 libentissime
2648 958 2835 1022 cessit,
2871 956 2952 1011 sic
2984 955 3079 1011 ubi
3111 955 3218 1010 sibi
3254 955 3516 1025 placitum

194 1063 297 1116 haec
323 1059 567 1130 epistolae
614 1059 842 1129 prolatae
892 1066 1043 1123 sunt,
1079 1057 1134 1111 in
1167 1057 1374 1128 quibus
1401 1056 1572 1110 multa
1593 1056 1662 1110 de
1685 1055 1790 1108 im-

195 1153 446 1226 properiis
488 1151 880 1207 Brunechildis
931 1151 1287 1217 tenebantur,
1312 1165 1438 1221 quae
1471 1149 1541 1204 ad
1572 1148 1795 1218 Chilpe-

196 1245 351 1298 ricum
389 1243 612 1313 scriptae
665 1240 908 1296 fuerant.
970 1240 1238 1295 Similiter
1277 1246 1332 1294 et
1384 1237 1679 1308 Chilperici
1725 1237 1794 1291 ad

193 1336 493 1406 episcopum
519 1334 736 1400 delatae,
781 1334 836 1387 in
865 1332 1070 1404 quibus
1123 1333 1272 1386 inter
1293 1331 1507 1401 reliqua
1539 1328 1793 1383 habeba-

195 1435 274 1479 tur
301 1425 584 1491 insertum,
636 1423 764 1494 quia
809 1423 854 1476 si
900 1421 1055 1475 radix
1083 1421 1386 1489 cujuslibet
1413 1419 1491 1474 rei
1517 1418 1694 1473 incisa
1729 1418 1790 1488 [c.

194 1517 374 1586 excisa]
408 1532 519 1571 non
579 1515 766 1580 fuerit,
808 1513 1024 1569 culmus
1050 1513 1144 1585 qui
1169 1513 1332 1567 terris
1361 1520 1443 1567 est
1474 1511 1660 1566 editus
1685 1525 1796 1564 non

193 1607 392 1660 arescit.
450 1605 607 1660 Unde
672 1619 898 1675 prorsus
956 1603 1315 1658 manifestum
1373 1609 1458 1656 est
1516 1601 1642 1654 ideo
1684 1600 1800 1654 haec

190 1697 397 1766 scripta,
438 1702 773 1765 utsuperata
793 1693 1160 1748 Brunechilde
1192 1691 1340 1746 filius
1363 1691 1486 1759 ejus
1517 1688 1800 1760 opprime-

1895 1052 1989 1106 Dei
2030 1050 2275 1105 famulus
2333 1048 2475 1102 infra
2520 1045 2865 1117 episcopium
2918 1045 3193 1099 Remense
3255 1043 3520 1098 valuisset

1899 1144 2164 1214 reperire.
2203 1140 2417 1196 Invenit
2461 1141 2706 1206 tandem,
2733 1154 2976 1209 superna
3024 1138 3358 1208 disponente
3387 1152 3518 1210 gra-

1898 1236 1971 1290 tia
2000 1236 2178 1290 locum
2210 1233 2318 1288 sibi
2351 1247 2658 1306 congruum
2688 1231 2743 1284 in
2775 1230 2895 1286 vico
2953 1229 3242 1293 Viriziaco,
3265 1228 3335 1282 ad
3368 1227 3519 1281 radi-

1898 1342 1990 1380 ces
2018 1325 2222 1380 montis
2279 1325 2594 1388 Remorum,
2657 1338 2820 1394 quem
2857 1337 3052 1375 nemus
3082 1321 3212 1374 inde
3246 1319 3522 1389 incipiens

1899 1418 2197 1474 obumbrat
2246 1415 2542 1490 Rigetium.
2599 1415 2672 1469 Eo
2741 1414 2845 1468 loci
2905 1423 3036 1468 tunc
3093 1412 3359 1482 temporis
3407 1419 3524 1465 erat

1899 1510 2240 1572 coenobium,
2293 1523 2526 1563 numero
2593 1504 2889 1562 duodecim
2948 1506 3367 1560 monachorum.
3430 1503 3526 1556 Hic

1902 1604 2072 1678 igitur
2132 1600 2377 1673 benigne
2429 1607 2723 1668 susceptus
2773 1614 2804 1652 a
2859 1596 3141 1662 fratribus,
3193 1596 3427 1650 traditur
3457 1593 3523 1649 ab

1900 1687 2100 1742 abbate
2132 1686 2706 1742 litterisimbuendus.
2740 1685 2863 1740 Nec
2881 1685 3129 1758 longum,
3158 1686 3239 1739 sic
3270 1683 3524 1738 doctrina

195 1791 346 1839 retur.
373 1785 508 1838 Item
537 1783 648 1837 alia
678 1783 947 1838 nonnulla
973 1782 1154 1836 eidem
1180 1781 1402 1852 praesuli
1433 1779 1797 1848 objiciuntur,
1829 1793 1879 1861 Β
1903 1776 2148 1839 emicuit,
2182 1785 2241 1830 ut
2273 1783 2586 1831 coaetaneos
2645 1781 2700 1829 et
2749 1773 3182 1829 contubernales
3234 1772 3525 1843 sapientiae

193 1883 292 1930 tam
319 1877 383 1930 de
421 1875 778 1946 pactionibus
811 1891 1022 1948 regum,
1061 1891 1223 1946 quam
1263 1875 1333 1928 de
1379 1871 1800 1943 perturbatione

193 1966 388 2036 patriae,
448 1982 688 2038 quorum
724 1965 979 2036 quaedam
1011 1964 1254 2038 negavit,
1287 1962 1541 2034 quaedam
1595 1975 1799 2032 negare

193 2071 292 2110 non
319 2055 517 2126 potuit.
581 2055 645 2109 Et
695 2055 823 2109 dum
877 2055 1162 2110 altercatio
1196 2053 1405 2108 diutius
1457 2053 1795 2112 traheretur,

193 2146 353 2202 adfuit
374 2147 541 2202 etiam
599 2147 772 2201 abbas
804 2147 1150 2217 Epiphanius
1203 2145 1449 2201 basilicae
1483 2144 1661 2200 sancti
1693 2145 1799 2198 Re-

186 2238 567 2314 migii,dicens
587 2239 740 2310 quod
780 2239 891 2293 duo
916 2239 1088 2293 millia
1120 2254 1438 2303 aureorum,
1469 2237 1798 2308 speciesque

189 2328 376 2382 multas
421 2343 524 2398 pro
574 2328 954 2383 conservanda
1012 2327 1304 2398 Chilperici
1360 2327 1506 2400 regis
1559 2325 1804 2381 amicitia

187 2416 322 2470 idem
353 2416 558 2488 prwsul
620 2417 925 2487 accepisset
959 2435 971 2471 ε
1008 2423 1062 2472 et
1113 2433 1239 2472 cum
1287 2416 1503 2488 legatis,
1539 2415 1635 2487 qui
1678 2431 1802 2469 cum

186 2506 441 2577 episcopo
471 2506 630 2560 missi
663 2506 898 2577 fuerant:
929 2507 997 2561 ad
1029 2514 1393 2562 memoratum
1432 2521 1640 2580 regem,
1676 2520 1806 2575 pro—

183 2593 318 2662 palat
358 2594 504 2650 idem
560 2595 755 2661 abbas,
797 2595 1037 2667 qualiter
1082 2596 1152 2650 de
1211 2595 1426 2651 excidio
1474 2595 1720 2668 regionis
1748 2611 1810 2649 ac

183 2683 318 2755 regis
347 2685 656 2740 Gontranni
681 2694 1017 2741 conventum
1067 2685 1267 2750 fuerat,
1299 2693 1354 2740 et
1374 2694 1435 2740 ut
1464 2693 1683 2759 gestum
1727 2691 1812 2738 est

182 2791 239 2830 ex
265 2779 458 2834 ordine
489 2788 700 2834 narrat.
739 2781 865 2834 Haec
895 2780 1192 2834 audientes
1226 2779 1500 2849 epiSCOpi,
1536 2788 1590 2834 et
1614 2779 1671 2833 in
1687 2785 1808 2835 tan-

186 2866 248 2920 tis
295 2870 452 2924 malis
483 2871 837 2926 sacerdotem
900 2869 1116 2925 Domini
1167 2878 1518 2934 contuentes,
1554 2869 1804 2923 triduani

183 2959 435 3028 temporis
465 2959 714 3030 spatium
760 2961 1132 3030 deprecantur
1163 2959 1432 3016 tractandi
1460 2978 1472 3013 :
1509 2960 1724 3014 scilicet
1748 2967 1809 3015 ut

185 3045 344 3101 ullum
376 3050 618 3104 modum
642 3049 891 3119 reperire
946 3059 1137 3121 posset
1188 3051 1487 3121 episcopus
1517 3067 1616 3121 per
1641 3066 1808 3122 quem

1906 1868 2027 1922 luce
2082 1867 2328 1938 praeiret.
2365 1867 2524 1921 Nulla
2565 1866 2644 1921 illi
2697 1867 3030 1936 pr0pcnsior
3051 1881 3180 1920 cura
3211 1881 3398 1936 quam,
3432 1873 3527 1919 aut

1904 1960 1960 2014 in
1991 1959 2230 2014 lectione
2259 1959 2347 2013 vel
2386 1974 2648 2013 sermone
2689 1959 2758 2012 de
2802 1958 2932 2023 Deo,
2967 1957 3130 2012 autin
3159 1957 3411 2013 oratione
3445 1957 3526 2012 lo-

1903 2051 1998 2122 qui
2031 2067 2155 2106 cum
2188 2050 2676 2105 Deo.Transitoria
2717 2049 3056 2119 despiciens,
3088 2057 3368 2104 etaeterna
3388 2065 3526 2103 con-

1901 2144 2216 2214 cupiscens,
2273 2143 2452 2198 victus
2509 2157 2737 2212 pensam
2818 2141 3158 2212 pauperibus
3239 2141 3524 2215 erogabat,

1902 2236 2205 2308 pauxillum
2235 2236 2342 2291 sibi
2384 2236 2648 2290 duntaxat
2701 2250 3008 2301 reservans,
3039 2236 3107 2290 ad
3152 2234 3526 2290 infirmitatem

1904 2330 2154 2400 corporis
2188 2330 2630 2384 sustentandam.

1979 2423 2059 2478 lta
2091 2423 2352 2477 virtutum
2393 2438 2652 2477 crescens
2682 2421 2947 2486 culmine,
2981 2419 3285 2475 solitariam
3318 2435 3527 2474 concu-

1909 2511 2070 2582 piscit
2098 2513 2285 2578 vitam,
2307 2511 2723 2585 fastigiumque,
2756 2511 2826 2565 ad
2851 2511 3122 2565 secretius
3140 2509 3526 2574 habitandum,

1909 2601 2157 2675 contigui
2188 2601 2383 2677 deligit
2414 2601 2640 2665 montis,
2677 2602 2731 2655 in
2759 2617 2870 2673 quo
2899 2601 3154 2656 cellulam
3187 2617 3311 2655 cum
3340 2608 3528 2655 orato-

1909 2690 1992 2744 rio
2017 2692 2308 2758 construit,
2367 2689 2464 2745 ubi
2525 2690 2756 2744 liberius
2816 2689 3368 2744 cmlestideserviret
3398 2703 3532 2743 con-

1910 2780 2275 2850 templationi.
2322 2782 2380 2835 ln
2403 2797 2507 2852 qua
2535 2779 2863 2835 inclusionis
2889 2778 3234 2833 habitatione
3261 2794 3361 2848 per
3385 2793 3530 2848 qua-

1909 2873 2413 2948 dragintatraditur
2442 2889 2618 2929 annos
2647 2874 2760 2928 Deo
2792 2872 3081 2935 militasse,
3109 2878 3162 2925 et
3193 2879 3384 2926 contra
3409 2887 3532 2926 ser-

1910 2967 2096 3037 pentis
2115 2966 2332 3038 antiqui
2391 2973 2726 3021 tentamenta
2766 2965 3003 3021 viriliter
3028 2964 3345 3032 dimicasse,
3381 2964 3535 3032 jeju-

1910 3059 2021 3113 niis
2051 3099 2065 3122 ,
2125 3056 2498 3127 eleemosynis
2529 3099 2542 3122 ,
2597 3056 2804 3129 vigiliis
2837 3095 2852 3123 ,
2915 3055 3264 3111 orationibus
3293 3097 3306 3120 ,
3367 3061 3534 3124 atque

185 3152 237 3192 se
264 3139 330 3194 ab
358 3141 602 3210 objectis
627 3157 894 3196 excusare
924 3143 1152 3198 valeret.
1189 3143 1297 3197 Sed
1336 3143 1692 3197 illucescente
1715 3142 1807 3197 die
1843 3194 1884 3213 η
1908 3149 2245 3206 lectionibus
2284 3149 2670 3204 indesinenter
2706 3163 2928 3213 vacans,
2981 3153 3035 3201 et
3063 3145 3132 3200 ad
3164 3162 3224 3200 se
3242 3145 3537 3200 venientes

367 3194 379 3196 —
636 3194 649 3196 ν
1908 3194 2244 3206 .νν..ν.-.η..υ
2286 3194 2659 3204 ...υ-νηηηηη-
2719 3194 2928 3213 .--ω-η

181 3229 348 3296 tertia,
380 3231 788 3286 convenientes
852 3231 909 3285 in
965 3232 1257 3287 ecclesiam
1298 3231 1640 3306 interrogant
1683 3232 1807 3303 epi-
1839 3194 1888 3264 Ο
1915 3239 2182 3295 doctrina;
2221 3246 2426 3295 sancta
2457 3240 2580 3294 luce
2605 3236 2975 3308 perfundens,

180 3331 419 3388 scopum,
449 3327 510 3375 ut
538 3320 586 3374 si
602 3320 820 3392 aliquid
852 3321 1226 3377 excusationis
1253 3321 1506 3389 haberet,
1540 3322 1806 3378 ediceret.

184 3413 362 3467 Atille
412 3415 686 3470 confusus
716 3415 830 3470 ait:
869 3436 892 3464 α
944 3416 1023 3469 Ad
1075 3414 1406 3472 sententiam
1441 3416 1680 3471 dandam
1719 3433 1812 3471 su-

188 3519 280 3573 per
306 3505 651 3578 culpabilem
692 3523 761 3562 ne
807 3508 1124 3564 moramini.
1159 3509 1290 3563 Nam
1323 3524 1426 3581 ego
1458 3509 1587 3564 novi
1615 3525 1702 3563 me
1735 3508 1807 3564 ob

186 3593 389 3649 crimen
447 3597 761 3669 majestatis
793 3614 947 3653 reum
1006 3613 1126 3652 esse
1177 3598 1392 3662 mortis,
1455 3598 1550 3668 qui
1593 3613 1817 3667 semper

189 3695 370 3740 contra
396 3688 704 3744 utilitatem
744 3689 908 3759 hujus
951 3689 1118 3762 regis,
1178 3689 1480 3760 matrisque
1533 3689 1652 3757 ejus
1680 3689 1767 3760 egi
1802 3706 1816 3754 ;

186 3791 243 3830 ac
275 3792 371 3846 per
406 3795 601 3835 meum
656 3779 953 3835 consilium
995 3780 1168 3836 multa
1224 3779 1398 3834 fuisse
1448 3788 1608 3853 gesta
1639 3788 1819 3834 certa-

189 3866 328 3922 mina
354 3872 510 3940 novi,
545 3871 756 3944 quibus
786 3872 1055 3928 nonnulla
1087 3871 1385 3926 Galliarum
1415 3872 1536 3928 loca
1563 3872 1820 3943 depOpu-

186 3956 289 4013 lata
318 3969 466 4017 sunt.
509 3985 527 4010 ι
560 3960 691 4015 Haec
713 3961 963 4032 episcopi
1007 3960 1322 4026 audientes,
1371 3977 1435 4017 ac
1455 3962 1820 4017 lamentantes

186 4045 361 4103 fratris
415 4049 818 4122 Opprobrium,
849 4049 1080 4105 obtenta
1117 4049 1249 4117 vita,
1292 4050 1476 4121 ipsum
1513 4050 1581 4104 ab
1619 4051 1816 4106 ordine

183 4141 535 4208 sacerdotali,
596 4141 755 4196 lectis
785 4157 1062 4196 canonum
1121 4141 1529 4208 sanctionibus,
1561 4156 1815 4195 remove-

187 4236 307 4283 runt
361 4231 464 4296 Qui
499 4231 691 4286 statim
723 4231 791 4286 ad
846 4232 1372 4306 Argentoratensem
1406 4231 1626 4300 urbem,
1651 4246 1817 4301 quam

186 4334 330 4374 nunc
359 4321 792 4395 Strateburgum
846 4328 1064 4387 vocant,
1108 4321 1382 4375 deductus
1440 4319 1634 4375 exsilio
1685 4334 1822 4374 con-

186 4408 476 4464 demnatus
508 4419 618 4466 est.
687 4411 747 4464 ln
776 4410 934 4478 cujus
982 4410 1105 4466 loco
1156 4408 1443 4466 Romulqu
1497 4408 1646 4464 filius
1675 4408 1820 4480 Lupi

187 4500 358 4568 ducis,
384 4501 504 4571 jam
554 4501 892 4573 presbyterii
936 4502 1147 4556 honore
1197 4500 1486 4571 praeditus,
1522 4500 1822 4572 episcopus

1987 3328 2123 3381 Dum
2156 3327 2248 3382 hic
2308 3327 2480 3398 igitur
2508 3325 2743 3382 almiﬁca
2791 3324 3215 3382 conversatione
3265 3323 3536 3390 decertat,

1915 3421 2121 3492 placuit
2152 3436 2408 3490 supernae
2440 3419 2903 3491 pietativirtutem
2930 3417 3017 3472 sui
3041 3417 3235 3471 militis
3265 3415 3543 3471 evidenti-

1913 3510 2018 3565 bus
2047 3509 2343 3564 ostendere
2401 3509 2577 3581 signis
2655 3509 2808 3572 Nam,
2874 3513 3070 3562 orante
3109 3505 3226 3572 illo,
3279 3503 3544 3560 Dominus

1920 3618 2120 3674 aquam
2142 3603 2192 3657 ei
2233 3601 2437 3656 montis
2485 3601 2542 3655 in
2597 3600 2802 3655 vertice
2858 3599 3117 3669 produxit
3149 3613 3178 3652 e
3209 3597 3386 3665 silice,
3419 3613 3543 3668 qua:

1919 3693 2021 3746 sub
2055 3691 2230 3747 sancti
2262 3691 2520 3762 sepulcro
2569 3689 2744 3745 fertur
2793 3688 3038 3755 exsilire,
3071 3705 3136 3742 ac
3170 3704 3268 3758 per
3291 3686 3544 3742 ecclesia)

1921 3782 2281 3839 fundamenta
2311 3782 2468 3854 quasi
2497 3781 2567 3836 de
2613 3779 2832 3836 vasculo
2855 3795 2979 3834 sese
3013 3779 3370 3850 profundere,
3403 3778 3541 3832 hau-

1920 3878 2007 3926 stu
2040 3872 2239 3938 dulcis,
2264 3879 2320 3928 et
2346 3871 2414 3926 ad
2461 3871 2764 3942 potandum
2812 3868 3071 3924 salubris.
3098 3869 3172 3923 De
3203 3883 3313 3940 quo
3343 3867 3545 3922 videli-

1921 3970 2008 4017 cet
2051 3962 2201 4018 fonte
2246 3961 2405 4016 multi
2445 3961 2744 4016 sanitatum
2808 3959 3076 4028 remedia,
3134 3963 3412 4028 potantes,
3458 3956 3544 4011 vel

1922 4054 2136 4110 balneis
2167 4062 2410 4121 utentes,
2441 4070 2539 4109 seu
2567 4054 2747 4125 capita
2793 4052 3095 4119 diluentes,
3127 4059 3548 4122 consequuntur

1921 4145 2136 4217 aegroti.

1992 4237 2239 4301 Quodam
2271 4236 2517 4307 denique
2559 4245 2832 4306 tempore,
2865 4251 2991 4289 cum
3022 4249 3160 4304 puer
3181 4231 3407 4304 quidam
3431 4231 3546 4301 pri-

1920 4331 2081 4379 vatus
2111 4325 2397 4381 oculorum
2445 4324 2514 4380 ab
2573 4332 2735 4380 aetate
2767 4323 3028 4394 primaeva
3061 4322 3287 4386 lumine,
3309 4320 3552 4392 Annegi-

1922 4417 2071 4472 selus
2085 4417 2333 4483 nomine,
2354 4416 2972 4472 antefores‘excubaret
3001 4415 3199 4484 ipsius,
3215 4412 3548 4468 duodecimo

1923 4520 2024 4560 suo
2073 4505 2334 4560 caecitatis
2387 4521 2553 4572 anno,
2612 4505 2770 4575 lapsa
2821 4504 3022 4560 virtute
3067 4503 3307 4568 coalitus,
3356 4508 3551 4557 orante

185 4568 517 4667 subrogatus
554 4568 676 4660 “est,
731 4568 1045 4665 Epiphanio
1095 4592 1162 4647 ab
1197 4568 1430 4648 abbatis
1483 4568 1692 4659 ofticio,
1719 4568 1820 4662 qui
1843 4568 1902 4638 D
1924 4595 2043 4650 viro
2070 4593 2167 4649 Dei
2223 4593 2451 4649 luminis
2503 4568 2587 4649 est
2617 4568 2830 4650 honore
2867 4594 3126 4649 donatus.
3163 4591 3318 4658 Quod
3349 4591 3549 4648 divinae

188 4684 426 4742 basilicas
482 4687 666 4743 sancti
725 4686 963 4759 Remigii
1029 4694 1298 4758 praeerat,
1362 4693 1594 4740 remoto.
1655 4683 1822 4739 Multa

185 4775 328 4829 enim
396 4777 521 4831 auri
585 4777 919 4848 argentique
985 4775 1042 4829 in
1087 4775 1253 4844 hujus
1315 4774 1567 4845 episcopi
1602 4781 1820 4846 regesto

188 4867 433 4934 pondera
472 4873 613 4922 sunt
644 4875 885 4938 reperta.
919 4866 1051 4930 Quae
1068 4875 1253 4921 autem
1285 4864 1355 4919 de
1388 4864 1483 4918 illa
1510 4862 1825 4934 iniquitatis

187 4957 377 5013 militia
419 4968 608 5028 erant,
669 4959 949 5032 regalibus
998 4957 1277 5014 thesauris
1304 4964 1433 5012 sunt
1458 4956 1608 5012 illata
1645 4973 1660 5022 ;
1695 4971 1822 5026 quas

191 5063 315 5103 vero
346 5049 418 5103 de
455 5046 711 5114 tributis,
751 5054 846 5102 aut
899 5047 1118 5119 reliqua
1176 5046 1388 5103 ratione
1447 5044 1709 5102 Ecclesiae
1740 5043 1829 5099 in-

192 5149 350 5196 venta
377 5150 536 5206 sunt,
573 5140 660 5195 ibi
680 5139 890 5196 relicta.

855 5231 1066 5288 CAPUT
1095 5232 1188 5287 ΙΙΙ.

513 5397 521 5402 π
747 5327 821 5380 De
860 5329 1045 5381 sancto
1083 5325 1294 5379 Basolo.

262 5419 436 5490 Hujus
493 5416 682 5492 Egidii
713 5423 964 5487 tempore
995 5423 1217 5472 sanctus
1247 5415 1464 5471 Domini
1488 5415 1738 5483 Basolus,
1768 5431 1834 5470 ex

197 5513 473 5569 territorio
527 5510 914 5578 Lemovicino,
966 5509 1194 5583 regione
1243 5509 1620 5576 Armoricana,
1657 5508 1830 5564 nobili

196 5606 454 5677 prosapia
488 5601 798 5669 oriundus,
831 5618 862 5656 a
887 5601 1141 5673 partibus
1168 5600 1497 5672 Aquitaniae,
1521 5599 1832 5671 patrocinia

197 5691 502 5748 beatissimi
543 5689 790 5764 Remigii
857 5688 1309 5745 desiderabiliter
1366 5698 1660 5762 appetens,
1712 5690 1826 5744 Re-

195 5799 440 5840 mensem
472 5778 716 5838 devenit
770 5779 838 5834 ad
868 5779 1090 5838 urbem.
1137 5777 1234 5835 Cui
1292 5778 1613 5836 advenienti
1640 5792 1828 5835 comes

1923 4686 2190 4741 claritatis
2225 4687 2555 4743 miraculum
2588 4686 3001 4758 comperientes
3033 4686 3312 4751 monachi,
3337 4682 3553 4758 magnis

1922 4779 2225 4852 gratiarum
2255 4779 2571 4834 actionibus
2630 4781 2804 4835 Deum
2847 4777 3239 4854 glorificantin
3272 4774 3547 4833 clarifica-

1925 4866 2077 4923 tione
2100 4864 2286 4923 fidelis
2315 4868 2462 4923 servi
2494 4869 2604 4923 sui.

1997 4959 2212 5015 Accidit
2237 4960 2404 5016 etiam
2436 4961 2677 5032 quodam
2694 4969 2978 5028 venatore,
3018 4960 3182 5016 Attila
3223 4958 3468 5024 nomine,
3493 4958 3550 5012 in

1929 5047 2071 5103 saltu
2092 5048 2212 5116 ejus
2236 5049 2451 5104 cellulm
2477 5049 2741 5106 continuo
2762 5058 2950 5121 aptum
2972 5049 3333 5120 insequente,
3364 5055 3422 5103 ut
3459 5063 3555 5102 us-

1935 5155 2042 5211 que
2064 5140 2133 5194 ad
2185 5141 2365 5211 ipsius
2407 5143 2759 5214 presentiam
2791 5141 2907 5198 fera
2937 5142 3276 5213 perveniret,
3307 5148 3362 5198 et
3392 5139 3551 5213 quasi

1935 5229 2281 5286 liberandam
2323 5247 2382 5286 se
2414 5247 2512 5301 per
2568 5232 2749 5302 ipsum
2797 5233 3053 5300 credens,
3087 5232 3155 5288 ad
3186 5233 3360 5303 pedes
3409 5231 3551 5300 ejus,

1936 5321 2190 5394 deposita
2218 5323 2456 5392 feritate,
2512 5326 2926 5396 procumberet,
2977 5342 3258 5398 canesque
3283 5324 3552 5381 naturalis

1936 5415 2097 5470 obliti
2108 5417 2442 5490 sagacitatis,
2457 5433 2578 5472 eam
2600 5418 2821 5490 insequi
2843 5426 3154 5490 parcerent.
3175 5419 3384 5474 Exinde
3406 5432 3549 5484 mos,

1934 5503 2046 5560 imo
2076 5506 2251 5562 virtus
2280 5506 2500 5574 Christi,
2555 5508 2624 5562 ad
2679 5509 2947 5566 honorem
3001 5509 3190 5565 dilecti
3225 5508 3416 5564 famuli
3443 5506 3552 5567 sui,

1932 5597 2113 5654 adhuc
2143 5598 2308 5655 modo
2338 5608 2606 5668 servatur,
2630 5609 2690 5656 ut
2736 5608 2988 5672 promota
3010 5603 3072 5674 [j.
3103 5600 3370 5673 permota]
3405 5613 3557 5669 quae-

1931 5687 2071 5744 libet
2107 5689 2350 5756 venatio,
2385 5690 2428 5746 si
2473 5700 2762 5766 aggestum
2815 5692 2872 5747 in
2909 5692 3148 5748 circuitu
3184 5691 3336 5746 silvae
3380 5685 3558 5756 ipsius

1931 5780 2340 5851 prominentem
2397 5782 2564 5839 fuerit
2623 5784 2889 5860 ingressa,
2953 5801 3056 5840 nec
3104 5797 3302 5838 canum
3323 5774 3557 5833 ulterius
