3884 6460
324 475 396 532 99
1442 426 1811 519 FLODOARDI
1853 460 2160 521 CANONlCl
2202 464 2532 522 REMENSIS

3571 481 3674 535 100

327 604 655 675 insequatur
699 600 985 660 aviditate,
1045 613 1148 653 nec
1177 602 1498 652 venatorum
1529 600 1822 664 appetatur
1845 610 1947 648 au-
1971 594 2025 660 A
2048 604 2243 668 petunt
2267 598 2611 674 suffragium,
2647 619 2715 657 ne
2751 612 2859 657 tam
2899 605 3112 660 crudeli
3149 607 3296 663 lanio
3320 609 3676 666 traderentur

328 696 590 751 dacitate.

399 788 596 842 Fertur
631 794 686 841 et
723 785 875 839 aliud
906 799 1014 839 non
1055 780 1475 838 contemnendae
1508 779 1587 834 rei
1618 778 1945 835 miraculum

325 881 488 949 hujus
520 878 668 934 beati
701 874 1035 932 confessoris
1062 872 1148 928 sui
1194 871 1425 936 meritis,
1458 887 1489 925 a
1540 871 1772 926 Domino
1802 888 1946 942 prae-

326 978 601 1042 rogatum,
649 965 798 1037 quod
846 978 1155 1033 suspensus
1208 962 1406 1030 laqueo
1447 959 1945 1030 quidam.nomine

331 1059 689 1135 Ragenulfus,
717 1057 787 1111 ab
821 1053 1170 1117 adversariis,
1204 1069 1328 1107 cum
1371 1053 1427 1106 in
1467 1067 1730 1123 supremo
1753 1054 1946 1108 mortis

328 1150 573 1219 periculo
599 1147 792 1202 oculos
816 1145 885 1199 ad
916 1143 1116 1199 caelum
1149 1142 1487 1209 intenderet,
1534 1142 1789 1197 invocato
1809 1158 1943 1198 voce

327 1238 668 1310 lacrymabili
713 1238 877 1291 beato
936 1235 1153 1301 Basolo,
1198 1250 1323 1290 mox
1356 1251 1388 1289 a
1418 1240 1595 1289 morte
1627 1234 1749 1289 dira
1782 1244 1942 1307 rupto

325 1331 527 1385 meruit
555 1329 777 1383 liberari
834 1329 1054 1399 laqueo.
1091 1327 1218 1381 Post
1251 1327 1424 1381 multa
1449 1325 1698 1397 denique
1721 1327 1943 1397 pietatis

326 1419 640 1490 insigniain
669 1417 780 1472 vita
809 1416 987 1487 ipsius
1009 1416 1078 1471 ab
1101 1416 1297 1479 eodem
1330 1421 1563 1486 patrata,
1590 1432 1943 1486 praenoscens

324 1524 422 1578 per
451 1506 715 1577 Spiritum
743 1522 857 1560 suae
879 1503 1189 1560 vocationis
1220 1503 1512 1557 imminere
1544 1503 1653 1557 sibi
1701 1513 1938 1576 tempus,

325 1601 474 1655 misit
503 1599 573 1654 ad
624 1606 886 1669 nepotem
936 1613 1119 1659 suum,
1173 1596 1399 1651 nomine
1452 1594 1807 1661 Balsemium,
1843 1597 1937 1669 qui

320 1710 447 1749 eum
479 1692 548 1746 ad
580 1707 639 1746 se
660 1708 691 1745 a
722 1691 1074 1746 Lemovicina
1099 1690 1330 1763 regione
1352 1691 1701 1760 perduceret,
1724 1689 1939 1763 signiﬁ-

321 1802 454 1841 cans
484 1784 563 1839 illi
613 1784 764 1855 quod
803 1790 929 1854 post
974 1782 1190 1838 obitum
1239 1798 1409 1836 suum
1454 1783 1510 1836 in
1542 1782 1808 1854 praedicto
1839 1798 1940 1839 suo

319 1875 761 1934 conversationis
827 1874 1147 1930 habitaculo
1204 1873 1436 1929 deberet
1491 1875 1657 1930 vitam
1710 1876 1937 1943 ducere,

316 1972 471 2039 juxta
497 1969 645 2040 quod
687 1952 991 2021 revelatum
1039 1965 1147 2020 sibi
1203 1964 1380 2021 fuerat
1424 1967 1728 2023 aDomino.
1773 1967 1939 2035 Cujus

322 2058 662 2115 salutaribus
695 2057 1004 2128 praeceptis,
1037 2063 1098 2111 ut
1129 2056 1311 2111 bonus
1353 2055 1501 2111 ﬁlius
1526 2056 1940 2127 obtemperans,

322 2161 377 2208 et
407 2153 476 2207 ad
515 2166 812 2221 supernam
855 2149 1232 2205 haereditatem
1266 2150 1557 2221 pervenire
1587 2151 1937 2218 desiderans,

321 2260 500 2314 usque
528 2244 598 2297 ad
629 2242 811 2296 exitus
840 2239 929 2294 sui
963 2238 1110 2293 diem
1142 2239 1198 2292 in
1220 2240 1415 2295 eadem
1450 2238 1753 2311 permansit
1777 2239 1942 2295 habi-

322 2336 550 2390 tatione.
578 2332 823 2388 Decessit
879 2339 1062 2387 autem
1094 2331 1292 2387 beatus
1324 2332 1484 2387 Pater
1500 2332 1726 2388 Basolus
1752 2350 1803 2386 v1
1822 2333 1916 2387 Kal

324 2427 605 2492 Decemb.,
636 2423 896 2496 supernis
927 2431 1257 2498 aggregatus
1286 2425 1520 2479 civibus.
1549 2425 1628 2479 Ad
1660 2425 1818 2493 cujus
1847 2441 1939 2480 se-

322 2522 572 2591 pulcrum
602 2519 773 2572 multa
803 2526 997 2588 postea
1032 2523 1340 2573 monstrata
1377 2526 1507 2572 sunt
1546 2518 1936 2575 miraculorum

318 2607 581 2681 insignia,
613 2622 737 2677 quae
771 2613 954 2660 tamen
977 2622 1076 2676 per
1109 2606 1504 2679 negligentiam
1532 2614 1589 2662 et
1617 2607 1688 2662 ob
1720 2607 1806 2662 sui
1829 2608 1940 2664 fre-

318 2698 602 2769 quentiam
625 2712 737 2751 non
752 2704 883 2750 sunt
902 2694 1106 2749 litteris
1134 2696 1556 2766 comprehensa.

392 2790 655 2844 Processu
712 2787 956 2857 denique
1004 2787 1289 2855 temporis,
1351 2796 1474 2857 post
1519 2786 1733 2842 obitum
1759 2790 1934 2844 sancti

320 2878 443 2945 viri,
474 2876 699 2931 advenit
719 2877 827 2930 huc
860 2876 1024 2929 homo
1071 2875 1297 2945 quidam
1329 2875 1557 2935 natione
1590 2875 1817 2943 nobilis,
1837 2878 1936 2932 sed

322 2969 473 3023 ferox
508 2976 721 3022 tumore
751 2966 994 3030 mentis;
1026 2966 1121 3037 qui
1172 2973 1295 3036 post
1343 2966 1651 3021 orationem
1680 2966 1935 3021 baculum

1963 2013 2017 2080 B

2052 690 2121 744 ad
2143 691 2585 759 dilacerandum,
2619 693 2996 767 lugubresque
3018 696 3076 750 in
3099 698 3309 771 gemitu
3340 710 3675 769 pernoctan-

2052 789 2152 848 tes,
2174 798 2283 837 non
2316 784 2607 839 cessabant
2635 786 2809 840 sancti
2844 787 3021 842 Basoli
3056 788 3354 859 implorare
3385 792 3666 848 solatium.

2051 872 2161 927 Nec
2188 874 2374 927 renuit
2393 874 2588 928 audire
2618 883 2842 930 sanctus
2872 876 3090 930 Domini
3119 880 3374 949 querelas
3401 896 3515 935 suae
3544 882 3667 953 ple-

2050 962 2156 1017 bis.
2190 963 2322 1018 Nam
2350 963 2491 1019 facto
2525 979 2683 1020 mane
2744 966 2990 1036 Speruus
3020 968 3169 1023 idem
3205 971 3486 1040 reperitur
3516 987 3668 1029 mor-

2050 1066 2215 1121 tuus;
2250 1073 2414 1127 quem
2456 1057 2597 1112 lecto
2630 1057 2938 1113 nitentibus
2961 1061 3253 1116 extrahere
3279 1062 3416 1127 suis,
3451 1065 3669 1135 crepuit

2048 1148 2286 1214 medius,
2318 1154 2614 1220 tantusque
2643 1150 2805 1205 foetor
2836 1151 3094 1206 eumdem
3117 1153 3299 1208 locum
3335 1155 3667 1225 replevit,ut

2049 1257 2211 1296 nemo
2240 1240 2381 1294 inibi
2409 1256 2694 1296 remanere
2711 1243 2965 1299 valuerit.
3002 1244 3201 1315 Sicque
3233 1245 3443 1301 familia
3473 1249 3526 1301 S.
3563 1249 3668 1303 Ba-

2046 1332 2147 1387 soli
2182 1332 2473 1403 trepidatis
2492 1335 2726 1404 eripitur
2754 1336 2983 1391 defensa
3014 1338 3333 1408 suppliciis.

2116 1420 2431 1476 Avunculus
2483 1423 2677 1476 matris
2708 1439 2862 1486 mea),
2901 1424 3237 1478 Flavuardus
3266 1423 3408 1496 [ms.,
3442 1425 3668 1480 Flavar-

2045 1511 2167 1583 dus]
2200 1513 2447 1579 nomine,
2481 1513 2622 1569 duos
2669 1512 2814 1570 ﬁlios
2871 1515 2927 1569 in
2983 1516 3145 1585 hujus
3195 1517 3368 1572 sancti
3429 1518 3531 1571 viri
3555 1534 3671 1573 cm-

2045 1605 2216 1662 nobio
2246 1607 2358 1661 Deo
2416 1608 2725 1662 servientes
2783 1607 2979 1663 habuit
3021 1627 3035 1675 ;
3078 1625 3313 1680 quorum
3359 1610 3668 1677 juniorem,

2045 1698 2271 1753 nomine
2326 1698 2669 1765 Tetbertum,
2750 1700 3021 1755 charitate
3080 1717 3247 1771 supra
3296 1701 3441 1756 vires
3497 1702 3668 1756 etiam

2044 1789 2440 1844 exuberantem
2472 1789 2732 1855 vidimus,
2806 1791 2902 1863 qui
2962 1792 3253 1863 presbyter
3274 1792 3482 1849 dudum
3516 1795 3669 1865 apud

2043 1897 2145 1937 nos
2173 1881 2333 1936 obiit.
2360 1882 2409 1936 Is
2431 1882 2674 1952 denique
2700 1882 2770 1936 de
2805 1890 2960 1953 patre
3008 1899 3112 1938 suo
3158 1884 3306 1955 quod
3339 1884 3542 1939 dicturi
3570 1901 3673 1939 su-

2042 1990 2165 2028 mus
2196 1989 2417 2027 narrare
2448 1972 2612 2027 nobis
2643 1973 2898 2035 solebat;
2924 1975 3011 2029 cui
3048 1975 3124 2029 rei
3170 1977 3326 2030 testis
3365 1977 3547 2032 adhuc
3566 1993 3672 2031 su-

2045 2070 2261 2132 pererat
2291 2076 2471 2131 nuper
2500 2061 2764 2115 Ratoldus
2794 2061 2911 2131 [al.,
2953 2062 3314 2134 Rautnoldus]
3352 2065 3675 2136 presbyter,

2043 2150 2240 2205 horum
2290 2148 2486 2203 tertius
2540 2146 2709 2202 frater
2779 2148 3447 2221 Consueveratsiquidem
3490 2152 3680 2207 semel

2043 2242 2099 2296 in
2131 2256 2275 2296 anno
2289 2240 2374 2295 vir
2412 2239 2673 2311 praefatus
2699 2240 2765 2294 ad
2796 2241 3193 2297 monasterium
3229 2242 3442 2308 venire,
3471 2243 3679 2297 fratri-

2041 2330 2256 2402 busque
2304 2330 2373 2385 de
2430 2329 2547 2385 suis
2590 2328 2946 2385 facultatibus
3002 2331 3339 2386 ministrare.
3395 2331 3497 2396 Qui
3538 2347 3677 2386 cum

2040 2417 2339 2490 aliquando
2367 2419 2437 2473 de
2457 2434 2611 2473 more
2658 2419 2895 2483 veniret,
2934 2420 3176 2474 latrones
3197 2436 3323 2474 eum
3357 2435 3675 2490 properan-

2041 2513 2151 2561 tem
2180 2496 2467 2572 invadunt,
2524 2504 2800 2560 caballum
2849 2506 2940 2561 cui
2985 2507 3236 2574 sedebat,
3295 2524 3417 2563 eum
3449 2510 3674 2564 cmteris

2040 2610 2163 2666 quae
2191 2594 2300 2648 sibi
2331 2593 2450 2649 visa
2478 2602 2628 2661 sunt,
2660 2594 2758 2649 sed
2787 2603 2843 2649 et
2866 2595 3154 2665 pecunias,
3189 2612 3328 2667 quas
3358 2598 3533 2651 servis
3564 2598 3667 2653 Dei

2039 2685 2455 2741 distribuendas
2467 2684 2699 2752 ferebat,
2724 2694 3052 2742 ornamenta
3093 2703 3322 2759 quoque
3339 2690 3525 2745 uxoris
3546 2707 3668 2746 sua:

2040 2775 2250 2848 pariter
2287 2776 2563 2831 auferunt.
2619 2776 2865 2849 Cumque
2923 2779 2991 2833 de
3042 2780 3228 2849 praeda
3269 2781 3519 2837 laetantes
3546 2784 3662 2837 ali-

2039 2867 2363 2938 quantulum
2439 2869 2863 2938 processissent,
2921 2885 3077 2938 uxor,
3136 2871 3256 2940 ejus
3310 2889 3434 2943 quae
3496 2873 3665 2928 simul

2038 2959 2247 3027 aderat,
2277 2960 2652 3034 ingemiscens
2684 2977 2782 3031 pro
2814 2961 3038 3030 injuria,
3072 2958 3388 3034 querulosis
3405 2974 3664 3020 sanctum

322 3060 486 3129 hujus
516 3059 663 3114 beati
716 3057 894 3112 Patris
935 3056 1236 3126 accipiens,
1271 3065 1326 3112 et
1356 3058 1514 3112 illum
1543 3074 1715 3130 super
1738 3059 1949 3135 pedem.
1991 3048 2291 3135 ;iBasolum
2324 3049 2492 3119 coepit
2517 3048 2817 3104 inclamare
2837 3050 3089 3116 vocibus,
3121 3051 3311 3107 dicens
3341 3052 3490 3107 :Non
3517 3055 3665 3108 ultra

316 3168 479 3206 suum
502 3166 740 3221 ponens,
772 3157 832 3205 ut
862 3158 981 3203 erat
1020 3164 1284 3218 procerus
1329 3164 1583 3220 corpore,
1618 3150 1776 3221 quasi
1804 3140 2095 3277 “masc
2126 3149 2389 3196 venturus
2420 3142 2477 3196 in
2502 3142 2624 3210 ejus
2655 3143 2742 3197 vel
2773 3143 3102 3199 famulorum
3134 3146 3319 3216 ipsius
3347 3146 3661 3213 servitium,

317 3243 605 3277 cannon-"In
638 3240 863 3277 nrnlnlil
890 3240 1204 3277 (“pana-nn
1228 3239 1542 3277 mgnifoclo!
1570 3241 1671 3277 icto
1703 3241 1931 3277 honnlnc
2035 3227 2083 3277 Si
2111 3228 2192 3277 sic
2240 3245 2337 3277 ρος
2374 3230 2645 3277 ahiinemt
2689 3249 2798 3277 nnn
2847 3233 3075 3277 forandn
3133 3235 3467 3277 nrmeidinm,
3532 3237 3659 3277 pne!

317 3243 605 3298 sannando
638 3240 868 3312 protulit
890 3240 1206 3295 dicenszEn
1228 3239 1547 3296 manifestat
1570 3241 1671 3295 iste
1703 3241 1935 3298 baculus

2035 3227 2083 3282 si
2111 3228 2192 3284 sic
2240 3245 2337 3285 eos
2374 3230 2645 3299 abjiceret
2689 3249 2798 3289 non
2847 3233 3075 3289 ferendo
3133 3235 3471 3306 praesidium.
3532 3237 3666 3291 Post

319 3347 485 3403 quam
519 3291 699 3401 parvisa
736 3336 959 3383 staturae
1016 3327 1183 3382 fuerit
1214 3328 1458 3384 Basolus.
1498 3328 1607 3384 Nec
1638 3344 1812 3397 mora,
1837 3347 1936 3401 pes
1963 3291 2013 3357 (λ
2038 3335 2177 3389 quas
2232 3322 2646 3379 lamenlaliODiS
2707 3339 2892 3391 V0088,
2917 3326 3044 3398 equi
3074 3326 3369 3393 Ῑδῐνοηιιῐη»
3403 3326 3497 3396 qui
3531 3342 3662 3381 cum

322 3424 467 3478 idem
498 3422 586 3477 cui
615 3420 1003 3492 superpositus
1051 3419 1224 3474 sancti
1259 3419 1490 3476 baculus
1520 3419 1719 3483 fuerat.
1753 3437 1938 3478 emar—

318 3510 470 3565 cuit:
504 3524 727 3581 quoque
774 3506 1105 3579 putrefacto,
1134 3507 1322 3562 divina
1353 3508 1438 3563 vir
1465 3508 1611 3563 idem
1643 3510 1937 3581 perculsus

319 3603 533 3658 ultione
561 3616 684 3656 cum
724 3599 876 3674 gravi
926 3597 1149 3654 decedit
1191 3598 1401 3655 labore.
1447 3599 1614 3668 Cujus
1638 3617 1840 3672 corpus
1865 3603 1935 3658 ad

316 3694 702 3751 tumulandum
740 3691 871 3747 ferri
911 3690 1227 3761 disponitur
1286 3692 1355 3746 ad
1404 3693 1570 3761 hujus
1628 3695 1803 3750 sancti
1837 3696 1933 3750 Dei

318 3783 715 3840 monasterium
750 3780 886 3847 ;sed
937 3791 1293 3855 aggravatum
1349 3781 1501 3837 nullo
1564 3783 1735 3839 modo
1787 3783 1935 3838 valet

316 3877 525 3932 moveri
552 3876 835 3931 feretrum.
905 3875 1239 3945 Proponitur
1278 3874 1407 3929 ferri
1435 3874 1503 3929 ad
1550 3875 1932 3930 cmmeterium

313 3962 489 4021 sancti
528 3963 787 4037 Remigii,
819 3962 914 4018 sed
947 3977 1052 4016 nec
1080 3961 1161 4016 sic
1191 3968 1373 4032 potest
1421 3962 1655 4018 moveri.
1690 3963 1931 4037 Cogente

314 4056 535 4109 tandem
566 4052 920 4119 necessitate,
952 4051 1011 4104 in
1055 4048 1466 4105 Catalaunicum
1496 4050 1745 4105 defertur
1770 4050 1935 4105 terri-

312 4145 539 4212 torium,
589 4142 782 4213 ibique
828 4139 1055 4195 demum
1112 4137 1451 4209 permittitur
1494 4138 1701 4193 habere
1738 4137 1933 4208 sepul-

314 4253 490 4303 crum.

384 4329 501 4383 Non
554 4326 718 4399 longe
750 4339 975 4396 quoque
1004 4322 1158 4378 valde
1191 4338 1223 4377 a
1251 4328 1439 4377 nostra
1463 4328 1645 4389 aetate,
1681 4332 1931 4393 tempore

310 4418 523 4473 scilicet
552 4414 742 4470 domni
794 4410 1039 4467 Ebbonis
1096 4409 1526 4480 archiepiscopi,
1561 4410 1683 4479 ejus
1702 4411 1930 4466 ordina-

310 4510 459 4564 tione
481 4507 704 4579 quidam
735 4506 818 4560 vir
847 4503 1161 4575 religiosus,
1199 4502 1528 4558 Benedictus
1556 4502 1805 4569 nomine,
1829 4501 1931 4557 ab-

308 4600 407 4654 bas
447 4598 800 4654 constituitur
830 4596 994 4664 hujus
1032 4593 1275 4649 abbatis;
1327 4594 1434 4659 Qui
1486 4610 1614 4649 cum
1655 4594 1928 4650 modestia

2036 3412 2232 3481 spoliis
2279 3415 2498 3470 concite
2555 3414 2898 3482 ferebantur,
2958 3416 3147 3472 subito
3191 3416 3525 3490 deﬁguntur,
3554 3433 3666 3472 nec

2038 3504 2150 3559 ullo
2180 3507 2346 3561 modo
2376 3509 2690 3577 promoveri
2721 3516 2955 3580 possunt
2982 3509 3049 3563 ad
3081 3510 3468 3581 gradiendum.
3505 3511 3668 3580 Ipsos

2037 3599 2260 3669 qu‘oque
2292 3598 2532 3654 latrones
2552 3600 2730 3675 caligo
2749 3601 3002 3671 quaedam
3036 3601 3301 3671 perfudit,
3332 3611 3391 3656 ut
3416 3617 3664 3672 quonam

2035 3704 2157 3743 sese
2204 3696 2487 3746 verterent
2553 3694 2888 3763 ignorarent.
2963 3693 3373 3764 Resipiscentes
3434 3693 3663 3748 tandem

2036 3779 2347 3847 praedones,
2381 3779 2673 3836 conferunt
2702 3781 2848 3836 inter
2891 3798 2951 3836 se
2974 3782 3045 3837 ob
3071 3782 3428 3837 innocentum
3454 3781 3662 3836 factam

2035 3868 2295 3939 injuriam
2320 3871 2428 3926 sibi
2462 3872 2591 3927 talia
2620 3874 2920 3945 contigisse
2951 3892 2965 3937 ;
3002 3874 3252 3945 initoque
3303 3873 3557 3939 consilio,
3584 3876 3661 3928 ad

2032 3977 2149 4029 eos,
2182 3979 2324 4035 quos
2358 3964 2527 4020 rebus
2555 3965 2758 4034 injuste
2805 3966 3049 4037 privatos
3088 3967 3434 4030 dimiserant,
3469 3960 3663 4021 rever-

2033 4061 2226 4110 tuntur
2267 4072 2405 4121 ;sua
2449 4048 2562 4111 illis
2614 4066 2808 4113 cuncta
2863 4058 3181 4123 restituunt,
3214 4068 3289 4123 et,
3340 4068 3401 4113 ut
3432 4058 3659 4114 veniam

2032 4142 2376 4200 facinoribus
2402 4144 2524 4199 suis
2553 4143 2945 4216 deprecentur,
2980 4155 3302 4218 exposcunt.
3338 4147 3415 4201 lta
3447 4162 3658 4202 conso-

2031 4237 2259 4304 latione,
2292 4238 2501 4293 domini
2550 4238 2726 4294 Basoli
2767 4238 3103 4312 suffragante
3153 4239 3261 4293 sibi
3315 4240 3653 4310 patrocinio,

2030 4332 2590 4405 recepta,‘rapacibus
2620 4333 2700 4388 ire
2731 4332 2998 4400 dimissis,
3020 4333 3336 4388 devotiores
3365 4333 3434 4388 ad
3464 4332 3650 4388 desti-

2030 4430 2219 4478 natum
2242 4430 2542 4493 properant
2584 4424 2899 4479 caenobium
2927 4442 2944 4488 ;
2978 4423 3183 4498 gratias
3217 4424 3326 4478 Deo
3358 4430 3414 4478 et
3458 4433 3656 4479 sancto

2030 4527 2132 4566 suo
2162 4510 2463 4567 confessori
2489 4527 2589 4583 pro
2611 4511 2846 4568 indultis
2863 4511 2971 4565 sibi
2995 4510 3285 4567 beneﬁciis
3312 4510 3656 4576 referunt,et

2030 4600 2139 4656 laeti
2171 4601 2347 4656 servis
2378 4601 2471 4655 Dei
2502 4601 2819 4656 ministrare
2871 4610 3148 4674 satagunt,
3182 4601 3438 4672 pecuniis
3467 4603 3654 4657 hono-

308 4688 571 4743 familiam
609 4687 781 4741 sancti
844 4684 1021 4740 Basoli
1079 4691 1338 4750 tractans,
1398 4691 1453 4740 et
1479 4685 1537 4739 in
1567 4686 1924 4757 simplicitate
1950 4671 2007 4740 Ι)
2030 4696 2169 4750 rant,
2202 4704 2267 4744 ac
2287 4688 2556 4759 deinceps
2602 4688 2763 4744 annis
2807 4671 3041 4763 singulis
3075 4671 3222 4745 idem
3251 4690 3650 4761 promptiores,

311 4780 541 4837 Domino
571 4778 840 4844 serviens,
856 4776 1092 4832 diversis
1110 4776 1401 4832 ecclesiam
1416 4779 1661 4833 donariis
1684 4777 1923 4842 ornavit,

310 4877 364 4924 et
392 4874 517 4939 post
545 4882 658 4921 non
689 4866 909 4921 modica
938 4864 1063 4919 vita:
1083 4878 1200 4918 suae
1245 4863 1450 4934 spatia,
1483 4864 1686 4920 divinae
1711 4879 1924 4935 praece-

305 4961 498 5032 ptione
534 4966 777 5022 vocatus,
808 4958 875 5012 ad
908 4956 1200 5013 Dominum
1226 4958 1462 5013 transiit.
1493 4955 1591 5012 Cui
1621 4973 1786 5013 carne
1814 4958 1923 5013 fra-

306 5062 406 5118 ter,
430 5051 764 5124 cognomine
788 5050 1036 5120 Speruus
1069 5050 1132 5120 [j.
1159 5051 1406 5121 Spernus
1433 5053 1484 5103 et
1509 5049 1705 5120 infra].
1745 5050 1922 5106 abbas

300 5145 357 5199 in
381 5145 578 5200 eodem
609 5143 729 5198 loco
749 5143 1103 5215 subrogatur.
1139 5142 1240 5207 Qui
1271 5141 1525 5196 moribus
1555 5141 1710 5198 fratri
1742 5143 1915 5198 dissi-

303 5236 469 5301 milis,
488 5242 542 5289 et
562 5234 697 5289 dirae
716 5234 932 5289 facibus
950 5234 1154 5289 ardens
1174 5235 1477 5306 cupidinis,
1493 5235 1624 5290 dum
1644 5236 1919 5289 temulen-

302 5337 390 5383 tus
419 5326 718 5397 aliquando
745 5325 985 5392 sederet,
1019 5327 1394 5396 coepitdicere
1424 5326 1574 5398 quod
1598 5326 1767 5382 frater
1787 5342 1921 5381 suus

300 5420 369 5474 de
401 5417 624 5474 abbatia
637 5417 730 5472 illa
744 5418 885 5472 nihil
915 5418 1047 5474 boni
1076 5420 1299 5476 sciverit
1328 5420 1559 5483 habere,
1593 5419 1922 5491 praecipiens

299 5506 551 5561 villarum
565 5506 1042 5576 procuratoribus,
1088 5507 1147 5562 in
1178 5509 1480 5563 crastinum
1513 5507 1621 5562 sibi
1656 5508 1923 5565 ruricolas

299 5597 584 5663 exhibere,
600 5613 742 5668 quos
755 5600 924 5656 variis
948 5601 1157 5658 faceret
1172 5602 1469 5672 suppliciis
1486 5602 1823 5674 torqueri,ut
1845 5602 1927 5657 fa-

297 5685 532 5741 cultates
552 5684 801 5756 ipsorum
825 5687 893 5742 ab
912 5690 995 5744 eis
1025 5698 1214 5760 posset
1235 5697 1597 5761 extorquere.
1622 5691 1926 5747 Audientes

296 5792 429 5846 ergo
441 5775 697 5834 villarum
711 5777 909 5835 incolae
928 5787 1149 5853 quantae
1166 5781 1584 5837 intentabantur
1594 5781 1703 5836 sibi
1720 5796 1923 5852 paenae,

297 5880 490 5921 omnes
520 5867 697 5922 sancti
732 5866 911 5923 Basoli
967 5866 1235 5924 ﬂebiliter
1269 5868 1334 5937 {c.
1365 5871 1408 5936 ί,
1436 5868 1782 5939 suppliciter]
1817 5886 1920 5924 ex-

2029 4777 2179 4848 quod
2209 4786 2492 4847 coeperant
2530 4787 2822 4848 peragunt.

2101 4866 2329 4930 Quando
2358 4882 2539 4936 nuper
2568 4867 2652 4921 hae
2697 4867 2992 4922 Galliarum
3026 4867 3236 4936 patriae,
3273 4869 3514 4938 peccatis
3543 4883 3651 4923 no-

2027 4957 2612 5028 strisimpellentibus,
2643 4958 3025 5029 Hungarorum
3051 4958 3251 5030 gladiis
3274 4957 3648 5013 dilaceranda}

2021 5056 2151 5103 sunt
2218 5047 2452 5114 traditae,
2513 5047 2737 5117 quidam
2795 5045 3161 5101 barbarorum
3234 5047 3408 5101 sancti
3466 5047 3645 5100 Basoli

2022 5139 2416 5193 monasterium
2462 5136 2719 5210 ingressi,
2747 5136 2879 5191 dum
2912 5135 3099 5189 clerici
3124 5135 3236 5203 jam
3268 5151 3395 5190 cum
3428 5135 3643 5206 patroni

2019 5231 2104 5285 sui
2128 5230 2458 5305 pignoribus
2487 5230 2557 5284 ad
2586 5229 2865 5285 civitatem
2888 5228 3292 5301 confugissent,
3328 5228 3645 5283 habitacula

2022 5323 2265 5379 ccenobii
2298 5323 2619 5379 hominibus
2677 5338 2819 5394 pene
2849 5337 3023 5377 vacua
3078 5328 3427 5392 repererunt,
3454 5321 3644 5393 ibique

2022 5419 2286 5469 metatum
2308 5429 2468 5468 suum
2492 5413 2915 5481 constituentes,
2964 5413 3072 5467 huc
3093 5412 3463 5484 undecunque
3491 5428 3640 5482 prae-

2023 5504 2154 5561 datu
2187 5506 2385 5560 reverti
2418 5513 2727 5576 coeperunt.
2774 5506 3016 5570 Quorum
3048 5505 3275 5576 quidam
3302 5503 3357 5557 in
3391 5503 3642 5557 ecclesize

2024 5594 2307 5669 signorum
2362 5595 2649 5661 turricula,
2694 5596 2959 5651 deaurata
3009 5595 3363 5667 conspiciens
3394 5595 3643 5649 relucere

2023 5684 2267 5751 metalla,
2317 5683 2555 5755 cupidus
2601 5685 2719 5739 auri
2754 5684 3030 5756 pecuniae,
3081 5692 3285 5739 tectum
3314 5682 3643 5739 conscendit

2025 5774 2292 5843 basilicae,
2337 5776 2603 5848 nisusque
2650 5774 2925 5848 dissipare
2954 5776 3300 5843 turriculam,
3326 5774 3517 5831 subito
3543 5775 3643 5830 de-

2024 5865 2213 5937 lapsus
2258 5866 2327 5922 ad
2376 5873 2578 5924 terram
2623 5869 2851 5935 corruit,
2909 5867 3287 5939 membrisque
3343 5866 3642 5923 contractis
