  <div class='ocr_page' id='page_1' title='image "/cluster/home/n/w/nwhite01/storage/ocr_20150623/134-135/uc1.31175013627537/570.png"; bbox 0 0 3884 6410; ppageno 0'>
   <div class='ocr_carea' id='block_1_1' title="bbox 198 381 297 439">
    <p class='ocr_par' dir='ltr' id='par_1_1' title="bbox 198 381 297 439">
     <span class='ocr_line' id='line_1_1' title="bbox 198 381 297 439; baseline -0.02 0"><span class='ocrx_word' id='word_1_1' title='bbox 198 381 297 439; x_wconf 83' lang='grc'><strong>101</strong></span> 
     </span>
    </p>
   </div>
   <div class='ocr_carea' id='block_1_2' title="bbox 194 504 1898 580">
    <p class='ocr_par' dir='ltr' id='par_1_2' title="bbox 194 504 1898 580">
     <span class='ocr_line' id='line_1_2' title="bbox 194 504 1898 580; baseline -0.007 -12"><span class='ocrx_word' id='word_1_2' title='bbox 194 513 430 570; x_wconf 74' lang='lat' dir='ltr'><strong>interiit.</strong></span> <span class='ocrx_word' id='word_1_3' title='bbox 479 511 633 567; x_wconf 83' lang='lat' dir='ltr'><strong>Alius</strong></span> <span class='ocrx_word' id='word_1_4' title='bbox 661 510 861 565; x_wconf 88' lang='lat' dir='ltr'><strong>horum</strong></span> <span class='ocrx_word' id='word_1_5' title='bbox 898 524 1067 580; x_wconf 82' lang='lat' dir='ltr'><strong>super</strong></span> <span class='ocrx_word' id='word_1_6' title='bbox 1094 523 1245 564; x_wconf 90' lang='lat' dir='ltr'><strong>aram</strong></span> <span class='ocrx_word' id='word_1_7' title='bbox 1259 506 1446 577; x_wconf 89' lang='lat' dir='ltr'><strong>ipsius</strong></span> <span class='ocrx_word' id='word_1_8' title='bbox 1468 504 1742 570; x_wconf 74' lang='lat' dir='ltr'><strong>ecclesiae,</strong></span> <span class='ocrx_word' id='word_1_9' title='bbox 1763 504 1819 558; x_wconf 90' lang='lat' dir='ltr'><strong>in</strong></span> <span class='ocrx_word' id='word_1_10' title='bbox 1840 505 1898 574; x_wconf 76' lang='grc' dir='ltr'><strong>Α</strong></span> 
     </span>
    </p>
   </div>
   <div class='ocr_carea' id='block_1_3' title="bbox 195 602 1818 668">
    <p class='ocr_par' dir='ltr' id='par_1_3' title="bbox 195 602 1818 668">
     <span class='ocr_line' id='line_1_3' title="bbox 195 602 1818 668; baseline -0.006 -7"><span class='ocrx_word' id='word_1_11' title='bbox 195 608 410 662; x_wconf 84' lang='lat' dir='ltr'><strong>honore</strong></span> <span class='ocrx_word' id='word_1_12' title='bbox 443 604 590 660; x_wconf 87' lang='lat' dir='ltr'><strong>beati</strong></span> <span class='ocrx_word' id='word_1_13' title='bbox 649 602 867 658; x_wconf 82' lang='lat' dir='ltr'><strong>Martini</strong></span> <span class='ocrx_word' id='word_1_14' title='bbox 911 609 1307 668; x_wconf 81' lang='lat' dir='ltr'><strong>consecratam,</strong></span> <span class='ocrx_word' id='word_1_15' title='bbox 1358 610 1590 657; x_wconf 91' lang='lat' dir='ltr'><strong>conatus</strong></span> <span class='ocrx_word' id='word_1_16' title='bbox 1620 614 1818 655; x_wconf 92' lang='lat' dir='ltr'><strong>ascen-</strong></span> 
     </span>
    </p>
   </div>
   <div class='ocr_carea' id='block_1_4' title="bbox 196 688 1816 762">
    <p class='ocr_par' dir='ltr' id='par_1_4' title="bbox 196 688 1816 762">
     <span class='ocr_line' id='line_1_4' title="bbox 196 688 1816 762; baseline -0.005 -13"><span class='ocrx_word' id='word_1_17' title='bbox 196 695 352 760; x_wconf 89' lang='lat' dir='ltr'><strong>dere,</strong></span> <span class='ocrx_word' id='word_1_18' title='bbox 375 694 506 749; x_wconf 89' lang='lat' dir='ltr'><strong>dum</strong></span> <span class='ocrx_word' id='word_1_19' title='bbox 538 708 764 747; x_wconf 92' lang='lat' dir='ltr'><strong>manum</strong></span> <span class='ocrx_word' id='word_1_20' title='bbox 812 706 982 762; x_wconf 85' lang='lat' dir='ltr'><strong>supra</strong></span> <span class='ocrx_word' id='word_1_21' title='bbox 1022 705 1196 746; x_wconf 89' lang='lat' dir='ltr'><strong>cornu</strong></span> <span class='ocrx_word' id='word_1_22' title='bbox 1226 689 1417 745; x_wconf 90' lang='lat' dir='ltr'><strong>altaris</strong></span> <span class='ocrx_word' id='word_1_23' title='bbox 1447 688 1816 760; x_wconf 89' lang='lat' dir='ltr'><strong>apposuisset,</strong></span> 
     </span>
    </p>
   </div>
   <div class='ocr_carea' id='block_1_5' title="bbox 198 779 1814 857">
    <p class='ocr_par' dir='ltr' id='par_1_5' title="bbox 198 779 1814 857">
     <span class='ocr_line' id='line_1_5' title="bbox 198 779 1814 857; baseline -0.004 -16"><span class='ocrx_word' id='word_1_24' title='bbox 198 787 321 857; x_wconf 90' lang='lat' dir='ltr'><strong>ipsa</strong></span> <span class='ocrx_word' id='word_1_25' title='bbox 350 800 547 840; x_wconf 91' lang='lat' dir='ltr'><strong>manus</strong></span> <span class='ocrx_word' id='word_1_26' title='bbox 566 784 689 852; x_wconf 87' lang='lat' dir='ltr'><strong>ejus</strong></span> <span class='ocrx_word' id='word_1_27' title='bbox 716 782 788 838; x_wconf 91' lang='lat' dir='ltr'><strong>ita</strong></span> <span class='ocrx_word' id='word_1_28' title='bbox 820 783 1047 837; x_wconf 71' lang='lat' dir='ltr'><strong>inhaesit</strong></span> <span class='ocrx_word' id='word_1_29' title='bbox 1076 781 1359 845; x_wconf 88' lang='lat' dir='ltr'><strong>marmori,</strong></span> <span class='ocrx_word' id='word_1_30' title='bbox 1382 788 1444 836; x_wconf 90' lang='lat' dir='ltr'><strong>ut</strong></span> <span class='ocrx_word' id='word_1_31' title='bbox 1470 780 1622 834; x_wconf 92' lang='lat' dir='ltr'><strong>nullo</strong></span> <span class='ocrx_word' id='word_1_32' title='bbox 1650 779 1814 834; x_wconf 87' lang='lat' dir='ltr'><strong>modo</strong></span> 
     </span>
    </p>
   </div>
   <div class='ocr_carea' id='block_1_6' title="bbox 198 866 1812 943">
    <p class='ocr_par' dir='ltr' id='par_1_6' title="bbox 198 866 1812 943">
     <span class='ocr_line' id='line_1_6' title="bbox 198 866 1812 943; baseline -0.006 -15"><span class='ocrx_word' id='word_1_33' title='bbox 198 874 269 928; x_wconf 92' lang='lat' dir='ltr'><strong>ab</strong></span> <span class='ocrx_word' id='word_1_34' title='bbox 298 888 366 928; x_wconf 89' lang='lat' dir='ltr'><strong>eo</strong></span> <span class='ocrx_word' id='word_1_35' title='bbox 398 881 589 943; x_wconf 91' lang='lat' dir='ltr'><strong>postea</strong></span> <span class='ocrx_word' id='word_1_36' title='bbox 638 871 913 942; x_wconf 89' lang='lat' dir='ltr'><strong>potuisset</strong></span> <span class='ocrx_word' id='word_1_37' title='bbox 960 870 1121 925; x_wconf 88' lang='lat' dir='ltr'><strong>avelli</strong></span> <span class='ocrx_word' id='word_1_38' title='bbox 1152 870 1485 940; x_wconf 74' lang='lat' dir='ltr'><strong>]FLODOARD.</strong></span> <span class='ocrx_word' id='word_1_39' title='bbox 1522 870 1583 923; x_wconf 80' lang='lat' dir='ltr'><strong>in</strong></span> <span class='ocrx_word' id='word_1_40' title='bbox 1617 866 1812 921; x_wconf 84' lang='lat' dir='ltr'><strong>Chron.</strong></span> 
     </span>
    </p>
   </div>
   <div class='ocr_carea' id='block_1_7' title="bbox 198 961 1816 1035">
    <p class='ocr_par' dir='ltr' id='par_1_7' title="bbox 198 961 1816 1035">
     <span class='ocr_line' id='line_1_7' title="bbox 198 961 1816 1035; baseline -0.004 -15"><span class='ocrx_word' id='word_1_41' title='bbox 198 982 269 1020; x_wconf 90' lang='lat' dir='ltr'><strong>an</strong></span> <span class='ocrx_word' id='word_1_42' title='bbox 288 964 435 1035; x_wconf 86' lang='lat'><strong>937].</strong></span> <span class='ocrx_word' id='word_1_43' title='bbox 472 964 533 1018; x_wconf 83' lang='lat' dir='ltr'><strong>Et</strong></span> <span class='ocrx_word' id='word_1_44' title='bbox 563 964 696 1035; x_wconf 85' lang='lat' dir='ltr'><strong>quia</strong></span> <span class='ocrx_word' id='word_1_45' title='bbox 722 962 815 1018; x_wconf 88' lang='lat' dir='ltr'><strong>hic</strong></span> <span class='ocrx_word' id='word_1_46' title='bbox 834 978 962 1017; x_wconf 91' lang='lat' dir='ltr'><strong>eum</strong></span> <span class='ocrx_word' id='word_1_47' title='bbox 993 963 1077 1017; x_wconf 89' lang='lat' dir='ltr'><strong>sui</strong></span> <span class='ocrx_word' id='word_1_48' title='bbox 1132 962 1432 1018; x_wconf 90' lang='lat' dir='ltr'><strong>uoluerunt</strong></span> <span class='ocrx_word' id='word_1_49' title='bbox 1475 961 1816 1031; x_wconf 88' lang='lat' dir='ltr'><strong>relinquere,</strong></span> 
     </span>
    </p>
   </div>
   <div class='ocr_carea' id='block_1_8' title="bbox 200 1053 1820 1129">
    <p class='ocr_par' dir='ltr' id='par_1_8' title="bbox 200 1053 1820 1129">
     <span class='ocr_line' id='line_1_8' title="bbox 200 1053 1820 1129; baseline -0.002 -17"><span class='ocrx_word' id='word_1_50' title='bbox 200 1064 412 1129; x_wconf 89' lang='lat' dir='ltr'><strong>partem</strong></span> <span class='ocrx_word' id='word_1_51' title='bbox 459 1056 663 1126; x_wconf 86' lang='lat' dir='ltr'><strong>lapidis</strong></span> <span class='ocrx_word' id='word_1_52' title='bbox 707 1055 857 1111; x_wconf 90' lang='lat' dir='ltr'><strong>circa</strong></span> <span class='ocrx_word' id='word_1_53' title='bbox 935 1071 1159 1109; x_wconf 91' lang='lat' dir='ltr'><strong>manum</strong></span> <span class='ocrx_word' id='word_1_54' title='bbox 1237 1053 1413 1125; x_wconf 85' lang='lat' dir='ltr'><strong>ipsius</strong></span> <span class='ocrx_word' id='word_1_55' title='bbox 1474 1053 1820 1124; x_wconf 91' lang='lat' dir='ltr'><strong>bipennibus</strong></span> 
     </span>
    </p>
   </div>
   <div class='ocr_carea' id='block_1_9' title="bbox 200 1147 1819 1218">
    <p class='ocr_par' dir='ltr' id='par_1_9' title="bbox 200 1147 1819 1218">
     <span class='ocr_line' id='line_1_9' title="bbox 200 1147 1819 1218; baseline 0 -17"><span class='ocrx_word' id='word_1_56' title='bbox 200 1147 616 1217; x_wconf 87' lang='lat' dir='ltr'><strong>abscindentes,</strong></span> <span class='ocrx_word' id='word_1_57' title='bbox 640 1165 769 1204; x_wconf 89' lang='lat' dir='ltr'><strong>eum</strong></span> <span class='ocrx_word' id='word_1_58' title='bbox 799 1165 988 1204; x_wconf 91' lang='lat' dir='ltr'><strong>secum</strong></span> <span class='ocrx_word' id='word_1_59' title='bbox 1004 1147 1328 1218; x_wconf 82' lang='lat' dir='ltr'><strong>particulam</strong></span> <span class='ocrx_word' id='word_1_60' title='bbox 1351 1147 1661 1212; x_wconf 89' lang='lat' dir='ltr'><strong>marmoris,</strong></span> <span class='ocrx_word' id='word_1_61' title='bbox 1694 1162 1819 1218; x_wconf 67' lang='lat' dir='ltr'><strong>quae</strong></span> 
     </span>
    </p>
   </div>
   <div class='ocr_carea' id='block_1_10' title="bbox 201 1238 1817 1310">
    <p class='ocr_par' dir='ltr' id='par_1_10' title="bbox 201 1238 1817 1310">
     <span class='ocr_line' id='line_1_10' title="bbox 201 1238 1817 1310; baseline 0 -17"><span class='ocrx_word' id='word_1_62' title='bbox 201 1240 389 1295; x_wconf 91' lang='lat' dir='ltr'><strong>manui</strong></span> <span class='ocrx_word' id='word_1_63' title='bbox 415 1241 537 1310; x_wconf 88' lang='lat' dir='ltr'><strong>ejus</strong></span> <span class='ocrx_word' id='word_1_64' title='bbox 554 1241 886 1304; x_wconf 71' lang='lat' dir='ltr'><strong>adhaeserat,</strong></span> <span class='ocrx_word' id='word_1_65' title='bbox 917 1239 1091 1303; x_wconf 80' lang='lat' dir='ltr'><strong>invite</strong></span> <span class='ocrx_word' id='word_1_66' title='bbox 1142 1239 1409 1294; x_wconf 88' lang='lat' dir='ltr'><strong>ferentem</strong></span> <span class='ocrx_word' id='word_1_67' title='bbox 1442 1238 1817 1293; x_wconf 86' lang='lat' dir='ltr'><strong>deduxerunt.</strong></span> 
     </span>
    </p>
   </div>
   <div class='ocr_carea' id='block_1_11' title="bbox 203 1330 1821 1403">
    <p class='ocr_par' dir='ltr' id='par_1_11' title="bbox 203 1330 1821 1403">
     <span class='ocr_line' id='line_1_11' title="bbox 203 1330 1821 1403; baseline -0.001 -16"><span class='ocrx_word' id='word_1_68' title='bbox 203 1332 304 1398; x_wconf 82' lang='lat' dir='ltr'><strong>Qui</strong></span> <span class='ocrx_word' id='word_1_69' title='bbox 353 1333 520 1388; x_wconf 91' lang='lat' dir='ltr'><strong>etiam</strong></span> <span class='ocrx_word' id='word_1_70' title='bbox 579 1333 658 1403; x_wconf 94' lang='lat' dir='ltr'><strong>(ut</strong></span> <span class='ocrx_word' id='word_1_71' title='bbox 711 1331 911 1403; x_wconf 89' lang='lat' dir='ltr'><strong>captivi</strong></span> <span class='ocrx_word' id='word_1_72' title='bbox 967 1333 1063 1402; x_wconf 90' lang='lat' dir='ltr'><strong>qui</strong></span> <span class='ocrx_word' id='word_1_73' title='bbox 1096 1332 1302 1387; x_wconf 88' lang='lat' dir='ltr'><strong>reversi</strong></span> <span class='ocrx_word' id='word_1_74' title='bbox 1358 1338 1490 1386; x_wconf 90' lang='lat' dir='ltr'><strong>sunt</strong></span> <span class='ocrx_word' id='word_1_75' title='bbox 1557 1330 1821 1397; x_wconf 89' lang='lat' dir='ltr'><strong>referunt)</strong></span> 
     </span>
    </p>
   </div>
   <div class='ocr_carea' id='block_1_12' title="bbox 204 1419 1825 1492">
    <p class='ocr_par' dir='ltr' id='par_1_12' title="bbox 204 1419 1825 1492">
     <span class='ocr_line' id='line_1_12' title="bbox 204 1419 1825 1492; baseline -0.001 -17"><span class='ocrx_word' id='word_1_76' title='bbox 204 1438 381 1492; x_wconf 91' lang='lat' dir='ltr'><strong>usque</strong></span> <span class='ocrx_word' id='word_1_77' title='bbox 434 1421 502 1476; x_wconf 91' lang='lat' dir='ltr'><strong>ad</strong></span> <span class='ocrx_word' id='word_1_78' title='bbox 558 1428 761 1476; x_wconf 90' lang='lat' dir='ltr'><strong>terram</strong></span> <span class='ocrx_word' id='word_1_79' title='bbox 814 1437 993 1487; x_wconf 91' lang='lat' dir='ltr'><strong>suam,</strong></span> <span class='ocrx_word' id='word_1_80' title='bbox 1025 1428 1215 1477; x_wconf 84' lang='lat' dir='ltr'><strong>arente</strong></span> <span class='ocrx_word' id='word_1_81' title='bbox 1254 1421 1366 1489; x_wconf 90' lang='lat' dir='ltr'><strong>jam</strong></span> <span class='ocrx_word' id='word_1_82' title='bbox 1400 1419 1648 1486; x_wconf 88' lang='lat' dir='ltr'><strong>brachio,</strong></span> <span class='ocrx_word' id='word_1_83' title='bbox 1677 1420 1825 1474; x_wconf 90' lang='lat' dir='ltr'><strong>hunc</strong></span> 
     </span>
    </p>
   </div>
   <div class='ocr_carea' id='block_1_13' title="bbox 203 1511 1823 1584">
    <p class='ocr_par' dir='ltr' id='par_1_13' title="bbox 203 1511 1823 1584">
     <span class='ocr_line' id='line_1_13' title="bbox 203 1511 1823 1584; baseline -0.002 -17"><span class='ocrx_word' id='word_1_84' title='bbox 203 1512 449 1584; x_wconf 91' lang='lat' dir='ltr'><strong>lapidem</strong></span> <span class='ocrx_word' id='word_1_85' title='bbox 480 1513 684 1579; x_wconf 87' lang='lat' dir='ltr'><strong>ferens,</strong></span> <span class='ocrx_word' id='word_1_86' title='bbox 703 1521 759 1568; x_wconf 90' lang='lat' dir='ltr'><strong>et</strong></span> <span class='ocrx_word' id='word_1_87' title='bbox 778 1512 955 1569; x_wconf 85' lang='lat' dir='ltr'><strong>Basoli</strong></span> <span class='ocrx_word' id='word_1_88' title='bbox 986 1513 1188 1569; x_wconf 84' lang='lat' dir='ltr'><strong>virtute</strong></span> <span class='ocrx_word' id='word_1_89' title='bbox 1218 1511 1421 1567; x_wconf 85' lang='lat' dir='ltr'><strong>factum</strong></span> <span class='ocrx_word' id='word_1_90' title='bbox 1454 1511 1823 1582; x_wconf 84' lang='lat' dir='ltr'><strong>proclamans,</strong></span> 
     </span>
    </p>
   </div>
   <div class='ocr_carea' id='block_1_14' title="bbox 206 1611 1068 1664">
    <p class='ocr_par' dir='ltr' id='par_1_14' title="bbox 206 1611 1068 1664">
     <span class='ocr_line' id='line_1_14' title="bbox 206 1611 1068 1664; baseline 0.009 -6"><span class='ocrx_word' id='word_1_91' title='bbox 206 1620 460 1661; x_wconf 89' lang='lat' dir='ltr'><strong>reversus</strong></span> <span class='ocrx_word' id='word_1_92' title='bbox 488 1615 592 1664; x_wconf 89' lang='lat' dir='ltr'><strong>est.</strong></span> <span class='ocrx_word' id='word_1_93' title='bbox 1055 1611 1068 1622; x_wconf 86' lang='lat'>&#39;</span> 
     </span>
    </p>
   </div>
   <div class='ocr_carea' id='block_1_15' title="bbox 848 1697 1178 1753">
    <p class='ocr_par' dir='ltr' id='par_1_15' title="bbox 848 1697 1178 1753">
     <span class='ocr_line' id='line_1_15' title="bbox 848 1697 1178 1753; baseline 0.003 -1"><span class='ocrx_word' id='word_1_94' title='bbox 848 1697 1059 1753; x_wconf 84' lang='lat' dir='ltr'><strong>CAPUT</strong></span> <span class='ocrx_word' id='word_1_95' title='bbox 1097 1698 1178 1753; x_wconf 86' lang='lat' dir='ltr'><strong>IV.</strong></span> 
     </span>
    </p>
   </div>
   <div class='ocr_carea' id='block_1_16' title="bbox 708 1786 1332 1854">
    <p class='ocr_par' dir='ltr' id='par_1_16' title="bbox 708 1786 1332 1854">
     <span class='ocr_line' id='line_1_16' title="bbox 708 1786 1332 1854; baseline -0.002 -13"><span class='ocrx_word' id='word_1_96' title='bbox 708 1789 782 1841; x_wconf 91' lang='lat' dir='ltr'><strong>De</strong></span> <span class='ocrx_word' id='word_1_97' title='bbox 807 1787 1057 1853; x_wconf 76' lang='lat' dir='ltr'><strong>Romulfo</strong></span> <span class='ocrx_word' id='word_1_98' title='bbox 1086 1786 1332 1854; x_wconf 72' lang='lat' dir='ltr'><strong>praesule,</strong></span> 
     </span>
    </p>
   </div>
   <div class='ocr_carea' id='block_1_17' title="bbox 277 1875 1824 1950">
    <p class='ocr_par' dir='ltr' id='par_1_17' title="bbox 277 1875 1824 1950">
     <span class='ocr_line' id='line_1_17' title="bbox 277 1875 1824 1950; baseline -0.002 -19"><span class='ocrx_word' id='word_1_99' title='bbox 277 1875 405 1931; x_wconf 88' lang='lat' dir='ltr'><strong>Post</strong></span> <span class='ocrx_word' id='word_1_100' title='bbox 421 1877 675 1950; x_wconf 86' lang='lat' dir='ltr'><strong>Egidium</strong></span> <span class='ocrx_word' id='word_1_101' title='bbox 699 1878 987 1934; x_wconf 81' lang='lat' dir='ltr'><strong>Romulqu</strong></span> <span class='ocrx_word' id='word_1_102' title='bbox 1002 1879 1273 1933; x_wconf 85' lang='lat' dir='ltr'><strong>Remense</strong></span> <span class='ocrx_word' id='word_1_103' title='bbox 1289 1876 1427 1931; x_wconf 89' lang='lat' dir='ltr'><strong>rexit</strong></span> <span class='ocrx_word' id='word_1_104' title='bbox 1450 1875 1824 1947; x_wconf 88' lang='lat' dir='ltr'><strong>episcopium,</strong></span> 
     </span>
    </p>
   </div>
   <div class='ocr_carea' id='block_1_18' title="bbox 206 1966 1827 2042">
    <p class='ocr_par' dir='ltr' id='par_1_18' title="bbox 206 1966 1827 2042">
     <span class='ocr_line' id='line_1_18' title="bbox 206 1966 1827 2042; baseline -0.001 -21"><span class='ocrx_word' id='word_1_105' title='bbox 206 1967 472 2023; x_wconf 87' lang='lat' dir='ltr'><strong>vircarne</strong></span> <span class='ocrx_word' id='word_1_106' title='bbox 520 1969 745 2036; x_wconf 90' lang='lat' dir='ltr'><strong>nobilis,</strong></span> <span class='ocrx_word' id='word_1_107' title='bbox 803 1987 1101 2042; x_wconf 78' lang='lat' dir='ltr'><strong>germanus</strong></span> <span class='ocrx_word' id='word_1_108' title='bbox 1127 1969 1358 2025; x_wconf 87' lang='lat' dir='ltr'><strong>Joannis</strong></span> <span class='ocrx_word' id='word_1_109' title='bbox 1390 1976 1522 2024; x_wconf 91' lang='lat' dir='ltr'><strong>tunc</strong></span> <span class='ocrx_word' id='word_1_110' title='bbox 1555 1966 1827 2037; x_wconf 87' lang='lat' dir='ltr'><strong>temporis</strong></span> 
     </span>
    </p>
   </div>
   <div class='ocr_carea' id='block_1_19' title="bbox 208 2056 1827 2129">
    <p class='ocr_par' dir='ltr' id='par_1_19' title="bbox 208 2056 1827 2129">
     <span class='ocr_line' id='line_1_19' title="bbox 208 2056 1827 2129; baseline -0.002 -18"><span class='ocrx_word' id='word_1_111' title='bbox 208 2057 366 2112; x_wconf 90' lang='lat' dir='ltr'><strong>ducis</strong></span> <span class='ocrx_word' id='word_1_112' title='bbox 397 2078 413 2123; x_wconf 84' lang='lat'><strong>,</strong></span> <span class='ocrx_word' id='word_1_113' title='bbox 437 2074 675 2129; x_wconf 90' lang='lat' dir='ltr'><strong>quorum</strong></span> <span class='ocrx_word' id='word_1_114' title='bbox 704 2069 858 2129; x_wconf 86' lang='lat' dir='ltr'><strong>pater</strong></span> <span class='ocrx_word' id='word_1_115' title='bbox 886 2060 1069 2129; x_wconf 87' lang='lat' dir='ltr'><strong>Lupus</strong></span> <span class='ocrx_word' id='word_1_116' title='bbox 1114 2059 1317 2113; x_wconf 89' lang='lat' dir='ltr'><strong>multas</strong></span> <span class='ocrx_word' id='word_1_117' title='bbox 1339 2058 1422 2112; x_wconf 89' lang='lat' dir='ltr'><strong>eis</strong></span> <span class='ocrx_word' id='word_1_118' title='bbox 1445 2056 1827 2128; x_wconf 88' lang='lat' dir='ltr'><strong>possessiones</strong></span> 
     </span>
    </p>
   </div>
   <div class='ocr_carea' id='block_1_20' title="bbox 204 2146 1827 2222">
    <p class='ocr_par' dir='ltr' id='par_1_20' title="bbox 204 2146 1827 2222">
     <span class='ocr_line' id='line_1_20' title="bbox 204 2146 1827 2222; baseline -0.001 -20"><span class='ocrx_word' id='word_1_119' title='bbox 204 2149 496 2220; x_wconf 69' lang='lat' dir='ltr'><strong>aequaliter</strong></span> <span class='ocrx_word' id='word_1_120' title='bbox 526 2150 671 2205; x_wconf 91' lang='lat' dir='ltr'><strong>inter</strong></span> <span class='ocrx_word' id='word_1_121' title='bbox 698 2167 758 2205; x_wconf 89' lang='lat' dir='ltr'><strong>se</strong></span> <span class='ocrx_word' id='word_1_122' title='bbox 789 2151 1118 2206; x_wconf 88' lang='lat' dir='ltr'><strong>dividendas</strong></span> <span class='ocrx_word' id='word_1_123' title='bbox 1149 2151 1394 2222; x_wconf 90' lang='lat' dir='ltr'><strong>reliquit.</strong></span> <span class='ocrx_word' id='word_1_124' title='bbox 1433 2151 1503 2203; x_wconf 91' lang='lat' dir='ltr'><strong>De</strong></span> <span class='ocrx_word' id='word_1_125' title='bbox 1543 2165 1653 2220; x_wconf 92' lang='lat' dir='ltr'><strong>qua</strong></span> <span class='ocrx_word' id='word_1_126' title='bbox 1683 2146 1827 2201; x_wconf 90' lang='lat' dir='ltr'><strong>divi-</strong></span> 
     </span>
    </p>
   </div>
   <div class='ocr_carea' id='block_1_21' title="bbox 197 2240 1826 2317">
    <p class='ocr_par' dir='ltr' id='par_1_21' title="bbox 197 2240 1826 2317">
     <span class='ocr_line' id='line_1_21' title="bbox 197 2240 1826 2317; baseline -0.001 -23"><span class='ocrx_word' id='word_1_127' title='bbox 197 2240 354 2296; x_wconf 91' lang='lat' dir='ltr'><strong>sione</strong></span> <span class='ocrx_word' id='word_1_128' title='bbox 382 2242 500 2313; x_wconf 89' lang='lat' dir='ltr'><strong>pari</strong></span> <span class='ocrx_word' id='word_1_129' title='bbox 519 2243 902 2317; x_wconf 89' lang='lat' dir='ltr'><strong>juregerenda</strong></span> <span class='ocrx_word' id='word_1_130' title='bbox 916 2252 1257 2314; x_wconf 65' lang='lat' dir='ltr'><strong>praeceptum</strong></span> <span class='ocrx_word' id='word_1_131' title='bbox 1277 2242 1643 2298; x_wconf 89' lang='lat' dir='ltr'><strong>obtinuerunt</strong></span> <span class='ocrx_word' id='word_1_132' title='bbox 1668 2255 1826 2310; x_wconf 88' lang='lat' dir='ltr'><strong>rega-</strong></span> 
     </span>
    </p>
   </div>
   <div class='ocr_carea' id='block_1_22' title="bbox 201 2330 1821 2404">
    <p class='ocr_par' dir='ltr' id='par_1_22' title="bbox 201 2330 1821 2404">
     <span class='ocr_line' id='line_1_22' title="bbox 201 2330 1821 2404; baseline -0.001 -20"><span class='ocrx_word' id='word_1_133' title='bbox 201 2331 268 2385; x_wconf 89' lang='lat' dir='ltr'><strong>le.</strong></span> <span class='ocrx_word' id='word_1_134' title='bbox 299 2331 488 2386; x_wconf 81' lang='lat' dir='ltr'><strong>Multis</strong></span> <span class='ocrx_word' id='word_1_135' title='bbox 503 2332 782 2403; x_wconf 88' lang='lat' dir='ltr'><strong>siquidem</strong></span> <span class='ocrx_word' id='word_1_136' title='bbox 820 2331 1514 2404; x_wconf 85' lang='lat' dir='ltr'><strong>excellebatpatrimoniis,</strong></span> <span class='ocrx_word' id='word_1_137' title='bbox 1548 2330 1821 2384; x_wconf 84' lang='lat' dir='ltr'><strong>maxime-</strong></span> 
     </span>
    </p>
   </div>
   <div class='ocr_carea' id='block_1_23' title="bbox 197 2421 1819 2495">
    <p class='ocr_par' dir='ltr' id='par_1_23' title="bbox 197 2421 1819 2495">
     <span class='ocr_line' id='line_1_23' title="bbox 197 2421 1819 2495; baseline -0.001 -21"><span class='ocrx_word' id='word_1_138' title='bbox 197 2435 307 2490; x_wconf 89' lang='lat' dir='ltr'><strong>que</strong></span> <span class='ocrx_word' id='word_1_139' title='bbox 338 2428 494 2475; x_wconf 89' lang='lat' dir='ltr'><strong>trans</strong></span> <span class='ocrx_word' id='word_1_140' title='bbox 523 2421 788 2495; x_wconf 81' lang='lat' dir='ltr'><strong>Ligerim,</strong></span> <span class='ocrx_word' id='word_1_141' title='bbox 819 2429 874 2477; x_wconf 91' lang='lat' dir='ltr'><strong>et</strong></span> <span class='ocrx_word' id='word_1_142' title='bbox 910 2422 966 2476; x_wconf 93' lang='lat' dir='ltr'><strong>in</strong></span> <span class='ocrx_word' id='word_1_143' title='bbox 1019 2438 1161 2495; x_wconf 87' lang='lat' dir='ltr'><strong>pago</strong></span> <span class='ocrx_word' id='word_1_144' title='bbox 1195 2421 1499 2476; x_wconf 90' lang='lat' dir='ltr'><strong>Pictavensi</strong></span> <span class='ocrx_word' id='word_1_145' title='bbox 1532 2438 1547 2483; x_wconf 90' lang='lat'><strong>;</strong></span> <span class='ocrx_word' id='word_1_146' title='bbox 1581 2434 1819 2490; x_wconf 92' lang='lat' dir='ltr'><strong>quorum</strong></span> 
     </span>
    </p>
   </div>
   <div class='ocr_carea' id='block_1_24' title="bbox 194 2506 1817 2584">
    <p class='ocr_par' dir='ltr' id='par_1_24' title="bbox 194 2506 1817 2584">
     <span class='ocr_line' id='line_1_24' title="bbox 194 2506 1817 2584; baseline -0.001 -22"><span class='ocrx_word' id='word_1_147' title='bbox 194 2524 258 2562; x_wconf 88' lang='lat' dir='ltr'><strong>ex</strong></span> <span class='ocrx_word' id='word_1_148' title='bbox 289 2516 450 2579; x_wconf 90' lang='lat' dir='ltr'><strong>parte</strong></span> <span class='ocrx_word' id='word_1_149' title='bbox 480 2510 710 2578; x_wconf 77' lang='lat' dir='ltr'><strong>majore,</strong></span> <span class='ocrx_word' id='word_1_150' title='bbox 746 2527 843 2580; x_wconf 91' lang='lat' dir='ltr'><strong>per</strong></span> <span class='ocrx_word' id='word_1_151' title='bbox 873 2509 1128 2584; x_wconf 82' lang='lat' dir='ltr'><strong>paginam</strong></span> <span class='ocrx_word' id='word_1_152' title='bbox 1166 2508 1476 2564; x_wconf 87' lang='lat' dir='ltr'><strong>testamenti</strong></span> <span class='ocrx_word' id='word_1_153' title='bbox 1522 2506 1817 2563; x_wconf 89' lang='lat' dir='ltr'><strong>ecclesiam</strong></span> 
     </span>
    </p>
   </div>
   <div class='ocr_carea' id='block_1_25' title="bbox 199 2597 1819 2670">
    <p class='ocr_par' dir='ltr' id='par_1_25' title="bbox 199 2597 1819 2670">
     <span class='ocr_line' id='line_1_25' title="bbox 199 2597 1819 2670; baseline -0.001 -18"><span class='ocrx_word' id='word_1_154' title='bbox 199 2598 532 2653; x_wconf 75' lang='lat' dir='ltr'><strong>Remensem</strong></span> <span class='ocrx_word' id='word_1_155' title='bbox 583 2599 713 2653; x_wconf 86' lang='lat' dir='ltr'><strong>fecit</strong></span> <span class='ocrx_word' id='word_1_156' title='bbox 744 2600 1045 2664; x_wconf 78' lang='lat' dir='ltr'><strong>haeredem,</strong></span> <span class='ocrx_word' id='word_1_157' title='bbox 1095 2599 1350 2670; x_wconf 69' lang='lat' dir='ltr'><strong>quaedam</strong></span> <span class='ocrx_word' id='word_1_158' title='bbox 1382 2598 1676 2653; x_wconf 91' lang='lat' dir='ltr'><strong>dimittens</strong></span> <span class='ocrx_word' id='word_1_159' title='bbox 1706 2597 1819 2651; x_wconf 84' lang='lat' dir='ltr'><strong>fra-</strong></span> 
     </span>
    </p>
   </div>
   <div class='ocr_carea' id='block_1_26' title="bbox 198 2686 1821 2759">
    <p class='ocr_par' dir='ltr' id='par_1_26' title="bbox 198 2686 1821 2759">
     <span class='ocr_line' id='line_1_26' title="bbox 198 2686 1821 2759; baseline 0 -18"><span class='ocrx_word' id='word_1_160' title='bbox 198 2686 378 2743; x_wconf 90' lang='lat' dir='ltr'><strong>tribus</strong></span> <span class='ocrx_word' id='word_1_161' title='bbox 400 2688 491 2743; x_wconf 85' lang='lat' dir='ltr'><strong>vel</strong></span> <span class='ocrx_word' id='word_1_162' title='bbox 518 2688 819 2759; x_wconf 86' lang='lat' dir='ltr'><strong>nepotibus</strong></span> <span class='ocrx_word' id='word_1_163' title='bbox 830 2689 969 2755; x_wconf 91' lang='lat' dir='ltr'><strong>suis,</strong></span> <span class='ocrx_word' id='word_1_164' title='bbox 987 2689 1242 2759; x_wconf 66' lang='lat' dir='ltr'><strong>quaedam</strong></span> <span class='ocrx_word' id='word_1_165' title='bbox 1259 2687 1562 2742; x_wconf 74' lang='lat' dir='ltr'><strong>matriculze</strong></span> <span class='ocrx_word' id='word_1_166' title='bbox 1594 2702 1821 2759; x_wconf 88' lang='lat' dir='ltr'><strong>quoque</strong></span> 
     </span>
    </p>
   </div>
   <div class='ocr_carea' id='block_1_27' title="bbox 195 2780 1821 2855">
    <p class='ocr_par' dir='ltr' id='par_1_27' title="bbox 195 2780 1821 2855">
     <span class='ocr_line' id='line_1_27' title="bbox 195 2780 1821 2855; baseline 0 -22"><span class='ocrx_word' id='word_1_167' title='bbox 195 2780 366 2834; x_wconf 88' lang='lat' dir='ltr'><strong>sancti</strong></span> <span class='ocrx_word' id='word_1_168' title='bbox 417 2780 680 2835; x_wconf 86' lang='lat' dir='ltr'><strong>Martialis</strong></span> <span class='ocrx_word' id='word_1_169' title='bbox 735 2782 1043 2852; x_wconf 84' lang='lat' dir='ltr'><strong>deputavit,</strong></span> <span class='ocrx_word' id='word_1_170' title='bbox 1085 2785 1341 2855; x_wconf 66' lang='lat' dir='ltr'><strong>quiedam</strong></span> <span class='ocrx_word' id='word_1_171' title='bbox 1408 2782 1477 2838; x_wconf 89' lang='lat' dir='ltr'><strong>ad</strong></span> <span class='ocrx_word' id='word_1_172' title='bbox 1536 2781 1821 2836; x_wconf 86' lang='lat' dir='ltr'><strong>basilicam</strong></span> 
     </span>
    </p>
   </div>
   <div class='ocr_carea' id='block_1_28' title="bbox 196 2871 1825 2945">
    <p class='ocr_par' dir='ltr' id='par_1_28' title="bbox 196 2871 1825 2945">
     <span class='ocr_line' id='line_1_28' title="bbox 196 2871 1825 2945; baseline 0.001 -20"><span class='ocrx_word' id='word_1_173' title='bbox 196 2871 369 2926; x_wconf 87' lang='lat' dir='ltr'><strong>sancti</strong></span> <span class='ocrx_word' id='word_1_174' title='bbox 402 2871 664 2945; x_wconf 82' lang='lat' dir='ltr'><strong>Remigii.</strong></span> <span class='ocrx_word' id='word_1_175' title='bbox 708 2872 901 2928; x_wconf 89' lang='lat' dir='ltr'><strong>Villam</strong></span> <span class='ocrx_word' id='word_1_176' title='bbox 940 2891 1072 2930; x_wconf 90' lang='lat' dir='ltr'><strong>vero</strong></span> <span class='ocrx_word' id='word_1_177' title='bbox 1103 2876 1484 2931; x_wconf 90' lang='lat' dir='ltr'><strong>Lautiniacum</strong></span> <span class='ocrx_word' id='word_1_178' title='bbox 1515 2889 1685 2943; x_wconf 85' lang='lat' dir='ltr'><strong>super</strong></span> <span class='ocrx_word' id='word_1_179' title='bbox 1715 2871 1825 2926; x_wconf 83' lang='lat' dir='ltr'><strong>flu-</strong></span> 
     </span>
    </p>
   </div>
   <div class='ocr_carea' id='block_1_29' title="bbox 198 2962 1823 3035">
    <p class='ocr_par' dir='ltr' id='par_1_29' title="bbox 198 2962 1823 3035">
     <span class='ocr_line' id='line_1_29' title="bbox 198 2962 1823 3035; baseline 0 -18"><span class='ocrx_word' id='word_1_180' title='bbox 198 2963 344 3018; x_wconf 85' lang='lat' dir='ltr'><strong>vium</strong></span> <span class='ocrx_word' id='word_1_181' title='bbox 410 2962 777 3032; x_wconf 89' lang='lat' dir='ltr'><strong>Caltaionem,</strong></span> <span class='ocrx_word' id='word_1_182' title='bbox 836 2966 1071 3021; x_wconf 90' lang='lat' dir='ltr'><strong>contulit</strong></span> <span class='ocrx_word' id='word_1_183' title='bbox 1125 2967 1463 3022; x_wconf 87' lang='lat' dir='ltr'><strong>monasterio</strong></span> <span class='ocrx_word' id='word_1_184' title='bbox 1514 2964 1823 3035; x_wconf 90' lang='lat' dir='ltr'><strong>puellarum</strong></span> 
     </span>
    </p>
   </div>
   <div class='ocr_carea' id='block_1_30' title="bbox 858 367 2864 443">
    <p class='ocr_par' dir='ltr' id='par_1_30' title="bbox 858 367 2864 443">
     <span class='ocr_line' id='line_1_30' title="bbox 858 367 2864 443; baseline -0.005 -9"><span class='ocrx_word' id='word_1_185' title='bbox 858 375 1183 434; x_wconf 73' lang='lat' dir='ltr'><strong>HISTORl/E</strong></span> <span class='ocrx_word' id='word_1_186' title='bbox 1223 372 1557 431; x_wconf 77' lang='lat' dir='ltr'><strong>ECCLESUE</strong></span> <span class='ocrx_word' id='word_1_187' title='bbox 1596 371 1924 429; x_wconf 76' lang='lat' dir='ltr'><strong>REMENSIS</strong></span> <span class='ocrx_word' id='word_1_188' title='bbox 1966 368 2141 443; x_wconf 82' lang='lat' dir='ltr'><strong>LIBRI</strong></span> <span class='ocrx_word' id='word_1_189' title='bbox 2180 367 2508 436; x_wconf 82' lang='lat' dir='ltr'><strong>QUATUOR.</strong></span> <span class='ocrx_word' id='word_1_190' title='bbox 2545 400 2608 408; x_wconf 94' lang='lat'>—</span> <span class='ocrx_word' id='word_1_191' title='bbox 2651 367 2779 423; x_wconf 86' lang='lat' dir='ltr'><strong>LIB.</strong></span> <span class='ocrx_word' id='word_1_192' title='bbox 2823 368 2864 424; x_wconf 92' lang='lat' dir='ltr'><strong>I.</strong></span> 
     </span>
    </p>
   </div>
   <div class='ocr_carea' id='block_1_31' title="bbox 3434 367 3539 423">
    <p class='ocr_par' dir='ltr' id='par_1_31' title="bbox 3434 367 3539 423">
     <span class='ocr_line' id='line_1_31' title="bbox 3434 367 3539 423; baseline 0.019 -2"><span class='ocrx_word' id='word_1_193' title='bbox 3434 367 3539 423; x_wconf 59' lang='lat'><strong>10?</strong></span> 
     </span>
    </p>
   </div>
   <div class='ocr_carea' id='block_1_32' title="bbox 2566 496 2900 552">
    <p class='ocr_par' dir='ltr' id='par_1_32' title="bbox 2566 496 2900 552">
     <span class='ocr_line' id='line_1_32' title="bbox 2566 496 2900 552; baseline -0.006 0"><span class='ocrx_word' id='word_1_194' title='bbox 2566 496 2777 552; x_wconf 76' lang='lat' dir='ltr'><strong>CAPUT</strong></span> <span class='ocrx_word' id='word_1_195' title='bbox 2838 496 2900 551; x_wconf 86' lang='lat' dir='ltr'><strong>V.</strong></span> 
     </span>
    </p>
   </div>
   <div class='ocr_carea' id='block_1_33' title="bbox 2405 590 3052 658">
    <p class='ocr_par' dir='ltr' id='par_1_33' title="bbox 2405 590 3052 658">
     <span class='ocr_line' id='line_1_33' title="bbox 2405 590 3052 658; baseline -0.009 -11"><span class='ocrx_word' id='word_1_196' title='bbox 2405 595 2480 647; x_wconf 85' lang='lat' dir='ltr'><strong>De</strong></span> <span class='ocrx_word' id='word_1_197' title='bbox 2505 591 2766 647; x_wconf 77' lang='lat' dir='ltr'><strong>Sonnatio</strong></span> <span class='ocrx_word' id='word_1_198' title='bbox 2786 590 3052 658; x_wconf 79' lang='lat' dir='ltr'><strong>episcopo.</strong></span> 
     </span>
    </p>
   </div>
   <div class='ocr_carea' id='block_1_34' title="bbox 1992 675 3538 753">
    <p class='ocr_par' dir='ltr' id='par_1_34' title="bbox 1992 675 3538 753">
     <span class='ocr_line' id='line_1_34' title="bbox 1992 675 3538 753; baseline -0.006 -14"><span class='ocrx_word' id='word_1_199' title='bbox 1992 682 2305 739; x_wconf 83' lang='lat' dir='ltr'><strong>Romulfum</strong></span> <span class='ocrx_word' id='word_1_200' title='bbox 2335 681 2587 753; x_wconf 88' lang='lat' dir='ltr'><strong>sequitur</strong></span> <span class='ocrx_word' id='word_1_201' title='bbox 2613 681 2670 734; x_wconf 92' lang='lat' dir='ltr'><strong>in</strong></span> <span class='ocrx_word' id='word_1_202' title='bbox 2713 680 3038 750; x_wconf 89' lang='lat' dir='ltr'><strong>episcopatu</strong></span> <span class='ocrx_word' id='word_1_203' title='bbox 3084 675 3403 742; x_wconf 89' lang='lat' dir='ltr'><strong>Sonnatius,</strong></span> <span class='ocrx_word' id='word_1_204' title='bbox 3445 677 3538 747; x_wconf 89' lang='lat' dir='ltr'><strong>qui</strong></span> 
     </span>
    </p>
   </div>
   <div class='ocr_carea' id='block_1_35' title="bbox 1920 764 3540 843">
    <p class='ocr_par' dir='ltr' id='par_1_35' title="bbox 1920 764 3540 843">
     <span class='ocr_line' id='line_1_35' title="bbox 1920 764 3540 843; baseline -0.005 -17"><span class='ocrx_word' id='word_1_205' title='bbox 1920 773 2194 843; x_wconf 87' lang='lat' dir='ltr'><strong>synodum</strong></span> <span class='ocrx_word' id='word_1_206' title='bbox 2215 771 2530 827; x_wconf 88' lang='lat' dir='ltr'><strong>celebrasse</strong></span> <span class='ocrx_word' id='word_1_207' title='bbox 2546 768 2823 839; x_wconf 89' lang='lat' dir='ltr'><strong>reperitur</strong></span> <span class='ocrx_word' id='word_1_208' title='bbox 2838 784 2963 822; x_wconf 93' lang='lat' dir='ltr'><strong>cum</strong></span> <span class='ocrx_word' id='word_1_209' title='bbox 2995 767 3122 821; x_wconf 91' lang='lat' dir='ltr'><strong>aliis</strong></span> <span class='ocrx_word' id='word_1_210' title='bbox 3152 764 3540 837; x_wconf 84' lang='lat' dir='ltr'><strong>quadraginta,</strong></span> 
     </span>
    </p>
   </div>
   <div class='ocr_carea' id='block_1_36' title="bbox 1920 858 3544 935">
    <p class='ocr_par' dir='ltr' id='par_1_36' title="bbox 1920 858 3544 935">
     <span class='ocr_line' id='line_1_36' title="bbox 1920 858 3544 935; baseline -0.005 -17"><span class='ocrx_word' id='word_1_211' title='bbox 1920 866 2007 918; x_wconf 89' lang='lat' dir='ltr'><strong>vel</strong></span> <span class='ocrx_word' id='word_1_212' title='bbox 2038 880 2104 920; x_wconf 91' lang='lat' dir='ltr'><strong>eo</strong></span> <span class='ocrx_word' id='word_1_213' title='bbox 2133 863 2371 935; x_wconf 88' lang='lat' dir='ltr'><strong>amplius</strong></span> <span class='ocrx_word' id='word_1_214' title='bbox 2409 861 2704 917; x_wconf 84' lang='lat' dir='ltr'><strong>Galliarum</strong></span> <span class='ocrx_word' id='word_1_215' title='bbox 2737 859 3037 931; x_wconf 88' lang='lat' dir='ltr'><strong>episcopis.</strong></span> <span class='ocrx_word' id='word_1_216' title='bbox 3076 858 3176 913; x_wconf 90' lang='lat' dir='ltr'><strong>Ubi</strong></span> <span class='ocrx_word' id='word_1_217' title='bbox 3208 858 3377 912; x_wconf 89' lang='lat' dir='ltr'><strong>etiam</strong></span> <span class='ocrx_word' id='word_1_218' title='bbox 3412 871 3544 911; x_wconf 91' lang='lat' dir='ltr'><strong>san-</strong></span> 
     </span>
    </p>
   </div>
   <div class='ocr_carea' id='block_1_37' title="bbox 1922 945 3545 1019">
    <p class='ocr_par' dir='ltr' id='par_1_37' title="bbox 1922 945 3545 1019">
     <span class='ocr_line' id='line_1_37' title="bbox 1922 945 3545 1019; baseline -0.007 -10"><span class='ocrx_word' id='word_1_219' title='bbox 1922 961 2043 1009; x_wconf 91' lang='lat' dir='ltr'><strong>ctus</strong></span> <span class='ocrx_word' id='word_1_220' title='bbox 2091 952 2350 1007; x_wconf 83' lang='lat' dir='ltr'><strong>Arnulfus</strong></span> <span class='ocrx_word' id='word_1_221' title='bbox 2406 950 2733 1007; x_wconf 81' lang='lat' dir='ltr'><strong>Metensium</strong></span> <span class='ocrx_word' id='word_1_222' title='bbox 2784 947 2987 1019; x_wconf 61' lang='lat' dir='ltr'><strong>prmsul</strong></span> <span class='ocrx_word' id='word_1_223' title='bbox 3053 946 3335 1001; x_wconf 86' lang='lat' dir='ltr'><strong>invenitur</strong></span> <span class='ocrx_word' id='word_1_224' title='bbox 3371 945 3545 999; x_wconf 90' lang='lat' dir='ltr'><strong>inter-</strong></span> 
     </span>
    </p>
   </div>
   <div class='ocr_carea' id='block_1_38' title="bbox 1923 1033 3541 1110">
    <p class='ocr_par' dir='ltr' id='par_1_38' title="bbox 1923 1033 3541 1110">
     <span class='ocr_line' id='line_1_38' title="bbox 1923 1033 3541 1110; baseline -0.006 -13"><span class='ocrx_word' id='word_1_225' title='bbox 1923 1043 2114 1108; x_wconf 86' lang='lat' dir='ltr'><strong>fuisse,</strong></span> <span class='ocrx_word' id='word_1_226' title='bbox 2147 1057 2273 1096; x_wconf 92' lang='lat' dir='ltr'><strong>cum</strong></span> <span class='ocrx_word' id='word_1_227' title='bbox 2301 1040 2647 1095; x_wconf 88' lang='lat' dir='ltr'><strong>Theodorico</strong></span> <span class='ocrx_word' id='word_1_228' title='bbox 2674 1035 3052 1110; x_wconf 86' lang='lat' dir='ltr'><strong>Lugdunensi,</strong></span> <span class='ocrx_word' id='word_1_229' title='bbox 3086 1034 3342 1090; x_wconf 90' lang='lat' dir='ltr'><strong>Sindulfo</strong></span> <span class='ocrx_word' id='word_1_230' title='bbox 3368 1033 3541 1089; x_wconf 86' lang='lat' dir='ltr'><strong>Vien-</strong></span> 
     </span>
    </p>
   </div>
   <div class='ocr_carea' id='block_1_39' title="bbox 1923 1125 3543 1203">
    <p class='ocr_par' dir='ltr' id='par_1_39' title="bbox 1923 1125 3543 1203">
     <span class='ocr_line' id='line_1_39' title="bbox 1923 1125 3543 1203; baseline -0.006 -15"><span class='ocrx_word' id='word_1_231' title='bbox 1923 1134 2105 1200; x_wconf 90' lang='lat' dir='ltr'><strong>nensi,</strong></span> <span class='ocrx_word' id='word_1_232' title='bbox 2138 1132 2375 1203; x_wconf 91' lang='lat' dir='ltr'><strong>Sulpitio</strong></span> <span class='ocrx_word' id='word_1_233' title='bbox 2427 1130 2776 1192; x_wconf 90' lang='lat' dir='ltr'><strong>Bituricensi,</strong></span> <span class='ocrx_word' id='word_1_234' title='bbox 2847 1128 3185 1202; x_wconf 79' lang='lat' dir='ltr'><strong>Medcgiselo</strong></span> <span class='ocrx_word' id='word_1_235' title='bbox 3212 1125 3543 1191; x_wconf 89' lang='lat' dir='ltr'><strong>Turonensi,</strong></span> 
     </span>
    </p>
   </div>
   <div class='ocr_carea' id='block_1_40' title="bbox 1922 1217 3545 1289">
    <p class='ocr_par' dir='ltr' id='par_1_40' title="bbox 1922 1217 3545 1289">
     <span class='ocr_line' id='line_1_40' title="bbox 1922 1217 3545 1289; baseline -0.006 -10"><span class='ocrx_word' id='word_1_236' title='bbox 1922 1227 2135 1281; x_wconf 90' lang='lat' dir='ltr'><strong>Secono</strong></span> <span class='ocrx_word' id='word_1_237' title='bbox 2168 1222 2513 1289; x_wconf 82' lang='lat' dir='ltr'><strong>Elosanensi,</strong></span> <span class='ocrx_word' id='word_1_238' title='bbox 2563 1222 2791 1277; x_wconf 85' lang='lat' dir='ltr'><strong>Leontio</strong></span> <span class='ocrx_word' id='word_1_239' title='bbox 2857 1219 3217 1284; x_wconf 86' lang='lat' dir='ltr'><strong>Xantonensi,</strong></span> <span class='ocrx_word' id='word_1_240' title='bbox 3254 1217 3545 1273; x_wconf 79' lang='lat' dir='ltr'><strong>Modoaldo</strong></span> 
     </span>
    </p>
   </div>
   <div class='ocr_carea' id='block_1_41' title="bbox 1922 1310 3547 1383">
    <p class='ocr_par' dir='ltr' id='par_1_41' title="bbox 1922 1310 3547 1383">
     <span class='ocr_line' id='line_1_41' title="bbox 1922 1310 3547 1383; baseline -0.004 -12"><span class='ocrx_word' id='word_1_241' title='bbox 1922 1316 2269 1383; x_wconf 88' lang='lat' dir='ltr'><strong>Treverensi,</strong></span> <span class='ocrx_word' id='word_1_242' title='bbox 2302 1315 2658 1370; x_wconf 87' lang='lat' dir='ltr'><strong>Chuneberto</strong></span> <span class='ocrx_word' id='word_1_243' title='bbox 2708 1311 3046 1375; x_wconf 88' lang='lat' dir='ltr'><strong>Coloniensi,</strong></span> <span class='ocrx_word' id='word_1_244' title='bbox 3083 1310 3340 1366; x_wconf 81' lang='lat' dir='ltr'><strong>Richerio</strong></span> <span class='ocrx_word' id='word_1_245' title='bbox 3366 1310 3547 1365; x_wconf 90' lang='lat' dir='ltr'><strong>Seno-</strong></span> 
     </span>
    </p>
   </div>
   <div class='ocr_carea' id='block_1_42' title="bbox 1926 1403 3546 1477">
    <p class='ocr_par' dir='ltr' id='par_1_42' title="bbox 1926 1403 3546 1477">
     <span class='ocr_line' id='line_1_42' title="bbox 1926 1403 3546 1477; baseline -0.006 -12"><span class='ocrx_word' id='word_1_246' title='bbox 1926 1411 2107 1474; x_wconf 90' lang='lat' dir='ltr'><strong>nensi,</strong></span> <span class='ocrx_word' id='word_1_247' title='bbox 2138 1409 2351 1463; x_wconf 89' lang='lat' dir='ltr'><strong>Donato</strong></span> <span class='ocrx_word' id='word_1_248' title='bbox 2399 1406 2849 1469; x_wconf 89' lang='lat' dir='ltr'><strong>Vesontionensi,</strong></span> <span class='ocrx_word' id='word_1_249' title='bbox 2905 1403 3163 1474; x_wconf 83' lang='lat' dir='ltr'><strong>AuSpicio</strong></span> <span class='ocrx_word' id='word_1_250' title='bbox 3198 1403 3546 1477; x_wconf 80' lang='lat' dir='ltr'><strong>Augustidu-</strong></span> 
     </span>
    </p>
   </div>
   <div class='ocr_carea' id='block_1_43' title="bbox 1927 1494 3548 1569">
    <p class='ocr_par' dir='ltr' id='par_1_43' title="bbox 1927 1494 3548 1569">
     <span class='ocr_line' id='line_1_43' title="bbox 1927 1494 3548 1569; baseline -0.005 -14"><span class='ocrx_word' id='word_1_251' title='bbox 1927 1500 2107 1556; x_wconf 89' lang='lat' dir='ltr'><strong>nensi.</strong></span> <span class='ocrx_word' id='word_1_252' title='bbox 2143 1500 2279 1554; x_wconf 90' lang='lat' dir='ltr'><strong>Item</strong></span> <span class='ocrx_word' id='word_1_253' title='bbox 2319 1497 2609 1553; x_wconf 83' lang='lat' dir='ltr'><strong>Modoaldo</strong></span> <span class='ocrx_word' id='word_1_254' title='bbox 2662 1495 3020 1569; x_wconf 87' lang='lat' dir='ltr'><strong>Lingonensi,</strong></span> <span class='ocrx_word' id='word_1_255' title='bbox 3056 1494 3406 1568; x_wconf 82' lang='lat' dir='ltr'><strong>Ragueberto</strong></span> <span class='ocrx_word' id='word_1_256' title='bbox 3445 1494 3548 1548; x_wconf 85' lang='lat' dir='ltr'><strong>Ba-</strong></span> 
     </span>
    </p>
   </div>
   <div class='ocr_carea' id='block_1_44' title="bbox 1921 1585 3545 1662">
    <p class='ocr_par' dir='ltr' id='par_1_44' title="bbox 1921 1585 3545 1662">
     <span class='ocr_line' id='line_1_44' title="bbox 1921 1585 3545 1662; baseline -0.004 -13"><span class='ocrx_word' id='word_1_257' title='bbox 1921 1593 2158 1662; x_wconf 88' lang='lat' dir='ltr'><strong>jocensi,</strong></span> <span class='ocrx_word' id='word_1_258' title='bbox 2194 1590 2516 1646; x_wconf 89' lang='lat' dir='ltr'><strong>Childoaldo</strong></span> <span class='ocrx_word' id='word_1_259' title='bbox 2537 1586 3304 1659; x_wconf 83' lang='lat' dir='ltr'><strong>Abrincatensi,Bertegiselo</strong></span> <span class='ocrx_word' id='word_1_260' title='bbox 3338 1585 3545 1643; x_wconf 85' lang='lat' dir='ltr'><strong>Carno-</strong></span> 
     </span>
    </p>
   </div>
   <div class='ocr_carea' id='block_1_45' title="bbox 1880 1675 3542 1744">
    <p class='ocr_par' dir='ltr' id='par_1_45' title="bbox 1880 1675 3542 1744">
     <span class='ocr_line' id='line_1_45' title="bbox 1880 1675 3542 1744; baseline -0.004 -7"><span class='ocrx_word' id='word_1_261' title='bbox 1880 1704 1886 1708; x_wconf 93' lang='grc'><strong>·</strong></span> <span class='ocrx_word' id='word_1_262' title='bbox 1929 1682 2091 1743; x_wconf 87' lang='lat' dir='ltr'><strong>tensi,</strong></span> <span class='ocrx_word' id='word_1_263' title='bbox 2114 1680 2358 1735; x_wconf 90' lang='lat' dir='ltr'><strong>Palladio</strong></span> <span class='ocrx_word' id='word_1_264' title='bbox 2388 1677 2853 1743; x_wconf 84' lang='lat' dir='ltr'><strong>Antisiodorensi,</strong></span> <span class='ocrx_word' id='word_1_265' title='bbox 2901 1675 3223 1731; x_wconf 76' lang='lat' dir='ltr'><strong>Gondoaldo</strong></span> <span class='ocrx_word' id='word_1_266' title='bbox 3254 1675 3542 1744; x_wconf 80' lang='lat' dir='ltr'><strong>Meldensi,</strong></span> 
     </span>
    </p>
   </div>
   <div class='ocr_carea' id='block_1_46' title="bbox 1853 1763 3544 1847">
    <p class='ocr_par' dir='ltr' id='par_1_46' title="bbox 1853 1763 3544 1847">
     <span class='ocr_line' id='line_1_46' title="bbox 1853 1763 3544 1847; baseline -0.004 -21"><span class='ocrx_word' id='word_1_267' title='bbox 1853 1780 1901 1847; x_wconf 78' lang='grc' dir='ltr'>Β</span> <span class='ocrx_word' id='word_1_268' title='bbox 1927 1769 2273 1826; x_wconf 90' lang='lat' dir='ltr'><strong>Leudeberto</strong></span> <span class='ocrx_word' id='word_1_269' title='bbox 2320 1766 2706 1831; x_wconf 90' lang='lat' dir='ltr'><strong>Parisiacensi,</strong></span> <span class='ocrx_word' id='word_1_270' title='bbox 2734 1764 3070 1839; x_wconf 84' lang='lat' dir='ltr'><strong>Cbainoalgo</strong></span> <span class='ocrx_word' id='word_1_271' title='bbox 3127 1763 3379 1818; x_wconf 91' lang='lat' dir='ltr'><strong>Lauduni</strong></span> <span class='ocrx_word' id='word_1_272' title='bbox 3422 1763 3544 1819; x_wconf 87' lang='lat' dir='ltr'><strong>Cla-</strong></span> 
     </span>
    </p>
   </div>
   <div class='ocr_carea' id='block_1_47' title="bbox 1929 1855 3548 1926">
    <p class='ocr_par' dir='ltr' id='par_1_47' title="bbox 1929 1855 3548 1926">
     <span class='ocr_line' id='line_1_47' title="bbox 1929 1855 3548 1926; baseline -0.004 -10"><span class='ocrx_word' id='word_1_273' title='bbox 1929 1862 2062 1926; x_wconf 91' lang='lat' dir='ltr'><strong>vati,</strong></span> <span class='ocrx_word' id='word_1_274' title='bbox 2113 1859 2340 1915; x_wconf 89' lang='lat' dir='ltr'><strong>Godone</strong></span> <span class='ocrx_word' id='word_1_275' title='bbox 2412 1857 2766 1923; x_wconf 80' lang='lat' dir='ltr'><strong>Virdunensi,</strong></span> <span class='ocrx_word' id='word_1_276' title='bbox 2832 1858 3091 1911; x_wconf 73' lang='lat' dir='ltr'><strong>Ansarico</strong></span> <span class='ocrx_word' id='word_1_277' title='bbox 3159 1855 3548 1920; x_wconf 86' lang='lat' dir='ltr'><strong>Suessonensi,</strong></span> 
     </span>
    </p>
   </div>
   <div class='ocr_carea' id='block_1_48' title="bbox 1932 1947 3552 2021">
    <p class='ocr_par' dir='ltr' id='par_1_48' title="bbox 1932 1947 3552 2021">
     <span class='ocr_line' id='line_1_48' title="bbox 1932 1947 3552 2021; baseline -0.004 -13"><span class='ocrx_word' id='word_1_278' title='bbox 1932 1952 2160 2008; x_wconf 90' lang='lat' dir='ltr'><strong>Claudio</strong></span> <span class='ocrx_word' id='word_1_279' title='bbox 2194 1951 2437 2014; x_wconf 81' lang='lat' dir='ltr'><strong>Reiensi,</strong></span> <span class='ocrx_word' id='word_1_280' title='bbox 2472 1949 2804 2005; x_wconf 90' lang='lat' dir='ltr'><strong>Berthoaldo</strong></span> <span class='ocrx_word' id='word_1_281' title='bbox 2850 1947 3251 2009; x_wconf 86' lang='lat' dir='ltr'><strong>Camaracensi,</strong></span> <span class='ocrx_word' id='word_1_282' title='bbox 3286 1950 3552 2021; x_wconf 81' lang='lat' dir='ltr'><strong>Agomaro</strong></span> 
     </span>
    </p>
   </div>
   <div class='ocr_carea' id='block_1_49' title="bbox 1932 2035 3549 2106">
    <p class='ocr_par' dir='ltr' id='par_1_49' title="bbox 1932 2035 3549 2106">
     <span class='ocr_line' id='line_1_49' title="bbox 1932 2035 3549 2106; baseline -0.004 -10"><span class='ocrx_word' id='word_1_283' title='bbox 1932 2039 2358 2106; x_wconf 89' lang='lat' dir='ltr'><strong>Silvanectensi,</strong></span> <span class='ocrx_word' id='word_1_284' title='bbox 2414 2037 2650 2092; x_wconf 64' lang='lat' dir='ltr'><strong>Caesarie</strong></span> <span class='ocrx_word' id='word_1_285' title='bbox 2696 2037 3018 2101; x_wconf 87' lang='lat' dir='ltr'><strong>Avernensi,</strong></span> <span class='ocrx_word' id='word_1_286' title='bbox 3052 2036 3189 2090; x_wconf 91' lang='lat' dir='ltr'><strong>Vero</strong></span> <span class='ocrx_word' id='word_1_287' title='bbox 3223 2035 3549 2102; x_wconf 77' lang='lat' dir='ltr'><strong>Butenensi,</strong></span> 
     </span>
    </p>
   </div>
   <div class='ocr_carea' id='block_1_50' title="bbox 1931 2126 3548 2204">
    <p class='ocr_par' dir='ltr' id='par_1_50' title="bbox 1931 2126 3548 2204">
     <span class='ocr_line' id='line_1_50' title="bbox 1931 2126 3548 2204; baseline -0.003 -18"><span class='ocrx_word' id='word_1_288' title='bbox 1931 2132 2185 2204; x_wconf 82' lang='lat' dir='ltr'><strong>Agricola</strong></span> <span class='ocrx_word' id='word_1_289' title='bbox 2204 2129 2525 2199; x_wconf 78' lang='lat' dir='ltr'><strong>Gabalensi,</strong></span> <span class='ocrx_word' id='word_1_290' title='bbox 2557 2129 2842 2200; x_wconf 90' lang='lat' dir='ltr'><strong>Lupoaldo</strong></span> <span class='ocrx_word' id='word_1_291' title='bbox 2870 2128 3323 2202; x_wconf 84' lang='lat' dir='ltr'><strong>Magontiacensi,</strong></span> <span class='ocrx_word' id='word_1_292' title='bbox 3348 2126 3548 2182; x_wconf 88' lang='lat' dir='ltr'><strong>Wille-</strong></span> 
     </span>
    </p>
   </div>
   <div class='ocr_carea' id='block_1_51' title="bbox 1928 2220 3552 2297">
    <p class='ocr_par' dir='ltr' id='par_1_51' title="bbox 1928 2220 3552 2297">
     <span class='ocr_line' id='line_1_51' title="bbox 1928 2220 3552 2297; baseline -0.002 -19"><span class='ocrx_word' id='word_1_293' title='bbox 1928 2224 2104 2297; x_wconf 90' lang='lat' dir='ltr'><strong>giselo</strong></span> <span class='ocrx_word' id='word_1_294' title='bbox 2153 2223 2423 2279; x_wconf 89' lang='lat' dir='ltr'><strong>Tolosano</strong></span> <span class='ocrx_word' id='word_1_295' title='bbox 2454 2265 2467 2288; x_wconf 92' lang='lat'><strong>,</strong></span> <span class='ocrx_word' id='word_1_296' title='bbox 2529 2221 2848 2277; x_wconf 88' lang='lat' dir='ltr'><strong>Constantio</strong></span> <span class='ocrx_word' id='word_1_297' title='bbox 2893 2221 3189 2290; x_wconf 71' lang='lat' dir='ltr'><strong>Albiensil,</strong></span> <span class='ocrx_word' id='word_1_298' title='bbox 3246 2220 3552 2275; x_wconf 87' lang='lat' dir='ltr'><strong>Nammatio</strong></span> 
     </span>
    </p>
   </div>
   <div class='ocr_carea' id='block_1_52' title="bbox 1929 2312 3547 2389">
    <p class='ocr_par' dir='ltr' id='par_1_52' title="bbox 1929 2312 3547 2389">
     <span class='ocr_line' id='line_1_52' title="bbox 1929 2312 3547 2389; baseline -0.002 -19"><span class='ocrx_word' id='word_1_299' title='bbox 1929 2314 2299 2389; x_wconf 85' lang='lat' dir='ltr'><strong>Egolemensi,</strong></span> <span class='ocrx_word' id='word_1_300' title='bbox 2321 2314 2545 2369; x_wconf 83' lang='lat' dir='ltr'><strong>Rustico</strong></span> <span class='ocrx_word' id='word_1_301' title='bbox 2577 2314 2917 2379; x_wconf 69' lang='lat' dir='ltr'><strong>Laturcensi,</strong></span> <span class='ocrx_word' id='word_1_302' title='bbox 2951 2312 3222 2367; x_wconf 84' lang='lat' dir='ltr'><strong>Auderico</strong></span> <span class='ocrx_word' id='word_1_303' title='bbox 3255 2312 3547 2377; x_wconf 83' lang='lat' dir='ltr'><strong>Auscensi,</strong></span> 
     </span>
    </p>
   </div>
   <div class='ocr_carea' id='block_1_53' title="bbox 1926 2400 3552 2465">
    <p class='ocr_par' dir='ltr' id='par_1_53' title="bbox 1926 2400 3552 2465">
     <span class='ocr_line' id='line_1_53' title="bbox 1926 2400 3552 2465; baseline -0.001 -8"><span class='ocrx_word' id='word_1_304' title='bbox 1926 2404 2187 2459; x_wconf 84' lang='lat' dir='ltr'><strong>Emmone</strong></span> <span class='ocrx_word' id='word_1_305' title='bbox 2213 2401 2546 2463; x_wconf 76' lang='lat' dir='ltr'><strong>Aresetensi,</strong></span> <span class='ocrx_word' id='word_1_306' title='bbox 2570 2402 2749 2456; x_wconf 87' lang='lat' dir='ltr'><strong>Felice</strong></span> <span class='ocrx_word' id='word_1_307' title='bbox 2798 2401 3209 2465; x_wconf 82' lang='lat' dir='ltr'><strong>Cathalanensi,</strong></span> <span class='ocrx_word' id='word_1_308' title='bbox 3265 2400 3552 2455; x_wconf 85' lang='lat' dir='ltr'><strong>Hadoindo</strong></span> 
     </span>
    </p>
   </div>
   <div class='ocr_carea' id='block_1_54' title="bbox 1925 2492 3555 2566">
    <p class='ocr_par' dir='ltr' id='par_1_54' title="bbox 1925 2492 3555 2566">
     <span class='ocr_line' id='line_1_54' title="bbox 1925 2492 3555 2566; baseline -0.002 -17"><span class='ocrx_word' id='word_1_309' title='bbox 1925 2496 2067 2566; x_wconf 86' lang='lat' dir='ltr'><strong>[ms.,</strong></span> <span class='ocrx_word' id='word_1_310' title='bbox 2087 2511 2134 2548; x_wconf 77' lang='grc' dir='ltr'><strong>ν.</strong></span> <span class='ocrx_word' id='word_1_311' title='bbox 2171 2493 2510 2564; x_wconf 88' lang='lat' dir='ltr'><strong>Chadoindo]</strong></span> <span class='ocrx_word' id='word_1_312' title='bbox 2562 2493 3026 2555; x_wconf 83' lang='lat' dir='ltr'><strong>Cenomannensi,</strong></span> <span class='ocrx_word' id='word_1_313' title='bbox 3057 2492 3409 2565; x_wconf 85' lang='lat' dir='ltr'><strong>Magnebodo</strong></span> <span class='ocrx_word' id='word_1_314' title='bbox 3440 2494 3555 2546; x_wconf 79' lang='lat' dir='ltr'><strong>An-</strong></span> 
     </span>
    </p>
   </div>
   <div class='ocr_carea' id='block_1_55' title="bbox 1922 2584 3551 2658">
    <p class='ocr_par' dir='ltr' id='par_1_55' title="bbox 1922 2584 3551 2658">
     <span class='ocr_line' id='line_1_55' title="bbox 1922 2584 3551 2658; baseline -0.002 -17"><span class='ocrx_word' id='word_1_315' title='bbox 1922 2586 2244 2658; x_wconf 84' lang='lat' dir='ltr'><strong>degavensi,</strong></span> <span class='ocrx_word' id='word_1_316' title='bbox 2269 2587 2481 2641; x_wconf 84' lang='lat' dir='ltr'><strong>Joanne</strong></span> <span class='ocrx_word' id='word_1_317' title='bbox 2530 2586 2855 2647; x_wconf 87' lang='lat' dir='ltr'><strong>Pictavensi,</strong></span> <span class='ocrx_word' id='word_1_318' title='bbox 2898 2585 3186 2640; x_wconf 90' lang='lat' dir='ltr'><strong>Leobardo</strong></span> <span class='ocrx_word' id='word_1_319' title='bbox 3220 2584 3339 2655; x_wconf 82' lang='lat' dir='ltr'><strong>[al.,</strong></span> <span class='ocrx_word' id='word_1_320' title='bbox 3380 2584 3551 2639; x_wconf 86' lang='lat' dir='ltr'><strong>Lont-</strong></span> 
     </span>
    </p>
   </div>
   <div class='ocr_carea' id='block_1_56' title="bbox 1923 2673 3555 2747">
    <p class='ocr_par' dir='ltr' id='par_1_56' title="bbox 1923 2673 3555 2747">
     <span class='ocr_line' id='line_1_56' title="bbox 1923 2673 3555 2747; baseline -0.002 -17"><span class='ocrx_word' id='word_1_321' title='bbox 1923 2675 2115 2746; x_wconf 89' lang='lat' dir='ltr'><strong>bardo]</strong></span> <span class='ocrx_word' id='word_1_322' title='bbox 2146 2675 2490 2731; x_wconf 89' lang='lat' dir='ltr'><strong>Namnetico.</strong></span> <span class='ocrx_word' id='word_1_323' title='bbox 2548 2675 2606 2729; x_wconf 94' lang='lat' dir='ltr'><strong>In</strong></span> <span class='ocrx_word' id='word_1_324' title='bbox 2655 2691 2766 2747; x_wconf 92' lang='lat' dir='ltr'><strong>qua</strong></span> <span class='ocrx_word' id='word_1_325' title='bbox 2817 2674 3030 2746; x_wconf 83' lang='lat' dir='ltr'><strong>synodo</strong></span> <span class='ocrx_word' id='word_1_326' title='bbox 3085 2674 3258 2727; x_wconf 91' lang='lat' dir='ltr'><strong>multa</strong></span> <span class='ocrx_word' id='word_1_327' title='bbox 3292 2673 3555 2746; x_wconf 87' lang='lat' dir='ltr'><strong>leguntur</strong></span> 
     </span>
    </p>
   </div>
   <div class='ocr_carea' id='block_1_57' title="bbox 1926 2764 2462 2819">
    <p class='ocr_par' dir='ltr' id='par_1_57' title="bbox 1926 2764 2462 2819">
     <span class='ocr_line' id='line_1_57' title="bbox 1926 2764 2462 2819; baseline 0 -1"><span class='ocrx_word' id='word_1_328' title='bbox 1926 2764 2085 2819; x_wconf 90' lang='lat' dir='ltr'><strong>utilia</strong></span> <span class='ocrx_word' id='word_1_329' title='bbox 2134 2765 2462 2819; x_wconf 88' lang='lat' dir='ltr'><strong>constituta.</strong></span> 
     </span>
    </p>
   </div>
   <div class='ocr_carea' id='block_1_58' title="bbox 2000 2849 3550 2922">
    <p class='ocr_par' dir='ltr' id='par_1_58' title="bbox 2000 2849 3550 2922">
     <span class='ocr_line' id='line_1_58' title="bbox 2000 2849 3550 2922; baseline -0.004 -15"><span class='ocrx_word' id='word_1_330' title='bbox 2000 2854 2047 2907; x_wconf 85' lang='grc'><strong>1.</strong></span> <span class='ocrx_word' id='word_1_331' title='bbox 2070 2853 2145 2906; x_wconf 90' lang='lat' dir='ltr'><strong>De</strong></span> <span class='ocrx_word' id='word_1_332' title='bbox 2169 2853 2339 2906; x_wconf 90' lang='lat' dir='ltr'><strong>rebus</strong></span> <span class='ocrx_word' id='word_1_333' title='bbox 2353 2850 2831 2907; x_wconf 74' lang='lat' dir='ltr'><strong>scilicctecclesiae</strong></span> <span class='ocrx_word' id='word_1_334' title='bbox 2846 2850 3084 2922; x_wconf 87' lang='lat' dir='ltr'><strong>qualiter</strong></span> <span class='ocrx_word' id='word_1_335' title='bbox 3106 2849 3403 2904; x_wconf 67' lang='lat' dir='ltr'><strong>tractandae</strong></span> <span class='ocrx_word' id='word_1_336' title='bbox 3419 2850 3550 2912; x_wconf 90' lang='lat' dir='ltr'><strong>sint;</strong></span> 
     </span>
    </p>
   </div>
   <div class='ocr_carea' id='block_1_59' title="bbox 1926 2940 3556 3015">
    <p class='ocr_par' dir='ltr' id='par_1_59' title="bbox 1926 2940 3556 3015">
     <span class='ocr_line' id='line_1_59' title="bbox 1926 2940 3556 3015; baseline -0.003 -16"><span class='ocrx_word' id='word_1_337' title='bbox 1926 2953 1981 2999; x_wconf 91' lang='lat' dir='ltr'><strong>et</strong></span> <span class='ocrx_word' id='word_1_338' title='bbox 2010 2944 2079 2998; x_wconf 83' lang='lat' dir='ltr'><strong>de</strong></span> <span class='ocrx_word' id='word_1_339' title='bbox 2102 2944 2190 2998; x_wconf 89' lang='lat' dir='ltr'><strong>his</strong></span> <span class='ocrx_word' id='word_1_340' title='bbox 2211 2960 2335 3015; x_wconf 73' lang='lat' dir='ltr'><strong>quas</strong></span> <span class='ocrx_word' id='word_1_341' title='bbox 2357 2960 2457 3013; x_wconf 89' lang='lat' dir='ltr'><strong>per</strong></span> <span class='ocrx_word' id='word_1_342' title='bbox 2484 2942 2850 3013; x_wconf 89' lang='lat' dir='ltr'><strong>precatoriam</strong></span> <span class='ocrx_word' id='word_1_343' title='bbox 2872 2944 3242 3013; x_wconf 89' lang='lat' dir='ltr'><strong>impetrantur</strong></span> <span class='ocrx_word' id='word_1_344' title='bbox 3261 2940 3331 2995; x_wconf 89' lang='lat' dir='ltr'><strong>ab</strong></span> <span class='ocrx_word' id='word_1_345' title='bbox 3368 2942 3556 2995; x_wconf 91' lang='lat' dir='ltr'><strong>eccle-</strong></span> 
     </span>
    </p>
   </div>
   <div class='ocr_carea' id='block_1_60' title="bbox 201 3033 1824 3128">
    <p class='ocr_par' dir='ltr' id='par_1_60' title="bbox 201 3053 1821 3128">
     <span class='ocr_line' id='line_1_60' title="bbox 201 3053 1821 3128; baseline 0.001 -20"><span class='ocrx_word' id='word_1_346' title='bbox 201 3053 382 3109; x_wconf 80' lang='lat' dir='ltr'><strong>Remis</strong></span> <span class='ocrx_word' id='word_1_347' title='bbox 403 3055 465 3109; x_wconf 90' lang='lat' dir='ltr'><strong>in</strong></span> <span class='ocrx_word' id='word_1_348' title='bbox 505 3057 718 3112; x_wconf 86' lang='lat' dir='ltr'><strong>honore</strong></span> <span class='ocrx_word' id='word_1_349' title='bbox 742 3057 915 3112; x_wconf 87' lang='lat' dir='ltr'><strong>sancti</strong></span> <span class='ocrx_word' id='word_1_350' title='bbox 949 3058 1092 3113; x_wconf 90' lang='lat' dir='ltr'><strong>Petri</strong></span> <span class='ocrx_word' id='word_1_351' title='bbox 1119 3065 1436 3114; x_wconf 90' lang='lat' dir='ltr'><strong>constructo</strong></span> <span class='ocrx_word' id='word_1_352' title='bbox 1466 3076 1480 3123; x_wconf 90' lang='lat'><strong>;</strong></span> <span class='ocrx_word' id='word_1_353' title='bbox 1514 3073 1679 3128; x_wconf 90' lang='lat' dir='ltr'><strong>quam</strong></span> <span class='ocrx_word' id='word_1_354' title='bbox 1713 3055 1821 3111; x_wconf 90' lang='lat' dir='ltr'><strong>vil-</strong></span> 
     </span>
    </p>
   </div>
   <div class='ocr_carea' id='block_1_61' title="bbox 1998 3033 3561 3128">
    <p class='ocr_par' dir='ltr' id='par_1_61' title="bbox 1998 3033 3561 3107">
     <span class='ocr_line' id='line_1_61' title="bbox 1998 3033 3561 3107; baseline -0.003 -17"><span class='ocrx_word' id='word_1_355' title='bbox 1998 3054 2028 3100; x_wconf 87' lang='grc' dir='ltr'><strong>ι,</strong></span> <span class='ocrx_word' id='word_1_356' title='bbox 2052 3052 2122 3091; x_wconf 92' lang='lat' dir='ltr'><strong>ne</strong></span> <span class='ocrx_word' id='word_1_357' title='bbox 2154 3036 2520 3091; x_wconf 89' lang='lat' dir='ltr'><strong>diuturnitate</strong></span> <span class='ocrx_word' id='word_1_358' title='bbox 2574 3036 2844 3106; x_wconf 89' lang='lat' dir='ltr'><strong>temporis</strong></span> <span class='ocrx_word' id='word_1_359' title='bbox 2908 3035 2977 3089; x_wconf 90' lang='lat' dir='ltr'><strong>ab</strong></span> <span class='ocrx_word' id='word_1_360' title='bbox 3035 3035 3318 3107; x_wconf 91' lang='lat' dir='ltr'><strong>aliquibus</strong></span> <span class='ocrx_word' id='word_1_361' title='bbox 3388 3035 3444 3087; x_wconf 93' lang='lat' dir='ltr'><strong>in</strong></span> <span class='ocrx_word' id='word_1_362' title='bbox 3468 3033 3561 3102; x_wconf 91' lang='lat' dir='ltr'><strong>jus</strong></span> 
     </span>
    </p>
   </div>
   <div class='ocr_carea' id='block_1_62' title="bbox 199 3148 1823 3223">
    <p class='ocr_par' dir='ltr' id='par_1_62' title="bbox 199 3148 1823 3223">
     <span class='ocr_line' id='line_1_62' title="bbox 199 3148 1823 3223; baseline 0.001 -22"><span class='ocrx_word' id='word_1_363' title='bbox 199 3148 300 3203; x_wconf 91' lang='lat' dir='ltr'><strong>lam</strong></span> <span class='ocrx_word' id='word_1_364' title='bbox 327 3150 465 3205; x_wconf 88' lang='lat' dir='ltr'><strong>dato</strong></span> <span class='ocrx_word' id='word_1_365' title='bbox 510 3150 691 3222; x_wconf 92' lang='lat' dir='ltr'><strong>pretio</strong></span> <span class='ocrx_word' id='word_1_366' title='bbox 741 3166 802 3204; x_wconf 88' lang='lat' dir='ltr'><strong>se</strong></span> <span class='ocrx_word' id='word_1_367' title='bbox 859 3158 1128 3207; x_wconf 90' lang='lat' dir='ltr'><strong>memorat</strong></span> <span class='ocrx_word' id='word_1_368' title='bbox 1158 3166 1529 3223; x_wconf 90' lang='lat' dir='ltr'><strong>comparasse.</strong></span> <span class='ocrx_word' id='word_1_369' title='bbox 1560 3149 1823 3215; x_wconf 80' lang='lat' dir='ltr'><strong>Quaedam</strong></span> 
     </span>
    </p>
   </div>
   <div class='ocr_carea' id='block_1_63' title="bbox 198 3240 1823 3309">
    <p class='ocr_par' dir='ltr' id='par_1_63' title="bbox 198 3240 1823 3309">
     <span class='ocr_line' id='line_1_63' title="bbox 198 3240 1823 3309; baseline -0.001 -14"><span class='ocrx_word' id='word_1_370' title='bbox 198 3250 462 3309; x_wconf 64' lang='lat' dir='ltr'><strong>praeterea</strong></span> <span class='ocrx_word' id='word_1_371' title='bbox 492 3240 728 3297; x_wconf 91' lang='lat' dir='ltr'><strong>donaria</strong></span> <span class='ocrx_word' id='word_1_372' title='bbox 753 3248 1084 3297; x_wconf 90' lang='lat' dir='ltr'><strong>testamento</strong></span> <span class='ocrx_word' id='word_1_373' title='bbox 1108 3243 1344 3299; x_wconf 89' lang='lat' dir='ltr'><strong>diversis</strong></span> <span class='ocrx_word' id='word_1_374' title='bbox 1361 3242 1615 3297; x_wconf 90' lang='lat' dir='ltr'><strong>attribuit</strong></span> <span class='ocrx_word' id='word_1_375' title='bbox 1641 3242 1823 3297; x_wconf 83' lang='lat' dir='ltr'><strong>eccle-</strong></span> 
     </span>
    </p>
   </div>
   <div class='ocr_carea' id='block_1_64' title="bbox 199 3332 1819 3406">
    <p class='ocr_par' dir='ltr' id='par_1_64' title="bbox 199 3332 1819 3406">
     <span class='ocr_line' id='line_1_64' title="bbox 199 3332 1819 3406; baseline -0.001 -20"><span class='ocrx_word' id='word_1_376' title='bbox 199 3332 313 3397; x_wconf 83' lang='lat' dir='ltr'><strong>siis,</strong></span> <span class='ocrx_word' id='word_1_377' title='bbox 374 3342 487 3387; x_wconf 88' lang='lat' dir='ltr'><strong>tam</strong></span> <span class='ocrx_word' id='word_1_378' title='bbox 540 3333 828 3387; x_wconf 82' lang='lat' dir='ltr'><strong>Remensis</strong></span> <span class='ocrx_word' id='word_1_379' title='bbox 893 3333 1187 3404; x_wconf 88' lang='lat' dir='ltr'><strong>episcopii,</strong></span> <span class='ocrx_word' id='word_1_380' title='bbox 1257 3351 1425 3406; x_wconf 86' lang='lat' dir='ltr'><strong>quam</strong></span> <span class='ocrx_word' id='word_1_381' title='bbox 1476 3332 1819 3395; x_wconf 87' lang='lat' dir='ltr'><strong>Suessonici,</strong></span> 
     </span>
    </p>
   </div>
   <div class='ocr_carea' id='block_1_65' title="bbox 200 3425 1821 3498">
    <p class='ocr_par' dir='ltr' id='par_1_65' title="bbox 200 3425 1821 3498">
     <span class='ocr_line' id='line_1_65' title="bbox 200 3425 1821 3498; baseline 0 -20"><span class='ocrx_word' id='word_1_382' title='bbox 200 3425 295 3479; x_wconf 89' lang='lat' dir='ltr'><strong>sed</strong></span> <span class='ocrx_word' id='word_1_383' title='bbox 326 3436 383 3480; x_wconf 90' lang='lat' dir='ltr'><strong>et</strong></span> <span class='ocrx_word' id='word_1_384' title='bbox 407 3425 693 3489; x_wconf 83' lang='lat' dir='ltr'><strong>Turonici,</strong></span> <span class='ocrx_word' id='word_1_385' title='bbox 748 3425 1095 3497; x_wconf 91' lang='lat' dir='ltr'><strong>aliorumque</strong></span> <span class='ocrx_word' id='word_1_386' title='bbox 1138 3427 1527 3498; x_wconf 91' lang='lat' dir='ltr'><strong>quorumdam,</strong></span> <span class='ocrx_word' id='word_1_387' title='bbox 1580 3425 1821 3480; x_wconf 64' lang='lat' dir='ltr'><strong>Familize</strong></span> 
     </span>
    </p>
   </div>
   <div class='ocr_carea' id='block_1_66' title="bbox 203 3513 1828 3587">
    <p class='ocr_par' dir='ltr' id='par_1_66' title="bbox 203 3513 1828 3587">
     <span class='ocr_line' id='line_1_66' title="bbox 203 3513 1828 3587; baseline 0.001 -20"><span class='ocrx_word' id='word_1_388' title='bbox 203 3529 313 3568; x_wconf 56' lang='lat' dir='ltr'><strong>suae</strong></span> <span class='ocrx_word' id='word_1_389' title='bbox 353 3521 570 3585; x_wconf 91' lang='lat' dir='ltr'><strong>partem</strong></span> <span class='ocrx_word' id='word_1_390' title='bbox 626 3513 917 3568; x_wconf 87' lang='lat' dir='ltr'><strong>maximam</strong></span> <span class='ocrx_word' id='word_1_391' title='bbox 964 3514 1310 3587; x_wconf 89' lang='lat' dir='ltr'><strong>ingenuitate</strong></span> <span class='ocrx_word' id='word_1_392' title='bbox 1354 3515 1599 3571; x_wconf 91' lang='lat' dir='ltr'><strong>donavit.</strong></span> <span class='ocrx_word' id='word_1_393' title='bbox 1662 3514 1828 3583; x_wconf 90' lang='lat' dir='ltr'><strong>Cujus</strong></span> 
     </span>
    </p>
   </div>
   <div class='ocr_carea' id='block_1_67' title="bbox 204 3590 1830 3680">
    <p class='ocr_par' dir='ltr' id='par_1_67' title="bbox 204 3590 1830 3680">
     <span class='ocr_line' id='line_1_67' title="bbox 204 3590 1830 3680; baseline 0.002 -22"><span class='ocrx_word' id='word_1_394' title='bbox 204 3590 717 3661; x_wconf 83' lang='lat' dir='ltr'><strong>adhuctestamenti</strong></span> <span class='ocrx_word' id='word_1_395' title='bbox 749 3604 953 3680; x_wconf 89' lang='lat' dir='ltr'><strong>pagina</strong></span> <span class='ocrx_word' id='word_1_396' title='bbox 985 3606 1039 3660; x_wconf 93' lang='lat' dir='ltr'><strong>in</strong></span> <span class='ocrx_word' id='word_1_397' title='bbox 1072 3606 1305 3662; x_wconf 85' lang='lat' dir='ltr'><strong>Archivo</strong></span> <span class='ocrx_word' id='word_1_398' title='bbox 1338 3606 1628 3662; x_wconf 83' lang='lat' dir='ltr'><strong>Remensis</strong></span> <span class='ocrx_word' id='word_1_399' title='bbox 1651 3606 1830 3662; x_wconf 89' lang='lat' dir='ltr'><strong>eccle-</strong></span> 
     </span>
    </p>
   </div>
   <div class='ocr_carea' id='block_1_68' title="bbox 202 3698 1831 3777">
    <p class='ocr_par' dir='ltr' id='par_1_68' title="bbox 202 3698 1831 3777">
     <span class='ocr_line' id='line_1_68' title="bbox 202 3698 1831 3777; baseline 0.003 -25"><span class='ocrx_word' id='word_1_400' title='bbox 202 3698 296 3753; x_wconf 67' lang='lat' dir='ltr'><strong>siae</strong></span> <span class='ocrx_word' id='word_1_401' title='bbox 316 3707 657 3764; x_wconf 90' lang='lat' dir='ltr'><strong>reservatur,</strong></span> <span class='ocrx_word' id='word_1_402' title='bbox 714 3715 840 3756; x_wconf 90' lang='lat' dir='ltr'><strong>cum</strong></span> <span class='ocrx_word' id='word_1_403' title='bbox 888 3698 1215 3759; x_wconf 90' lang='lat' dir='ltr'><strong>auctoritate</strong></span> <span class='ocrx_word' id='word_1_404' title='bbox 1272 3699 1611 3756; x_wconf 89' lang='lat' dir='ltr'><strong>Childeberti</strong></span> <span class='ocrx_word' id='word_1_405' title='bbox 1646 3701 1831 3777; x_wconf 84' lang='lat' dir='ltr'><strong>regis;</strong></span> 
     </span>
    </p>
   </div>
   <div class='ocr_carea' id='block_1_69' title="bbox 205 3788 1830 3862">
    <p class='ocr_par' dir='ltr' id='par_1_69' title="bbox 205 3788 1830 3862">
     <span class='ocr_line' id='line_1_69' title="bbox 205 3788 1830 3862; baseline 0.002 -19"><span class='ocrx_word' id='word_1_406' title='bbox 205 3805 311 3860; x_wconf 91' lang='lat' dir='ltr'><strong>qua</strong></span> <span class='ocrx_word' id='word_1_407' title='bbox 338 3789 550 3860; x_wconf 89' lang='lat' dir='ltr'><strong>petitus</strong></span> <span class='ocrx_word' id='word_1_408' title='bbox 578 3788 728 3844; x_wconf 90' lang='lat' dir='ltr'><strong>idem</strong></span> <span class='ocrx_word' id='word_1_409' title='bbox 748 3807 843 3845; x_wconf 84' lang='lat' dir='ltr'><strong>rex</strong></span> <span class='ocrx_word' id='word_1_410' title='bbox 872 3808 904 3846; x_wconf 91' lang='lat' dir='ltr'><strong>a</strong></span> <span class='ocrx_word' id='word_1_411' title='bbox 925 3790 1151 3862; x_wconf 62' lang='lat' dir='ltr'><strong>praefato</strong></span> <span class='ocrx_word' id='word_1_412' title='bbox 1205 3790 1442 3861; x_wconf 71' lang='lat' dir='ltr'><strong>praesule</strong></span> <span class='ocrx_word' id='word_1_413' title='bbox 1484 3807 1584 3860; x_wconf 87' lang='lat' dir='ltr'><strong>per</strong></span> <span class='ocrx_word' id='word_1_414' title='bbox 1612 3792 1830 3847; x_wconf 88' lang='lat' dir='ltr'><strong>Sonna-</strong></span> 
     </span>
    </p>
   </div>
   <div class='ocr_carea' id='block_1_70' title="bbox 208 3881 1830 3939">
    <p class='ocr_par' dir='ltr' id='par_1_70' title="bbox 208 3881 1830 3939">
     <span class='ocr_line' id='line_1_70' title="bbox 208 3881 1830 3939; baseline 0.002 -4"><span class='ocrx_word' id='word_1_415' title='bbox 208 3881 337 3936; x_wconf 91' lang='lat' dir='ltr'><strong>tium</strong></span> <span class='ocrx_word' id='word_1_416' title='bbox 366 3883 669 3938; x_wconf 91' lang='lat' dir='ltr'><strong>diaconum</strong></span> <span class='ocrx_word' id='word_1_417' title='bbox 693 3883 873 3939; x_wconf 87' lang='lat' dir='ltr'><strong>virum</strong></span> <span class='ocrx_word' id='word_1_418' title='bbox 889 3883 1270 3939; x_wconf 87' lang='lat' dir='ltr'><strong>venerabilem</strong></span> <span class='ocrx_word' id='word_1_419' title='bbox 1303 3884 1406 3938; x_wconf 91' lang='lat' dir='ltr'><strong>hoc</strong></span> <span class='ocrx_word' id='word_1_420' title='bbox 1435 3891 1830 3939; x_wconf 87' lang='lat' dir='ltr'><strong>testamentum</strong></span> 
     </span>
    </p>
   </div>
   <div class='ocr_carea' id='block_1_71' title="bbox 204 3972 1831 4040">
    <p class='ocr_par' dir='ltr' id='par_1_71' title="bbox 204 3972 1831 4040">
     <span class='ocr_line' id='line_1_71' title="bbox 204 3972 1831 4040; baseline 0.001 -11"><span class='ocrx_word' id='word_1_421' title='bbox 204 3972 535 4030; x_wconf 83' lang='lat' dir='ltr'><strong>confirmare</strong></span> <span class='ocrx_word' id='word_1_422' title='bbox 574 3974 824 4031; x_wconf 90' lang='lat' dir='ltr'><strong>decrevit</strong></span> <span class='ocrx_word' id='word_1_423' title='bbox 856 3993 869 4029; x_wconf 88' lang='lat'><strong>:</strong></span> <span class='ocrx_word' id='word_1_424' title='bbox 902 3976 1135 4039; x_wconf 88' lang='lat' dir='ltr'><strong>scilicet,</strong></span> <span class='ocrx_word' id='word_1_425' title='bbox 1186 3983 1246 4030; x_wconf 91' lang='lat' dir='ltr'><strong>ut</strong></span> <span class='ocrx_word' id='word_1_426' title='bbox 1298 3984 1494 4040; x_wconf 86' lang='lat' dir='ltr'><strong>terras,</strong></span> <span class='ocrx_word' id='word_1_427' title='bbox 1552 3976 1747 4031; x_wconf 89' lang='lat' dir='ltr'><strong>vineas</strong></span> <span class='ocrx_word' id='word_1_428' title='bbox 1775 3985 1831 4032; x_wconf 91' lang='lat' dir='ltr'><strong>et</strong></span> 
     </span>
    </p>
   </div>
   <div class='ocr_carea' id='block_1_72' title="bbox 205 4064 1830 4136">
    <p class='ocr_par' dir='ltr' id='par_1_72' title="bbox 205 4064 1830 4136">
     <span class='ocr_line' id='line_1_72' title="bbox 205 4064 1830 4136; baseline 0.002 -19"><span class='ocrx_word' id='word_1_429' title='bbox 205 4065 501 4135; x_wconf 91' lang='lat' dir='ltr'><strong>mancipia,</strong></span> <span class='ocrx_word' id='word_1_430' title='bbox 535 4080 659 4136; x_wconf 73' lang='lat' dir='ltr'><strong>quae</strong></span> <span class='ocrx_word' id='word_1_431' title='bbox 703 4065 772 4119; x_wconf 92' lang='lat' dir='ltr'><strong>ad</strong></span> <span class='ocrx_word' id='word_1_432' title='bbox 801 4064 1094 4120; x_wconf 90' lang='lat' dir='ltr'><strong>ecclesiam</strong></span> <span class='ocrx_word' id='word_1_433' title='bbox 1153 4065 1435 4136; x_wconf 62' lang='lat' dir='ltr'><strong>praecipue</strong></span> <span class='ocrx_word' id='word_1_434' title='bbox 1469 4066 1830 4134; x_wconf 85' lang='lat' dir='ltr'><strong>Remensem,</strong></span> 
     </span>
    </p>
   </div>
   <div class='ocr_carea' id='block_1_73' title="bbox 206 4155 1831 4227">
    <p class='ocr_par' dir='ltr' id='par_1_73' title="bbox 206 4155 1831 4227">
     <span class='ocr_line' id='line_1_73' title="bbox 206 4155 1831 4227; baseline 0.001 -18"><span class='ocrx_word' id='word_1_435' title='bbox 206 4155 290 4210; x_wconf 90' lang='lat' dir='ltr'><strong>vel</strong></span> <span class='ocrx_word' id='word_1_436' title='bbox 321 4156 391 4209; x_wconf 90' lang='lat' dir='ltr'><strong>ad</strong></span> <span class='ocrx_word' id='word_1_437' title='bbox 451 4164 655 4211; x_wconf 72' lang='lat' dir='ltr'><strong>caetera</strong></span> <span class='ocrx_word' id='word_1_438' title='bbox 703 4156 824 4211; x_wconf 91' lang='lat' dir='ltr'><strong>loca</strong></span> <span class='ocrx_word' id='word_1_439' title='bbox 862 4163 1179 4211; x_wconf 90' lang='lat' dir='ltr'><strong>sanctorum</strong></span> <span class='ocrx_word' id='word_1_440' title='bbox 1230 4155 1526 4226; x_wconf 66' lang='lat' dir='ltr'><strong>praedictus</strong></span> <span class='ocrx_word' id='word_1_441' title='bbox 1578 4155 1831 4227; x_wconf 83' lang='lat' dir='ltr'><strong>pontifex</strong></span> 
     </span>
    </p>
   </div>
   <div class='ocr_carea' id='block_1_74' title="bbox 204 4244 1835 4317">
    <p class='ocr_par' dir='ltr' id='par_1_74' title="bbox 204 4244 1835 4317">
     <span class='ocr_line' id='line_1_74' title="bbox 204 4244 1835 4317; baseline 0.002 -20"><span class='ocrx_word' id='word_1_442' title='bbox 204 4244 577 4315; x_wconf 83' lang='lat' dir='ltr'><strong>delegaverat,</strong></span> <span class='ocrx_word' id='word_1_443' title='bbox 609 4245 654 4299; x_wconf 90' lang='lat' dir='ltr'><strong>si</strong></span> <span class='ocrx_word' id='word_1_444' title='bbox 688 4245 815 4317; x_wconf 90' lang='lat' dir='ltr'><strong>quis</strong></span> <span class='ocrx_word' id='word_1_445' title='bbox 855 4245 1174 4300; x_wconf 71' lang='lat' dir='ltr'><strong>haeredibus</strong></span> <span class='ocrx_word' id='word_1_446' title='bbox 1225 4245 1401 4317; x_wconf 84' lang='lat' dir='ltr'><strong>ipsius</strong></span> <span class='ocrx_word' id='word_1_447' title='bbox 1433 4245 1634 4314; x_wconf 87' lang='lat' dir='ltr'><strong>injuste</strong></span> <span class='ocrx_word' id='word_1_448' title='bbox 1669 4262 1835 4301; x_wconf 89' lang='lat' dir='ltr'><strong>usur—</strong></span> 
     </span>
    </p>
   </div>
   <div class='ocr_carea' id='block_1_75' title="bbox 210 4336 1839 4408">
    <p class='ocr_par' dir='ltr' id='par_1_75' title="bbox 210 4336 1839 4408">
     <span class='ocr_line' id='line_1_75' title="bbox 210 4336 1839 4408; baseline 0.001 -18"><span class='ocrx_word' id='word_1_449' title='bbox 210 4352 337 4405; x_wconf 90' lang='lat' dir='ltr'><strong>pare</strong></span> <span class='ocrx_word' id='word_1_450' title='bbox 371 4336 840 4408; x_wconf 64' lang='lat' dir='ltr'><strong>praesumpsisset,</strong></span> <span class='ocrx_word' id='word_1_451' title='bbox 864 4336 1204 4391; x_wconf 88' lang='lat' dir='ltr'><strong>omnimodis</strong></span> <span class='ocrx_word' id='word_1_452' title='bbox 1224 4351 1289 4392; x_wconf 92' lang='lat' dir='ltr'><strong>ea</strong></span> <span class='ocrx_word' id='word_1_453' title='bbox 1312 4336 1618 4407; x_wconf 89' lang='lat' dir='ltr'><strong>recipiendi</strong></span> <span class='ocrx_word' id='word_1_454' title='bbox 1651 4352 1839 4391; x_wconf 91' lang='lat' dir='ltr'><strong>sacer-</strong></span> 
     </span>
    </p>
   </div>
   <div class='ocr_carea' id='block_1_76' title="bbox 211 4421 1922 4490">
    <p class='ocr_par' dir='ltr' id='par_1_76' title="bbox 211 4421 1922 4490">
     <span class='ocr_line' id='line_1_76' title="bbox 211 4421 1922 4490; baseline 0.002 -9"><span class='ocrx_word' id='word_1_455' title='bbox 211 4428 368 4483; x_wconf 91' lang='lat' dir='ltr'><strong>dotes</strong></span> <span class='ocrx_word' id='word_1_456' title='bbox 388 4430 719 4485; x_wconf 90' lang='lat' dir='ltr'><strong>corumdem</strong></span> <span class='ocrx_word' id='word_1_457' title='bbox 766 4429 1013 4485; x_wconf 91' lang='lat' dir='ltr'><strong>locorum</strong></span> <span class='ocrx_word' id='word_1_458' title='bbox 1065 4429 1294 4484; x_wconf 91' lang='lat' dir='ltr'><strong>liberam</strong></span> <span class='ocrx_word' id='word_1_459' title='bbox 1350 4431 1600 4485; x_wconf 83' lang='lat' dir='ltr'><strong>valerent</strong></span> <span class='ocrx_word' id='word_1_460' title='bbox 1631 4429 1835 4484; x_wconf 90' lang='lat' dir='ltr'><strong>habere</strong></span> <span class='ocrx_word' id='word_1_461' title='bbox 1862 4421 1922 4490; x_wconf 92' lang='lat' dir='ltr'><strong>D</strong></span> 
     </span>
    </p>
   </div>
   <div class='ocr_carea' id='block_1_77' title="bbox 214 4521 1838 4593">
    <p class='ocr_par' dir='ltr' id='par_1_77' title="bbox 214 4521 1838 4593">
     <span class='ocr_line' id='line_1_77' title="bbox 214 4521 1838 4593; baseline 0.002 -18"><span class='ocrx_word' id='word_1_462' title='bbox 214 4526 567 4589; x_wconf 88' lang='lat' dir='ltr'><strong>potestatem.</strong></span> <span class='ocrx_word' id='word_1_463' title='bbox 622 4521 894 4586; x_wconf 81' lang='lat' dir='ltr'><strong>Quasdam</strong></span> <span class='ocrx_word' id='word_1_464' title='bbox 949 4536 1171 4593; x_wconf 91' lang='lat' dir='ltr'><strong>quoque</strong></span> <span class='ocrx_word' id='word_1_465' title='bbox 1227 4521 1386 4577; x_wconf 89' lang='lat' dir='ltr'><strong>villas</strong></span> <span class='ocrx_word' id='word_1_466' title='bbox 1444 4522 1500 4576; x_wconf 92' lang='lat' dir='ltr'><strong>in</strong></span> <span class='ocrx_word' id='word_1_467' title='bbox 1557 4521 1838 4578; x_wconf 89' lang='lat' dir='ltr'><strong>territorio</strong></span> 
     </span>
    </p>
   </div>
   <div class='ocr_carea' id='block_1_78' title="bbox 215 4608 1834 4683">
    <p class='ocr_par' dir='ltr' id='par_1_78' title="bbox 215 4608 1834 4683">
     <span class='ocr_line' id='line_1_78' title="bbox 215 4608 1834 4683; baseline 0.001 -20"><span class='ocrx_word' id='word_1_468' title='bbox 215 4608 436 4664; x_wconf 82' lang='lat' dir='ltr'><strong>Metensi</strong></span> <span class='ocrx_word' id='word_1_469' title='bbox 473 4610 826 4680; x_wconf 85' lang='lat' dir='ltr'><strong>constitutas,</strong></span> <span class='ocrx_word' id='word_1_470' title='bbox 856 4627 1088 4683; x_wconf 90' lang='lat' dir='ltr'><strong>quarum</strong></span> <span class='ocrx_word' id='word_1_471' title='bbox 1139 4620 1303 4682; x_wconf 89' lang='lat' dir='ltr'><strong>caput</strong></span> <span class='ocrx_word' id='word_1_472' title='bbox 1333 4620 1417 4666; x_wconf 90' lang='lat' dir='ltr'><strong>est</strong></span> <span class='ocrx_word' id='word_1_473' title='bbox 1466 4611 1742 4667; x_wconf 88' lang='lat' dir='ltr'><strong>Ortivallis</strong></span> <span class='ocrx_word' id='word_1_474' title='bbox 1778 4612 1834 4683; x_wconf 77' lang='grc' dir='ltr'><strong>[ἱ.</strong></span> 
     </span>
    </p>
   </div>
   <div class='ocr_carea' id='block_1_79' title="bbox 212 4700 1837 4778">
    <p class='ocr_par' dir='ltr' id='par_1_79' title="bbox 212 4700 1837 4778">
     <span class='ocr_line' id='line_1_79' title="bbox 212 4700 1837 4778; baseline 0.003 -24"><span class='ocrx_word' id='word_1_475' title='bbox 212 4700 516 4772; x_wconf 87' lang='lat' dir='ltr'><strong>Orcivallis]</strong></span> <span class='ocrx_word' id='word_1_476' title='bbox 552 4719 690 4774; x_wconf 91' lang='lat' dir='ltr'><strong>quas</strong></span> <span class='ocrx_word' id='word_1_477' title='bbox 702 4704 941 4759; x_wconf 91' lang='lat' dir='ltr'><strong>domnus</strong></span> <span class='ocrx_word' id='word_1_478' title='bbox 970 4704 1202 4778; x_wconf 86' lang='lat' dir='ltr'><strong>Egidius</strong></span> <span class='ocrx_word' id='word_1_479' title='bbox 1228 4704 1571 4760; x_wconf 88' lang='lat' dir='ltr'><strong>aVincentio</strong></span> <span class='ocrx_word' id='word_1_480' title='bbox 1594 4704 1837 4776; x_wconf 93' lang='lat' dir='ltr'><strong>quodam</strong></span> 
     </span>
    </p>
   </div>
   <div class='ocr_carea' id='block_1_80' title="bbox 214 4790 1840 4867">
    <p class='ocr_par' dir='ltr' id='par_1_80' title="bbox 214 4790 1840 4867">
     <span class='ocr_line' id='line_1_80' title="bbox 214 4790 1840 4867; baseline 0.003 -25"><span class='ocrx_word' id='word_1_481' title='bbox 214 4790 450 4846; x_wconf 86' lang='lat' dir='ltr'><strong>traditur</strong></span> <span class='ocrx_word' id='word_1_482' title='bbox 501 4791 794 4856; x_wconf 90' lang='lat' dir='ltr'><strong>coemisse,</strong></span> <span class='ocrx_word' id='word_1_483' title='bbox 845 4808 972 4847; x_wconf 93' lang='lat' dir='ltr'><strong>cum</strong></span> <span class='ocrx_word' id='word_1_484' title='bbox 1026 4792 1382 4850; x_wconf 90' lang='lat' dir='ltr'><strong>Childeberto</strong></span> <span class='ocrx_word' id='word_1_485' title='bbox 1424 4809 1556 4867; x_wconf 87' lang='lat' dir='ltr'><strong>rege</strong></span> <span class='ocrx_word' id='word_1_486' title='bbox 1586 4809 1840 4849; x_wconf 85' lang='lat' dir='ltr'><strong>commu-</strong></span> 
     </span>
    </p>
   </div>
   <div class='ocr_carea' id='block_1_81' title="bbox 216 4882 1843 4957">
    <p class='ocr_par' dir='ltr' id='par_1_81' title="bbox 216 4882 1843 4957">
     <span class='ocr_line' id='line_1_81' title="bbox 216 4882 1843 4957; baseline 0.002 -22"><span class='ocrx_word' id='word_1_487' title='bbox 216 4882 365 4948; x_wconf 88' lang='lat' dir='ltr'><strong>tavit,</strong></span> <span class='ocrx_word' id='word_1_488' title='bbox 400 4899 505 4955; x_wconf 89' lang='lat' dir='ltr'><strong>pro</strong></span> <span class='ocrx_word' id='word_1_489' title='bbox 528 4883 656 4939; x_wconf 92' lang='lat' dir='ltr'><strong>aliis</strong></span> <span class='ocrx_word' id='word_1_490' title='bbox 683 4884 830 4939; x_wconf 90' lang='lat' dir='ltr'><strong>villis</strong></span> <span class='ocrx_word' id='word_1_491' title='bbox 885 4885 942 4939; x_wconf 92' lang='lat' dir='ltr'><strong>in</strong></span> <span class='ocrx_word' id='word_1_492' title='bbox 990 4899 1131 4957; x_wconf 82' lang='lat' dir='ltr'><strong>pago</strong></span> <span class='ocrx_word' id='word_1_493' title='bbox 1173 4885 1429 4940; x_wconf 81' lang='lat' dir='ltr'><strong>Remensi</strong></span> <span class='ocrx_word' id='word_1_494' title='bbox 1482 4884 1625 4952; x_wconf 89' lang='lat' dir='ltr'><strong>sitis,</strong></span> <span class='ocrx_word' id='word_1_495' title='bbox 1680 4884 1737 4939; x_wconf 91' lang='lat' dir='ltr'><strong>id</strong></span> <span class='ocrx_word' id='word_1_496' title='bbox 1758 4893 1843 4939; x_wconf 92' lang='lat' dir='ltr'><strong>est</strong></span> 
     </span>
    </p>
   </div>
   <div class='ocr_carea' id='block_1_82' title="bbox 216 4967 1838 5047">
    <p class='ocr_par' dir='ltr' id='par_1_82' title="bbox 216 4967 1838 5047">
     <span class='ocr_line' id='line_1_82' title="bbox 216 4967 1838 5047; baseline 0.002 -24"><span class='ocrx_word' id='word_1_497' title='bbox 216 4967 534 5025; x_wconf 81' lang='lat' dir='ltr'><strong>Marciliana</strong></span> <span class='ocrx_word' id='word_1_498' title='bbox 591 4980 647 5026; x_wconf 91' lang='lat' dir='ltr'><strong>et</strong></span> <span class='ocrx_word' id='word_1_499' title='bbox 700 4972 1025 5047; x_wconf 85' lang='lat' dir='ltr'><strong>Arbidogilo</strong></span> <span class='ocrx_word' id='word_1_500' title='bbox 1080 4972 1162 5043; x_wconf 90' lang='lat' dir='ltr'><strong>[f.,</strong></span> <span class='ocrx_word' id='word_1_501' title='bbox 1192 4974 1451 5043; x_wconf 78' lang='lat' dir='ltr'><strong>Margilly</strong></span> <span class='ocrx_word' id='word_1_502' title='bbox 1483 4978 1532 5027; x_wconf 86' lang='lat' dir='ltr'><strong>et</strong></span> <span class='ocrx_word' id='word_1_503' title='bbox 1563 4973 1838 5043; x_wconf 75' lang='lat' dir='ltr'><strong>Ardeuil].</strong></span> 
     </span>
    </p>
   </div>
   <div class='ocr_carea' id='block_1_83' title="bbox 221 5057 1846 5136">
    <p class='ocr_par' dir='ltr' id='par_1_83' title="bbox 221 5057 1846 5136">
     <span class='ocr_line' id='line_1_83' title="bbox 221 5057 1846 5136; baseline 0.002 -23"><span class='ocrx_word' id='word_1_504' title='bbox 221 5057 325 5114; x_wconf 80' lang='lat' dir='ltr'><strong>Res</strong></span> <span class='ocrx_word' id='word_1_505' title='bbox 354 5076 606 5132; x_wconf 91' lang='lat' dir='ltr'><strong>quoque,</strong></span> <span class='ocrx_word' id='word_1_506' title='bbox 634 5062 721 5116; x_wconf 88' lang='lat' dir='ltr'><strong>vel</strong></span> <span class='ocrx_word' id='word_1_507' title='bbox 751 5063 1053 5134; x_wconf 91' lang='lat' dir='ltr'><strong>mancipia,</strong></span> <span class='ocrx_word' id='word_1_508' title='bbox 1094 5064 1151 5118; x_wconf 89' lang='lat' dir='ltr'><strong>in</strong></span> <span class='ocrx_word' id='word_1_509' title='bbox 1182 5065 1510 5136; x_wconf 88' lang='lat' dir='ltr'><strong>pontiﬁcatu</strong></span> <span class='ocrx_word' id='word_1_510' title='bbox 1539 5064 1747 5136; x_wconf 89' lang='lat' dir='ltr'><strong>positas</strong></span> <span class='ocrx_word' id='word_1_511' title='bbox 1776 5062 1846 5117; x_wconf 91' lang='lat' dir='ltr'><strong>ad</strong></span> 
     </span>
    </p>
   </div>
   <div class='ocr_carea' id='block_1_84' title="bbox 220 5155 1847 5226">
    <p class='ocr_par' dir='ltr' id='par_1_84' title="bbox 220 5155 1847 5226">
     <span class='ocr_line' id='line_1_84' title="bbox 220 5155 1847 5226; baseline 0.003 -22"><span class='ocrx_word' id='word_1_512' title='bbox 220 5162 580 5226; x_wconf 87' lang='lat' dir='ltr'><strong>augmentum</strong></span> <span class='ocrx_word' id='word_1_513' title='bbox 637 5156 891 5212; x_wconf 75' lang='lat' dir='ltr'><strong>ecclesiae</strong></span> <span class='ocrx_word' id='word_1_514' title='bbox 939 5156 1222 5213; x_wconf 90' lang='lat' dir='ltr'><strong>invenitur</strong></span> <span class='ocrx_word' id='word_1_515' title='bbox 1270 5157 1495 5214; x_wconf 88' lang='lat' dir='ltr'><strong>emisse.</strong></span> <span class='ocrx_word' id='word_1_516' title='bbox 1538 5155 1847 5213; x_wconf 86' lang='lat' dir='ltr'><strong>Oratorium</strong></span> 
     </span>
    </p>
   </div>
   <div class='ocr_carea' id='block_1_85' title="bbox 223 5240 1848 5315">
    <p class='ocr_par' dir='ltr' id='par_1_85' title="bbox 223 5240 1848 5315">
     <span class='ocr_line' id='line_1_85' title="bbox 223 5240 1848 5315; baseline 0.004 -21"><span class='ocrx_word' id='word_1_517' title='bbox 223 5240 466 5315; x_wconf 87' lang='lat' dir='ltr'><strong>denique</strong></span> <span class='ocrx_word' id='word_1_518' title='bbox 497 5243 603 5297; x_wconf 89' lang='lat' dir='ltr'><strong>sub</strong></span> <span class='ocrx_word' id='word_1_519' title='bbox 660 5245 873 5301; x_wconf 90' lang='lat' dir='ltr'><strong>honore</strong></span> <span class='ocrx_word' id='word_1_520' title='bbox 942 5245 1091 5301; x_wconf 91' lang='lat' dir='ltr'><strong>beati</strong></span> <span class='ocrx_word' id='word_1_521' title='bbox 1146 5246 1400 5308; x_wconf 76' lang='lat' dir='ltr'><strong>Germani</strong></span> <span class='ocrx_word' id='word_1_522' title='bbox 1456 5246 1765 5302; x_wconf 84' lang='lat' dir='ltr'><strong>construxit</strong></span> <span class='ocrx_word' id='word_1_523' title='bbox 1791 5246 1848 5300; x_wconf 91' lang='lat' dir='ltr'><strong>in</strong></span> 
     </span>
    </p>
   </div>
   <div class='ocr_carea' id='block_1_86' title="bbox 222 5331 1849 5409">
    <p class='ocr_par' dir='ltr' id='par_1_86' title="bbox 222 5331 1849 5409">
     <span class='ocr_line' id='line_1_86' title="bbox 222 5331 1849 5409; baseline 0.006 -26"><span class='ocrx_word' id='word_1_524' title='bbox 222 5331 359 5385; x_wconf 89' lang='lat' dir='ltr'><strong>atrio</strong></span> <span class='ocrx_word' id='word_1_525' title='bbox 379 5332 561 5387; x_wconf 87' lang='lat' dir='ltr'><strong>sancti</strong></span> <span class='ocrx_word' id='word_1_526' title='bbox 594 5333 853 5409; x_wconf 81' lang='lat' dir='ltr'><strong>Remigii.</strong></span> <span class='ocrx_word' id='word_1_527' title='bbox 884 5334 1156 5400; x_wconf 85' lang='lat' dir='ltr'><strong>Quasdam</strong></span> <span class='ocrx_word' id='word_1_528' title='bbox 1189 5351 1414 5408; x_wconf 90' lang='lat' dir='ltr'><strong>quoque</strong></span> <span class='ocrx_word' id='word_1_529' title='bbox 1440 5352 1530 5392; x_wconf 91' lang='lat' dir='ltr'><strong>res</strong></span> <span class='ocrx_word' id='word_1_530' title='bbox 1558 5352 1589 5391; x_wconf 90' lang='lat' dir='ltr'><strong>a</strong></span> <span class='ocrx_word' id='word_1_531' title='bbox 1616 5337 1849 5409; x_wconf 91' lang='lat' dir='ltr'><strong>quibus-</strong></span> 
     </span>
    </p>
   </div>
   <div class='ocr_carea' id='block_1_87' title="bbox 223 5422 1842 5505">
    <p class='ocr_par' dir='ltr' id='par_1_87' title="bbox 223 5422 1842 5505">
     <span class='ocr_line' id='line_1_87' title="bbox 223 5422 1842 5505; baseline 0.007 -28"><span class='ocrx_word' id='word_1_532' title='bbox 223 5422 343 5479; x_wconf 90' lang='lat' dir='ltr'><strong>dam</strong></span> <span class='ocrx_word' id='word_1_533' title='bbox 400 5442 687 5497; x_wconf 87' lang='lat' dir='ltr'><strong>pervasas,</strong></span> <span class='ocrx_word' id='word_1_534' title='bbox 754 5429 903 5499; x_wconf 90' lang='lat' dir='ltr'><strong>apud</strong></span> <span class='ocrx_word' id='word_1_535' title='bbox 964 5429 1173 5502; x_wconf 88' lang='lat' dir='ltr'><strong>regiam</strong></span> <span class='ocrx_word' id='word_1_536' title='bbox 1233 5431 1602 5500; x_wconf 90' lang='lat' dir='ltr'><strong>majestatem,</strong></span> <span class='ocrx_word' id='word_1_537' title='bbox 1643 5442 1842 5505; x_wconf 85' lang='lat' dir='ltr'><strong>agente</strong></span> 
     </span>
    </p>
   </div>
   <div class='ocr_carea' id='block_1_88' title="bbox 224 5515 1839 5592">
    <p class='ocr_par' dir='ltr' id='par_1_88' title="bbox 224 5515 1839 5592">
     <span class='ocr_line' id='line_1_88' title="bbox 224 5515 1839 5592; baseline 0.004 -22"><span class='ocrx_word' id='word_1_538' title='bbox 224 5515 449 5582; x_wconf 70' lang='lat' dir='ltr'><strong>praefato</strong></span> <span class='ocrx_word' id='word_1_539' title='bbox 476 5516 744 5573; x_wconf 90' lang='lat' dir='ltr'><strong>Sonnatio</strong></span> <span class='ocrx_word' id='word_1_540' title='bbox 782 5518 1197 5587; x_wconf 89' lang='lat' dir='ltr'><strong>archidiacono,</strong></span> <span class='ocrx_word' id='word_1_541' title='bbox 1238 5520 1587 5577; x_wconf 90' lang='lat' dir='ltr'><strong>evindicasse</strong></span> <span class='ocrx_word' id='word_1_542' title='bbox 1618 5521 1839 5592; x_wconf 90' lang='lat' dir='ltr'><strong>reperi-</strong></span> 
     </span>
    </p>
   </div>
   <div class='ocr_carea' id='block_1_89' title="bbox 223 5606 1842 5679">
    <p class='ocr_par' dir='ltr' id='par_1_89' title="bbox 223 5606 1842 5679">
     <span class='ocr_line' id='line_1_89' title="bbox 223 5606 1842 5679; baseline 0.006 -21"><span class='ocrx_word' id='word_1_543' title='bbox 223 5609 325 5670; x_wconf 89' lang='lat' dir='ltr'><strong>tur,</strong></span> <span class='ocrx_word' id='word_1_544' title='bbox 355 5606 530 5679; x_wconf 72' lang='lat' dir='ltr'><strong>regiaz</strong></span> <span class='ocrx_word' id='word_1_545' title='bbox 568 5606 920 5662; x_wconf 88' lang='lat' dir='ltr'><strong>auctoritatis</strong></span> <span class='ocrx_word' id='word_1_546' title='bbox 966 5623 1135 5679; x_wconf 90' lang='lat' dir='ltr'><strong>super</strong></span> <span class='ocrx_word' id='word_1_547' title='bbox 1165 5609 1252 5664; x_wconf 90' lang='lat' dir='ltr'><strong>his</strong></span> <span class='ocrx_word' id='word_1_548' title='bbox 1303 5610 1842 5677; x_wconf 86' lang='lat' dir='ltr'><strong>evindicationibus,</strong></span> 
     </span>
    </p>
   </div>
   <div class='ocr_carea' id='block_1_90' title="bbox 222 5692 1217 5754">
    <p class='ocr_par' dir='ltr' id='par_1_90' title="bbox 222 5692 1217 5754">
     <span class='ocr_line' id='line_1_90' title="bbox 222 5692 1217 5754; baseline 0.008 -8"><span class='ocrx_word' id='word_1_549' title='bbox 222 5692 399 5751; x_wconf 87' lang='lat' dir='ltr'><strong>adhuc</strong></span> <span class='ocrx_word' id='word_1_550' title='bbox 419 5695 787 5752; x_wconf 90' lang='lat' dir='ltr'><strong>manentibus</strong></span> <span class='ocrx_word' id='word_1_551' title='bbox 814 5695 1217 5754; x_wconf 90' lang='lat' dir='ltr'><strong>instrumentis.</strong></span> 
     </span>
    </p>
   </div>
   <div class='ocr_carea' id='block_1_91' title="bbox 1926 3121 3407 3196">
    <p class='ocr_par' dir='ltr' id='par_1_91' title="bbox 1926 3121 3407 3196">
     <span class='ocr_line' id='line_1_91' title="bbox 1926 3121 3407 3196; baseline -0.001 -17"><span class='ocrx_word' id='word_1_552' title='bbox 1926 3125 2212 3196; x_wconf 87' lang='lat' dir='ltr'><strong>preprium</strong></span> <span class='ocrx_word' id='word_1_553' title='bbox 2234 3132 2592 3196; x_wconf 89' lang='lat' dir='ltr'><strong>usurpentur,</strong></span> <span class='ocrx_word' id='word_1_554' title='bbox 2622 3124 2946 3179; x_wconf 70' lang='lat' dir='ltr'><strong>etecclesia:</strong></span> <span class='ocrx_word' id='word_1_555' title='bbox 2979 3121 3407 3178; x_wconf 89' lang='lat' dir='ltr'><strong>defraudentur.</strong></span> 
     </span>
    </p>
   </div>
   <div class='ocr_carea' id='block_1_92' title="bbox 1994 3211 3546 3283">
    <p class='ocr_par' dir='ltr' id='par_1_92' title="bbox 1994 3211 3546 3283">
     <span class='ocr_line' id='line_1_92' title="bbox 1994 3211 3546 3283; baseline -0.001 -16"><span class='ocrx_word' id='word_1_556' title='bbox 1994 3214 2048 3267; x_wconf 76' lang='lat'><strong>2.</strong></span> <span class='ocrx_word' id='word_1_557' title='bbox 2076 3215 2148 3267; x_wconf 91' lang='lat' dir='ltr'><strong>De</strong></span> <span class='ocrx_word' id='word_1_558' title='bbox 2187 3213 2427 3280; x_wconf 88' lang='lat' dir='ltr'><strong>clericis,</strong></span> <span class='ocrx_word' id='word_1_559' title='bbox 2448 3212 2494 3266; x_wconf 90' lang='lat' dir='ltr'><strong>si</strong></span> <span class='ocrx_word' id='word_1_560' title='bbox 2527 3212 2621 3283; x_wconf 92' lang='lat' dir='ltr'><strong>qui</strong></span> <span class='ocrx_word' id='word_1_561' title='bbox 2664 3211 2989 3267; x_wconf 89' lang='lat' dir='ltr'><strong>rebellionis</strong></span> <span class='ocrx_word' id='word_1_562' title='bbox 3012 3228 3150 3267; x_wconf 88' lang='lat' dir='ltr'><strong>ausu</strong></span> <span class='ocrx_word' id='word_1_563' title='bbox 3182 3212 3546 3266; x_wconf 88' lang='lat' dir='ltr'><strong>sacramentis</strong></span> 
     </span>
    </p>
   </div>
   <div class='ocr_carea' id='block_1_93' title="bbox 1925 3300 3555 3373">
    <p class='ocr_par' dir='ltr' id='par_1_93' title="bbox 1925 3300 3555 3373">
     <span class='ocr_line' id='line_1_93' title="bbox 1925 3300 3555 3373; baseline -0.002 -16"><span class='ocrx_word' id='word_1_564' title='bbox 1925 3317 2007 3368; x_wconf 86' lang='lat' dir='ltr'><strong>se,</strong></span> <span class='ocrx_word' id='word_1_565' title='bbox 2031 3308 2126 3357; x_wconf 89' lang='lat' dir='ltr'><strong>aut</strong></span> <span class='ocrx_word' id='word_1_566' title='bbox 2153 3302 2440 3373; x_wconf 67' lang='lat' dir='ltr'><strong>scripturae</strong></span> <span class='ocrx_word' id='word_1_567' title='bbox 2471 3301 2857 3370; x_wconf 85' lang='lat' dir='ltr'><strong>conjuratione</strong></span> <span class='ocrx_word' id='word_1_568' title='bbox 2885 3300 3337 3367; x_wconf 85' lang='lat' dir='ltr'><strong>constrinxerint,</strong></span> <span class='ocrx_word' id='word_1_569' title='bbox 3379 3307 3555 3372; x_wconf 88' lang='lat' dir='ltr'><strong>atque</strong></span> 
     </span>
    </p>
   </div>
   <div class='ocr_carea' id='block_1_94' title="bbox 1926 3391 3556 3464">
    <p class='ocr_par' dir='ltr' id='par_1_94' title="bbox 1926 3391 3556 3464">
     <span class='ocr_line' id='line_1_94' title="bbox 1926 3391 3556 3464; baseline 0 -18"><span class='ocrx_word' id='word_1_570' title='bbox 1926 3392 2158 3446; x_wconf 87' lang='lat' dir='ltr'><strong>insidias</strong></span> <span class='ocrx_word' id='word_1_571' title='bbox 2186 3392 2449 3461; x_wconf 82' lang='lat' dir='ltr'><strong>episcOpo</strong></span> <span class='ocrx_word' id='word_1_572' title='bbox 2467 3406 2568 3445; x_wconf 91' lang='lat' dir='ltr'><strong>suo</strong></span> <span class='ocrx_word' id='word_1_573' title='bbox 2600 3391 2800 3445; x_wconf 87' lang='lat' dir='ltr'><strong>callida</strong></span> <span class='ocrx_word' id='word_1_574' title='bbox 2815 3391 3151 3464; x_wconf 84' lang='lat' dir='ltr'><strong>allegatione</strong></span> <span class='ocrx_word' id='word_1_575' title='bbox 3188 3391 3556 3457; x_wconf 88' lang='lat' dir='ltr'><strong>confecerint,</strong></span> 
     </span>
    </p>
   </div>
   <div class='ocr_carea' id='block_1_95' title="bbox 1928 3482 3549 3556">
    <p class='ocr_par' dir='ltr' id='par_1_95' title="bbox 1928 3482 3549 3556">
     <span class='ocr_line' id='line_1_95' title="bbox 1928 3482 3549 3556; baseline 0.001 -18"><span class='ocrx_word' id='word_1_576' title='bbox 1928 3490 1988 3538; x_wconf 93' lang='lat' dir='ltr'><strong>ut</strong></span> <span class='ocrx_word' id='word_1_577' title='bbox 2016 3483 2063 3537; x_wconf 91' lang='lat' dir='ltr'><strong>si</strong></span> <span class='ocrx_word' id='word_1_578' title='bbox 2092 3482 2359 3537; x_wconf 90' lang='lat' dir='ltr'><strong>admoniti</strong></span> <span class='ocrx_word' id='word_1_579' title='bbox 2386 3482 2685 3537; x_wconf 90' lang='lat' dir='ltr'><strong>emendare</strong></span> <span class='ocrx_word' id='word_1_580' title='bbox 2717 3484 3175 3555; x_wconf 86' lang='lat' dir='ltr'><strong>contempserint,</strong></span> <span class='ocrx_word' id='word_1_581' title='bbox 3210 3485 3383 3556; x_wconf 82' lang='lat' dir='ltr'><strong>gradu</strong></span> <span class='ocrx_word' id='word_1_582' title='bbox 3411 3499 3549 3555; x_wconf 91' lang='lat' dir='ltr'><strong>pro-</strong></span> 
     </span>
    </p>
   </div>
   <div class='ocr_carea' id='block_1_96' title="bbox 1931 3575 2666 3647">
    <p class='ocr_par' dir='ltr' id='par_1_96' title="bbox 1931 3575 2666 3647">
     <span class='ocr_line' id='line_1_96' title="bbox 1931 3575 2666 3647; baseline 0 -18"><span class='ocrx_word' id='word_1_583' title='bbox 1931 3576 2050 3647; x_wconf 90' lang='lat' dir='ltr'><strong>prio</strong></span> <span class='ocrx_word' id='word_1_584' title='bbox 2082 3575 2317 3630; x_wconf 88' lang='lat' dir='ltr'><strong>omnino</strong></span> <span class='ocrx_word' id='word_1_585' title='bbox 2362 3575 2666 3645; x_wconf 90' lang='lat' dir='ltr'><strong>priventur.</strong></span> 
     </span>
    </p>
   </div>
   <div class='ocr_carea' id='block_1_97' title="bbox 2007 3663 3553 3739">
    <p class='ocr_par' dir='ltr' id='par_1_97' title="bbox 2007 3663 3553 3739">
     <span class='ocr_line' id='line_1_97' title="bbox 2007 3663 3553 3739; baseline 0.001 -22"><span class='ocrx_word' id='word_1_586' title='bbox 2007 3667 2059 3718; x_wconf 84' lang='lat'><strong>3.</strong></span> <span class='ocrx_word' id='word_1_587' title='bbox 2091 3664 2154 3718; x_wconf 92' lang='lat' dir='ltr'><strong>Ut</strong></span> <span class='ocrx_word' id='word_1_588' title='bbox 2183 3664 2427 3735; x_wconf 90' lang='lat' dir='ltr'><strong>capitula</strong></span> <span class='ocrx_word' id='word_1_589' title='bbox 2484 3679 2759 3717; x_wconf 90' lang='lat' dir='ltr'><strong>canonum</strong></span> <span class='ocrx_word' id='word_1_590' title='bbox 2818 3664 3041 3718; x_wconf 89' lang='lat' dir='ltr'><strong>Parisiis</strong></span> <span class='ocrx_word' id='word_1_591' title='bbox 3070 3671 3192 3719; x_wconf 89' lang='lat' dir='ltr'><strong>acta</strong></span> <span class='ocrx_word' id='word_1_592' title='bbox 3224 3664 3280 3717; x_wconf 90' lang='lat' dir='ltr'><strong>in</strong></span> <span class='ocrx_word' id='word_1_593' title='bbox 3303 3663 3553 3739; x_wconf 86' lang='lat' dir='ltr'><strong>generali</strong></span> 
     </span>
    </p>
   </div>
   <div class='ocr_carea' id='block_1_98' title="bbox 1934 3751 3560 3825">
    <p class='ocr_par' dir='ltr' id='par_1_98' title="bbox 1934 3751 3560 3825">
     <span class='ocr_line' id='line_1_98' title="bbox 1934 3751 3560 3825; baseline -0.001 -19"><span class='ocrx_word' id='word_1_594' title='bbox 1934 3752 2168 3823; x_wconf 87' lang='lat' dir='ltr'><strong>synodo,</strong></span> <span class='ocrx_word' id='word_1_595' title='bbox 2203 3753 2257 3806; x_wconf 92' lang='lat' dir='ltr'><strong>in</strong></span> <span class='ocrx_word' id='word_1_596' title='bbox 2289 3752 2519 3807; x_wconf 86' lang='lat' dir='ltr'><strong>basilica</strong></span> <span class='ocrx_word' id='word_1_597' title='bbox 2546 3753 2721 3806; x_wconf 90' lang='lat' dir='ltr'><strong>sancti</strong></span> <span class='ocrx_word' id='word_1_598' title='bbox 2769 3752 2934 3818; x_wconf 87' lang='lat' dir='ltr'><strong>Petri,</strong></span> <span class='ocrx_word' id='word_1_599' title='bbox 2961 3751 3202 3807; x_wconf 90' lang='lat' dir='ltr'><strong>Lotharii</strong></span> <span class='ocrx_word' id='word_1_600' title='bbox 3257 3752 3406 3825; x_wconf 91' lang='lat' dir='ltr'><strong>regis</strong></span> <span class='ocrx_word' id='word_1_601' title='bbox 3436 3760 3560 3805; x_wconf 91' lang='lat' dir='ltr'><strong>stu-</strong></span> 
     </span>
    </p>
   </div>
   <div class='ocr_carea' id='block_1_99' title="bbox 1935 3839 3319 3916">
    <p class='ocr_par' dir='ltr' id='par_1_99' title="bbox 1935 3839 3319 3916">
     <span class='ocr_line' id='line_1_99' title="bbox 1935 3839 3319 3916; baseline -0.001 -21"><span class='ocrx_word' id='word_1_602' title='bbox 1935 3840 2029 3897; x_wconf 93' lang='lat' dir='ltr'><strong>dio</strong></span> <span class='ocrx_word' id='word_1_603' title='bbox 2061 3851 2416 3916; x_wconf 83' lang='lat' dir='ltr'><strong>congregata,</strong></span> <span class='ocrx_word' id='word_1_604' title='bbox 2445 3840 2595 3895; x_wconf 92' lang='lat' dir='ltr'><strong>omni</strong></span> <span class='ocrx_word' id='word_1_605' title='bbox 2625 3839 2882 3897; x_wconf 84' lang='lat' dir='ltr'><strong>firmitate</strong></span> <span class='ocrx_word' id='word_1_606' title='bbox 2911 3841 3319 3896; x_wconf 88' lang='lat' dir='ltr'><strong>custodiantur.</strong></span> 
     </span>
    </p>
   </div>
   <div class='ocr_carea' id='block_1_100' title="bbox 2007 3931 3566 4004">
    <p class='ocr_par' dir='ltr' id='par_1_100' title="bbox 2007 3931 3566 4004">
     <span class='ocr_line' id='line_1_100' title="bbox 2007 3931 3566 4004; baseline -0.003 -16"><span class='ocrx_word' id='word_1_607' title='bbox 2007 3934 2060 3988; x_wconf 75' lang='grc'><strong>4.</strong></span> <span class='ocrx_word' id='word_1_608' title='bbox 2093 3933 2160 3988; x_wconf 88' lang='lat' dir='ltr'><strong>Ut</strong></span> <span class='ocrx_word' id='word_1_609' title='bbox 2182 3934 2229 3987; x_wconf 91' lang='lat' dir='ltr'><strong>si</strong></span> <span class='ocrx_word' id='word_1_610' title='bbox 2261 3933 2354 4004; x_wconf 86' lang='lat' dir='ltr'><strong>qui</strong></span> <span class='ocrx_word' id='word_1_611' title='bbox 2386 3932 2627 3988; x_wconf 66' lang='lat' dir='ltr'><strong>haeretici</strong></span> <span class='ocrx_word' id='word_1_612' title='bbox 2683 3934 2866 3987; x_wconf 87' lang='lat' dir='ltr'><strong>adhuc</strong></span> <span class='ocrx_word' id='word_1_613' title='bbox 2909 3949 3032 3987; x_wconf 88' lang='lat' dir='ltr'><strong>esse</strong></span> <span class='ocrx_word' id='word_1_614' title='bbox 3078 3932 3435 4002; x_wconf 88' lang='lat' dir='ltr'><strong>suspicantur</strong></span> <span class='ocrx_word' id='word_1_615' title='bbox 3467 3948 3482 3996; x_wconf 89' lang='lat'><strong>;</strong></span> <span class='ocrx_word' id='word_1_616' title='bbox 3509 3931 3566 3985; x_wconf 94' lang='lat' dir='ltr'><strong>in</strong></span> 
     </span>
    </p>
   </div>
   <div class='ocr_carea' id='block_1_101' title="bbox 1939 4019 3567 4094">
    <p class='ocr_par' dir='ltr' id='par_1_101' title="bbox 1939 4019 3567 4094">
     <span class='ocr_line' id='line_1_101' title="bbox 1939 4019 3567 4094; baseline -0.001 -18"><span class='ocrx_word' id='word_1_617' title='bbox 1939 4022 2149 4086; x_wconf 86' lang='lat' dir='ltr'><strong>Galliis,</strong></span> <span class='ocrx_word' id='word_1_618' title='bbox 2182 4038 2212 4076; x_wconf 93' lang='lat' dir='ltr'><strong>a</strong></span> <span class='ocrx_word' id='word_1_619' title='bbox 2244 4023 2562 4093; x_wconf 89' lang='lat' dir='ltr'><strong>pastoribus</strong></span> <span class='ocrx_word' id='word_1_620' title='bbox 2583 4021 2943 4077; x_wconf 90' lang='lat' dir='ltr'><strong>ecclesiarum</strong></span> <span class='ocrx_word' id='word_1_621' title='bbox 2975 4021 3371 4094; x_wconf 89' lang='lat' dir='ltr'><strong>perquirantur</strong></span> <span class='ocrx_word' id='word_1_622' title='bbox 3394 4037 3409 4086; x_wconf 90' lang='lat'><strong>;</strong></span> <span class='ocrx_word' id='word_1_623' title='bbox 3435 4029 3492 4075; x_wconf 92' lang='lat' dir='ltr'><strong>et</strong></span> <span class='ocrx_word' id='word_1_624' title='bbox 3521 4019 3567 4074; x_wconf 91' lang='lat' dir='ltr'><strong>si</strong></span> 
     </span>
    </p>
   </div>
   <div class='ocr_carea' id='block_1_102' title="bbox 1936 4108 3568 4178">
    <p class='ocr_par' dir='ltr' id='par_1_102' title="bbox 1936 4108 3568 4178">
     <span class='ocr_line' id='line_1_102' title="bbox 1936 4108 3568 4178; baseline -0.001 -12"><span class='ocrx_word' id='word_1_625' title='bbox 1936 4111 2209 4166; x_wconf 89' lang='lat' dir='ltr'><strong>veraciter</strong></span> <span class='ocrx_word' id='word_1_626' title='bbox 2240 4108 2447 4165; x_wconf 88' lang='lat' dir='ltr'><strong>fuerint</strong></span> <span class='ocrx_word' id='word_1_627' title='bbox 2478 4110 2710 4178; x_wconf 91' lang='lat' dir='ltr'><strong>inventi,</strong></span> <span class='ocrx_word' id='word_1_628' title='bbox 2743 4112 2811 4165; x_wconf 93' lang='lat' dir='ltr'><strong>ad</strong></span> <span class='ocrx_word' id='word_1_629' title='bbox 2844 4110 3008 4165; x_wconf 85' lang='lat' dir='ltr'><strong>ﬁdem</strong></span> <span class='ocrx_word' id='word_1_630' title='bbox 3040 4110 3367 4166; x_wconf 88' lang='lat' dir='ltr'><strong>catholicam</strong></span> <span class='ocrx_word' id='word_1_631' title='bbox 3405 4124 3568 4165; x_wconf 89' lang='lat' dir='ltr'><strong>revo-</strong></span> 
     </span>
    </p>
   </div>
   <div class='ocr_carea' id='block_1_103' title="bbox 1939 4190 2163 4237">
    <p class='ocr_par' dir='ltr' id='par_1_103' title="bbox 1939 4190 2163 4237">
     <span class='ocr_line' id='line_1_103' title="bbox 1939 4190 2163 4237; baseline -0.009 0"><span class='ocrx_word' id='word_1_632' title='bbox 1939 4190 2163 4237; x_wconf 70' lang='grc' dir='ltr'><strong>ορηῐυτ.</strong></span> 
     </span>
    </p>
   </div>
   <div class='ocr_carea' id='block_1_104' title="bbox 2008 4272 3566 4339">
    <p class='ocr_par' dir='ltr' id='par_1_104' title="bbox 2008 4272 3566 4339">
     <span class='ocr_line' id='line_1_104' title="bbox 2008 4272 3566 4339; baseline -0.002 -10"><span class='ocrx_word' id='word_1_633' title='bbox 2008 4274 2061 4329; x_wconf 89' lang='grc'><strong>5.</strong></span> <span class='ocrx_word' id='word_1_634' title='bbox 2098 4274 2163 4329; x_wconf 93' lang='lat' dir='ltr'><strong>Ut</strong></span> <span class='ocrx_word' id='word_1_635' title='bbox 2196 4282 2401 4330; x_wconf 89' lang='lat' dir='ltr'><strong>temere</strong></span> <span class='ocrx_word' id='word_1_636' title='bbox 2451 4275 2639 4330; x_wconf 91' lang='lat' dir='ltr'><strong>nullus</strong></span> <span class='ocrx_word' id='word_1_637' title='bbox 2699 4274 3211 4331; x_wconf 85' lang='lat' dir='ltr'><strong>excommunicetur</strong></span> <span class='ocrx_word' id='word_1_638' title='bbox 3242 4292 3258 4339; x_wconf 87' lang='lat'><strong>;</strong></span> <span class='ocrx_word' id='word_1_639' title='bbox 3291 4280 3347 4327; x_wconf 90' lang='lat' dir='ltr'><strong>et</strong></span> <span class='ocrx_word' id='word_1_640' title='bbox 3386 4272 3432 4327; x_wconf 92' lang='lat' dir='ltr'><strong>si</strong></span> <span class='ocrx_word' id='word_1_641' title='bbox 3465 4289 3566 4327; x_wconf 87' lang='lat' dir='ltr'><strong>ex-</strong></span> 
     </span>
    </p>
   </div>
   <div class='ocr_carea' id='block_1_105' title="bbox 1944 4365 3566 4437">
    <p class='ocr_par' dir='ltr' id='par_1_105' title="bbox 1944 4365 3566 4437">
     <span class='ocr_line' id='line_1_105' title="bbox 1944 4365 3566 4437; baseline -0.002 -14"><span class='ocrx_word' id='word_1_642' title='bbox 1944 4367 2381 4423; x_wconf 89' lang='lat' dir='ltr'><strong>communicatus</strong></span> <span class='ocrx_word' id='word_1_643' title='bbox 2414 4367 2690 4422; x_wconf 83' lang='lat' dir='ltr'><strong>existimat</strong></span> <span class='ocrx_word' id='word_1_644' title='bbox 2748 4384 2808 4422; x_wconf 91' lang='lat' dir='ltr'><strong>se</strong></span> <span class='ocrx_word' id='word_1_645' title='bbox 2854 4368 3057 4437; x_wconf 87' lang='lat' dir='ltr'><strong>injuste</strong></span> <span class='ocrx_word' id='word_1_646' title='bbox 3125 4367 3466 4434; x_wconf 88' lang='lat' dir='ltr'><strong>damnatum,</strong></span> <span class='ocrx_word' id='word_1_647' title='bbox 3511 4365 3566 4419; x_wconf 91' lang='lat' dir='ltr'><strong>in</strong></span> 
     </span>
    </p>
   </div>
   <div class='ocr_carea' id='block_1_106' title="bbox 1947 4460 3571 4532">
    <p class='ocr_par' dir='ltr' id='par_1_106' title="bbox 1947 4460 3571 4532">
     <span class='ocr_line' id='line_1_106' title="bbox 1947 4460 3571 4532; baseline -0.001 -18"><span class='ocrx_word' id='word_1_648' title='bbox 1947 4462 2196 4532; x_wconf 89' lang='lat' dir='ltr'><strong>proxima</strong></span> <span class='ocrx_word' id='word_1_649' title='bbox 2225 4460 2439 4531; x_wconf 84' lang='lat' dir='ltr'><strong>synodo</strong></span> <span class='ocrx_word' id='word_1_650' title='bbox 2492 4460 2692 4515; x_wconf 89' lang='lat' dir='ltr'><strong>habeat</strong></span> <span class='ocrx_word' id='word_1_651' title='bbox 2721 4460 3000 4515; x_wconf 88' lang='lat' dir='ltr'><strong>licentiam</strong></span> <span class='ocrx_word' id='word_1_652' title='bbox 3034 4460 3369 4515; x_wconf 89' lang='lat' dir='ltr'><strong>reclamandi</strong></span> <span class='ocrx_word' id='word_1_653' title='bbox 3402 4466 3494 4513; x_wconf 90' lang='lat' dir='ltr'><strong>:et</strong></span> <span class='ocrx_word' id='word_1_654' title='bbox 3524 4460 3571 4515; x_wconf 88' lang='lat' dir='ltr'><strong>si</strong></span> 
     </span>
    </p>
   </div>
   <div class='ocr_carea' id='block_1_107' title="bbox 1940 4534 3564 4619">
    <p class='ocr_par' dir='ltr' id='par_1_107' title="bbox 1940 4534 3564 4619">
     <span class='ocr_line' id='line_1_107' title="bbox 1940 4534 3564 4619; baseline -0.001 -15"><span class='ocrx_word' id='word_1_655' title='bbox 1940 4550 2144 4619; x_wconf 90' lang='lat' dir='ltr'><strong>injuste</strong></span> <span class='ocrx_word' id='word_1_656' title='bbox 2172 4551 2462 4604; x_wconf 90' lang='lat' dir='ltr'><strong>damnatus</strong></span> <span class='ocrx_word' id='word_1_657' title='bbox 2486 4549 2670 4615; x_wconf 91' lang='lat' dir='ltr'><strong>fuerit,</strong></span> <span class='ocrx_word' id='word_1_658' title='bbox 2684 4549 3041 4614; x_wconf 90' lang='lat' dir='ltr'><strong>absolvatur;</strong></span> <span class='ocrx_word' id='word_1_659' title='bbox 3075 4534 3163 4605; x_wconf 83' lang='lat' dir='ltr'><strong>sin</strong></span> <span class='ocrx_word' id='word_1_660' title='bbox 3194 4558 3377 4605; x_wconf 91' lang='lat' dir='ltr'><strong>autem</strong></span> <span class='ocrx_word' id='word_1_661' title='bbox 3390 4549 3564 4618; x_wconf 91' lang='lat' dir='ltr'><strong>juste,</strong></span> 
     </span>
    </p>
   </div>
   <div class='ocr_carea' id='block_1_108' title="bbox 1942 4638 3185 4711">
    <p class='ocr_par' dir='ltr' id='par_1_108' title="bbox 1942 4638 3185 4711">
     <span class='ocr_line' id='line_1_108' title="bbox 1942 4638 3185 4711; baseline 0 -17"><span class='ocrx_word' id='word_1_662' title='bbox 1942 4638 2259 4710; x_wconf 90' lang='lat' dir='ltr'><strong>impositum</strong></span> <span class='ocrx_word' id='word_1_663' title='bbox 2288 4638 2635 4710; x_wconf 73' lang='lat' dir='ltr'><strong>poenitentiae</strong></span> <span class='ocrx_word' id='word_1_664' title='bbox 2667 4645 2887 4711; x_wconf 92' lang='lat' dir='ltr'><strong>tempus</strong></span> <span class='ocrx_word' id='word_1_665' title='bbox 2918 4639 3185 4695; x_wconf 90' lang='lat' dir='ltr'><strong>exsolvat.</strong></span> 
     </span>
    </p>
   </div>
   <div class='ocr_carea' id='block_1_109' title="bbox 2011 4730 3565 4803">
    <p class='ocr_par' dir='ltr' id='par_1_109' title="bbox 2011 4730 3565 4803">
     <span class='ocr_line' id='line_1_109' title="bbox 2011 4730 3565 4803; baseline 0.001 -18"><span class='ocrx_word' id='word_1_666' title='bbox 2011 4733 2062 4787; x_wconf 89' lang='lat'><strong>6.</strong></span> <span class='ocrx_word' id='word_1_667' title='bbox 2091 4731 2156 4786; x_wconf 91' lang='lat' dir='ltr'><strong>Ut</strong></span> <span class='ocrx_word' id='word_1_668' title='bbox 2184 4731 2231 4785; x_wconf 91' lang='lat' dir='ltr'><strong>si</strong></span> <span class='ocrx_word' id='word_1_669' title='bbox 2288 4730 2415 4803; x_wconf 91' lang='lat' dir='ltr'><strong>quis</strong></span> <span class='ocrx_word' id='word_1_670' title='bbox 2463 4730 2637 4798; x_wconf 86' lang='lat' dir='ltr'><strong>judex</strong></span> <span class='ocrx_word' id='word_1_671' title='bbox 2678 4731 2977 4803; x_wconf 81' lang='lat' dir='ltr'><strong>cujuslibet</strong></span> <span class='ocrx_word' id='word_1_672' title='bbox 3034 4731 3249 4787; x_wconf 90' lang='lat' dir='ltr'><strong>ordinis</strong></span> <span class='ocrx_word' id='word_1_673' title='bbox 3296 4732 3565 4788; x_wconf 90' lang='lat' dir='ltr'><strong>clericum</strong></span> 
     </span>
    </p>
   </div>
   <div class='ocr_carea' id='block_1_110' title="bbox 1941 4822 3570 4896">
    <p class='ocr_par' dir='ltr' id='par_1_110' title="bbox 1941 4822 3570 4896">
     <span class='ocr_line' id='line_1_110' title="bbox 1941 4822 3570 4896; baseline 0.001 -18"><span class='ocrx_word' id='word_1_674' title='bbox 1941 4824 2182 4895; x_wconf 82' lang='lat' dir='ltr'><strong>publicis</strong></span> <span class='ocrx_word' id='word_1_675' title='bbox 2202 4822 2518 4879; x_wconf 91' lang='lat' dir='ltr'><strong>actionibus</strong></span> <span class='ocrx_word' id='word_1_676' title='bbox 2568 4823 2835 4880; x_wconf 89' lang='lat' dir='ltr'><strong>inclinare</strong></span> <span class='ocrx_word' id='word_1_677' title='bbox 2876 4824 3313 4896; x_wconf 64' lang='lat' dir='ltr'><strong>praesumpserit,</strong></span> <span class='ocrx_word' id='word_1_678' title='bbox 3343 4832 3438 4880; x_wconf 91' lang='lat' dir='ltr'><strong>aut</strong></span> <span class='ocrx_word' id='word_1_679' title='bbox 3470 4841 3570 4896; x_wconf 91' lang='lat' dir='ltr'><strong>pro</strong></span> 
     </span>
    </p>
   </div>
   <div class='ocr_carea' id='block_1_111' title="bbox 1942 4912 3567 4986">
    <p class='ocr_par' dir='ltr' id='par_1_111' title="bbox 1942 4912 3567 4986">
     <span class='ocr_line' id='line_1_111' title="bbox 1942 4912 3567 4986; baseline 0.001 -19"><span class='ocrx_word' id='word_1_680' title='bbox 1942 4912 2287 4985; x_wconf 89' lang='lat' dir='ltr'><strong>quibuslibet</strong></span> <span class='ocrx_word' id='word_1_681' title='bbox 2309 4914 2514 4979; x_wconf 91' lang='lat' dir='ltr'><strong>causis,</strong></span> <span class='ocrx_word' id='word_1_682' title='bbox 2548 4914 2761 4986; x_wconf 89' lang='lat' dir='ltr'><strong>absque</strong></span> <span class='ocrx_word' id='word_1_683' title='bbox 2817 4914 3158 4970; x_wconf 91' lang='lat' dir='ltr'><strong>conscientia</strong></span> <span class='ocrx_word' id='word_1_684' title='bbox 3206 4922 3261 4969; x_wconf 93' lang='lat' dir='ltr'><strong>et</strong></span> <span class='ocrx_word' id='word_1_685' title='bbox 3293 4915 3567 4986; x_wconf 91' lang='lat' dir='ltr'><strong>permissu</strong></span> 
     </span>
    </p>
   </div>
   <div class='ocr_carea' id='block_1_112' title="bbox 1946 5002 3565 5078">
    <p class='ocr_par' dir='ltr' id='par_1_112' title="bbox 1946 5002 3565 5078">
     <span class='ocr_line' id='line_1_112' title="bbox 1946 5002 3565 5078; baseline -0.001 -20"><span class='ocrx_word' id='word_1_686' title='bbox 1946 5002 2196 5074; x_wconf 89' lang='lat' dir='ltr'><strong>episcopi</strong></span> <span class='ocrx_word' id='word_1_687' title='bbox 2226 5002 2585 5078; x_wconf 80' lang='lat' dir='ltr'><strong>distringere,</strong></span> <span class='ocrx_word' id='word_1_688' title='bbox 2640 5010 2735 5058; x_wconf 89' lang='lat' dir='ltr'><strong>aut</strong></span> <span class='ocrx_word' id='word_1_689' title='bbox 2796 5003 3169 5069; x_wconf 88' lang='lat' dir='ltr'><strong>contumeliis,</strong></span> <span class='ocrx_word' id='word_1_690' title='bbox 3196 5003 3281 5057; x_wconf 90' lang='lat' dir='ltr'><strong>vel</strong></span> <span class='ocrx_word' id='word_1_691' title='bbox 3341 5002 3565 5071; x_wconf 91' lang='lat' dir='ltr'><strong>injuriis</strong></span> 
     </span>
    </p>
   </div>
   <div class='ocr_carea' id='block_1_113' title="bbox 1948 5090 3577 5163">
    <p class='ocr_par' dir='ltr' id='par_1_113' title="bbox 1948 5090 3577 5163">
     <span class='ocr_line' id='line_1_113' title="bbox 1948 5090 3577 5163; baseline 0.001 -18"><span class='ocrx_word' id='word_1_692' title='bbox 1948 5090 2172 5147; x_wconf 89' lang='lat' dir='ltr'><strong>afficere</strong></span> <span class='ocrx_word' id='word_1_693' title='bbox 2199 5091 2637 5163; x_wconf 82' lang='lat' dir='ltr'><strong>praesumpserit,</strong></span> <span class='ocrx_word' id='word_1_694' title='bbox 2695 5091 3090 5147; x_wconf 90' lang='lat' dir='ltr'><strong>communione</strong></span> <span class='ocrx_word' id='word_1_695' title='bbox 3142 5091 3410 5162; x_wconf 88' lang='lat' dir='ltr'><strong>privetur.</strong></span> <span class='ocrx_word' id='word_1_696' title='bbox 3446 5091 3577 5162; x_wconf 87' lang='lat' dir='ltr'><strong>Epi-</strong></span> 
     </span>
    </p>
   </div>
   <div class='ocr_carea' id='block_1_114' title="bbox 1950 5184 3571 5257">
    <p class='ocr_par' dir='ltr' id='par_1_114' title="bbox 1950 5184 3571 5257">
     <span class='ocr_line' id='line_1_114' title="bbox 1950 5184 3571 5257; baseline -0.001 -18"><span class='ocrx_word' id='word_1_697' title='bbox 1950 5200 2153 5255; x_wconf 91' lang='lat' dir='ltr'><strong>sc0pus</strong></span> <span class='ocrx_word' id='word_1_698' title='bbox 2178 5191 2362 5239; x_wconf 91' lang='lat' dir='ltr'><strong>tamen</strong></span> <span class='ocrx_word' id='word_1_699' title='bbox 2409 5186 2477 5240; x_wconf 90' lang='lat' dir='ltr'><strong>de</strong></span> <span class='ocrx_word' id='word_1_700' title='bbox 2504 5185 2773 5257; x_wconf 87' lang='lat' dir='ltr'><strong>reputatis</strong></span> <span class='ocrx_word' id='word_1_701' title='bbox 2798 5184 3219 5241; x_wconf 87' lang='lat' dir='ltr'><strong>conditionibus</strong></span> <span class='ocrx_word' id='word_1_702' title='bbox 3245 5185 3571 5241; x_wconf 89' lang='lat' dir='ltr'><strong>clericorum</strong></span> 
     </span>
    </p>
   </div>
   <div class='ocr_carea' id='block_1_115' title="bbox 1950 5276 3013 5349">
    <p class='ocr_par' dir='ltr' id='par_1_115' title="bbox 1950 5276 3013 5349">
     <span class='ocr_line' id='line_1_115' title="bbox 1950 5276 3013 5349; baseline 0.002 -19"><span class='ocrx_word' id='word_1_703' title='bbox 1950 5276 2317 5349; x_wconf 87' lang='lat' dir='ltr'><strong>negligentias</strong></span> <span class='ocrx_word' id='word_1_704' title='bbox 2349 5277 2650 5332; x_wconf 91' lang='lat' dir='ltr'><strong>emendare</strong></span> <span class='ocrx_word' id='word_1_705' title='bbox 2680 5293 2790 5333; x_wconf 90' lang='lat' dir='ltr'><strong>non</strong></span> <span class='ocrx_word' id='word_1_706' title='bbox 2815 5277 3013 5332; x_wconf 88' lang='lat' dir='ltr'><strong>tardet.</strong></span> 
     </span>
    </p>
   </div>
   <div class='ocr_carea' id='block_1_116' title="bbox 2021 5368 3571 5440">
    <p class='ocr_par' dir='ltr' id='par_1_116' title="bbox 2021 5368 3571 5440">
     <span class='ocr_line' id='line_1_116' title="bbox 2021 5368 3571 5440; baseline 0 -18"><span class='ocrx_word' id='word_1_707' title='bbox 2021 5370 2074 5423; x_wconf 90' lang='lat'><strong>7.</strong></span> <span class='ocrx_word' id='word_1_708' title='bbox 2114 5368 2176 5423; x_wconf 84' lang='lat' dir='ltr'><strong>Hi</strong></span> <span class='ocrx_word' id='word_1_709' title='bbox 2219 5384 2373 5435; x_wconf 91' lang='lat' dir='ltr'><strong>vero,</strong></span> <span class='ocrx_word' id='word_1_710' title='bbox 2418 5385 2557 5440; x_wconf 91' lang='lat' dir='ltr'><strong>quos</strong></span> <span class='ocrx_word' id='word_1_711' title='bbox 2611 5369 2869 5440; x_wconf 90' lang='lat' dir='ltr'><strong>publicus</strong></span> <span class='ocrx_word' id='word_1_712' title='bbox 2923 5386 3122 5427; x_wconf 90' lang='lat' dir='ltr'><strong>census</strong></span> <span class='ocrx_word' id='word_1_713' title='bbox 3170 5376 3411 5440; x_wconf 89' lang='lat' dir='ltr'><strong>spectat,</strong></span> <span class='ocrx_word' id='word_1_714' title='bbox 3446 5368 3571 5424; x_wconf 91' lang='lat' dir='ltr'><strong>sine</strong></span> 
     </span>
    </p>
   </div>
   <div class='ocr_carea' id='block_1_117' title="bbox 1946 5456 3575 5532">
    <p class='ocr_par' dir='ltr' id='par_1_117' title="bbox 1946 5456 3575 5532">
     <span class='ocr_line' id='line_1_117' title="bbox 1946 5456 3575 5532; baseline 0.001 -21"><span class='ocrx_word' id='word_1_715' title='bbox 1946 5456 2218 5528; x_wconf 90' lang='lat' dir='ltr'><strong>permissu</strong></span> <span class='ocrx_word' id='word_1_716' title='bbox 2251 5456 2539 5528; x_wconf 90' lang='lat' dir='ltr'><strong>principis,</strong></span> <span class='ocrx_word' id='word_1_717' title='bbox 2573 5457 2662 5512; x_wconf 86' lang='lat' dir='ltr'><strong>vel</strong></span> <span class='ocrx_word' id='word_1_718' title='bbox 2675 5457 2905 5526; x_wconf 92' lang='lat' dir='ltr'><strong>judicis,</strong></span> <span class='ocrx_word' id='word_1_719' title='bbox 2939 5474 2999 5513; x_wconf 90' lang='lat' dir='ltr'><strong>se</strong></span> <span class='ocrx_word' id='word_1_720' title='bbox 3027 5459 3096 5513; x_wconf 91' lang='lat' dir='ltr'><strong>ad</strong></span> <span class='ocrx_word' id='word_1_721' title='bbox 3127 5458 3460 5532; x_wconf 88' lang='lat' dir='ltr'><strong>religionem</strong></span> <span class='ocrx_word' id='word_1_722' title='bbox 3486 5472 3575 5512; x_wconf 88' lang='lat' dir='ltr'><strong>so-</strong></span> 
     </span>
    </p>
   </div>
   <div class='ocr_carea' id='block_1_118' title="bbox 1944 5545 2536 5602">
    <p class='ocr_par' dir='ltr' id='par_1_118' title="bbox 1944 5545 2536 5602">
     <span class='ocr_line' id='line_1_118' title="bbox 1944 5545 2536 5602; baseline -0.003 -1"><span class='ocrx_word' id='word_1_723' title='bbox 1944 5546 2094 5601; x_wconf 87' lang='lat' dir='ltr'><strong>ciare</strong></span> <span class='ocrx_word' id='word_1_724' title='bbox 2124 5561 2237 5602; x_wconf 90' lang='lat' dir='ltr'><strong>non</strong></span> <span class='ocrx_word' id='word_1_725' title='bbox 2268 5545 2536 5601; x_wconf 90' lang='lat' dir='ltr'><strong>audeant.</strong></span> 
     </span>
    </p>
   </div>
   <div class='ocr_carea' id='block_1_119' title="bbox 2018 5633 3569 5708">
    <p class='ocr_par' dir='ltr' id='par_1_119' title="bbox 2018 5633 3569 5708">
     <span class='ocr_line' id='line_1_119' title="bbox 2018 5633 3569 5708; baseline -0.001 -18"><span class='ocrx_word' id='word_1_726' title='bbox 2018 5634 2070 5690; x_wconf 88' lang='lat'><strong>8.</strong></span> <span class='ocrx_word' id='word_1_727' title='bbox 2128 5634 2181 5689; x_wconf 93' lang='lat' dir='ltr'><strong>Si</strong></span> <span class='ocrx_word' id='word_1_728' title='bbox 2224 5636 2349 5707; x_wconf 91' lang='lat' dir='ltr'><strong>quis</strong></span> <span class='ocrx_word' id='word_1_729' title='bbox 2401 5633 2693 5708; x_wconf 85' lang='lat' dir='ltr'><strong>fugitivum</strong></span> <span class='ocrx_word' id='word_1_730' title='bbox 2725 5635 2795 5691; x_wconf 92' lang='lat' dir='ltr'><strong>ab</strong></span> <span class='ocrx_word' id='word_1_731' title='bbox 2851 5636 3084 5692; x_wconf 91' lang='lat' dir='ltr'><strong>ecclesia</strong></span> <span class='ocrx_word' id='word_1_732' title='bbox 3137 5637 3349 5708; x_wconf 86' lang='lat' dir='ltr'><strong>absque</strong></span> <span class='ocrx_word' id='word_1_733' title='bbox 3381 5649 3569 5689; x_wconf 87' lang='lat' dir='ltr'><strong>sacra—-</strong></span> 
     </span>
    </p>
   </div>
   <div class='ocr_carea' id='block_1_120' title="bbox 1950 5725 3570 5800">
    <p class='ocr_par' dir='ltr' id='par_1_120' title="bbox 1950 5725 3570 5800">
     <span class='ocr_line' id='line_1_120' title="bbox 1950 5725 3570 5800; baseline -0.003 -18"><span class='ocrx_word' id='word_1_734' title='bbox 1950 5732 2161 5795; x_wconf 88' lang='lat' dir='ltr'><strong>mento,</strong></span> <span class='ocrx_word' id='word_1_735' title='bbox 2188 5742 2297 5800; x_wconf 92' lang='lat' dir='ltr'><strong>quo</strong></span> <span class='ocrx_word' id='word_1_736' title='bbox 2318 5728 2371 5783; x_wconf 92' lang='lat' dir='ltr'><strong>ei</strong></span> <span class='ocrx_word' id='word_1_737' title='bbox 2392 5726 2694 5798; x_wconf 90' lang='lat' dir='ltr'><strong>jurandum</strong></span> <span class='ocrx_word' id='word_1_738' title='bbox 2724 5736 2830 5798; x_wconf 90' lang='lat' dir='ltr'><strong>est,</strong></span> <span class='ocrx_word' id='word_1_739' title='bbox 2856 5737 2918 5786; x_wconf 91' lang='lat' dir='ltr'><strong>ut</strong></span> <span class='ocrx_word' id='word_1_740' title='bbox 2939 5729 3009 5785; x_wconf 90' lang='lat' dir='ltr'><strong>de</strong></span> <span class='ocrx_word' id='word_1_741' title='bbox 3041 5729 3152 5787; x_wconf 91' lang='lat' dir='ltr'><strong>vita</strong></span> <span class='ocrx_word' id='word_1_742' title='bbox 3183 5729 3274 5799; x_wconf 91' lang='lat' dir='ltr'><strong>[c.,</strong></span> <span class='ocrx_word' id='word_1_743' title='bbox 3306 5725 3570 5799; x_wconf 88' lang='lat' dir='ltr'><strong>devitato]</strong></span> 
     </span>
    </p>
   </div>
  </div>
