3884 6402
379 376 484 432 103

1497 366 1866 422 FLODOARDI
1908 366 2214 422 CANONICI
2257 367 2585 423 REMENSIS

3623 370 3722 427 104

381 506 753 564 tormento,et
774 497 1122 554 truncatione
1172 509 1402 549 securus
1423 499 1603 558 exeat,
1629 491 2004 562 qualicunque
2029 495 2081 560 Α
2104 503 2193 550 tus
2216 493 2579 549 inveniuntur
2615 491 2838 554 imitari,
2887 494 2973 547 vel
3005 509 3131 548 cum
3189 495 3420 569 paganis
3449 495 3722 564 supersti-

375 590 668 644 occasione
699 586 1048 650 abstraxerit,
1082 583 1473 639 communione
1508 581 1780 651 privetur.

450 681 483 736 9
535 681 802 736 Similiter
829 680 874 733 si
904 679 1028 750 quis
1052 679 1145 747 jus
1177 674 1504 730 sacramenti
1539 673 1847 744 praestitum
1879 672 2000 726 vio-

381 774 596 840 laverit,
626 771 1016 828 communione
1049 770 1313 839 privetur.
1363 767 1454 820 llle
1489 781 1620 820 vero
1667 765 1762 836 qui
1795 772 1998 819 sanctae

382 863 637 918 Ecclesiae
660 859 936 916 beneficio
968 858 1277 911 liberatura
1301 862 1500 920 morte,
1523 869 1634 909 non
1657 853 1817 924 prius
1837 869 2000 926 egre-

381 951 572 1006 diendi
603 951 836 1020 accipiat
864 949 1194 1008 libertatem,
1231 961 1396 1017 quam
1418 943 1800 1016 pcenitentiam
1823 959 1882 998 se
1900 957 1998 1014 pro

377 1044 587 1100 scelere
619 1051 866 1098 acturum
907 1056 1031 1095 esse
1063 1039 1370 1111 promittat,
1420 1047 1474 1094 et
1521 1038 1668 1110 quod
1691 1037 1796 1108 ipsi
1829 1051 2000 1092 cano-

379 1134 501 1188 nice
535 1133 853 1202 imponetur
884 1130 1265 1199 impleturum.
1962 1129 1984 1136 '

448 1221 535 1278 10.
597 1222 669 1275 De
729 1219 955 1273 incestis
1012 1216 1520 1286 conjunctionibus,
1571 1215 1618 1269 si
1672 1217 1797 1286 quis
1856 1214 1998 1269 infra

378 1313 760 1385 praescriptum
819 1309 1130 1366 canonibus
1177 1309 1408 1383 gradum
1448 1308 1768 1362 incestuoso
1801 1307 1997 1362 ordine

378 1423 500 1461 cum
534 1406 621 1459 his
669 1404 942 1475 personis,
996 1403 1202 1474 quibus
1258 1419 1289 1456 a
1341 1401 1544 1456 divinis
1575 1401 1780 1476 regulis
1807 1398 1996 1469 prohi—

379 1500 561 1564 betur,
594 1513 651 1551 se
684 1495 1054 1564 conjunxerit,
1113 1495 1218 1548 nisi
1260 1493 1643 1564 paenitentiam
1677 1497 1996 1563 sequestra-

377 1588 529 1643 tione
560 1594 850 1651 testentur,
883 1583 1276 1640 communione
1307 1582 1618 1653 priventur,
1645 1588 1700 1636 et
1731 1596 1912 1651 neque
1941 1579 1998 1633 in

377 1677 580 1747 palatio
602 1674 874 1742 militiam,
909 1690 1093 1744 neque
1133 1673 1474 1745 agendarum
1505 1687 1794 1727 causarum
1823 1670 1998 1724 licen-

377 1768 508 1823 tiam
555 1767 812 1822 habeant.
873 1767 937 1821 Et
991 1766 1215 1836 quando
1276 1764 1524 1835 praedicti
1585 1763 1881 1819 incestuosi
1940 1779 1998 1817 se

375 1859 785 1928 conjunxerint,
819 1859 1068 1929 episcOpi
1127 1875 1227 1913 seu
1274 1857 1601 1928 presbyteri,
1673 1857 1729 1910 in
1761 1871 1996 1927 quorum

376 1953 605 2008 dioecesi
636 1953 721 2006 vel
769 1968 909 2025 pago
959 1961 1143 2007 actum
1185 1950 1373 2015 fuerit,
1434 1949 1549 2023 regi
1606 1949 1692 2004 vel
1717 1948 2002 2016 judicibus

375 2044 556 2097 scelus
584 2046 964 2112 perpetratum
992 2039 1342 2102 annuntient,
1376 2048 1436 2094 ut
1469 2055 1592 2093 cum
1626 2037 1762 2107 ipsls
1783 2038 2003 2091 denun-

377 2132 570 2186 tiatum
604 2129 793 2194 fuerit,
823 2145 882 2184 se
910 2129 979 2184 ab
1011 2145 1203 2185 eorum
1226 2129 1621 2184 communione
1650 2135 1745 2181 aut
1765 2125 2000 2180 cohabi-

377 2221 587 2276 tatione
619 2227 990 2290 sequestrent,
1042 2226 1096 2273 et
1151 2233 1238 2272 res
1267 2233 1460 2272 eorum
1501 2216 1567 2270 ad
1612 2215 1867 2286 proprios
1899 2230 1996 2284 pa-

379 2317 565 2363 rentes
591 2309 941 2378 perveniant,
1000 2306 1104 2362 sub
1129 2323 1193 2361 ea
1234 2305 1576 2370 conditione,
1607 2311 1666 2358 ut
1697 2313 1994 2375 antequam

376 2408 817 2472 sequestrantur,
865 2417 965 2471 per
1028 2400 1238 2454 nullum
1288 2399 1596 2470 ingenium,
1659 2414 1842 2469 neque
1902 2413 1999 2467 per

379 2501 656 2564 parentes,
688 2508 868 2562 neque
903 2506 1000 2562 per
1025 2491 1387 2562 emptionem.
1420 2505 1603 2560 neque
1628 2505 1727 2560 per
1754 2488 1996 2543 auctori-

377 2592 542 2640 tatem
575 2584 805 2659 regiam,
839 2584 908 2638 ad
942 2584 1196 2654 prOprias
1223 2581 1549 2652 perveniant
1570 2580 1879 2646 facultates,
1898 2579 2000 2633 nisi

378 2674 586 2744 praefati
645 2673 902 2735 sceleris,
943 2671 1294 2742 separatione
1331 2669 1719 2740 paenitentiam
1784 2669 2002 2724 fatean-

379 2777 486 2820 tur.

453 2857 541 2910 11.
561 2856 615 2909 Si
639 2856 762 2927 quis
784 2854 1145 2910 homicidium
1173 2861 1373 2923 sponte
1403 2852 1765 2917 commiserit,
1800 2862 1854 2906 et
1886 2869 1993 2908 non

380 2947 662 3004 violentiae
715 2946 997 3010 resistens,
1056 2946 1154 3000 sed
1193 2945 1304 2999 vim
1359 2944 1567 2999 faciens
1625 2945 1832 3014 impetu
1897 2945 1998 2999 hoc

381 3035 592 3099 fecerit,
623 3052 748 3089 cum
783 3036 886 3089 isto
916 3035 1140 3105 penitus
1176 3049 1287 3088 non
1319 3032 1843 3087 communicandum
1879 3033 1997 3088 :sic

2031 1811 2078 1877 Β

2106 584 2277 639 tiosos
2303 583 2604 638 comedunt
2621 584 2798 646 cibos,
2834 598 2972 653 quos
3019 582 3265 656 benigna
3295 582 3503 654 placuit
3528 583 3722 637 admo-

2103 673 2316 728 nitione
2335 672 2577 734 suaderi,
2605 681 2664 728 ut
2689 672 2758 727 ab
2783 672 3067 727 erroribus
3091 673 3342 742 pristinis
3368 678 3717 726 revocentur.

2104 766 2258 830 Quod
2288 766 2333 820 si
2366 764 2730 839 neglexerint,
2764 770 2819 817 et
2851 761 3158 817 idololatris
3186 764 3273 818 vel
3305 763 3724 818 immolantibus

2101 875 2161 913 se
2223 857 2562 923 miscuerint,
2603 856 2946 928 poenitentiae
3005 858 3236 930 dignum
3287 867 3507 928 tempus
3539 856 3721 910 exsol-

2102 959 2256 1006 vant.

2173 1045 2260 1099 17.
2295 1045 2428 1099 Item
2451 1051 2512 1099 ut
2542 1045 2772 1099 serviles
2803 1059 3056 1115 personae
3079 1045 3147 1098 ad
3171 1043 3578 1098 accusationem
3612 1056 3720 1095 non

2100 1133 2463 1187 admittantur
2491 1151 2506 1186 :
2541 1139 2595 1186 et
2627 1132 2721 1203 qui
2755 1148 3048 1202 personam
3078 1132 3428 1203 susceperint
3458 1146 3724 1186 accusan-

2101 1222 2192 1288 tis,
2226 1238 2348 1277 cum
2383 1237 2556 1276 unum
2588 1221 2798 1276 crimen
2833 1236 2942 1276 non
2977 1222 3353 1292 probaverim,
3385 1221 3455 1276 ad
3486 1221 3594 1275 alia
3620 1235 3722 1273 ac-

2099 1315 2406 1370 cusandum
2449 1330 2559 1368 non
2591 1314 2935 1369 admittatur.

2169 1404 2257 1458 18.
2292 1404 2428 1457 Item
2459 1403 2502 1456 si
2529 1403 2725 1474 quisin
2759 1403 3198 1477 quolibetgradu
3222 1403 3307 1458 vel
3335 1403 3558 1476 cingulo
3585 1418 3725 1458 con—

2099 1496 2358 1561 stitutus,
2378 1501 2472 1570 aut
2499 1502 2770 1564 potestate
2799 1494 3076 1558 suffultus,
3096 1495 3403 1550 decedente
3434 1495 3724 1565 episcopo,

2104 1601 2191 1639 res
2216 1584 2513 1652 cujuslibet
2541 1586 2880 1642 conditionis
2942 1586 2998 1639 in
3056 1587 3251 1640 domos
3304 1587 3390 1640 vel
3432 1601 3593 1658 agros
3623 1600 3723 1639 ec-

2103 1674 2283 1729 clesia;
2331 1673 2561 1743 positas,
2621 1683 2750 1729 ante
2804 1675 3204 1729 reserationem
3264 1674 3604 1736 testamenti,
3639 1673 3727 1742 vel

2103 1763 2443 1818 audientiam
2471 1780 2641 1818 ausus
2670 1764 2836 1819 fuerit
2888 1780 3182 1834 occupare,
3219 1766 3304 1820 vel
3359 1765 3610 1819 ecclesiae
3639 1779 3728 1816 re-

2105 1856 2302 1928 pagula
2348 1853 2660 1929 effringere,
2713 1865 2768 1910 et
2837 1856 3241 1925 supellectilem
3296 1855 3439 1910 infra
3497 1856 3727 1909 domum

2104 1943 2353 1998 ecclesize
2384 1943 2618 2013 positam
2647 1944 2992 2018 contingere,
3053 1945 3139 1997 vel
3187 1944 3418 1998 scrutari
3455 1959 3734 2014 praesum-

2103 2038 2293 2108 pserit,
2328 2037 2762 2093 acommunione
2803 2037 3241 2092 Christianorum
3307 2037 3532 2107 penitus
3563 2035 3733 2090 abdi-

2102 2137 2277 2182 cetur.

2171 2224 2258 2276 19.
2291 2223 2448 2287 Item,
2481 2220 2526 2274 si
2558 2220 2684 2290 quis
2731 2221 3032 2291 ingenuum
3089 2226 3182 2272 aut
3213 2217 3474 2271 libertum
3509 2217 3576 2269 ad
3601 2233 3732 2270 ser-

2098 2311 2291 2366 vitium
2324 2309 2591 2364 inclinare
2621 2309 2878 2373 voluerit,
2928 2316 3022 2362 aut
3073 2307 3301 2361 fortasse
3342 2307 3455 2373 jam
3489 2305 3639 2370 fecit,
3675 2316 3730 2360 et

2099 2402 2468 2458 commonitus
2497 2401 2565 2454 ab
2591 2401 2855 2470 episcopo
2885 2415 2944 2454 se
2976 2399 3046 2452 de
3065 2397 3452 2469 inquietudine
3480 2397 3602 2464 ejus
3637 2414 3729 2451 re-

2105 2508 2298 2548 vocare
2328 2492 2658 2565 neglexerit,
2701 2500 2795 2545 aut
2839 2490 3139 2545 emendare
3163 2486 3424 2549 noluerit,
3461 2493 3723 2557 tanquam

2104 2581 2394 2638 calumnia),
2427 2597 2578 2635 reum
2609 2580 2817 2651 placuit
2844 2577 3202 2651 sequestrari.

2171 2675 2260 2729 20.
2297 2675 2430 2728 Item
2482 2679 2542 2727 ut
2573 2673 2760 2727 clerici
2791 2671 3090 2740 cujuslibet
3137 2669 3370 2735 ordinis,
3406 2684 3590 2739 neque
3623 2683 3723 2738 pro

2102 2763 2364 2834 propriis,
2398 2778 2578 2833 neque
2610 2777 2710 2832 pro
2737 2759 3132 2816 ecclesiasticis
3150 2759 3332 2813 causis
3371 2758 3534 2812 aliter
3563 2757 3718 2810 adire

2101 2852 2344 2907 debeant
2398 2850 2599 2918 forum,
2642 2865 2744 2905 nec
2793 2865 2988 2904 causas
3040 2849 3228 2902 dicere
3285 2847 3547 2912 audeant,
3611 2846 3717 2898 nisi

2102 2962 2239 3016 quas
2268 2961 2392 2999 cum
2448 2944 2719 3014 permissu
2777 2950 2832 2997 et
2887 2940 3122 2996 consilio
3163 2940 3410 3011 episcopi
3446 2955 3608 3013 agere
3641 2938 3724 2992 eis

2101 3034 2266 3088 fuerit
2294 3032 2524 3088 omnino
2547 3032 2899 3102 permissum.

379 3135 562 3180 tamen
595 3134 655 3179 ut
681 3125 727 3178 si
749 3123 1132 3195 paenitentiam
1165 3123 1360 3198 egerit,
1392 3122 1446 3176 in
1479 3123 1628 3176 exitu
1661 3121 1711 3176 ei
1743 3137 1993 3177 commu-
2032 3141 2081 3208 Ο
2171 3127 2260 3181 21.
2298 3127 2451 3191 ltem,
2509 3132 2569 3178 ut
2597 3124 2654 3178 in
2705 3122 2982 3194 parocliiis
3009 3122 3194 3177 nullus
3233 3120 3499 3176 laicorum
3533 3121 3722 3174 archi-

380 3215 565 3270 nionis
604 3213 867 3268 viaticum
894 3228 1006 3267 non
1040 3220 1294 3287 negetur.

450 3306 537 3359 12.
577 3303 790 3370 Clerici,
849 3305 1015 3358 etiam
1047 3303 1132 3358 vel
1187 3302 1500 3367 saeculares,
1560 3300 1654 3372 qui
1687 3299 1998 3355 oblationes

380 3405 694 3468 parentum,
723 3405 817 3451 aut
847 3396 1209 3459 donatas,aut
1251 3400 1578 3449 testamento
1611 3393 1831 3447 relictas
1858 3391 1995 3445 reli-

381 3501 514 3541 nere
545 3486 1001 3556 prmsumpserint
1035 3485 1255 3555 [ConciL
1289 3487 1468 3538 Paris.
1499 3500 1577 3543 in.
1612 3498 1660 3536 c.
1694 3481 1743 3552 1]
1775 3481 2011 3546 :autid,‘

379 3577 529 3649 quod
553 3577 658 3648 ipsi
699 3577 1028 3632 donaverint
1051 3575 1303 3631 ecclesiis
1338 3582 1430 3629 aut
1459 3572 1834 3637 monasteriis,
1872 3571 1996 3625 cre-

379 3670 626 3724 diderint
656 3669 1040 3736 auferendum,
1067 3669 1208 3723 sicut
1239 3667 1626 3737 antelsynodus
1657 3674 1846 3720 sancta
1862 3680 1997 3719 con-

378 3763 580 3831 stituit,
598 3762 746 3817 velut
765 3770 1055 3816 necatores
1068 3777 1395 3832 pauperum,
1415 3774 1707 3831 quousque
1738 3757 1992 3821 reddant,

377 3853 446 3908 ab
476 3854 728 3909 ecclesiis
757 3854 1137 3908 excludantur.

450 3946 534 4000 13.
572 3946 635 4000 Ut
666 3945 960 4000 Christiani
1011 3945 1218 4000 Judzeis
1267 3944 1350 3998 vel
1383 3943 1688 4018 gentilibus
1720 3957 1828 3997 non
1860 3957 1995 3996 ven—

376 4036 580 4090 dantur
614 4053 626 4088 :
657 4043 711 4090 et
739 4035 784 4089 si
818 4036 943 4106 quis
965 4034 1372 4089 Chistianorum
1406 4033 1736 4088 necessitate
1761 4039 1993 4107 cogente

375 4125 653 4195 mancipia
701 4141 799 4178 sua
830 4124 1135 4179 Christiana
1185 4124 1417 4198 elegerit
1462 4123 1853 4189 venundanda,
1883 4137 1992 4178 non

376 4213 501 4268 aliis
530 4214 633 4267 nisi
665 4221 875 4267 tantum
927 4213 1251 4268 Christianis
1305 4214 1599 4283 expendat.
1643 4215 1773 4268 Nam
1806 4213 1852 4266 si
1887 4229 1990 4282 pa-

373 4303 532 4376 ganis
565 4310 660 4357 aut
687 4303 894 4357 Judaeis
925 4303 1259 4366 vendiderit,
1295 4305 1686 4359 communione
1719 4304 1989 4375 privetur,

377 4402 432 4449 ct
463 4397 672 4465 emptio
698 4405 881 4450 careat
925 4395 1204 4450 firmitate.
1238 4397 1414 4450 Judzei
1445 4413 1573 4451 vero
1602 4397 1646 4451 si
1681 4397 1993 4452 Christiana

2102 3216 2392 3287 presbyter
2428 3221 2805 3285 praeponatur,
2855 3213 2954 3267 sed
2985 3213 3081 3284 qui
3134 3211 3320 3266 senior
3352 3211 3406 3264 in
3427 3210 3564 3281 ipsis
3597 3227 3724 3264 esse

2099 3311 2267 3366 debet
2295 3310 2528 3365 clericus
2553 3309 2865 3364 ordinetur.

2168 3401 2446 3464 22.1mm,
2492 3397 2785 3469 pontifices
2816 3397 3023 3468 quibus
3064 3396 3119 3449 in
3155 3410 3370 3449 summo
3407 3394 3722 3448 sacerdotio

2098 3488 2416 3544 constitutis
2443 3487 2512 3541 ab
2563 3487 2839 3542 extraneis
2895 3486 3162 3540 duntaxat
3209 3483 3440 3555 aliquid,
3473 3491 3570 3538 aut
3595 3500 3722 3538 cum

2098 3580 2352 3642 ecclesia,
2389 3589 2483 3634 aut
2534 3579 2944 3650 sequestratim,
3005 3586 3100 3632 aut
3149 3577 3462 3643 dimittitur,
3494 3584 3588 3630 aut
3617 3577 3725 3630 do-

2099 3680 2259 3727 natur
2309 3671 2461 3743 (quia
2511 3672 2601 3726 ille
2655 3672 2750 3743 qui
2807 3672 2996 3736 donat,
3051 3685 3149 3740 pro
3209 3670 3458 3724 remedio
3521 3670 3723 3723 anime

2097 3779 2231 3829 suae,
2257 3777 2366 3816 non
2395 3777 2495 3832 pro
2525 3761 2815 3816 commodo
2864 3759 3169 3815 sacerdotis
3198 3759 3466 3829 probatur
3504 3758 3723 3828 offerre}

2098 3870 2208 3909 non
2237 3854 2395 3925 quasi
2430 3870 2590 3908 suum
2620 3854 2927 3923 proprium,
2980 3852 3078 3906 sed
3110 3853 3267 3924 quasi
3302 3852 3592 3905 dimissum
3629 3868 3726 3906 ec-

2095 3946 2279 4001 clesiae
2311 3946 2456 4000 inter
2505 3946 2792 4001 facultates
2840 3945 3092 4000 ecclesiae
3146 3944 3569 4014 computabant,
3594 3945 3727 4014 quia

2089 4037 2302 4104 justum
2327 4048 2432 4104 est,
2458 4046 2518 4093 ut
2576 4039 2722 4093 sicut
2773 4038 3032 4092 sacerdos
3077 4036 3244 4091 habet
3295 4036 3442 4106 quod
3471 4036 3724 4091 ecclesiae

2096 4131 2383 4186 dimissum
2417 4138 2522 4186 est.
2557 4131 2630 4184 ita
2652 4139 2706 4185 et
2747 4129 2982 4184 ecclesia
3010 4128 3212 4183 habeat
3247 4128 3396 4199 quod
3429 4127 3722 4197 reliquerit

2093 4221 2352 4276 sacerdos
2412 4221 2470 4291 [i,
2522 4220 2856 4290 relinquitur
2917 4219 3232 4287 sacerdoti].
3269 4218 3413 4271 Sane
3442 4217 3718 4288 quidquid

2095 4325 2192 4380 per
2249 4309 2379 4363 fidei
2438 4309 2794 4364 commissum
2841 4316 2935 4364 aut
2991 4309 3296 4364 sacerdotis
3345 4310 3558 4363 nomini
3629 4321 3724 4365 aut

2093 4401 2342 4456 ecclesia:
2382 4401 2616 4456 fortasse
2674 4400 2991 4469 dimittitur,
3061 4401 3378 4471 cuicunque
3409 4400 3534 4454 aliis
3566 4409 3723 4472 post-

374 4487 655 4557 mancipia
677 4488 743 4541 ad
763 4487 1109 4542 Judaismum
1156 4504 1352 4544 vocare
1379 4489 1855 4558 przesumpserint,
1895 4496 1991 4542 aut
2016 4513 2070 4580 Ι)
2096 4494 2322 4549 modum
2349 4493 2716 4564 profuturum,
2768 4493 2820 4546 id
2863 4493 3008 4548 inter
3070 4492 3358 4548 facultates
3389 4508 3516 4546 suas
3539 4494 3723 4547 eccle-

372 4577 638 4651 gravibus
668 4580 957 4633 tormentis
1003 4579 1319 4647 afflixerint,
1383 4581 1503 4652 ipsa
1563 4580 1839 4650 mancipia
1871 4577 1989 4635 fisci

375 4669 685 4725 ditionibus
725 4678 1074 4727 revocentur.
1135 4673 1235 4736 QUI
1281 4679 1466 4726 tamen
1501 4672 1689 4728 Judaei
1724 4673 1794 4727 ad
1817 4673 1997 4728 nullas

374 4759 624 4813 actiones
654 4759 907 4829 publicas
937 4761 1319 4815 admittantur.
1353 4761 1670 4817 Judzeorum
1705 4778 1834 4818 vero
1861 4778 1998 4818 con-

373 4851 514 4906 vicia
544 4852 601 4906 in
632 4852 969 4908 Christianos
989 4853 1211 4924 penitus
1237 4853 1526 4908 refutanda
1556 4863 1702 4909 sunt.

446 4942 528 4995 14.
591 4942 723 4996 Item
777 4941 822 4995 si
873 4943 1109 4998 clericus
1164 4943 1523 5013 proficiscens
1564 4943 1632 4998 de
1671 4943 1893 4998 civitate
1923 4943 1992 4998 ad

370 5028 505 5083 alias
527 5031 779 5087 civitates
805 5033 1059 5098 voluerit,
1103 5041 1196 5087 aut
1225 5033 1537 5103 provincias
1567 5049 1818 5104 pergere,
1853 5049 1992 5104 pon-

370 5121 533 5176 tiﬁcis
553 5124 637 5177 sui
670 5125 921 5194 epistolis
957 5126 1396 5181 commendetur.
1432 5126 1586 5191 Quod
1613 5126 1657 5180 si
1693 5126 1814 5181 sine
1858 5127 1986 5198 epi-

368 5212 527 5268 stolis
569 5214 849 5284 profectus
888 5216 1051 5272 fuerit
1092 5217 1418 5286 manifestis,
1458 5219 1608 5274 nullo
1653 5219 1818 5275 modo
1851 5219 1987 5275 reci-

374 5304 574 5372 piatur.
1104 5323 1130 5338 λ

441 5393 528 5444 15.
557 5393 691 5446 Item
710 5400 769 5448 ut
796 5395 1093 5468 epiSCOpus
1114 5400 1392 5471 mancipia
1411 5402 1494 5456 vel
1512 5417 1599 5457 res
1619 5401 1688 5456 ad
1704 5402 1796 5470 jus
1814 5402 1988 5457 eccle-

368 5481 464 5536 sia:
504 5481 850 5550 pertinentes
881 5491 1335 5556 nequevendere,
1365 5507 1545 5563 neque
1579 5509 1679 5564 per
1710 5510 1986 5565 quoscun-

367 5588 477 5641 que
507 5579 841 5636 contractus,
872 5575 1020 5629 unde
1051 5595 1326 5650 pauperes
1356 5585 1570 5652 vivunt,
1604 5592 1729 5656 post
1749 5593 1982 5641 mortem

368 5660 613 5716 alienare
639 5669 959 5732 praesumat.

437 5754 525 5808 16.
559 5755 693 5808 item
721 5753 790 5807 de
841 5750 929 5805 his
987 5754 1080 5821 qui
1109 5759 1360 5826 auguria,
1403 5763 1486 5814 vel
1534 5779 1872 5836 paganorum
1907 5766 1982 5820 ri-

2097 4586 2178 4640 sia
2205 4594 2584 4657 computatum
2616 4586 2855 4640 retinere
2887 4601 2997 4640 non
3040 4585 3262 4656 poterit.

2167 4678 2256 4734 23.
2294 4681 2450 4746 ltem,
2493 4679 2538 4733 si
2569 4679 2696 4750 quis
2724 4678 3023 4750 episcOpus
3082 4694 3194 4743 res,
3245 4693 3368 4748 quae
3397 4676 3465 4730 ab
3490 4677 3598 4731 alia
3629 4694 3725 4732 ec-

2097 4771 2264 4827 clesia
2292 4772 2694 4842 priesentaliter
2737 4771 2797 4842 [ε.
2858 4770 3306 4841 prmsentialiter]
3344 4770 3720 4840 possidentur,

2093 4881 2430 4937 quocunque
2461 4866 2688 4939 ingenio
2711 4872 2805 4920 aut
2827 4865 3027 4920 callida
3048 4865 3357 4935 cupiditate
3390 4865 3717 4939 pervaserit,

2092 4956 2330 5010 autsine
2379 4955 2664 5010 audientia
2717 4953 3132 5025 praesumpserit
3185 4969 3476 5023 usurpare,
3515 4970 3579 5008 ac
3606 4935 3722 5007 suis

2091 5043 2178 5098 vel
2206 5043 2455 5098 ecclesiae
2484 5060 2597 5098 sure
2625 5043 2940 5099 ditionibus
2990 5057 3275 5106 revocare,
3309 5042 3440 5096 dum
3474 5059 3722 5097 commu-

2091 5137 2258 5192 nione
2287 5137 2489 5208 privari
2524 5152 2636 5195 non
2675 5143 2876 5208 potest,
2909 5144 2968 5191 ut
3008 5143 3235 5191 necator
3283 5149 3616 5206 pauperum,
3651 5135 3718 5189 ab

2091 5226 2278 5282 ofﬁcio
2311 5227 2674 5296 deponatur!

2159 5320 2247 5373 24.
2297 5321 2452 5385 Item,
2483 5319 2528 5373 si
2561 5319 2688 5389 quis
2733 5318 3033 5389 episcopus
3063 5320 3336 5389 (excepto,
3385 5319 3431 5372 si
3462 5320 3714 5374 evenerit

2088 5409 2260 5463 ardua
2291 5409 2612 5470 necessitas,
2667 5423 2765 5477 pro
2798 5407 3185 5478 redemptione
3217 5407 3581 5479 captivorum)
3616 5409 3720 5462 mi-

2088 5500 2318 5555 nisteria
2347 5507 2538 5556 sancta
2571 5500 2826 5574 frangere
2855 5516 2955 5570 pro
2973 5499 3368 5571 qualicumque
3393 5501 3718 5557 conditione

2087 5591 2521 5660 praesumpserit,
2553 5590 2622 5644 ab
2656 5589 2843 5644 ofﬁcio
2883 5589 3124 5644 cessabit
3151 5588 3429 5643 ecclesias.

2154 5677 2244 5732 25.
2280 5679 2438 5744 ltem,
2473 5678 2691 5745 viduas,
2741 5693 2864 5749 quae
2893 5694 2952 5732 se
3002 5677 3240 5733 Domino
3273 5677 3590 5732 consecrari
3627 5693 3720 5748 pe-

2089 5768 2313 5830 tierunt,
2376 5769 2462 5822 vel
2528 5768 2742 5839 puellas
2785 5769 3024 5824 Domino
3074 5776 3441 5832 consecratas,
3512 5769 3716 5824 nullus.
