3884 6398
160 377 270 434 105

833 375 1157 432 HISTORIA?
1197 376 1537 432 ECCLESUE
1578 376 1906 457 REMENSIS
1947 379 2124 436 LIBRI
2166 382 2490 446 QUATUOR.
2517 416 2588 423 —
2630 386 2752 440 LIB.
2798 389 2861 441 ll.

3407 397 3510 450 106

160 521 349 578 neque
379 520 481 576 per
504 504 888 560 auctoritatem
917 506 1147 578 regiam,
1191 522 1373 578 neque
1407 508 1782 579 qualicunque
1811 513 1857 578 Α
1887 510 2060 580 ipsam
2094 514 2506 583 pertinentibus
2535 535 2548 580 ;
2584 526 2872 591 argentum
2932 536 3154 592 quoque
3223 524 3290 579 ad
3323 528 3512 597 sepul-

159 605 442 670 potestate
485 595 767 664 suffultus,
821 605 916 653 aut
978 599 1205 670 prepria
1260 601 1568 655 temeritate
1590 617 1784 672 rapere

156 695 256 744 aut
306 688 524 743 trahere
563 686 784 742 audeat.
817 686 973 751 Quod
1018 687 1064 742 si
1111 689 1332 759 utrique
1378 691 1783 757 consenserint,

159 776 559 835 communione
586 776 892 846 priventur.

233 866 325 921 26.
351 865 595 932 Judices,
617 865 711 938 qui
735 881 905 937 super
941 865 1272 922 auctoritate
1302 873 1356 920 et
1382 865 1566 922 edicto
1598 867 1783 921 domi-

161 956 292 1012 nico
320 972 596 1013 canonum
627 965 829 1013 statuta
843 964 1208 1013 contemnunt
1231 975 1244 1022 ;
1269 957 1354 1011 vel
1385 958 1628 1014 edictum
1649 959 1783 1013 illud

161 1046 509 1102 dominicum
567 1047 718 1118 quod
772 1046 996 1102 Parisiis
1053 1046 1256 1101 factum
1304 1054 1404 1118 est,
1459 1047 1786 1103 violaverim

161 1145 256 1193 aut
284 1139 745 1210 contempserint,
774 1139 979 1210 placuit
1002 1153 1098 1193 eos
1122 1137 1514 1194 communione
1556 1139 1780 1209 privari.

231 1228 322 1287 27.
355 1232 514 1298 Item,
533 1238 595 1286 ut
611 1231 921 1286 decedente
947 1230 1212 1302 episcOpo
1245 1230 1301 1284 in
1331 1231 1509 1285 locum
1539 1231 1660 1299 ejus
1674 1247 1783 1286 non

158 1320 303 1376 alius
352 1321 709 1394 subrogatur,
757 1321 865 1376 nisi
919 1321 1024 1377 loci
1077 1322 1226 1376 illius
1273 1322 1556 1396 indigena,
1617 1339 1782 1394 quem

157 1409 478 1466 universale
509 1417 566 1464 et
597 1410 766 1466 totius
807 1411 998 1480 populi
1032 1410 1265 1482 elegerit
1295 1419 1507 1477 votum,
1537 1427 1600 1466 ac
1631 1427 1784 1466 com-

160 1502 586 1571 provincialium
622 1502 878 1558 voluntas
926 1502 1250 1558 assenserit.
1293 1503 1484 1568 Aliter,
1515 1504 1610 1574 qui
1641 1519 1784 1574 prte-

156 1592 479 1664 sumpserit,
525 1592 823 1662 abjiciatur
873 1610 905 1648 e
941 1594 1074 1649 sede
1131 1611 1295 1666 quam
1354 1594 1552 1648 invasit
1604 1594 1787 1665 potius

156 1700 323 1756 quam
341 1685 578 1757 accepit.
619 1684 975 1740 Ordinatores
1019 1693 1199 1740 autem
1232 1687 1477 1742 triennio
1500 1687 1567 1741 ab
1601 1685 1786 1742 officio

155 1777 661 1832 administrationis
690 1793 804 1832 suae
830 1778 982 1832 sedis
1004 1793 1221 1833 cessare
1253 1778 1624 1834 decernimus.

230 1867 516 1924 Praeterea
534 1885 624 1926 res
644 1869 890 1926 ecclesiae
903 1869 1166 1940 praefatus
1176 1871 1377 1941 praesul
1390 1871 1626 1926 domnus
1650 1872 1786 1926 Son-

156 1957 344 2013 natius
391 1958 762 2030 probabiliter
812 1959 1099 2015 ordinasse
1127 1960 1348 2032 legitur,
1376 1976 1586 2034 augens
1615 1961 1781 2015 etiam

152 2049 529 2122 episc0pium,
557 2051 717 2106 terris
731 2067 794 2106 ac
809 2051 1106 2122 mancipiis
1136 2051 1264 2106 dato
1289 2054 1466 2122 pretio
1488 2052 1780 2122 coemptis,

153 2155 392 2210 quarum
442 2139 627 2194 adhuc
703 2140 1046 2208 emptionum
1108 2142 1374 2196 nonnulla
1429 2141 1784 2212 reperiuntur

149 2230 520 2286 monimenta.
547 2230 820 2295 Quasdam
851 2248 1072 2304 quoque
1096 2248 1200 2299 res,
1222 2249 1361 2304 quas
1389 2234 1538 2303 pravi
1558 2232 1781 2305 quidam

147 2327 539 2389 pervaserant,
598 2321 746 2390 apud
799 2321 1006 2395 regiam
1086 2321 1453 2389 majestatem,
1511 2329 1616 2377 tam
1679 2338 1777 2392 per

146 2407 399 2479 seipsum
431 2424 596 2480 quam
656 2409 821 2464 etiam
873 2426 972 2480 per
1001 2426 1132 2466 suos
1163 2419 1398 2473 actores,
1435 2411 1611 2465 Marco
1645 2426 1774 2481 pre-

144 2497 378 2571 sbytero
410 2515 637 2571 quoque
667 2499 850 2573 legato
889 2517 990 2557 suo
1030 2518 1224 2558 causas
1244 2509 1465 2575 agente.
1511 2502 1776 2572 repetitas

143 2598 202 2644 et
230 2591 493 2646 obtentas
544 2592 794 2648 ecclesia:
838 2593 940 2648 rite
997 2594 1252 2648 restituit.
1312 2593 1568 2649 Colonias
1607 2594 1774 2648 etiam

142 2679 408 2735 villarum
437 2681 804 2751 quarumdam
852 2682 1124 2754 episcopii
1172 2682 1444 2754 depositis
1501 2680 1777 2739 ordinavit

144 2773 408 2829 servitiis.
467 2774 750 2845 Praecepta
809 2791 1022 2831 necnon
1073 2776 1278 2851 regalia
1321 2791 1488 2846 super
1507 2776 1777 2831 ecclesia-

144 2862 416 2917 sticarum
477 2863 825 2918 immunitate
893 2880 1096 2930 rerum,
1154 2865 1252 2920 sed
1313 2873 1366 2920 et
1417 2865 1775 2920 traditionum

147 2955 521 3027 quarumdam
576 2955 819 3010 obtinuit
844 2955 1123 3011 firmitate.
1152 2957 1258 3012 Sed
1291 2965 1345 3012 et
1377 2974 1465 3013 res
1497 2958 1777 3013 invenitur

147 3049 420 3122 quasdam
445 3067 572 3107 cum
621 3053 812 3127 regina
860 3053 1228 3110 Brunechilde
1259 3062 1650 3120 commutasse,
1677 3068 1773 3123 pro

146 3139 445 3214 utriusque
475 3142 649 3212 partis
667 3144 1098 3215 oppertunitate.

217 3229 637 3287 Testamentum
663 3247 888 3303 quoque
919 3248 1102 3286 rerum
1141 3247 1360 3287 suarum
1411 3231 1681 3295 condidit,
1714 3230 1772 3285 in

145 3335 258 3392 quo
283 3321 445 3391 plura
475 3320 712 3378 diversis
737 3322 968 3378 donaria
1013 3322 1250 3377 contulit
1270 3321 1544 3377 ecclesiis.
1579 3320 1773 3376 Basili-

146 3427 270 3466 cam
303 3417 489 3466 tamen
505 3411 655 3467 beati
679 3412 913 3487 Remigii
939 3414 1217 3484 praecipue
1239 3412 1346 3467 sibi
1380 3413 1654 3468 lizeredem
1691 3413 1776 3467 in-

145 3499 355 3565 stituit,
398 3499 496 3554 ubi
542 3509 598 3555 et
635 3501 977 3572 sepulturam
1036 3518 1097 3558 se
1155 3502 1472 3558 habiturum
1517 3502 1773 3576 delegit;

145 3589 349 3662 ibique
401 3590 721 3646 missorium
750 3600 1076 3665 argenteum
1105 3590 1429 3646 deauratum
1470 3589 1774 3662 deputavit.

146 3678 478 3736 Cochlearia
539 3695 763 3753 quoque
805 3681 1123 3749 duodecim,
1181 3690 1236 3736 et
1274 3681 1537 3738 salarium
1577 3697 1776 3755 argen-

148 3778 325 3839 teum,
376 3787 441 3827 ac
487 3772 802 3843 portionem
862 3790 1017 3829 suam
1063 3775 1133 3829 de
1161 3774 1340 3829 villari
1384 3775 1624 3846 quodam
1653 3791 1777 3829 cum

150 3864 471 3936 mancipiis,
500 3865 698 3934 vineis,
750 3867 943 3938 pratis,
985 3869 1315 3942 caaterisque
1369 3869 1773 3941 adjacentibus,

149 3962 203 4011 et
232 3955 347 4011 alia
369 3955 658 4022 nonnulla,
688 3972 812 4028 quae
834 3972 892 4011 se
913 3957 1042 4014 dato
1076 3959 1258 4029 pretio
1280 3961 1534 4016 meminit
1555 3977 1779 4032 compa-

150 4060 324 4100 rasse.
357 4044 436 4098 Ad
481 4043 769 4100 basilicam
821 4054 1138 4102 sanctorum
1185 4047 1456 4106 Timothei
1486 4059 1541 4104 et
1571 4049 1780 4119 Apolli-

147 4133 304 4190 naris
323 4133 605 4208 delegavit
629 4151 788 4190 casas
802 4137 1070 4208 quasdam
1093 4146 1204 4192 tam
1225 4139 1384 4207 juxta
1405 4139 1580 4210 ipsam
1601 4140 1780 4195 eccle-

148 4226 315 4292 siam,
376 4241 542 4297 quam
596 4224 738 4280 infra
790 4226 1089 4282 civitatem.
1140 4228 1218 4282 Ad
1274 4226 1560 4284 basilicam
1602 4232 1778 4287 sancti

150 4317 377 4375 Martini
408 4333 576 4389 quem
607 4318 953 4388 peculiarem
983 4325 1278 4389 patronum
1303 4337 1464 4376 suum
1487 4322 1644 4390 dicit,
1678 4324 1782 4379 vil-

149 4409 260 4465 lam
301 4406 642 4474 Mutationis,
663 4425 830 4480 quam
866 4410 1207 4480 comparavit
1236 4411 1305 4465 ad
1337 4411 1637 4485 integrum.
1680 4414 1780 4470 sic-

150 4507 274 4556 uta
302 4515 368 4553 se
434 4513 688 4569 possessa
719 4506 824 4566 est,
876 4499 1103 4555 tradidit
1136 4519 1151 4568 ;
1217 4500 1445 4573 insuper
1482 4513 1538 4558 et
1583 4520 1776 4559 aurum

1886 617 2043 657 crum
2076 603 2263 659 domni
2321 606 2607 662 Tbeodulfi
2667 591 3077 675 fabricandum,
3107 615 3192 666 vel
3228 591 3507 672 exorn-an-
3539 591 3547 599 .

1887 691 2022 746 dum
2069 693 2146 745 Ad
2179 691 2464 749 basilicam
2515 697 2692 750 sancti
2729 698 2834 752 Viti
2868 716 2964 754 vas
2989 702 3270 772 quoddam
3301 720 3508 778 argen-

1889 791 2036 838 teum
2064 784 2133 838 ad
2164 786 2392 841 calicem
2418 786 2753 854 faciendum,
2783 799 2837 845 et
2866 791 2924 846 in
2949 809 3083 848 auro
3101 795 3311 850 solidos
3342 797 3513 867 quin-

1889 875 2089 930 decim.
2149 877 2228 932 Ad
2277 879 2564 934 basilicam
2623 890 2942 938 sanctorum
2983 896 3288 958 martyrum
3324 888 3505 944 Rufini

1890 972 1944 1019 et
1977 965 2174 1039 Valerii
2213 967 2270 1020 in
2301 984 2440 1022 auro.
2465 969 2674 1025 solidos
2702 971 3045 1042 quindecim.
3099 975 3178 1029 Ad
3223 975 3506 1032 basilicam

1885 1064 2200 1109 sanctorum
2234 1067 2531 1128 martyrum
2553 1058 2790 1129 Crispini
2823 1069 2876 1117 et
2908 1060 3241 1133 Crispiniani
3273 1067 3391 1120 auri
3415 1082 3509 1122 so-

1887 1144 2032 1200 lidos
2071 1148 2410 1217 quindecim.
2463 1151 2540 1204 Ad
2582 1153 2922 1208 matriculam
2981 1164 3246 1225 praeterea
3306 1168 3509 1212 sanctze

1887 1238 2177 1294 Remensis
2207 1241 2455 1296 ecclesias
2487 1246 2755 1300 nonnulla
2783 1238 3016 1303 Contulit
3043 1249 3292 1304 donaria.

1959 1330 2183 1387 Casteris
2212 1348 2434 1405 quoque
2493 1337 2814 1402 matriculis,
2867 1341 2954 1394 vel
2985 1342 3512 1414 congregationibus

1889 1422 2105 1478 diversa
2133 1423 2412 1495 delegavit
2432 1441 2680 1480 munera.
2702 1428 3043 1492 Quibusdam
3069 1431 3347 1485 hieredum
3371 1449 3512 1503 quo-

1888 1533 1995 1587 que
2021 1531 2245 1570 suorum
2275 1517 2529 1586 personis
2557 1519 2763 1589 praedia
2791 1520 3050 1592 quaedam
3075 1539 3142 1580 eo
3183 1533 3375 1580 tenore
3401 1525 3506 1579 de—

1890 1603 2133 1674 reliquit,
2164 1611 2225 1660 ut
2252 1605 2320 1660 ad
2378 1605 2498 1661 loca
2555 1616 2871 1665 sanctorum
2901 1627 2932 1666 a
2974 1627 3036 1666 se
3075 1613 3350 1669 destinata
3385 1622 3509 1685 post

1888 1712 2080 1751 eorum
2120 1705 2529 1754 reverterentur
2567 1701 2877 1757 decessum.
2935 1703 3210 1776 Mancipia
3241 1707 3508 1762 nonnulla

1888 1784 2141 1841 libertate
2172 1787 2416 1851 donavit,
2476 1789 2789 1861 additisque
2822 1791 3018 1847 ditavit
3067 1794 3316 1864 peculiis.
3353 1796 3507 1860 Quod

1888 1875 1991 1929 viri
2019 1875 2114 1929 Dei
2148 1883 2534 1932 testamentum
2585 1880 2786 1953 regalis
2818 1881 3081 1952 praecepti
3113 1884 3385 1953 reperitur
3409 1901 3509 1956 pa-

1888 1967 2021 2038 gina
2044 1967 2382 2024 roboratum.

2524 2041 2734 2097 CAPUT
2775 2043 2858 2098 Vl.

1954 2129 2027 2181 De
2065 2127 2407 2196 Leudcgiselo
2429 2133 2693 2202 episcopo,
2725 2134 3050 2202 Angelberto
3079 2140 3126 2190 et
3156 2135 3431 2191 Landone.

1955 2237 2086 2292 Post
2142 2239 2287 2293 hunc
2355 2239 2574 2296 beatum
2619 2242 2798 2298 virum
2857 2243 3278 2317 Leudegiselus,
3332 2246 3504 2301 Attilae

1878 2329 2126 2399 (‘plSCOpI
2154 2329 2342 2396 frater,
2377 2338 2625 2402 tempore
2656 2333 2956 2408 Dagoberti
2991 2336 3136 2411 regis
3159 2336 3503 2408 episcOpium

1879 2417 2188 2490 rexitquod
2211 2420 2378 2474 etiam
2437 2420 2604 2474 rebus
2663 2422 2886 2494 emptis,
2919 2424 3134 2479 scilicet
3162 2424 3337 2489 silvis,
3374 2441 3504 2496 pra-

1881 2505 1969 2571 tis,
1999 2505 2219 2560 ruribus
2237 2506 2403 2562 auxit.
2456 2509 2708 2572 Qaaedam
2730 2527 2954 2583 quoque
2985 2528 3109 2568 cum
3142 2513 3356 2568 Albone
3381 2514 3502 2568 Tri-

1877 2598 2093 2652 cassino
2123 2598 2407 2668 episcopo,
2431 2616 2527 2670 pro
2552 2602 2842 2673 utriusque
2868 2603 3040 2674 partis
3061 2605 3502 2676 opportunitate,

1879 2686 2236 2741 commutavit
2258 2705 2272 2752 ;
2294 2687 2392 2741 sed
2425 2695 2478 2742 et
2524 2689 2634 2743 alia
2665 2691 2923 2760 quaedam
2951 2709 3077 2747 cum
3111 2692 3236 2746 aliis
3269 2692 3506 2762 quibus-

1879 2777 2002 2831 dam
2035 2778 2307 2848 personis.
2331 2779 2436 2834 Res
2459 2780 2624 2836 etiam
2653 2783 2917 2854 quasdam
2950 2782 3200 2838 ecclesiae
3232 2783 3507 2838 ordinatis

1879 2865 2158 2938 disposuit
2189 2868 2425 2923 colonis.

1951 2959 2104 3013 Hunc
2125 2959 2378 3030 sequitur
2401 2961 2788 3035 Angelbertus.
2811 2964 2931 3034 Ipse
2950 2979 3175 3036 quoque
3206 2964 3374 3018 rebus
3389 2979 3505 3018 em-

1877 3049 1985 3120 ptis
1996 3049 2216 3105 auxisse
2233 3052 2888 3125 reperiturepiscopium.
2912 3055 3007 3108 Cui
3025 3055 3299 3110 successit
3317 3055 3505 3109 Lando

1806 3187 1855 3257 Ο
1875 3143 1959 3199 vir
1989 3143 2415 3212 illustrissimus,
2432 3151 2487 3198 et
2504 3145 2806 3200 multorum
2821 3161 3108 3216 possessor
3128 3147 3463 3217 praediorum
3489 3164 3501 3199 :

1881 3248 2109 3257 ..ηδε-...ης
2141 3233 2405 3257 ..Ακ-.-11-
2429 3233 2603 3257 2.....-.ζι
2637 3234 2880 3257 .....J.‘-:..-.
2940 3235 3182 3257 _--..,..I__..
3215 3251 3339 3257 --.ι-ι,
3375 3251 3468 3257 ..-Α

1877 3248 2113 3304 quorum
2141 3233 2412 3288 nonnulla
2423 3233 2608 3304 junxit
2634 3234 2904 3303 ecclesiae,
2935 3235 3187 3306 quaedam
3215 3251 3344 3290 vero
3375 3251 3504 3305 pro-

1877 3322 2104 3393 pinquis
2130 3322 2245 3376 suis
2267 3321 2573 3378 distribuit.
2597 3323 2703 3377 Sed
2755 3331 2810 3378 et
2831 3339 2896 3378 ea
2927 3339 3048 3394 quae
3083 3333 3236 3379 trans
3268 3323 3501 3398 Ligerim

1880 3415 2165 3470 Remensis
2177 3414 2446 3469 habuerat
2461 3414 2780 3480 ecclesia,et
2797 3416 2946 3470 Felix
2963 3416 3137 3472 abbas
3158 3417 3382 3488 quidam
3403 3433 3500 3471 ec—

1879 3505 2066 3562 clesiae
2117 3504 2293 3559 sancti
2343 3503 2548 3558 Juliani
2586 3504 2842 3575 martyris
2895 3505 3146 3561 indebita
3209 3506 3501 3566 retinebat,

1880 3594 2028 3666 apud
2059 3593 2402 3662 majestatem
2434 3592 2643 3667 regiam
2668 3592 2886 3664 legibus
2908 3587 3220 3648 evindicata
3250 3594 3502 3665 recepit;

1882 3702 1982 3758 pro
1999 3684 2204 3758 quibus
2232 3686 2352 3755 jam
2393 3691 2556 3739 antea
2579 3682 2958 3754 praedecessor
2989 3685 3109 3753 ejus
3136 3685 3506 3758 Angelbertus

1882 3775 2181 3846 episc0pus
2211 3790 2336 3829 cum
2402 3773 2555 3828 Gallo
2612 3772 2947 3828 Arvernensi
2989 3773 3276 3843 episcopo,
3310 3789 3502 3828 coram

1881 3883 2011 3942 rege
2045 3866 2481 3924 controversiam
2515 3864 2777 3920 habuisse
2809 3864 3108 3936 reperitur.
3149 3865 3286 3919 Hinc
3320 3866 3504 3921 Laudo

1881 3960 2080 4031 prmsul
2110 3958 2402 4015 ecclesiam
2421 3959 2750 4015 Remensem
2775 3973 2955 4011 rerum
2971 3972 3195 4012 suarum
3218 3973 3316 4028 per
3339 3965 3507 4012 testa-

1881 4054 2053 4108 menti
2070 4052 2330 4126 paginam
2353 4051 2458 4106 rite
2473 4036 2918 4117 fecithaeredem,
2942 4056 2996 4104 et
3021 4065 3370 4121 quaecunque
3383 4049 3506 4104 aliis

1882 4145 2036 4201 dedit
2067 4144 2344 4217 personis,
2375 4143 2462 4200 vel
2485 4143 2758 4202 ecclesiis.
2779 4142 2963 4198 eidem
2991 4142 3259 4207 ecclesiee,
3283 4141 3507 4197 velsuc-

1881 4239 2086 4294 cessori
2118 4253 2219 4293 suo
2250 4236 2543 4292 constituit
2583 4235 2978 4307 dispensanda.
3041 4233 3388 4290 Diversorum
3421 4234 3503 4288 si-

1881 4330 2115 4402 quidem
2143 4338 2458 4384 sanctorum
2489 4327 2738 4382 basilicis
2771 4326 2991 4382 diversa
3019 4325 3296 4400 delegavit
3327 4327 3506 4381 dona-

1882 4420 1980 4473 ria.
2021 4418 2266 4472 Basilica:
2296 4417 2509 4472 scilicet
2529 4416 2706 4470 sancti
2765 4414 3023 4486 Remigii,
3050 4413 3503 4484 ubisepulturam

1883 4503 2001 4561 fieri
2029 4505 2136 4560 sibi
2168 4505 2397 4578 delegit,
2441 4503 2603 4558 villas
2642 4513 2696 4557 et
2757 4519 3006 4557 munera.
3042 4501 3287 4558 Basilica}
3327 4501 3504 4556 sancti

149 4591 332 4656 dedit,
365 4590 516 4647 unde
566 4591 707 4646 calix
747 4590 886 4646 inibi
938 4591 1116 4647 fieret.
1150 4593 1228 4647 Ad
1276 4557 1570 4651 basilicam
1601 4596 1774 4651 sancti
1796 4557 1859 4627 D
1882 4597 2169 4672 Gaugerici
2190 4604 2244 4651 et
2274 4557 2947 4666 sinetiQuintiniargenti
2971 4594 3122 4650 varia
3152 4594 3318 4660 dona;
3349 4593 3500 4662 item,

147 4680 360 4738 Juliani
387 4682 824 4752 recuperandam
847 4682 968 4738 auri
992 4682 1202 4738 solidos
1229 4684 1497 4756 quinque.
1525 4686 1602 4741 Ad
1627 4686 1776 4741 basi-

150 4769 316 4826 licam
347 4771 524 4826 sancti
581 4771 782 4826 Nicasii
825 4771 1084 4828 similiter
1137 4774 1348 4830 solidos
1394 4774 1663 4848 quinque.
1697 4774 1774 4830 Ad

150 4866 444 4922 basilicam
473 4867 648 4922 sancti
678 4866 912 4922 Joannis
932 4867 1144 4924 solidos
1174 4869 1425 4941 quinque
1479 4869 1559 4924 Ad
1580 4869 1774 4925 basili-

150 4971 272 5012 cam
303 4955 480 5012 sancti
529 4955 666 5012 Sixti
716 4957 978 5012 similiter
1028 4957 1086 5013 in
1131 4973 1267 5014 auro
1296 4958 1507 5015 solidos
1537 4967 1664 5014 tres.
1696 4959 1774 5014 Ad

151 5047 442 5107 basilicam
471 5049 650 5104 sancti
669 5048 917 5106 Mauricii
973 5050 1186 5107 solidos
1208 5057 1340 5108 tres.
1376 5051 1456 5106 Ad
1487 5051 1775 5106 basilicam

151 5142 330 5198 sancti
361 5140 607 5198 Medardi
622 5142 834 5200 solidos
858 5149 990 5199 tres.
1028 5143 1108 5199 Ad
1129 5144 1527 5201 monasterium
1560 5145 1777 5215 puella-

151 5250 275 5290 rum
297 5234 517 5291 vineam
573 5234 630 5290 in
690 5235 1051 5293 Germaniaco
1081 5239 1378 5308 (Geminyl
1435 5239 1774 5306 sitam,cum

152 5325 491 5396 quibusdam
511 5325 660 5383 vasis
681 5325 786 5398 ipsi
814 5325 1060 5383 basilicae
1092 5327 1414 5399 profuturis.
1456 5327 1536 5382 Ad
1567 5328 1771 5383 basili-

153 5429 273 5470 cam
293 5431 419 5488 qute
476 5414 682 5472 dicitur
730 5415 799 5470 ad
849 5415 1166 5486 Apostolos,
1228 5416 1346 5472 auri
1397 5415 1606 5472 solidos
1641 5427 1771 5484 tres,

150 5519 278 5561 cum
308 5504 434 5561 aliis
462 5506 814 5563 munusculis
869 5507 1020 5562 unde
1045 5505 1187 5563 calix
1240 5505 1416 5563 fieret.
1471 5507 1548 5561 Ad
1581 5507 1775 5562 basili-

151 5609 270 5649 cam
303 5595 477 5650 sancti
511 5595 655 5650 Petri
685 5595 740 5650 in
773 5595 998 5652 civitate
1018 5597 1138 5652 auri
1164 5596 1377 5652 solidos
1405 5603 1538 5651 tres.
1567 5596 1645 5650 Ad
1674 5596 1774 5651 ba-

151 5681 363 5740 silicam
387 5683 559 5740 sancti
617 5684 942 5741 Theoderici
1000 5685 1315 5757 portionem
1366 5701 1522 5742 suam
1555 5685 1623 5740 de
1652 5685 1781 5740 villa

150 5770 537 5841 Germaniaco,
598 5789 723 5829 cum
780 5775 1086 5846 mancipiis
1139 5775 1339 5841 vineis,
1382 5783 1437 5830 et
1468 5775 1682 5830 caeteris
1710 5775 1778 5830 ad

447 5875 726 5939 PATROL.
777 5876 1106 5940 CXXXV.

1879 4689 2124 4745 basilicis
2156 4697 2326 4760 atque
2348 4687 2654 4742 matriculis
2702 4687 2915 4754 Remis,
2945 4694 3261 4742 sanctorum
3294 4685 3505 4742 scilicet

1875 4778 2145 4834 Timothei
2179 4785 2235 4832 et
2263 4775 2660 4849 Appollinaris;
2693 4775 2848 4842 item,
2882 4776 3057 4831 sancti
3089 4775 3324 4842 Martini;
3348 4775 3502 4845 item,

1876 4871 2051 4926 sancti
2083 4869 2284 4925 Nicasii
2325 4885 2338 4936 ;
2371 4869 2526 4935 item,
2558 4877 2762 4924 sanctae
2795 4867 3088 4924 Genovefae
3126 4887 3139 4932 ;
3168 4867 3503 4924 monasterio

1877 4979 2104 5035 quoque
2159 4969 2474 5018 sanctorum
2515 4960 2841 5017 Theoderici
2893 4967 2947 5015 et
2977 4958 3261 5016 Tlieodulli
3297 4978 3310 5026 ;
3347 4960 3501 5027 item,

1877 5056 1945 5111 ad
1978 5055 2267 5110 basilicam
2297 5053 2471 5109 sancti
2515 5053 2798 5119 Germani,
2830 5059 2883 5107 et
2915 5051 3256 5108 matriculam
3280 5051 3456 5122 ipsius
3487 5070 3500 5119 ;

1878 5148 2030 5210 item,
2060 5143 2235 5200 sancti
2266 5142 2473 5198 Juliani
2499 5160 2514 5207 ;
2550 5142 2709 5207 item,
2734 5148 3051 5196 sanctorum
3070 5141 3294 5196 'Cosmte
3315 5147 3369 5196 et
3400 5140 3504 5196 Da-

1877 5234 2048 5291 miani
2081 5233 2273 5299 ;item,
2305 5231 2481 5286 sancti
2527 5229 2670 5284 Petri
2723 5230 2792 5284 ad
2823 5230 3039 5284 Cortem
3072 5247 3087 5296 ;
3122 5230 3276 5297 item,
3327 5229 3502 5285 sancti

1879 5324 2104 5383 Petriad
2126 5321 2516 5379 Monasterium
2542 5320 2850 5391 puellarum
2877 5337 2890 5386 ;
2917 5321 3071 5387 item,
3105 5321 3174 5376 ad
3215 5321 3502 5377 basilicam

1875 5409 2368 5483 S.Symphoriani,
2421 5425 2545 5480 quae
2595 5416 2823 5464 vocatur
2876 5409 2946 5464 ad
2989 5411 3271 5482 apostolos
3304 5428 3319 5478 ;
3349 5411 3503 5478 item,

1874 5503 2046 5559 sancti
2081 5502 2349 5568 Medardi,
2375 5507 2428 5555 et
2447 5507 2764 5556 sanctorum
2790 5501 3028 5573 Crispini
3061 5511 3118 5558 et
3145 5501 3503 5575 Crispiniani;

1883 5594 2238 5662 item,sancti
2295 5593 2569 5659 Victoris;
2604 5593 2758 5660 item,
2805 5596 2979 5650 sancti
3041 5595 3277 5651 Mauritii
3308 5594 3500 5660 ;item.

1883 5687 2058 5743 sancti
2090 5685 2271 5742 Basoli
2298 5685 2516 5741 diversa
2533 5687 2770 5742 contulit
2795 5687 3027 5744 donaria
3056 5708 3070 5755 ;
3099 5687 3347 5744 ecclesia)
3371 5700 3503 5756 quo-

1885 5793 1992 5848 que
2017 5775 2368 5833 Laudunensi
2402 5775 2690 5844 cujusdam
2711 5776 2855 5832 villae
2887 5779 3200 5848 portionem
3224 5791 3376 5832 suam
3401 5771 3501 5824 de—

3175 5877 3209 5931 4
