3884 6454
327 423 428 475 10⁵7
1436 415 1802 470 FLODOARDI
1881 413 2184 469 CANONICI
2226 415 2572 473 REMENSIS.
3563 425 3668 482 108

328 551 556 622 legavit,
591 560 646 608 et
667 551 910 606 basilicae
941 557 1143 605 sanctae
1174 544 1466 601 Genovefae
1497 543 1706 599 ibidem
1737 541 1947 597 consti-
1974 543 2098 612 Ain
2121 543 2302 600 sinum
2334 546 2582 602 sedentis
2619 549 2895 604 reclinans
2943 551 3239 615 Bcrecarii,
3299 554 3663 618 obdormivit,

328 648 462 696 tutae
491 643 679 698 villam
703 640 934 710 Appiam
957 640 1026 706 (le
1047 639 1245 704 village
1274 637 1526 703 d‘Eppe),
1559 649 1682 688 cum
1715 633 1866 688 omni
1888 650 1947 688 re
2050 641 2104 688 et
2124 635 2300 689 visum
2322 637 2481 703 vidit,
2526 638 2738 694 scilicet
2795 641 3111 697 columbam
3167 643 3347 699 locum
3380 645 3529 699 silvae
3556 646 3672 700 cir-

328 734 397 787 ad
437 750 500 789 se
542 737 852 806 pertinente
896 735 1110 789 tribuit.
1159 732 1371 786 Turrim
1429 747 1653 803 quoque
1700 744 1944 794 auream,
2049 727 2352 795 cumire,et
2381 730 2436 783 in
2460 730 2582 803 fago
2615 731 2850 802 quadam
2894 739 3017 801 post
3058 733 3199 788 hanc
3225 734 3669 791 circumitionem

331 840 498 894 quam
533 827 600 880 ad
627 835 816 880 νοῐυῐη
847 842 1006 879 suum
1038 822 1293 878 fabricari
1328 821 1554 886 fecerat,
1580 832 1749 889 super
1777 816 1947 870 altare
2049 822 2322 878 resedisse
2355 843 2367 888 ;
2411 824 2578 895 idque
2613 826 2777 881 tertio
2839 827 3152 882 columbam
3207 829 3356 883 videt
3414 830 3670 884 eamdem

331 919 518 986 posuit
550 920 603 973 S.
636 920 815 973 Maria),
836 914 1404 975 Remensisecclesize,
1429 918 1948 983 etpatcnastres,ac
2049 911 2248 983 egisse,
2303 919 2530 983 tumque
2580 914 2750 969 caelos
2790 915 2993 984 petisse
3039 916 3131 985 (5).
3166 917 3336 982 Quam
3368 917 3668 984 visionem,

331 1003 614 1062 brachiale
631 1005 1207 1062 aureum.Fuitautem
1224 1001 1485 1076 Sigiberti
1504 1001 1651 1075 regis
1669 1008 1942 1072 tempore.
2047 1000 2329 1070 sicutipse
2357 1001 2413 1054 in
2441 1003 2672 1070 somnis,
2705 1004 2780 1058 ita
2830 1005 3129 1075 praedictus
3167 1022 3390 1078 quoque
3437 1008 3672 1063 Bereca-

959 1096 1168 1150 CAPUT
1198 1095 1307 1148 νη.
2048 1095 2162 1149 rius
2181 1095 2419 1168 vigilans
2443 1094 2614 1152 fertur
2641 1097 2942 1168 accepisse.
2991 1100 3107 1164 Quo
3134 1099 3252 1156 viso
3297 1110 3666 1174 compunctus

847 1189 921 1241 De
949 1191 1133 1241 sancto
1155 1185 1422 1242 Nivardo.
2047 1187 2194 1242 idem
2248 1189 2417 1260 ccepit
2462 1189 2636 1245 abbas
2683 1191 2916 1248 fundere
2960 1193 3248 1265 lacrymas.
3302 1196 3669 1267 Experrectus

401 1276 528 1331 Post
570 1275 904 1346 prtemissos,
955 1276 1022 1330 ad
1065 1275 1386 1346 episcopale
1444 1274 1684 1338 culmen:
1720 1272 1947 1346 eligitur
2047 1285 2228 1333 autem
2251 1279 2448 1334 beatus
2479 1282 2678 1351 przesul
2709 1298 2740 1335 a
2769 1299 2986 1350 somno,
3024 1298 3089 1336 ex
3119 1284 3374 1355 lacrymis
3405 1286 3527 1354 ejus
3556 1286 3667 1339 sibi

330 1369 526 1423 beatus
555 1368 709 1434 Nivo,
740 1368 832 1439 qui
864 1376 919 1423 et
951 1368 1220 1423 Nivardus
1253 1385 1266 1432 ;
1302 1376 1536 1438 utroque
1587 1381 1826 1437 namque
1858 1381 1945 1419 re-
2047 1365 2242 1420 faciem
2268 1369 2470 1438 reperit
2517 1369 2678 1423 udam
2727 1378 2820 1432 :et
2870 1371 3220 1442 interrogans
3247 1388 3369 1443 quae
3402 1373 3480 1426 illi
3503 1389 3672 1427 causa

329 1462 540 1532 peritur
582 1461 850 1516 vocitatus
900 1463 1152 1518 nomine.
1188 1461 1285 1515 Hic
1317 1460 1469 1531 prius
1513 1460 1570 1513 in
1601 1459 1724 1513 aula
1776 1458 1942 1530 regis,
2047 1456 2208 1512 fletus
2234 1459 2514 1527 existeret,
2542 1460 2743 1530 accipit
2774 1477 2898 1516 eum
2942 1471 3167 1532 propter
3209 1464 3292 1518 sui
3328 1463 3542 1517 ruinam
3570 1464 3676 1517 ﬂe-

328 1558 520 1621 utpote
554 1551 639 1605 vir
688 1550 1115 1616 illustrissimus,
1170 1549 1405 1604 traditur
1452 1557 1827 1604 conversatus.
1884 1547 1942 1600 In
2045 1549 2190 1603 visse
2222 1551 2426 1621 operis.
2464 1552 2818 1624 lnvicemque
2841 1553 2948 1608 sibi
2979 1553 3099 1608 visa
3121 1554 3508 1623 referentibus,
3554 1563 3674 1610 tra-

327 1644 648 1714 episcopatu
677 1659 811 1699 vero
842 1643 1081 1715 positus,
1106 1642 1308 1712 emptis
1326 1658 1425 1713 per
1456 1641 1673 1696 diversa
1701 1641 1942 1696 locatam
2048 1635 2196 1691 ditur
2227 1639 2474 1708 pontifex
2506 1641 2625 1695 haec
2651 1642 2815 1696 etiam
2851 1642 3070 1696 cuidam
3107 1642 3197 1696 Dei
3231 1659 3410 1709 servo,
3443 1643 3672 1698 nomine

327 1736 535 1801 fundis,
569 1752 733 1807 quam
765 1736 1049 1805 domibus,
1099 1746 1318 1789 necnon
1361 1734 1654 1804 mancipiis
1683 1733 1944 1788 dilatasse
2047 1727 2270 1792 Banovi.
2303 1729 2462 1797 cuius
2489 1737 2607 1784 erat
2628 1730 2749 1802 ipsa
2780 1731 3076 1801 possessio,
3111 1733 3226 1786 visa
3257 1749 3528 1789 narrasse.
3563 1733 3667 1797 Qui

326 1847 413 1884 res
466 1830 747 1884 invenitur
800 1830 1069 1885 ecclesiis.
1125 1829 1405 1899 Disposuit
1455 1828 1621 1882 etiam
1668 1825 1942 1882 nonnulas
1975 1820 2346 1931 Boratorium
2377 1820 2434 1874 in
2473 1822 2682 1876 honore
2731 1831 2932 1877 sancta":
2962 1824 3142 1878 crucis
3173 1824 3286 1879 illic
3319 1824 3551 1891 habens,
3584 1824 3666 1877 ibi

326 1918 596 1974 ordinatis
631 1917 869 1972 coloniis
887 1917 1046 1972 villas
1077 1915 1386 1987 episcOpii:
1422 1917 1686 1988 quasdam
1717 1931 1943 1986 quoque
1975 1913 2023 1931 ”
2045 1913 2492 1968 conversabatur.
2527 1913 2628 1978 Qui
2661 1915 2824 1969 etiam
2875 1923 3166 1986 postquam
3206 1916 3479 1970 visionem
3523 1933 3671 1986 prae-

326 2025 415 2062 res
443 2015 812 2063 commutasse
862 2008 1138 2077 reperitur
1190 2023 1315 2061 cum
1363 2005 1527 2061 Attila
1585 2004 1938 2060 Laudunensi
2041 2005 2196 2067 sulis,
2230 2012 2285 2059 et
2314 2006 3278 2079 ejusagnovitvoluntatem,obtulit
3305 2008 3383 2061 illi
3409 2009 3670 2063 eamdem

328 2098 583 2168 praesule,
616 2112 714 2168 pro
737 2097 1026 2167 utriusque
1058 2095 1232 2166 partis
1299 2095 1738 2164 opportunitate.
1782 2093 1944 2148 Com-
2045 2099 2453 2166 possessionem
2481 2107 2881 2170 suam,partem
2912 2114 3134 2170 quoque
3163 2100 3540 2170 possessionis
3572 2117 3680 2155 cu-

327 2191 811 2245 mutavitetiama
867 2190 1085 2242 Bavone
1134 2196 1188 2242 et
1231 2187 1649 2242 Theoderamno
1681 2186 1945 2241 fratribus
2039 2187 2258 2255 jusdam
2287 2188 2470 2244 fratris
2521 2189 2627 2255 sui,
2688 2190 2912 2244 nomine
2970 2190 3206 2244 Baldini.
3267 2190 3505 2244 Alterius
3535 2208 3676 2247 vero

323 2284 505 2339 locum
534 2283 828 2354 quemdam
878 2297 1044 2352 super
1100 2280 1329 2335 ﬂuvium
1360 2279 1656 2334 Maternam
1689 2277 1757 2333 de
1777 2278 1945 2333 rebus
2044 2279 2249 2347 fratris,
2271 2281 2674 2335 'l'heoderamni
2703 2281 2946 2343 nomine,
2999 2297 3222 2336 causam
3276 2282 3486 2348 retulit,
3519 2284 3672 2352 quod

327 2373 616 2428 Remensis
687 2371 955 2436 ecclesize,
1005 2369 1100 2424 ubi
1160 2369 1466 2424 construxit
1523 2367 1938 2434 monasterium,
2044 2380 2192 2426 esset
2244 2372 2455 2427 scilicet
2485 2373 2540 2426 in
2595 2372 2834 2428 factione
2879 2381 3070 2428 contra
3119 2374 3349 2428 Reolum
3381 2375 3670 2441 comitem,

325 2465 474 2537 quod
532 2463 734 2519 dicitur
801 2462 1177 2517 Altumvillare
1238 2463 1658 2529 (Hautvilliers),
1718 2467 1942 2531 petente
2045 2461 2137 2531 qui
2162 2461 2448 2515 Remensis
2479 2468 2602 2531 post
2632 2461 2844 2517 exstitit
2873 2462 3190 2532 episcopus,
3225 2477 3325 2532 pro
3370 2459 3502 2516 ﬁliis
3524 2464 3667 2531 ejus,

327 2557 614 2612 Berecario
643 2555 867 2620 abbate,
901 2554 993 2626 qui
1020 2553 1172 2608 abeo
1196 2553 1628 2624 petieratlocum
1677 2551 1940 2616 sibidari,
2045 2567 2186 2622 quos
2234 2553 2513 2608 occiderat
2575 2554 2628 2606 in
2665 2554 2877 2608 ultione
2933 2552 3172 2608 filiorum
3232 2568 3481 2620 suorum,
3523 2570 3666 2625 quos

323 2645 419 2699 ubi
453 2661 575 2700 cum
608 2644 870 2699 fratribus
899 2643 1016 2698 suis
1033 2641 1342 2710 monachis,
1367 2641 1471 2694 sub
1505 2641 1694 2713 regula
1720 2641 1940 2695 Patrum
2045 2643 2248 2698 Reolus
2302 2660 2397 2714 pro
2453 2644 2743 2700 latrocinio
2775 2645 2923 2716 quod
2951 2645 3304 2710 exercebant,
3357 2646 3665 2716 suspendio

321 2737 498 2791 sancti
535 2735 821 2790 Benedicti
855 2742 910 2789 et
935 2734 1110 2788 sancti
1141 2733 1490 2800 Columbani,
1521 2733 1706 2788 vivere
1729 2738 1936 2802 posset;
2045 2742 2336 2786 necaverat
2381 2734 2532 2788 Unde
2561 2734 2820 2788 dominus
2856 2735 3126 2788 Nivardus
3157 2751 3284 2789 eum
3312 2750 3435 2789 cum
3467 2735 3657 2796 Reolo.

322 2826 470 2897 quod
503 2833 557 2879 et
579 2826 725 2879 idem
746 2824 947 2894 praesul
973 2823 1152 2877 facere
1172 2822 1404 2889 studuit,
1427 2828 1488 2877 ut
1517 2821 1659 2875 infra
1681 2820 1939 2876 contine-
2041 2821 2134 2891 qui
2165 2827 2389 2890 neptem
2420 2837 2575 2874 suam
2608 2821 2776 2876 ﬁliam
2820 2823 3111 2877 Childerici
3141 2824 3380 2878 habebat
3411 2839 3660 2891 uxorem,

319 2927 429 2972 tur.
464 2917 570 2970 Sed
603 2924 813 2972 etcum
870 2916 993 2970 aliis
1049 2915 1380 2987 quibusdam
1436 2914 1709 2986 personis,
1775 2919 1938 2985 prout
2042 2906 2387 2978 pacificavit;
2420 2917 2475 2962 et
2531 2910 2611 2963 sic
2669 2911 2787 2980 ipse
2827 2911 3279 2967 Theoderamnus
3326 2913 3489 2968 simul
3535 2930 3663 2968 cum

318 3022 624 3078 congruum
646 3005 825 3059 visum
858 3004 978 3067 fuit,
1012 3021 1100 3059 res
1131 3004 1395 3076 quasdam
1428 3003 1806 3059 commutavit.
1833 3004 1937 3057 De-
2041 2997 2257 3052 cazteris
2288 2996 2551 3052 fratribus
2597 2999 2712 3052 suis
2735 3000 2984 3054 eamdem
3033 3002 3443 3070 possessionem
3471 3011 3662 3057 sancto

319 3097 400 3151 dit
457 3112 702 3167 quoque,
745 3094 850 3148 sub
893 3095 1020 3162 jure
1074 3094 1374 3169 privilegii,
1429 3094 1497 3148 ad
1539 3094 1934 3148 monasterium
2041 3092 2748 3159 Nivardo,commutatione
2780 3094 2848 3148 ab
2882 3111 2948 3150 eo
2981 3104 3220 3167 sumpta,
3256 3097 3504 3152 tradidit.
3541 3098 3660 3152 Mox

316 3186 493 3242 sancti
526 3185 727 3252 Basoli,
771 3184 1062 3239 ecclesiam
1095 3183 1151 3236 in
1178 3183 1448 3239 Viriziaco
1482 3183 1538 3238 in
1573 3184 1782 3239 honore
1809 3201 1938 3239 san-
1971 3233 2014 3256 η
2042 3186 2188 3240 idem
2221 3185 2422 3256 praesul
2451 3186 2662 3240 succidi
2686 3187 2879 3241 silvam
2896 3187 3122 3255 jubens.
3158 3188 3213 3242 in
3241 3188 3456 3244 honore
3482 3190 3658 3245 sancti

317 3233 493 3242 νην-.
526 3233 727 3252 __----,
775 3233 1062 3239 ---η-η----
1195 3233 1444 3239 .---_-----
1573 3233 1781 3239 ---ημ-
1809 3233 1904 3239 η--
2043 3233 2188 3240 ην.-.
2222 3233 2422 3256 rm---
2452 3233 2662 3240 νην---
2687 3233 3122 3255 -......-.,ην..ν.
3245 3233 3455 3244 ..πων
3483 3233 3657 3245 νην..

317 3285 418 3332 (Σιὲῐξ
471 3275 651 3329 Mariae
706 3283 1099 3342 constructam,
1156 3289 1288 3328 cum
1340 3272 1602 3330 omnibus
1639 3275 1707 3329 ad
1762 3275 1935 3346 ipsam
1968 3233 2183 3328 CPetri
2237 3281 2292 3329 et
2339 3274 2588 3329 omnium
2620 3274 2998 3344 apostolorum
3033 3277 3109 3330 ibi
3137 3277 3443 3332 construxit
3473 3278 3657 3333 eccle-

315 3368 747 3441 pertinentibus,
777 3368 1054 3439 simulque
1103 3367 1362 3421 locellum
1391 3367 1486 3438 qui
1519 3368 1834 3423 Wasciacus
1852 3367 1938 3422 di-
2038 3362 2198 3428 siam,
2241 3370 2296 3417 et
2326 3363 2420 3417 ubi
2459 3365 2729 3418 resedisse
2761 3365 3074 3419 columbam
3106 3366 3340 3433 viderat,
3374 3368 3546 3422 altare
3571 3367 3659 3420 iu-

314 3462 475 3514 citur.
500 3458 906 3511 lmmunitatem
936 3471 1160 3527 quoque
1189 3455 1325 3524 ipsis
1356 3457 1668 3523 monachis,
1701 3457 1805 3511 sub
1833 3457 1937 3511 Pe-
2038 3457 2236 3522 stituit,
2269 3457 2632 3528 collectisque
2662 3459 2837 3512 servis
2868 3458 2963 3511 Dei
3000 3458 3396 3514 monasterium
3423 3459 3658 3514 ordina-

315 3562 473 3608 trone
520 3550 722 3605 abbate
761 3548 976 3603 ibidem
1007 3549 1116 3603 Deo
1166 3548 1547 3603 servientibus
1579 3549 1839 3615 instituit,
1874 3557 1934 3603 ut
2037 3544 2132 3600 vit.
2170 3545 2271 3600 Ubi
2331 3546 2496 3600 etiam
2541 3545 2799 3616 praefatus
2848 3547 3302 3604 Theoderamnus
3351 3550 3658 3604 monachus

312 3641 499 3695 nullus
529 3638 1036 3695 ecclesiasticarum
1063 3637 1317 3706 judicum
1360 3653 1457 3693 eos
1479 3637 1730 3693 indebite
1753 3639 1806 3692 in
1831 3638 1935 3692 ali-
2037 3637 2293 3694 efﬁcitur.
2325 3639 2431 3692 Sed
2465 3647 2518 3692 et
2545 3639 2748 3694 Reolus
2779 3638 2953 3695 filium
2985 3658 3147 3696 suum
3181 3643 3406 3698 nomine
3438 3643 3656 3699 Gedeo-

311 3751 420 3806 quo
453 3733 766 3804 inquietare
817 3738 1199 3802 praesumeret,
1233 3731 1330 3785 scd
1381 3730 1461 3785 eis
1515 3730 1705 3801 quieto
1734 3730 1933 3786 ordine
2037 3743 2188 3793 nem,
2211 3727 2280 3780 de
2303 3734 2470 3796 nepte
2497 3729 2671 3782 sancti
2718 3728 2937 3783 Nivardi
2972 3739 3313 3802 susceptum,
3357 3731 3433 3785 ibi
3460 3747 3662 3787 mona-

311 3825 416 3881 sub
446 3833 641 3881 sancta
686 3824 880 3896 regula
920 3823 1126 3888 vivere,
1181 3839 1244 3876 ac
1298 3822 1407 3876 Deo
1464 3823 1671 3878 servire
1715 3823 1928 3878 liceret.
2036 3820 2199 3874 chum
2223 3818 2343 3872 fieri
2368 3819 3346 3892 petiitetrerumsuarumpartemad
3369 3823 3516 3878 idem
3538 3840 3662 3878 mo-

311 3917 652 3986 Praeceptum
707 3914 873 3969 etiam
919 3912 1286 3967 immunitatis
1350 3928 1380 3965 a
1416 3910 1768 3966 Childeberto
1803 3927 1932 3985 rege
2036 3908 2336 3964 nasterium
2351 3910 2702 3965 condonavit.
2742 3913 2940 3966 Beatus
2969 3919 3156 3967 autem
3189 3913 3477 3980 Nivardus,
3508 3927 3654 3968 con-

311 4009 818 4078 (ChildebertusIII)
851 4023 1019 4077 super
1044 4006 1280 4060 teloneis
1301 4012 1355 4059 et
1395 4003 1730 4076 quibusdam
1753 4003 1936 4060 tribn-
2035 3997 2228 4052 stituto
2284 3999 2643 4063 monasterio,
2713 3999 2988 4071 quidquid
3049 4002 3462 4070 possessionum
3522 4008 3653 4055 ante

311 4101 399 4169 tis,
427 4100 678 4157 ecclesia).
712 4099 969 4154 Remensi
1010 4097 1271 4153 obtinuit.
1305 4096 1402 4151 Cui
1456 4097 1765 4152 Ludovicus
1790 4114 1929 4168 quo-
2035 4089 2415 4160 episcopatum
2485 4090 2660 4145 fuerat
2722 4091 2876 4146 visus
2906 4093 3115 4148 habere
3144 4094 3213 4148 ad
3259 4094 3437 4163 ipsum
3471 4093 3654 4147 locum

308 4206 418 4262 que
446 4207 560 4256 rex,
591 4189 694 4244 sub
726 4188 973 4243 ecclesiae
1009 4202 1122 4240 suae
1156 4185 1402 4249 nomine,
1441 4200 1530 4238 res
1569 4185 1834 4255 quasdam
1871 4185 1926 4240 in
2033 4178 2278 4244 tradidit,
2307 4186 2361 4232 et
2392 4180 2710 4235 exhortatus
2734 4181 2956 4237 beatum
2992 4182 3244 4248 Reolum,
3275 4181 3566 4256 religionis
3599 4182 3650 4235 ei

306 4277 552 4332 Malliaco
601 4291 771 4346 super
815 4274 1042 4328 fluvium
1093 4273 1367 4337 Vidulam,
1428 4288 1564 4343 quas
1591 4273 1924 4343 quibusdam
2028 4271 2502 4327 suasitassumere
2549 4273 2820 4328 habitum.
2875 4275 3231 4349 Privilegium
3265 4289 3512 4346 quoque,
3546 4289 3655 4344 po-

309 4368 633 4423 infidelibus
661 4368 778 4422 suis
834 4366 1028 4436 ejectis
1086 4371 1392 4436 receperat,
1436 4364 1779 4419 auctoritatis
1815 4380 1927 4419 suae
2027 4369 2217 4416 scente
2282 4361 2509 4430 praefato
2549 4361 2749 4416 abbate
2817 4364 3128 4429 Berecario,
3175 4362 3356 4418 eidem
3417 4362 3657 4418 contulit

305 4470 583 4532 praecepto
612 4461 904 4515 concessit.
965 4458 1136 4528 Hujus
1189 4457 1353 4512 etiam
1412 4465 1661 4528 tempore
1701 4455 1928 4511 tradidit
2029 4453 3649 4526 monasterio:utscilicetipsepraesulidemmonasterium

305 4552 654 4608 Grimoaldus
681 4553 768 4606 vir
816 4551 1046 4605 illustris
1096 4556 1288 4604 sancto
1341 4547 1592 4620 Remigio
1610 4548 1767 4602 villas
1796 4564 1924 4603 suas
1946 4553 2004 4622 D
2031 4543 2085 4596 in
2115 4543 2201 4596 sui
2229 4543 2371 4611 juris
2397 4542 2918 4598 dominationedum
2940 4543 3247 4610 adviveret,
3271 4552 3651 4609 conservaret,

305 4642 691 4698 Calmiciacum
717 4649 771 4697 et
795 4640 1162 4696 Victuriacum
1186 4639 1396 4707 (Mally,
1433 4640 1651 4707 Veeste),
1682 4653 1781 4708 pro
1803 4638 1923 4692 ani-
2029 4643 2084 4688 et
2115 4643 2174 4688 ut
2199 4641 2324 4704 post
2340 4650 2502 4688 suum
2523 4633 2811 4690 decessum
2840 4635 3128 4690 Remensis
3149 4635 3651 4707 episcopusipsum

303 4751 406 4789 mae
433 4750 544 4789 suae
569 4733 835 4789 remedio.
2024 4725 2341 4781 coenobium
2371 4728 2665 4800 gubernet,
2723 4737 2778 4784 et
2839 4729 3063 4784 eosdem
3105 4729 3407 4784 monachos
3455 4738 3653 4784 contra

376 4826 474 4881 Hic
498 4824 696 4880 beatus
735 4824 1023 4886 Nivardus,
1084 4823 1214 4878 dum
1249 4839 1312 4877 ex
1337 4822 1615 4878 communi
1650 4837 1923 4876 consensu
2023 4832 2218 4872 omnes
2247 4819 2605 4874 adversitates
2628 4819 2925 4885 defendat;
2962 4819 3066 4890 ipsi
3100 4835 3232 4875 vero
3263 4820 3520 4875 monachi
3543 4837 3654 4890 po-

303 4915 472 4970 totius
509 4913 731 4970 concilii
779 4914 1078 4985 praesulum
1103 4911 1314 4977 Gallia-3,
1349 4912 1650 4979 Namnetis,
1691 4911 1921 4966 Romani
2026 4919 2277 4966 testatem
2301 4911 2544 4966 habeant
2570 4911 2858 4982 praelatum
2886 4911 2998 4965 sibi
3023 4911 3356 4985 regulariter
3375 4911 3648 4985 eligendi,

295 5007 552 5075 jussione
581 5005 881 5076 pontiﬁcis,
915 5004 1169 5070 exhibiti,
1195 5020 1322 5078 rege
1351 5003 1590 5068 favente,
1626 5003 1924 5058 restruxis-
2026 5008 2187 5071 prout
2217 5001 2273 5054 in
2321 5000 2696 5070 descriptione
2738 5001 2914 5072 ipsius
2965 5001 3243 5075 privilegii
3304 5001 3648 5056 continetur.

298 5103 382 5148 set
402 5095 692 5149 ecclesiam
747 5093 1067 5148 monasterii
1105 5109 1274 5162 super
1319 5091 1495 5162 ripam
1528 5091 1788 5146 Maternae
1817 5091 1923 5147 ﬂu-
2024 5093 2150 5147 Post
2181 5092 2298 5146 haec
2330 5091 2389 5145 in
2443 5093 2737 5148 ecclesiola
2781 5101 2984 5148 sanctae
3015 5093 3216 5160 Mariae,
3259 5108 3425 5163 quam
3457 5093 3512 5147 in
3541 5109 3648 5149 eo-

301 5183 487 5250 minis,
522 5183 578 5236 in
607 5252 610 5254 Π
637 5184 757 5238 loco
791 5190 1108 5252 nuncupato
1149 5181 1359 5247 Villari,
1383 5180 1594 5235 dudum
1623 5180 1736 5241 siti,
1765 5182 1862 5237 sed
1890 5198 1922 5236 a
2023 5185 2146 5239 dem
2179 5185 2516 5240 monasterio
2573 5194 2973 5254 construxerat,
3009 5185 3220 5241 obiissc
3257 5185 3452 5250 fertur,
3487 5191 3543 5239 et
3581 5187 3649 5240 ad

299 5273 551 5328 barbaris
581 5273 770 5339 diruti,
821 5281 876 5327 et
909 5272 977 5327 ab
1028 5289 1095 5328 eo
1137 5279 1454 5328 constructa
1502 5273 1620 5327 haec
1674 5272 1921 5328 funditus
2023 5276 2313 5331 ecclesiam
2335 5275 2508 5331 sancti
2540 5276 2777 5350 Remigii
2841 5277 3028 5332 Remis
3058 5277 3403 5348 deportatus,
3437 5275 3649 5330 ibidem

299 5361 592 5416 cecidisset
623 5362 880 5429 ecclesia,
916 5363 971 5417 in
1003 5361 1113 5418 alio
1144 5361 1265 5418 loco
1299 5378 1489 5418 rursus
1516 5361 1584 5416 ab
1608 5377 1674 5418 eo
1711 5370 1920 5418 restru-
2026 5370 2276 5440 sepultus
2325 5378 2430 5424 est.

303 5456 410 5518 cta,
442 5466 658 5506 rursum
684 5450 919 5507 traditur
943 5451 1242 5508 corruisse.
1279 5452 1521 5516 Quadam
1554 5467 1687 5507 vero
1709 5452 1802 5506 die
1827 5468 1925 5508 ve-
2634 5458 2842 5513 CAPUT
2894 5458 3035 5513 Vlll.

301 5541 462 5596 niens
512 5541 581 5596 de
634 5540 764 5596 villa
811 5542 1112 5613 Sparnaco,
1168 5543 1335 5598 simul
1387 5544 1686 5600 comitante
1731 5560 1920 5600 secum
2095 5551 2170 5602 De
2206 5550 2564 5604 translatio-ne
2593 5554 2792 5603 sanctae
2849 5550 3062 5602 Helena:
3092 5549 3167 5602 ad
3196 5550 3374 5618 ipsius
3398 5554 3582 5605 sancti

301 5632 530 5701 praefato
568 5629 772 5686 abbate
812 5632 1122 5697 Berecario,
1172 5632 1348 5687 visum
1391 5633 1499 5687 sibi
1533 5643 1636 5698 est,
1690 5633 1918 5688 transito
2621 5639 3036 5692 monasterium.

301 5720 553 5787 flumine,
587 5719 796 5775 debere
817 5719 1098 5791 paululum
1116 5720 1467 5791 requiescere
1496 5739 1508 5775 :
1535 5722 1727 5793 sicque
1754 5732 1919 5792 caput
2091 5726 2169 5779 Ad
2197 5735 2562 5796 praenotatum
2598 5729 2760 5798 hujus
2789 5729 2963 5785 sancti
2984 5727 3088 5784 viri
3118 5726 3437 5783 coenobium
3472 5727 3650 5783 beata:

372 5841 449 5908 (1)
491 5837 643 5892 Idem
675 5836 839 5891 latius
872 5835 1106 5891 refertur
1134 5835 1189 5890 in
1221 5837 1337 5892 Vita
1369 5838 1402 5890 S
1461 5839 1758 5894 Bercharii.
