3884 6436
235 449 342 506 109

238 579 459 634 Helena:
490 581 698 654 reginae
751 595 966 642 constat
1015 605 1216 661 corpus
1267 594 1334 648 ab
1368 596 1506 651 urbe
1553 599 1722 655 Roma
1755 601 1856 656 de-

234 679 473 726 vectum.
540 675 694 738 Quod
764 677 992 748 quidam
1052 684 1346 755 presbyter
1407 687 1696 746 Remensis
1756 709 1856 763 pa-

236 762 480 830 rochiaa,
564 765 828 840 Tergisus
894 773 1120 829 nomine
1154 817 1167 841 ,
1243 778 1469 836 Romam
1533 784 1854 854 profectus,

235 853 415 908 noctis
465 853 733 924 inopinus
801 858 856 912 in
940 863 1176 919 ecclesia
1234 883 1528 926 remanens
1584 880 1854 946 tempore,

235 939 445 996 furatus
491 945 816 1001 cautissime
863 965 1051 1006 secum
1083 956 1296 1011 studuit
1325 958 1558 1017 deferre.
1589 961 1690 1028 Qui
1723 965 1854 1019 dum

226 1029 340 1096 jam
395 1032 698 1087 secundam
750 1040 1095 1095 mansionem
1144 1043 1396 1113 haberet,
1450 1050 1506 1103 in
1553 1052 1693 1107 silva
1731 1070 1854 1125 quae

232 1117 438 1174 civitati
496 1122 715 1190 adjacet
757 1126 975 1195 Sutriae,
1038 1131 1094 1185 in
1155 1136 1456 1192 crastinum
1516 1157 1714 1196 unuse
1761 1159 1855 1198 co-

230 1207 460 1264 mitibus
492 1212 615 1279 ejus
669 1213 901 1288 pignora
957 1229 1145 1276 sancta
1197 1223 1379 1281 levare
1423 1244 1593 1299 super
1622 1233 1851 1287 asellum

230 1298 495 1370 gestiens,
530 1318 595 1356 ea
635 1303 862 1361 minime
888 1307 1061 1364 valuit
1081 1326 1326 1367 movere.
1356 1315 1422 1368 At
1451 1298 1706 1387 stupidus
1737 1321 1853 1376 haec

230 1386 494 1459 magistro
525 1390 777 1448 notiﬁcat
805 1411 818 1460 ;
849 1396 942 1466 qui
971 1399 1222 1454 concitus
1237 1417 1498 1475 pergens,
1531 1386 1851 1464 thesaurum

230 1474 462 1542 pavidus
486 1480 898 1548 apprehensum
913 1484 1168 1551 jumento
1181 1490 1304 1545 sine
1335 1474 1600 1564 gravitate
1631 1498 1850 1566 ponde-

231 1565 305 1617 ris
338 1566 626 1637 imposuit,
659 1587 784 1627 cum
817 1585 963 1630 esset
989 1577 1222 1635 inferior
1250 1584 1473 1653 repulso
1493 1586 1706 1643 viribus
1735 1605 1851 1644 cor-

232 1657 402 1726 poris.
435 1659 734 1718 Confessus
764 1676 847 1721 est
892 1679 1074 1724 autem
1107 1672 1252 1728 idem
1286 1675 1540 1732 minister
1581 1688 1852 1737 nocturno

228 1764 287 1802 se
315 1751 587 1819 pollutum
639 1755 812 1812 fuisse
846 1763 1082 1818 somnio.
1121 1765 1418 1822 Venientes
1474 1770 1542 1823 ad
1566 1772 1855 1842 rapidissi-

228 1857 377 1897 mum
411 1845 644 1904 ﬂuvium
676 1853 891 1921 Taram,
943 1872 1067 1910 cum
1120 1859 1274 1914 illum
1305 1877 1414 1916 non
1461 1864 1732 1932 auderent
1758 1865 1850 1919 in-

224 1935 406 2006 gredi,
441 1949 670 2010 propter
685 1943 1086 2003 validissimum
1122 1950 1850 2024 ipsiusimpetum,animal,
1879 1926 1930 1994 Β

223 2041 381 2082 sacro
413 2037 592 2086 tutum
634 2050 884 2104 munere,
937 2049 1134 2110 sponte
1184 2044 1475 2101 descendit
1503 2047 1558 2100 in
1597 2047 1845 2105 ﬂumine.

225 2113 396 2178 Quem
431 2130 656 2177 secutus
674 2124 813 2180 alter
830 2128 1036 2183 asellus
1064 2129 1246 2186 ferens
1285 2135 1693 2205 presbyterum,
1723 2138 1851 2193 licet

226 2203 392 2259 undis
416 2223 561 2276 pene
606 2210 890 2268 videretur
927 2217 1242 2289 immersus,
1277 2227 1496 2281 transiit
1527 2235 1710 2282 tamen
1742 2228 1850 2284 flu-

226 2295 399 2361 vium,
433 2314 555 2355 cum
587 2303 760 2358 latera
821 2306 1081 2365 fluctibus
1119 2329 1233 2368 non
1264 2315 1496 2373 tinxisse
1527 2321 1852 2391 probaretur

224 2383 352 2439 almi
385 2387 641 2459 pignoris
699 2392 936 2462 bajulus.
995 2400 1128 2454 Item
1178 2404 1307 2458 dum
1336 2383 1600 2477 superant
1629 2411 1847 2481 Alpium

213 2476 348 2552 juga
383 2483 641 2551 quaedam
674 2501 861 2542 comes
887 2490 1286 2560 hujusitineris
1308 2476 1492 2568 puella
1523 2501 1578 2554 in
1603 2476 1848 2575 praeceps

219 2564 429 2622 labitur
485 2579 626 2626 acta.
685 2575 814 2640 Quae
861 2577 993 2633 dum
1040 2564 1435 2642 miserabiliter
1474 2564 1710 2646 volvitur
1749 2564 1849 2662 per

223 2656 455 2724 devexa,
508 2664 645 2718 socii
697 2665 871 2722 beatae
903 2672 1107 2745 reginae
1140 2678 1545 2746 proclamantes
1577 2693 1846 2752 expetunt

220 2753 534 2819 patrocinia
569 2773 582 2810 :
615 2773 740 2813 cum
783 2762 970 2818 subito
1016 2766 1070 2820 in
1109 2779 1388 2841 praerupto
1434 2774 1638 2828 montis
1686 2777 1843 2833 haesit

219 2836 392 2894 latere
415 2841 646 2914 delapsa
678 2863 692 2912 ;
725 2848 919 2920 sicque
962 2836 1220 2910 demissis
1273 2857 1516 2915 fasciolis
1549 2865 1845 2920 retrahitur

219 2928 522 2988 incolumis
545 2936 615 2990 ad
645 2940 950 3008 superiora,
983 2945 1210 3016 nullam,
1242 2966 1342 3004 ceu
1373 2952 1551 3008 visum
1596 2956 1701 3010 sibi
1737 2967 1818 3012 est

219 3113 446 3179 raculis,
481 3115 738 3174 devotius
781 3123 945 3192 hujus
990 3128 1179 3182 oneris
1224 3131 1634 3191 Iamulabantur
1678 3139 1835 3194 obse-

217 3203 383 3273 quiis.
403 3206 558 3262 Inter
587 3226 727 3281 quos
757 3218 1140 3289 equoquidam
1157 3222 1447 3293 desiliens,
1471 3227 1842 3302 beatasuper-

218 3289 456 3363 imponit
516 3298 770 3372 pignora,
827 3305 1212 3381 descensuque
1264 3289 1470 3369 montis
1523 3289 1914 3374 artamiin-C

216 3402 442 3458 gressus
490 3392 767 3462 semitam,
793 3400 1036 3469 prepriis
1064 3417 1206 3457 onus
1247 3407 1726 3466 extollithumeris
1773 3414 1836 3467 At

216 3475 400 3531 subito
456 3478 673 3536 lubrica
722 3485 866 3554 pede
910 3497 1099 3546 secuto
1158 3493 1268 3548 ruit
1297 3493 1350 3548 in
1385 3511 1652 3569 praeceps,
1683 3516 1838 3555 sacra

218 3572 398 3623 tamen
447 3569 696 3628 brachiis
747 3577 969 3634 astricta
1015 3582 1351 3640 mullatenus
1406 3589 1670 3645 omittens
1716 3609 1840 3648 mu-

219 3677 386 3717 nera:
419 3681 548 3719 cum
590 3670 864 3738 protinus,
894 3674 1055 3729 turba
1102 3687 1374 3750 sequente
1405 3697 1609 3738 nomen
1637 3686 1842 3758 reginae

218 3757 482 3825 precibus
522 3759 924 3833 ingeminante,
987 3783 1186 3839 equus,
1236 3772 1329 3842 qui
1389 3789 1544 3828 sacra
1571 3786 1839 3849 gesserat,

215 3862 370 3903 suam
413 3850 580 3906 nihili
612 3855 868 3923 pendens
894 3858 1133 3928 ruinam,
1180 3872 1430 3920 ruentem
1463 3868 1840 3926 anterioribus

220 3937 506 3998 hominem
523 3946 782 4002 cruribus
797 3950 1102 4021 amplexus,
1128 3955 1318 4011 tandiu
1343 3973 1492 4025 eum,
1521 3960 1631 4016 Deo
1645 3978 1704 4016 se
1717 3979 1839 4018 sus-

216 4028 427 4087 tinente
462 4035 665 4102 tenuit,
694 4037 874 4094 donec
930 4040 999 4095 ab
1029 4041 1227 4098 incolis
1283 4047 1478 4103 subter
1506 4050 1840 4121 degentibus

213 4120 420 4193 glacies
441 4121 590 4179 ferro
622 4125 884 4197 crispata,
936 4137 992 4185 et
1022 4136 1132 4186 tam
1177 4133 1342 4191 homo
1382 4154 1546 4208 quam
1581 4120 1760 4212 equus
1781 4144 1836 4197 in

213 4211 408 4267 callem
440 4221 572 4270 sunt
627 4215 858 4273 funibus
895 4223 1157 4278 revocati.
1211 4225 1606 4285 Pervenientes
1651 4241 1835 4289 autem

208 4301 275 4356 ad
306 4320 513 4375 pagum
560 4305 948 4381 Lingonieum,
993 4312 1049 4367 in
1105 4316 1288 4371 vicum
1323 4319 1418 4390 qui
1464 4332 1692 4378 vocatur
1718 4325 1839 4379 Osi-

209 4408 381 4461 smus,
397 4397 650 4452 ecclesiae:
668 4399 816 4457 beati
836 4402 1174 4474 Winebaldi,
1192 4409 1365 4464 almas
1385 4411 1691 4470 intulerunt
1705 4417 1837 4471 reli-

211 4485 391 4556 quias.
428 4488 531 4542 Ubi
565 4492 817 4562 quaedam
867 4504 1148 4554 contracta
1190 4503 1430 4574 genibus
1478 4522 1680 4577 repens
1711 4525 1836 4564 mu-

897 458 1223 517 HISTORMZ
1265 464 1594 523 ECCLESIA'I
1636 471 1961 528 REMENSIS
2003 475 2179 534 LIBRI
2221 481 2530 545 QUATUOR
2602 521 2648 529 ο-
2685 491 2808 546 LIB.
2854 495 2919 549 Il.

3484 514 3582 569 110

1876 607 1930 674 Α
2027 606 2234 663 Deinde
2278 615 2596 671 venerando
2643 618 2749 674 hoc
2805 621 2858 676 in
2892 627 3126 683 ecclesia
3166 631 3309 687 villae
3356 633 3580 695 Falesizn

1960 699 2144 767 posito
2175 718 2424 767 munere,
2452 708 2677 778 quidam
2710 711 2986 772 lunaticus
3006 722 3257 778 eamdem
3291 725 3577 787 basilicam

1959 798 2042 844 est
2064 790 2366 865 ingressus.
2407 798 2537 853 Tum
2567 803 2868 861 novissime
2919 821 3166 881 vexatus,
3201 819 3397 874 merita
3435 821 3577 878 bea-

1959 877 2183 936 tissimze
2206 887 2524 953 petentibus
2553 894 2769 949 cunctis
2799 897 3124 965 plenissime
3144 877 3457 978 regreditur
3479 913 3583 966 ab-

1955 971 2186 1039 solutus,
2221 975 2437 1050 integra
2458 982 2670 1039 scilicet
2691 989 2958 1058 sospitate
2999 971 3252 1052 donatus.
3292 1000 3348 1053 In
3383 1004 3576 1059 eadem

1954 1060 2082 1115 villa
2113 1064 2338 1134 quidam
2389 1069 2583 1127 morbo
2642 1077 2863 1133 attritus
2922 1082 3027 1136 tria
3057 1085 3290 1157 grabato
3323 1103 3580 1164 exegerat

1956 1152 2148 1222 lustra,
2181 1173 2345 1214 carne
2368 1161 2482 1230 jam
2514 1164 2589 1219 ita
2615 1169 2924 1237 putrefacta
2957 1182 3015 1230 ut
3046 1152 3240 1252 viginti
3269 1183 3369 1238 tria
3397 1152 3575 1240 eaeor-

1955 1428 2162 1498 populo
2189 1431 2440 1488 redditur
2469 1452 2636 1494 sanus
2696 1445 2952 1506 Quzedam
2985 1466 3208 1523 quoque
3243 1428 3446 1526 puella,
3473 1477 3574 1515 no-

1954 1515 2104 1570 mine
2138 1519 2296 1586 Bava,
2325 1524 2564 1593 genibus
2585 1535 2815 1588 attracta
2857 1553 3078 1607 repens,
3114 1549 3306 1613 utpote
3338 1553 3574 1620 utroque

1957 1606 2166 1675 p0p|ite
2201 1618 2484 1670 contracto
2506 1618 2696 1673 matris
2713 1636 2778 1674 ex
2805 1606 3227 1691 utero,basibus
3252 1633 3340 1688 hic
3371 1606 3577 1692 solida-

1952 1693 2042 1758 tis,
2079 1702 2226 1752 recto
2249 1703 2478 1758 recessit
2506 1707 2761 1782 vestigio,
2817 1728 3053 1786 quaeque
3085 1723 3434 1788 postmodum
3469 1726 3576 1780 Re-

1953 1786 2059 1841 mis
2091 1787 2145 1841 in
2177 1801 2368 1849 sancto
2419 1801 2722 1865 permansit
2752 1808 3058 1876 pr0posito.
3085 1786 3317 1869 _Accedit
3353 1833 3574 1889 quoque

1962 1873 2184 1943 femina,
2219 1896 2340 1950 quze
2389 1886 2626 1957 paralysi
2657 1893 2895 1948 resoluta
2939 1895 3143 1970 linguae
3175 1903 3398 1971 penitus
3429 1907 3573 1960 ami-

1957 1970 2104 2018 serat
2157 1966 2362 2035 oflicia,
2418 1971 2668 2046 laxisque
2725 1982 2929 2049 nervis,
3001 1966 3205 2042 dextrae
3264 2006 3460 2047 manus
3491 1993 3577 2047 in-

1951 2053 2107 2108 utilia
2128 2055 2522 2127 dependebant
2551 2067 2790 2126 vincula.
2825 2072 2990 2143 Cujus
3016 2078 3215 2134 allatus
3253 2081 3309 2135 in
3344 2100 3574 2140 munere

1951 2141 2232 2214 linteolus,
2287 2158 2345 2204 ut
2399 2152 2614 2209 thecam
2663 2161 2801 2214 sacri
2852 2165 3085 2240 conligit
3134 2173 3404 2241 corporis,
3450 2192 3573 2230 mu-

1950 2234 2053 2289 lier
2077 2238 2324 2307 pristinze
2349 2246 2538 2300 munia
2573 2250 2831 2318 perfectae
2856 2259 3067 2328 recepit
3096 2262 3308 2317 salutis.
3336 2265 3569 2329 Quidam

1948 2326 2150 2380 surdus
2187 2345 2218 2382 a
2266 2332 2548 2389 nativitate
2597 2355 2884 2397 vervecem
2954 2347 3203 2417 adduxit,
3273 2354 3566 2409 ecclesiam

1949 2412 2231 2488 ingressus
2254 2420 2322 2473 ad
2376 2423 2665 2482 missarum
2705 2432 2958 2488 solennia
2981 2438 3154 2492 stetit.
3194 2439 3257 2494 Ut
3292 2442 3358 2495 ad
3396 2459 3569 2497 evan-

1947 2507 2153 2576 gelium
2184 2519 2408 2568 ventum
2466 2526 2551 2572 est
2593 2521 2955 2588 recitandum,
2990 2530 3160 2584 verba
3189 2532 3313 2586 vitae
3348 2533 3571 2589 insolita

1947 2599 2116 2669 cmpit
2171 2617 2302 2657 aure
2370 2609 2661 2679 percipere
2696 2631 2845 2686 ;quo
2886 2620 3132 2687 perlecto
3184 2632 3407 2680 curatus
3437 2642 3572 2681 con-

1946 2686 2124 2744 fessus
2166 2701 2247 2747 est
2297 2695 2652 2773 Evangelium
2694 2721 2753 2758 se
2813 2722 3093 2780 nunquam
3131 2714 3284 2783 prius
3325 2718 3565 2774 audisse.

1948 2781 2107 2835 Pater
2132 2785 2355 2854 quidam
2389 2789 2644 2848 lactentis
2682 2797 2909 2854 advenit
2940 2781 3328 2876 pueri,_quem
3358 2811 3423 2863 ad
3450 2813 3571 2865 exi-

1947 2873 2082 2930 tium
2104 2877 2445 2952 jamjamque
2476 2885 2558 2939 vis
2586 2887 2910 2958 impellebat
2939 2873 3305 2968 zegritudinis.
3345 2901 3570 2958 Genitor

1949 2977 2103 3035 ergo,
2126 2974 2314 3022 votum
2344 2987 2442 3041 pro
2464 2973 2575 3028 vita
2607 2991 2813 3032 vovens
2843 2982 2980 3047 nati,
3014 2985 3197 3049 rediit,
3232 2995 3284 3042 et
3307 3007 3566 3059 puerum,

1947 3055 2040 3125 qui
2065 3073 2162 3126 per
2175 3060 2424 3132 quinque
2450 3063 2564 3132 jam
2577 3066 2698 3121 dies
2714 3068 2958 3127 fomenta
2984 3085 3270 3144 spreverat
3291 3097 3568 3154 mammae,

1946 3150 2151 3218 reperit
2171 3151 2531 3221 incolumem,
2550 3158 2746 3228 lacque
2767 3171 3076 3234 sugentem.
3101 3168 3568 3246 Paralyticusqui-

1945 3235 2069 3289 dam
2083 3237 2424 3297 Trevirorum
2443 3243 2693 3301 efinibus
2706 3256 2788 3303 est
2813 3251 3095 3321 advectus,
3120 3257 3213 3326 qui
3237 3235 3449 3329 septem
3465 3235 3568 3317 du-

1943 3322 2560 3388 dumvicibusomnium
2574 3336 2948 3394 membrorum
2961 3342 3296 3401 soliditatem
3309 3349 3565 3420 adeptus,

1949 3411 2130 3476 toties,
2155 3417 2336 3472 carnis
2353 3435 2412 3474 se
2439 3426 2822 3492 prementibus
2839 3429 3148 3500 desideriis,
3179 3435 3568 3493 miserabiliter

1949 3512 2032 3558 est
2091 3516 2482 3566 recontractus.
2544 3515 2644 3579 Qui
2679 3526 2971 3591 postquam
3008 3527 3232 3596 propria
3278 3531 3566 3586 confessus

1949 3599 2033 3648 est
2058 3593 2324 3662 facinora,
2356 3602 2505 3671 quod
2541 3618 2650 3658 non
2691 3618 2880 3679 egerat
2902 3611 3015 3679 jam
3047 3614 3345 3674 vicesimus
3375 3621 3566 3677 volve-

1943 3683 2108 3739 batur
2135 3703 2333 3757 annus,
2377 3709 2738 3763 permansura
2783 3700 3052 3775 deinceps
3084 3714 3167 3761 est
3198 3711 3436 3766 sanitate
3464 3729 3565 3783 po-

1943 3778 2094 3834 titus.
2125 3780 2298 3835 Allata
2319 3791 2405 3837 est
2454 3783 2584 3839 item
2615 3787 2818 3842 mulier
2859 3793 3134 3862 quaedam,
3167 3797 3358 3854 dextro
3393 3778 3563 3857 latere

1942 3871 2115 3942 pestis
2154 3873 2502 3932 immunitate
2554 3879 2816 3948 resoluta,
2859 3899 2983 3953 quae
3023 3887 3323 3955 perfectam
3363 3908 3562 3948 conse-

1940 3970 2066 4016 euta
2105 3962 2397 4032 medelam,
2453 3981 2676 4022 reversa
2740 3977 2826 4026 est
2867 3987 3020 4030 sana.
3081 3976 3240 4046 Item,
3270 3980 3565 4038 adducitur

1940 4067 2102 4106 mane
2117 4053 2317 4108 mulier
2341 4070 2502 4118 caeca,
2533 4074 2655 4128 quaa
2670 4059 2804 4115 hora
2836 4063 3098 4120 rutilante
3127 4068 3310 4135 tertia,
3342 4072 3562 4143 gemina

1939 4142 2254 4215 regreditur
2282 4143 2592 4202 illuminata
2620 4147 2864 4205 lucerna.

2009 4231 2258 4303 Denique
2306 4242 2366 4289 ut
2408 4236 2618 4305 perlata
2643 4247 2725 4293 est
2755 4240 2824 4294 ad
2877 4242 3162 4312 praefatum
3217 4246 3564 4305 Altumvilla-

1940 4340 2101 4380 rense
2123 4329 2519 4385 monasterium
2571 4334 2939 4389 sacratissima
2987 4337 3171 4409 gleba,
3228 4340 3560 4411 quibusdam

1938 4417 2327 4476 dubitantibus
2349 4438 2418 4476 an
2453 4423 2571 4493 ipsa
2595 4424 2735 4480 foret
2767 4426 2974 4482 Helena
3009 4429 3352 4486 Constantini
3376 4434 3562 4507 Augu-

1936 4506 2005 4561 sti
2036 4509 2296 4580 genitrix,
2351 4511 2646 4584 vitalisque
2679 4515 2813 4588 ligni
2844 4519 3137 4587 repertrix,
3181 4521 3237 4575 id
3281 4506 3560 4592 probabili

211 4575 468 4648 liercula,
503 4598 626 4638 mox
647 4593 707 4639 ut
732 4586 929 4642 horum
969 4599 1257 4664 gestamen
1290 4575 1582 4670 pignorum
1624 4602 1827 4675 attigit,
1856 4623 1917 4691 D
1939 4595 2187 4653 Christus
2215 4617 2532 4658 asseverare
2563 4604 2824 4677 dignatur
2852 4623 3008 4679 aqum
3041 4611 3270 4680 indicio,
3305 4614 3560 4672 triduano

212 4666 274 4691 ..Δ
300 4683 393 4691 Α---
429 4672 690 4691 -Α-----Α3ᾼ
739 4674 817 4691 Ann
863 4676 873 4686 ο
1080 4680 1090 4691 .
1281 4684 1290 4691 .
1385 4686 1395 4691 -
1538 4688 1554 4691 Α
1647 4689 1653 4691 Α

211 4666 277 4720 ad
298 4683 400 4723 sua
429 4672 698 4728 revocatis
729 4674 913 4731 ofﬁcia
943 4680 1144 4745 nervis,
1174 4666 1395 4741 sanitati
1429 4688 1830 4757 perfectissime

213 4756 483 4812 redditur.
543 4759 678 4814 Inde
735 4761 936 4819 itinere
969 4766 1133 4822 unius
1180 4771 1289 4826 diei
1323 4756 1570 4844 peracto,
1603 4778 1829 4848 quidam

209 4847 473 4904 omnibus
494 4851 608 4919 jam
633 4868 730 4922 per
756 4858 1084 4913 sexennium
1116 4861 1419 4920 dissolutus
1441 4869 1691 4937 artubus,
1721 4871 1832 4926 Iin-

211 4947 358 4996 teum
389 4942 570 4998 beatae
617 4947 824 5019 reginae
867 4965 991 5005 cum
1028 4952 1214 5024 gladio
1265 4957 1433 5013 mittit
1476 4959 1535 5015 in
1581 4978 1828 5020 munere.

210 5029 312 5084 Sed
344 5038 644 5103 antequam
689 5037 894 5105 conjux
931 5040 1052 5108 ejus
1080 5043 1148 5096 ad
1181 5060 1329 5112 eum,
1368 5064 1491 5118 quae
1523 5049 1641 5106 haec
1666 5052 1832 5109 detu-

211 5119 346 5174 lerat
375 5122 726 5190 munuscula,
748 5126 977 5194 rediret,
1004 5128 1256 5188 infirmus
1279 5135 1424 5190 idem
1454 5140 1829 5197 membrorum

209 5213 459 5268 omnium
485 5223 775 5285 recuperat
803 5219 1016 5276 munia.
1049 5221 1142 5276 His
1172 5223 1397 5293 auditis,
1420 5229 1672 5299 quaedam
1706 5247 1829 5286 ma-

212 5298 306 5352 tris
329 5301 400 5355 ab
433 5309 594 5361 utero
624 5321 768 5363 caeca
796 5311 1042 5380 puellula
1083 5313 1380 5372 deducitur
1420 5319 1525 5374 huc
1541 5321 1609 5376 ad
1641 5333 1829 5380 sancta

211 5389 490 5457 pmsidia,
511 5409 750 5467 moxque
775 5399 905 5454 dum
947 5399 1214 5458 feretrum
1245 5403 1423 5460 beatae
1445 5409 1679 5482 contigit
1715 5411 1829 5467 Do-

211 5477 395 5546 minae,
429 5480 869 5552 depulsalumen
901 5491 1113 5560 recepit
1143 5493 1409 5549 caecitate.
1439 5477 1711 5569 Ingressis
1735 5501 1838 5555 vil-

210 5566 314 5624 lam
339 5571 610 5644 Avergam
662 5579 914 5648 quaedam
956 5588 1127 5649 muta,
1157 5585 1253 5639 sed
1284 5593 1338 5642 et
1366 5586 1551 5644 officio
1573 5605 1834 5648 manuum

211 5660 498 5728 destituta,
545 5669 905 5742 progreditur
955 5673 1198 5744 obviam,
1221 5693 1344 5748 qua:
1377 5680 1583 5749 statim,
1607 5699 1838 5756 recupe-

210 5753 342 5808 ratis
368 5756 747 5816 membrorum
805 5763 1026 5828 muniis,
1076 5773 1318 5838 optatam
1350 5769 1556 5826 meruit
1585 5771 1835 5830 invenire

211 5842 510 5904 medelam.

1936 4687 2536 4759 supplicatusjejunio.
2595 4693 2883 4750 Mittuntur
2911 4698 3076 4753 etiam
3109 4707 3223 4756 tres
3275 4703 3474 4759 fratres
3495 4722 3561 4760 ex

1932 4779 2127 4834 eodem
2161 4784 2498 4840 monasterio
2526 4785 2777 4855 Romam,
2810 4790 2879 4844 ad
2909 4791 3278 4866 indagandam
3322 4798 3562 4853 transla-

1934 4868 2103 4923 tionis
2142 4870 2304 4939 hujus
2368 4871 2544 4928 beatae
2605 4877 2811 4950 reginm
2842 4879 3238 4936 certitudinem
3263 4901 3276 4948 ;
3304 4885 3400 4955 qui
3433 4886 3560 4940 red-

1934 4969 2132 5016 euntes
2187 4972 2243 5018 et
2272 4964 2518 5020 veritatis
2546 4967 2713 5034 hujus
2745 4969 3090 5044 indaginem,
3122 4983 3176 5029 et
3207 4976 3552 5047 geminatum

1931 5052 2219 5122 gaudium,
2251 5069 2453 5125 corpus
2505 5055 2764 5112 videlicet
2811 5058 2956 5114 beati
2999 5061 3283 5134 Polycarpi
3319 5067 3556 5138 presby-

1935 5141 2320 5216 teri,co|legae
2365 5146 2540 5201 sancti
2609 5147 2945 5216 Sebastiani,
3003 5151 3133 5206 huic
3187 5155 3422 5211 attulere
3445 5172 3560 5212 coe-

1935 5232 2129 5288 nobio.

2011 5322 2182 5391 Hujus
2211 5321 2402 5380 beatae
2442 5325 2647 5397 reginae
2675 5327 2955 5397 quondam
3012 5331 3180 5386 natali
3209 5332 3301 5389 die
3361 5335 3554 5391 immi-

1935 5426 2119 5481 nente,
2171 5418 2475 5488 piscatores
2522 5420 2924 5476 monachorum
2980 5433 3146 5480 noctu
3199 5430 3556 5498 capturaain-

1938 5506 2157 5562 stabant
2183 5509 2418 5579 piscium
2452 5508 2508 5562 in
2556 5509 2800 5565 Materna
2839 5510 3094 5582 flumine,
3119 5531 3390 5588 cassoque
3437 5519 3557 5574 fru-

1938 5596 2092 5651 strati
2148 5612 2247 5667 pcr
2293 5604 2460 5652 totam
2513 5595 2628 5653 fere
2661 5605 2878 5655 noctem
2939 5602 3148 5671 labore,
3175 5607 3397 5662 tandem
3420 5623 3554 5663 con-

1938 5684 2140 5756 questi,
2173 5693 2416 5740 sanctam
2450 5685 2711 5741 Helenam
2757 5704 2857 5758 pro
2907 5706 3008 5745 sua
3045 5705 3334 5764 casperunt
3384 5696 3557 5750 incla-

1938 5793 2089 5832 mare
2121 5775 2466 5850 fatigationc.
2523 5779 2660 5833 Tum
2693 5780 2749 5833 in
2782 5781 2900 5848 Dei,
2955 5790 3010 5838 et
3040 5784 3098 5840 in
3130 5785 3304 5856 ipsius
3330 5785 3554 5839 nomine

1937 5867 2184 5924 laxantes
2206 5876 2342 5936 rete,
2384 5868 2610 5940 gemino
2633 5869 2791 5926 ditati
2813 5872 3062 5945 gaudent
3091 5888 3271 5930 esoce.
3300 5875 3407 5928 Sed
3427 5886 3551 5926 mox
