3884 6404
331 386 429 441 111

1449 377 1820 432 FLODOARDI
1861 373 2169 431 CANONICI
2208 375 2538 432 REMENSIS

3573 382 3683 437 112

332 532 476 573 unus
505 516 702 571 horum
738 521 997 584 repetens
1010 520 1262 577 matrem,
1286 508 1522 581 quodam
1545 506 1751 582 gaudia
1775 505 1950 559 inter—
1972 508 2025 574 A
2044 506 2217 575 Rieul)
2239 506 2584 578 episcopium
2622 506 2729 562 hoc
2759 514 2843 562 est
2872 507 3127 579 adeptus,
3159 507 3310 581 quod
3340 515 3453 563 tam
3493 507 3680 564 haere-

332 606 541 679 polavit
586 621 845 662 maerore.
898 605 1148 675 Dumque
1223 616 1412 655 rursus
1458 604 1787 669 queruntur,
1846 597 1949 651 ite-

332 713 565 768 rumque
643 696 925 750 dominam
984 691 1332 747 inclamando
1404 688 1718 754 turbantur,
1782 687 1949 756 piscis

331 787 555 857 elapsus
583 784 910 839 mirabiliter
956 782 1092 836 dans
1112 778 1308 834 saltum
1334 776 1402 831 ab
1437 776 1568 840 imo,
1602 774 1947 846 superiorem

333 877 464 932 retis
513 876 699 930 funem
736 875 1083 930 tenacissimo
1102 872 1345 942 .corripit
1396 886 1607 939 morsu,
1655 877 1710 925 et
1750 870 1829 925 sic
1861 869 1950 924 in-

333 971 546 1023 haerens
561 967 677 1022 funi
701 965 988 1038 pependit,
1009 966 1188 1020 donec
1203 962 1545 1035 stupefactus
1571 977 1698 1018 eum
1724 963 1950 1017 tandem

330 1057 570 1128 piscator
598 1062 880 1130 gratanter
907 1052 1142 1124 excepit.

973 1142 1185 1198 CAPUT
1240 1142 1307 1197 1X

329 1243 402 1294 De
434 1238 791 1293 translatione
843 1238 1019 1292 sancti
1075 1235 1316 1304 Sindulﬁ
1375 1233 1450 1288 ad
1502 1233 1650 1287 idem
1677 1238 1948 1290 monaste-

1054 1329 1221 1382 rium.

397 1421 474 1475 Ad
515 1421 620 1475 hoc
648 1416 1049 1474 monasterium
1080 1415 1230 1470 beati
1266 1411 1499 1469 Sindulﬁ
1529 1413 1791 1468 translata
1820 1421 1949 1468 sunt

329 1531 471 1582 ossa,
505 1530 628 1585 qua:
679 1514 737 1567 in
794 1511 925 1568 villa
971 1526 1095 1582 quae
1152 1508 1357 1564 dicitur
1414 1507 1682 1571 Alsontia,
1734 1506 1949 1561 fuerant

329 1603 627 1675 posita,ubi
674 1603 786 1658 Deo
841 1602 990 1656 idem
1046 1607 1271 1654 sanctus
1323 1597 1408 1651 vir
1457 1595 1789 1652 sacerdotali
1821 1612 1946 1650 ser-

328 1697 501 1751 vierat
522 1694 730 1761 officio,
763 1700 817 1749 et
847 1693 943 1748 ubi
994 1690 1249 1764 pluribus
1283 1696 1405 1760 post
1427 1688 1643 1745 obitum
1676 1688 1948 1743 claruerat

330 1786 627 1841 miraculis.
662 1784 830 1853 Cujus
861 1783 1095 1855 pignora
1126 1787 1188 1836 ut
1217 1780 1428 1851 perlata
1480 1785 1611 1833 sunt
1641 1778 1708 1833 ad
1733 1777 1939 1839 villam,

329 1894 451 1950 quae
489 1877 693 1932 dicitur
720 1875 910 1946 Spida,
938 1873 1140 1928 mulier
1183 1872 1435 1943 quaedam
1465 1885 1609 1925 caeca
1650 1869 1944 1940 pristinum

328 1969 520 2041 gavisa
577 1974 660 2020 est
692 1965 880 2019 lumen
909 1962 1131 2033 adepta.
1157 1960 1399 2032 Cumque
1431 1958 1950 2031 appropinquarent

324 2056 434 2123 jam
487 2062 654 2125 porta?
712 2052 953 2108 civitatis
1002 2050 1311 2115 Remensis,
1359 2048 1579 2104 obviam
1614 2053 1947 2118 properante

330 2147 519 2219 populi
569 2145 950 2209 multitudine,
988 2142 1221 2198 accessit
1269 2141 1521 2213 quaedam
1568 2148 1717 2194 muta
1752 2147 1808 2195 et
1844 2139 1947 2194 de-

328 2236 458 2292 bilis
517 2252 684 2290 manu
731 2233 915 2305 puella
947 2250 960 2296 ;
991 2248 1114 2304 quae
1150 2240 1206 2286 ut
1237 2247 1297 2286 se
1332 2238 1488 2285 terrae
1517 2229 1831 2301 prostravit,
1875 2228 1943 2284 ab

327 2336 560 2398 utraque
588 2326 771 2381 sanari
792 2333 947 2396 peste
966 2323 1288 2396 promeruit.
1321 2323 1495 2378 Allata
1516 2330 1600 2376 est
1633 2319 1764 2376 illuc
1793 2336 1947 2393 quae-

326 2420 451 2475 dam
474 2420 801 2474 muliercula
822 2418 1101 2483 manibus,
1118 2416 1470 2491 genibusque
1493 2419 1798 2477 contracta,
1822 2427 1944 2484 quae

326 2511 613 2578 continuo,
636 2520 695 2566 ut
716 2518 799 2565 est
820 2510 889 2565 ad
926 2518 1127 2565 terram
1158 2507 1434 2578 deposita,
1475 2505 1698 2560 sanitati
1730 2505 1947 2558 laetatur

327 2604 599 2659 restituta.
651 2603 757 2657 Sed
812 2602 907 2657 ubi
964 2602 1110 2657 victa
1149 2602 1279 2656 luxu
1315 2598 1540 2670 gloriari
1573 2597 1761 2668 cmpit,
1793 2595 1943 2667 quod

328 2714 449 2752 eam
468 2696 664 2762 vellet,
693 2695 887 2760 nollet,
917 2694 1003 2749 vir
1041 2708 1178 2747 suus
1202 2692 1496 2762 reciperet,
1523 2690 1619 2761 qui
1643 2706 1762 2744 eam
1786 2687 1945 2743 infir-

324 2788 533 2843 mitatis
553 2787 717 2856 hujus
773 2802 940 2842 causa
982 2784 1290 2849 dimiserat,
1337 2783 1406 2837 ad
1433 2782 1719 2853 depulsam
1752 2796 1943 2836 rursus

324 2884 408 2932 est
433 2875 714 2930 miseriam
755 2874 1020 2929 revoluta.
1048 2874 1183 2927 Item
1210 2878 1271 2926 ut
1295 2870 1477 2942 posita
1506 2880 1636 2925 sunt
1657 2869 1805 2924 beati
1838 2869 1940 2924 viri

324 2966 574 3022 membra
605 2965 659 3019 in
687 2963 945 3030 ecclesia,
973 2977 1156 3017 coram
1187 2960 1344 3015 altari
1378 2966 1581 3015 sanctae
1606 2959 1809 3024 Maria),
1843 2958 1942 3013 ad-

322 3060 472 3116 venit
526 3057 777 3129 quaedam
829 3054 1012 3127 puella
1056 3061 1282 3125 reptans
1321 3052 1561 3127 genibus
1618 3058 1937 3107 contracta:

1973 1825 2023 1893 Β

2050 599 2286 663 ditariis,
2342 616 2506 672 quam
2560 600 2832 670 emptitiis
2886 601 3168 657 invenitur
3215 601 3437 657 auxisse
3486 600 3680 657 rebus.

2050 690 2150 756 Qui
2183 706 2251 744 ex
2279 700 2557 761 prmcepto
2590 691 2780 747 domui
2814 691 3032 746 Nivardi
3054 706 3252 747 causas
3282 691 3431 762 apud
3463 690 3677 765 regiam

2051 782 2395 850 majestatem
2453 798 2552 853 pro
2584 783 2750 838 rebus
2779 783 3196 849 ecclesiasticis,
3232 783 3319 839 vel
3347 782 3675 840 colonorum

2050 873 2272 948 legibus
2309 874 2490 947 egisse
2519 891 2585 931 ac
2612 875 2847 931 evicisse
2864 876 3158 947 reperitur.
3178 876 3300 945 Ipse
3314 889 3449 931 vero
3480 874 3676 933 beatus

2052 963 2255 1019 Reolus
2286 964 2343 1018 in
2372 964 2698 1037 episcOpatu
2748 965 2863 1035 jam
2898 964 3111 1037 positus
3162 980 3423 1041 magnam
3478 964 3676 1021 habuit

2051 1051 2443 1121 intentionem,
2477 1070 2576 1125 pro
2602 1053 2771 1110 rebus
2790 1054 3061 1126 praemissi
3092 1053 3273 1110 sancti
3302 1053 3527 1110 Nivardi
3553 1053 3676 1125 epi-

2050 1142 2228 1213 sc0pi,
2258 1158 2383 1198 cum
2414 1143 2768 1200 Gundeberto
2796 1144 2944 1217 regis
2962 1143 3251 1215 optimate,
3282 1143 3460 1215 ipsius
3483 1145 3674 1201 domui

2051 1233 2273 1290 Nivardi
2327 1234 2492 1291 fratre
2540 1251 2824 1311 germano,
2885 1236 3105 1293 dicente
3134 1235 3493 1293 Gundeberto
3523 1236 3675 1308 quod

2048 1326 2193 1382 villae
2220 1327 2468 1400 germani
2514 1329 2600 1384 sui
2630 1329 2856 1385 Nivonis
2879 1329 3149 1402 episcopi,
3185 1338 3298 1386 tam
3332 1330 3403 1385 de
3424 1334 3674 1400 paterna,

2049 1433 2214 1488 quam
2244 1417 2316 1472 de
2361 1424 2609 1473 materna
2657 1418 3002 1486 haereditate,
3048 1435 3188 1491 quas
3244 1418 3378 1476 Nivo
3431 1418 3678 1476 moriens

2051 1509 2444 1582 dereliquerat,
2474 1510 2580 1582 ipsi
2605 1511 2729 1580 jure
2756 1510 3006 1587 legitimo
3037 1510 3396 1567 deberentur.
3438 1512 3505 1569 At
3539 1526 3674 1568 con-

2051 1607 2132 1654 tra
2163 1600 2403 1655 domnus
2433 1600 2637 1656 Reolus
2674 1600 2761 1657 vel
2799 1608 3029 1673 agentes
3066 1600 3152 1656 sui
3204 1600 3488 1667 dicebant,
3522 1600 3673 1672 quod

2049 1690 2288 1749 domnus
2316 1693 2585 1749 Nivardus
2645 1709 2867 1750 omnem
2929 1709 3044 1750 rem
3092 1710 3270 1760 suam,
3328 1709 3428 1765 pro
3469 1693 3670 1749 animae

2048 1802 2161 1841 sua:
2192 1786 2458 1854 remedio,
2493 1786 2561 1840 ad
2623 1787 2741 1842 loca
2797 1795 3113 1842 sanctorum
3171 1803 3271 1859 per
3307 1802 3405 1843 sua
3463 1787 3673 1843 instru-

2048 1882 2234 1930 menta
2272 1874 2617 1943 contulisset,
2655 1875 2869 1931 scilicet
2900 1876 2969 1931 ad
3001 1875 3292 1932 ecclesiam
3321 1883 3521 1933 sancta:
3551 1875 3672 1931 Ma-

2049 1967 2165 2033 riae,
2192 1974 2248 2021 et
2275 1968 2451 2022 sancti
2519 1967 2777 2040 Remigii,
2814 1976 2977 2040 atque
3036 1969 3105 2023 ad
3149 1966 3540 2025 monasterium
3580 1968 3677 2022 Al-

2049 2058 2382 2124 tumvillare,
2425 2072 2639 2113 necnon
2670 2066 2725 2114 et
2777 2057 3128 2122 Viriziacum,
3157 2055 3254 2113 ubi
3282 2057 3522 2113 domnus
3555 2057 3672 2113 Ba-

2047 2148 2199 2203 solus
2249 2148 2306 2203 in
2344 2163 2575 2219 corpore
2623 2146 2965 2219 requiescit;
3007 2162 3129 2219 quae
3170 2146 3504 2205 monasteria
3547 2145 3674 2217 ipse

2049 2237 2287 2293 domnus
2316 2237 2451 2292 Nivo
2499 2252 2600 2292 suo
2630 2244 3030 2303 construxerat,
3060 2235 3146 2291 vel
3177 2244 3509 2291 restruxerat
3534 2250 3677 2305 cpe-

2046 2343 2126 2382 re.
2152 2328 2308 2394 Item,
2332 2327 2518 2382 Remis
2536 2327 2603 2382 ad
2627 2327 3022 2382 monasterium
3042 2325 3372 2396 puellarum,
3399 2324 3497 2380 ubi
3516 2323 3668 2380 Boba

2048 2432 2285 2488 praeesse
2315 2415 2609 2472 videbatur
2637 2416 2939 2474 abbatissa.
2976 2421 3111 2476 [tem
3143 2419 3351 2475 sanctis
3381 2416 3582 2475 Ruﬁno
3610 2425 3669 2473 et

2048 2506 2286 2575 Valerio,
2315 2506 2401 2560 vel
2448 2522 2548 2577 per
2602 2507 2817 2579 reliqua
2874 2509 2993 2564 loca
3021 2517 3357 2565 sanctorum.
3398 2507 3509 2563 Sed
3534 2507 3667 2563 dum

2048 2600 2193 2656 inter
2217 2607 2510 2671 utramque
2543 2607 2754 2670 partem
2773 2602 2892 2657 haec
2922 2602 3155 2658 intentio
3184 2608 3516 2668 verteretur,
3547 2616 3672 2655 me-

2045 2689 2328 2747 diantibus
2381 2692 2628 2764 pacificis
2668 2693 2892 2748 tandem
2931 2692 3208 2763 personis,
3263 2705 3330 2746 eo
3370 2696 3567 2747 tenore
3596 2690 3667 2744 ad

2043 2798 2236 2852 pacem
2262 2786 2559 2842 concordia
2581 2786 2888 2853 redierunt,
2934 2794 2995 2841 ut
3023 2784 3414 2841 Gundebertus
3443 2799 3509 2839 ea
3546 2798 3670 2855 quae

2047 2875 2188 2932 ultra
2241 2877 2479 2949 Ligerim
2532 2878 2753 2936 fuerant
2804 2879 3006 2935 Emmae
3054 2877 3341 2951 genitricis
3399 2876 3668 2947 ipsorum,

2044 2966 2256 3038 absque
2270 2967 2604 3038 repetitione
2634 2967 2787 3024 Reoli
2816 2966 3197 3039 episcopi,vel
3218 2965 3506 3039 agentium
3535 2978 3673 3018 suo-

2046 3073 2190 3126 rum,
2222 3056 2275 3111 in
2303 3074 2404 3113 sua
2434 3058 2706 3129 reciperet
2733 3063 3025 3129 potestate.
3070 3056 3304 3128 Reliqua
3331 3069 3488 3122 vero,
3510 3068 3675 3125 quee-

323 3166 446 3221 quae
474 3148 677 3204 virtute
699 3156 902 3211 erecta,
935 3144 1101 3213 hujus
1132 3141 1305 3198 sancti
1331 3140 1544 3196 meritis
1581 3139 1755 3196 astitit
1784 3156 1934 3195 sana.
1973 3156 2023 3223 ρ
2043 3162 2263 3219 cunque
2294 3147 2454 3204 bona;
2484 3147 2765 3204 memoria;
2811 3147 3050 3202 domnus
3097 3145 3234 3201 Nivo
3282 3143 3352 3199 ad
3390 3143 3513 3200 loca
3537 3157 3673 3196 san-

323 3238 626 3292 Adducitur
652 3235 819 3291 etiam
873 3233 1123 3307 qumdam
1176 3232 1290 3301 jam
1349 3246 1451 3302 per
1496 3244 1672 3285 annos
1724 3236 1937 3300 septem

322 3349 485 3397 caeca,
527 3349 648 3404 qua:
680 3347 806 3387 mox
849 3338 908 3385 ut
951 3330 1136 3386 valvas
1166 3325 1355 3398 templi
1402 3324 1797 3400 attigit,lumen
1851 3341 1940 3380 re-

320 3425 507 3496 cipere
524 3423 748 3479 meruit.
780 3420 1275 3478 Celebratismissae
1288 3417 1670 3487 sacramentis,
1693 3416 1941 3473 defertur

319 3517 450 3573 inde
470 3532 672 3586 corpus
698 3514 847 3570 beati
896 3514 999 3569 viri
1039 3514 1109 3569 ad
1154 3513 1442 3569 basilicam
1469 3512 1643 3573 sancti
1678 3512 1935 3585 Remigii.

318 3605 379 3659 ln
406 3606 707 3661 crastinum
739 3603 1009 3675 perfertur
1035 3604 1104 3658 ad
1137 3602 1534 3658 monasterium
1560 3602 1937 3669 Avennacum,

318 3703 373 3749 et
402 3693 826 3750 occurrentibus
875 3691 1415 3759 sanctimonialibus,
1457 3690 1683 3746 advenit
1711 3689 1937 3762 quidam

311 3784 425 3853 jam
456 3784 674 3840 duobus
693 3784 856 3841 annis
886 3784 1116 3840 claudus
1150 3801 1164 3851 ;
1197 3783 1292 3856 qui
1320 3781 1417 3838 ubi
1447 3798 1509 3836 se
1550 3781 1844 3854 prostravit
1876 3781 1935 3836 in

318 3875 564 3940 humum,
597 3889 831 3948 surgens
866 3872 1108 3944 priscum
1138 3871 1309 3943 coepit
1340 3869 1509 3944 figere
1536 3887 1807 3944 gressum.
1842 3870 1936 3925 Af-

317 3965 490 4022 fertur
519 3967 686 4022 etiam
718 3966 972 4039 qumdam
1003 3974 1307 4032 contracta,
1366 3963 1745 4036 membrisque
1778 3979 1932 4019 reso-

315 4055 446 4115 luta.
483 4072 606 4127 quae
636 4057 760 4110 sine
790 4070 945 4110 mora
963 4054 1218 4126 sospitati
1246 4054 1454 4129 gaudet
1480 4054 1754 4109 restituta.
1800 4054 1933 4108 Tum

317 4144 587 4215 perlatum
616 4150 698 4199 est
727 4159 930 4198 munus
962 4143 1068 4199 hoc
1091 4143 1412 4198 venerabile
1442 4143 1511 4198 ad
1535 4142 1935 4198 monasterium

2041 3247 2256 3296 ctorum
2283 3256 2384 3311 per
2412 3256 2512 3296 sua
2561 3240 2928 3296 instrumenta
2959 3238 3257 3312 delegavit,
3289 3236 3359 3293 ad
3388 3236 3671 3307 integrum

2040 3332 2233 3386 eadem
2265 3340 2580 3388 sanctorum
2611 3332 2732 3388 loca
2769 3329 3174 3404 perpetualiter
3206 3328 3421 3400 absque
3453 3326 3669 3398 repeti-

2041 3422 2194 3477 tione
2243 3420 2605 3488 Gundeberti,
2665 3421 2752 3478 vel
2792 3420 3076 3476 haeredum
3129 3434 3359 3475 suorum
3409 3432 3536 3473 cum
3567 3416 3668 3470 Dei

2040 3514 2315 3584 adjutorio
2391 3515 2761 3586 possiderent.
2818 3513 2974 3570 Unde
3027 3510 3378 3569 conventiale
3445 3523 3674 3581 quoque

2039 3602 2306 3674 scriptum
2319 3602 2595 3677 digestum
2613 3603 2762 3675 apud
2780 3618 2880 3659 nos
2897 3602 3082 3658 adhuc
3098 3597 3431 3667 reservatur,
3464 3598 3676 3655 utrius-

2039 3707 2147 3764 que
2175 3693 2350 3764 partis
2381 3693 2763 3768 assignatione
2792 3692 3137 3749 roboratum.

2111 3781 2209 3838 Hic
2266 3790 2477 3854 partem
2509 3782 2654 3837 villae
2710 3781 2913 3838 Diciaci
2962 3780 3175 3854 positus
3224 3778 3281 3834 in
3336 3777 3672 3849 episcopatu

2037 3873 2210 3941 emit;
2242 3874 2395 3942 item,
2426 3891 2681 3930 mansum
2694 3882 2751 3930 et
2775 3889 3001 3947 campos
3030 3873 3087 3928 in
3128 3872 3308 3930 villari
3340 3870 3669 3927 Bersiniaco
3764 3916 3765 3921 η

2040 3965 2181 4036 [ms.,
2214 3963 2551 4035 Hersiniaco]
2589 3981 2605 4030 ;
2636 3964 2788 4031 item,
2850 3977 3071 4019 mansos
3118 3961 3337 4035 aliquos
3367 3961 3669 4032 plusquam

2036 4062 2272 4128 quatuor
2300 4055 2443 4111 infra
2508 4055 2788 4112 civitatem
2836 4056 3169 4112 Remensem
3197 4070 3231 4110 a
3260 4052 3496 4109 diversis
3526 4066 3669 4123 per-

2038 4148 2211 4219 sonis,
2234 4156 2289 4204 et
2316 4148 2425 4204 alia
2483 4148 2733 4220 quaedam
2788 4148 2992 4217 ;item,
3034 4145 3349 4218 portionem
3403 4144 3472 4199 de
3500 4142 3665 4210 villa,

315 4231 813 4297 Altumvillarense,
870 4230 963 4285 ubi
1015 4231 1267 4303 quaedam
1322 4230 1570 4303 puellula
1625 4230 1855 4287 advecta
1908 4247 1939 4286 a
2040 4253 2164 4309 qua}
2185 4238 2392 4294 dicitur
2420 4238 2576 4294 Mons
2599 4237 2809 4294 Allonis
2841 4238 3035 4305 ;item,
3059 4242 3246 4308 partes
3275 4234 3529 4291 villarum
3550 4231 3670 4288 Ro-

315 4325 495 4396 Ρτίηιο
525 4324 828 4380 ηεοῐίνίῑθῑίε
877 4339 1023 4380 anno
1076 4340 1240 4389 03903,
1297 4331 1358 4380 ιιι
1397 4324 1716 4393 adlanuam
1746 4338 1942 4380 mona-
2041 4331 2228 4388 siciaci
2260 4339 2314 4388 et
2351 4330 2650 4404 Popiciaci,
2711 4338 2767 4387 et
2803 4330 2912 4387 alia
2963 4328 3252 4395 nonnulla,
3300 4335 3408 4383 tam
3448 4323 3667 4398 praedia

315 4417 468 4473 stcrii
502 4417 774 4489 pervenit,
840 4416 1022 4472 lucem
1073 4415 1266 4472 videre
1317 4415 1507 4487 erepit.
1542 4416 1657 4472 Duo
1687 4414 1938 4492 germani
2041 4436 2205 4492 quam
2248 4423 2544 4493 mancipia,
2586 4421 2708 4490 ejus
2724 4415 3407 4493 temporibustradiditvir
3426 4412 3671 4468 illustris

315 4516 588 4578 provectae
614 4506 807 4563 fratres
845 4506 1020 4563 aetatis
1073 4506 1178 4562 sub
1207 4521 1318 4561 uno
1381 4520 1528 4561 anno
1571 4504 1695 4561 luce
1736 4503 1931 4576 privati
1960 4526 2014 4594 D
2040 4511 2291 4567 wax-atus
2320 4511 2388 4567 ad
2446 4510 2712 4566 ecclesias
2736 4517 2938 4567 sancta;
2992 4508 3195 4574 Mariae,
3248 4512 3303 4560 et
3330 4502 3504 4560 sancti
3544 4502 3669 4557 Re-

315 4598 617 4655 oratorium
676 4598 934 4674 ingressi,
984 4605 1044 4654 ut
1079 4614 1139 4653 se
1193 4598 1469 4654 dederunt
1517 4597 1574 4652 in
1604 4597 1932 4663 orationem,
1961 4590 1997 4594 “
2037 4599 2398 4675 migiiRemis
2426 4599 2809 4655 Cruciniacum
2853 4600 3084 4666 (Cruny)
3116 4601 3384 4660 montem,
3417 4590 3665 4647 Curbam

314 4708 478 4747 cruor
506 4693 588 4747 eis
621 4706 720 4763 pro
752 4690 1008 4763 lacrymis
1028 4690 1200 4745 fluere
1225 4690 1395 4761 coepit
1434 4707 1502 4747 ex
1531 4689 1747 4755 oculis;
1782 4704 1938 4745 mox-
2036 4692 2221 4747 villam
2253 4693 2579 4763 (Gourville),
2625 4708 2751 4747 cum
2807 4689 3119 4754 Acciniaco,
3173 4687 3231 4741 in
3278 4700 3421 4760 pago
3450 4682 3670 4738 Tarda-

315 4799 425 4855 que
454 4783 665 4839 lumine
696 4792 942 4854 recepto,
990 4783 1246 4838 laztantur
1273 4782 1592 4853 sepulcrum
1622 4782 1817 4838 videre
1845 4796 1938 4836 sa-
2036 4781 2220 4849 nensi,
2252 4781 2467 4853 (Arcim‘
2492 4797 2559 4836 en
2615 4779 2957 4849 Tardenois).
2990 4776 3250 4842 Quaedam
3287 4774 3533 4845 denique
3564 4771 3668 4829 hic

314 4872 543 4928 natoris.
596 4872 854 4937 Quaedam
892 4872 1006 4927 Deo
1058 4879 1272 4926 sacrata
1313 4877 1499 4926 votum
1558 4869 1753 4926 habuit
1803 4885 1929 4926 cum
2030 4868 2438 4941 beatuspraesul
2468 4868 2672 4926 Reolus
2691 4866 2938 4924 exrebus
2958 4864 3211 4923 ecclesia:
3232 4862 3513 4919 invenitur
3528 4877 3665 4916 cum

312 4964 503 5034 sociis,
537 4971 597 5020 ut
632 4964 739 5020 iret
775 4963 844 5019 ad
896 4962 1077 5019 locum
1136 4962 1387 5036 pignoris
1420 4979 1435 5028 ;
1469 4976 1591 5033 quae
1635 4961 1703 5016 de
1730 4960 1932 5017 itinere

312 5054 499 5109 medio
529 5055 744 5110 caeteris
776 5054 882 5109 iter
939 5051 1339 5127 peragentibus
1391 5058 1636 5122 emptum
1691 5065 1929 5118 reversa,

313 5150 372 5197 ut
397 5141 468 5196 ad
496 5158 610 5197 suae
651 5143 831 5197 locum
862 5143 1075 5198 cellulae
1124 5139 1398 5212 pervenit,
1430 5138 1758 5210 poplitibus,
1801 5138 1932 5195 bra-

314 5230 565 5301 chiisque
619 5237 900 5286 contracta
962 5229 1211 5305 diriguit.
1271 5230 1483 5296 Postea,
1550 5228 1796 5300 plaustro
1861 5230 1931 5285 ad

314 5316 602 5388 praefatum
634 5318 864 5374 devecta
916 5318 1255 5388 caenobium,
1289 5325 1581 5390 postquam
1605 5315 1932 5389 aliquandiu

315 5407 524 5463 ibidem
557 5408 612 5464 in
657 5409 763 5464 hac
817 5418 901 5464 est
956 5409 1285 5485 aegritudine
1342 5415 1637 5477 remorata,
1699 5409 1932 5466 exsultat

317 5500 538 5555 tandem
566 5500 801 5572 pristina
821 5500 929 5554 sibi
959 5502 1226 5573 sospitate
1248 5500 1547 5557 redhibita.

973 5589 1181 5645 CAPUT
1206 5591 1267 5646 Χ.

741 5681 814 5733 De
842 5682 1025 5733 sancto
1054 5681 1210 5735 Recto
1239 5682 1498 5751 episcopo.

388 5767 511 5822 Post
537 5766 589 5822 S.
633 5764 932 5822 Nivardum
969 5765 1229 5836 praefatus
1258 5768 1495 5823 domnus
1534 5768 1737 5841 Reolus
1768 5770 1953 5841 (saint,

2032 4961 2367 5035 quibusdam
2424 4961 2678 5034 personis
2713 4964 3105 5028 commutasse,
3160 4955 3405 5029 partium
3441 4953 3667 5010 scilicet

2033 5052 2267 5108 liberata
2292 5050 2734 5124 opportunitate.
3344 5088 3373 5113 ,

2107 5141 2306 5197 Habuit
2335 5140 2505 5196 ﬁliam
2564 5140 2675 5196 Deo
2722 5145 2990 5194 sacratam
3043 5136 3099 5192 in
3128 5130 3469 5191 monasterio
3500 5132 3664 5202 quod

2033 5233 2305 5290 Ebroinus
2333 5233 2647 5290 Suessionis
2703 5229 3030 5295 construxit,
3058 5227 3162 5285 sub
3219 5233 3410 5282 sancta
3466 5224 3667 5298 regula

2032 5331 2476 5390 conversantem,
2535 5321 2762 5378 nomine
2813 5319 3048 5385 0dilam,
3105 5332 3272 5389 quam
3310 5330 3378 5370 ex
3401 5312 3665 5387 legitimo

2031 5424 2351 5488 susceperat
2388 5423 2514 5472 ante
2570 5414 2893 5470 clericatum
2945 5408 3304 5467 matrimonio
3335 5420 3351 5475 ;
3378 5405 3469 5462 cui
3497 5404 3668 5462 villas

2033 5506 2321 5578 quasdam,
2354 5514 2464 5560 tam
2508 5503 2565 5558 in
2604 5517 2746 5577 pago
2796 5500 3078 5563 Remensi,
3129 5497 3218 5554 vel
3244 5495 3665 5567 Bellovagensi,

2034 5609 2200 5663 quam
2230 5594 2395 5649 etiam
2426 5592 2484 5647 in
2513 5592 2766 5663 partibus
2802 5586 3260 5663 Transligeranis,
3315 5600 3381 5641 eo
3433 5584 3669 5640 tradidit

2027 5680 2176 5747 jure,
2206 5687 2267 5734 ut
2293 5680 2363 5735 ad
2403 5681 2553 5737 idem
2603 5679 3000 5737 monasterium
3041 5693 3130 5732 res
3187 5677 3319 5748 ipsae
3351 5681 3479 5745 post
3534 5672 3669 5741 ejus

2034 5769 2323 5835 decessum
2352 5771 2687 5842 proficerent
2711 5771 2863 5827 omni
2889 5777 3160 5840 tempore.
