3884 6406
261 420 373 478 113

923 405 1247 464 HISTORUE
1287 407 1623 468 ECCLESIA'I
1662 412 1992 469 REMENSIS
2031 412 2210 467 LIBRI
2250 413 2669 478 QUATUOR.-—
2708 417 2832 471 LIB.
2875 417 2940 471 ll.

3504 422 3604 477 114

336 545 653 605 Construxit
692 544 785 599 hic
840 540 1179 598 venerabilis
1231 540 1432 612 praesul
1483 541 1883 597 monasterium
1913 549 1959 615 Α
1984 558 2094 613 qua
2116 542 2339 598 dedisse
2398 544 2678 616 reperitur
2709 545 2765 600 in
2814 524 2950 601 auro
2988 545 3199 602 solidos
3227 548 3348 603 MO.
3393 550 3547 621 ltem,
3573 571 3603 609 a

258 640 628 701 Orbacensse.
645 637 701 691 in
720 636 842 691 loco
861 649 1027 706 quem
1044 633 1351 705 promeruit
1376 632 1523 688 dono
1540 633 1685 707 regis
1703 633 1884 688 Theo-

258 728 464 793 derici,
515 743 619 798 per
670 723 848 797 ipsius
899 722 1200 788 licentiam,
1258 719 1592 794 suffragante
1659 737 1883 793 quoque

256 818 505 874 Ebroino
533 815 743 885 majore
765 814 984 869 domus.
1020 811 1446 884 lmpetravitque
1475 812 1712 867 domnus
1735 812 1882 866 idem

254 910 467 967 Reolus
492 926 526 964 a
552 905 892 963 monasterio
922 902 1258 959 Rasbacensi
1303 918 1400 958 sex
1425 904 1746 969 monachos,
1786 905 1881 976 qui

251 1003 537 1077 regimina
570 1007 778 1056 sanctae
811 996 1015 1070 regulae
1039 996 1248 1051 ibidem
1268 1002 1546 1064 tenerent,
1572 1004 1627 1052 et
1658 997 1796 1053 alios
1818 1014 1882 1052 ea

256 1096 545 1151 docerent.
582 1092 657 1146 Ex
685 1090 889 1162 quibus
934 1104 1105 1144 unum
1138 1087 1537 1144 Landemarum
1569 1088 1627 1159 [i,
1664 1088 1880 1144 Leudo-

258 1182 496 1255 marum]
527 1181 776 1243 nomine,
808 1178 865 1232 in
898 1177 1098 1234 eodem
1129 1177 1251 1233 loco
1283 1177 1541 1233 abbatem
1573 1178 1880 1245 constituit,

257 1276 357 1348 qui
390 1272 533 1330 rexit
553 1272 701 1326 idem
732 1270 1136 1326 monasterium
1193 1268 1372 1324 donec
1400 1269 1556 1324 vixit.
1589 1269 1722 1323 Nam
1752 1269 1883 1324 licet

256 1369 329 1423 ab
362 1367 553 1424 Odone
609 1364 851 1437 quodam
889 1362 1057 1418 fuerit
1101 1362 1385 1433 expulsus,
1437 1378 1468 1417 a
1523 1362 1881 1418 Childeberto

254 1465 443 1512 tamen
471 1470 603 1528 rege
629 1460 823 1524 postea
851 1449 1141 1506 restitutus
1171 1456 1269 1505 est.
1308 1450 1433 1505 Post
1463 1451 1622 1520 cujus
1666 1450 1879 1507 obitum

253 1549 499 1603 domnus
526 1544 863 1620 Rigobertus
891 1542 1341 1614 archiepiscopus
1370 1543 1552 1613 ipsum
1593 1542 1805 1613 recepit
1826 1550 1880 1598 et

254 1641 418 1697 rexit.
469 1639 643 1708 Hujus
694 1636 1018 1692 monasterii
1072 1637 1428 1702 monachum,
1470 1636 1698 1691 nomine
1733 1637 1877 1691 Huc-

253 1732 509 1798 boldum,
555 1744 733 1800 nuper
788 1727 1028 1803 Hungari
1084 1729 1547 1798 comprehensum
1602 1728 1876 1783 trucidare

252 1824 365 1880 nisi
398 1830 571 1889 sunt;
615 1820 715 1877 sed
769 1834 1119 1891 nequaquam
1177 1818 1324 1874 ferro
1395 1818 1639 1874 incidere
1670 1826 1874 1889 potue-

252 1920 383 1971 runt
411 1912 506 1984 (6).
532 1911 665 1965 Nam
722 1918 783 1965 ut
838 1908 985 1963 idem
1034 1907 1225 1979 refert,
1273 1918 1327 1963 et
1388 1908 1638 1964 nonnulli
1673 1908 1873 1979 captivi

250 2006 350 2079 qui
390 2004 667 2066 viderant,
700 2000 907 2056 reversi
968 2016 1116 2056 nunc
1145 2015 1369 2073 quoque
1424 2008 1714 2065 testantur,
1745 2000 1876 2055 dum

249 2096 472 2171 sagittis
502 2110 629 2150 eum
647 2093 858 2149 nudum
881 2092 1131 2164 undique
1150 2092 1374 2147 barbari
1409 2091 1697 2162 petissent,
1726 2101 1785 2146 ut
1806 2091 1875 2146 ab

249 2190 551 2244 adamante
581 2185 781 2252 relisae,
838 2184 917 2239 sic
971 2183 1040 2239 ab
1095 2185 1216 2253 ejus
1270 2198 1503 2254 corpore
1551 2182 1876 2237 resiliebant

246 2276 487 2350 sagittae,
522 2290 625 2330 nec
646 2273 868 2349 signum
899 2273 1041 2329 ictus
1080 2272 1256 2327 ullum
1309 2271 1613 2343 apparebat
1644 2271 1696 2326 in
1726 2278 1874 2337 cute,

247 2358 355 2425 sed
387 2376 444 2423 et
488 2368 641 2424 omni
669 2372 867 2422 conatu
920 2364 1107 2439 gladio
1140 2381 1453 2436 percussus,
1511 2363 1876 2419 nihilominus

248 2456 457 2512 mansit
514 2454 895 2510 intemeratus.
946 2452 1101 2509 Unde
1167 2459 1222 2508 et
1254 2453 1422 2508 Deum
1455 2453 1709 2507 dicentes
1748 2468 1874 2506 eum

245 2566 401 2617 esse,
433 2548 713 2604 duxerunt
763 2545 987 2602 reveriti
1039 2560 1250 2611 secum,
1284 2544 1462 2601 donec
1493 2545 1815 2616 redemptus
1846 2561 1875 2598 a

245 2638 496 2711 quodam
523 2636 809 2708 episc0po,
838 2642 1003 2706 atque
1020 2633 1283 2688 dimissus
1314 2633 1627 2688 revertitur.

901 2723 1111 2780 CAPUT
1141 2725 1226 2778 Xl.

753 2822 827 2874 De
871 2821 1057 2872 sancto
1094 2817 1377 2883 Rigoberto

321 2909 558 2965 Praefato
589 2910 795 2966 domno
823 2910 993 2965 Reolo
1022 2909 1221 2963 beatus
1258 2907 1589 2980 Rigobertus
1608 2909 1876 2963 successit

246 3003 305 3058 in
329 2999 687 3071 episcopatu,
741 3000 883 3068 ejus,
939 3004 1000 3053 ut
1046 2996 1303 3063 traditur,
1355 2997 1520 3051 etiam
1550 3013 1713 3051 carne
1742 3013 1873 3068 pro-

244 3094 498 3165 pinquus
538 3090 594 3144 in
626 3088 856 3164 regione
897 3086 1288 3142 Ribuariorum
1337 3087 1496 3155 (pays
1528 3086 1593 3139 de
1612 3087 1867 3149 Ribemot)

1906 1869 1956 1935 Β

1987 635 2223 706 quadam
2244 637 2578 693 consobrina
2600 654 2721 709 sua,
2741 639 2966 695 nomine
2996 638 3267 707 Gilsinda,
3292 642 3599 713 portionem

1985 729 2054 783 de
2084 729 2213 784 villa
2244 730 2542 786 Bracancio
2597 731 2951 805 [Briquenay]
3010 749 3180 803 super
3235 733 3461 791 ﬂuvium
3495 738 3605 794 Ro-

1985 827 2252 889 tumnam,
2286 839 2411 878 cum
2466 823 2779 896 mancipiis,
2840 824 3112 893 aediﬁciis,
3147 833 3203 881 et
3241 829 3505 886 omnibus
3532 831 3601 887 ad

1984 910 2159 979 ipsam
2207 912 2613 982 possessionem
2663 914 3094 984 pertinentibus.
3150 916 3283 971 Item
3316 918 3384 972 ab
3408 920 3601 975 eadem

1984 999 2230 1055 Gilsinda
2260 1008 2472 1072 partem
2494 1002 2787 1074 quamdam
2819 1004 2888 1058 de
2907 996 3037 1059 villa
3060 1003 3404 1063 Bobiliniaca
3434 1025 3602 1080 supra

1986 1088 2215 1144 ﬂuvium
2255 1090 2543 1162 Suippiam
2576 1091 2728 1162 [Boul
2764 1108 2862 1147 sur
2892 1093 3139 1164 Suippe],
3169 1110 3295 1149 cum
3317 1096 3601 1168 domibus,

1983 1178 2300 1248 mancipiis,
2351 1180 2545 1250 pratis,
2593 1180 2827 1252 campis,
2882 1188 2938 1236 et
2985 1182 3202 1237 caeteris
3247 1184 3316 1239 ad
3348 1184 3601 1241 eamdem

1985 1270 2395 1340 possessionem
2430 1271 2843 1342 pertinentibus
2891 1289 3038 1344 ;pro
3094 1275 3301 1347 quibus
3354 1279 3601 1337 rebusin

1983 1376 2117 1418 auro
2148 1362 2358 1418 solidos
2414 1371 2639 1420 centum
2688 1363 2969 1422 invenitur
3025 1365 3269 1423 dedisse.
3327 1371 3597 1436 Quasdam

1981 1466 2205 1523 quoque
2237 1468 2324 1507 res
2361 1460 2513 1507 trans
2567 1453 2804 1529 Ligerim
2861 1468 2971 1511 non
3026 1458 3247 1515 modico
3297 1462 3416 1516 auri
3471 1463 3600 1520 dato

1978 1543 2228 1613 pondere
2258 1545 2536 1615 reperitur
2556 1547 2777 1602 emisse.
2814 1547 3070 1613 Quaedam
3093 1566 3317 1624 quoque
3338 1570 3463 1609 cum
3496 1557 3602 1611 ali-

1979 1634 2186 1706 quibus
2216 1637 2469 1706 personis
2499 1637 2779 1695 invenitur
2808 1648 3199 1711 commutasse,
3229 1660 3328 1715 pro
3361 1647 3600 1716 partium

1979 1728 2192 1783 scilicet
2243 1731 2679 1802 opportunitate.
2743 1731 2785 1785 A
2844 1733 3154 1806 Dagoberto
3207 1737 3494 1807 [Dagobert
3525 1741 3594 1813 Π]

1977 1815 2220 1888 denique
2271 1834 2402 1891 rege
2441 1828 2779 1891 praeceptum
2829 1821 3195 1880 immunitatis
3223 1843 3336 1882 suae
3358 1829 3601 1884 obtinuit

1976 1905 2245 1972 ecclesiae,
2291 1923 2595 1981 suggerens
2614 1910 2798 1965 eidem
2828 1912 2968 1984 regi,
2991 1913 3229 1984 qualiter
3262 1915 3380 1987 ipsa
3409 1920 3596 1973 eccle-

1977 1994 2058 2048 sia
2078 1995 2180 2049 sub
2234 1998 2683 2067 praecedentibus
2727 1999 3058 2056 Francorum
3118 2003 3366 2076 regibus,
3397 2022 3428 2060 a
3460 2014 3601 2061 tem-

1978 2099 2112 2154 pore
2143 2084 2331 2140 domni
2366 2086 2601 2160 Remigii
2660 2097 2714 2144 et
2759 2088 3018 2145 Clodovei
3073 2091 3244 2164 regis,
3285 2109 3452 2164 quem
3476 2094 3597 2166 ipse

1977 2176 2297 2247 baptizavit,
2317 2177 2386 2232 ab
2413 2179 2563 2234 omni
2605 2179 2952 2237 functionum
2985 2182 3332 2253 publicarum
3361 2185 3497 2258 jugo
3529 2187 3602 2241 li-

1980 2267 2222 2322 berrima
2252 2283 2476 2340 semper
2528 2270 2817 2326 exstiterit.
2879 2271 2979 2337 Qui
3038 2273 3303 2343 praefatus
3348 2290 3439 2328 rex
3495 2275 3600 2330 hoc

1977 2358 2313 2415 beneﬁcium
2343 2360 2672 2417 conﬁrmare
2703 2363 2789 2418 vel
2813 2362 3078 2418 innovare
3120 2365 3446 2436 disponens,
3471 2382 3594 2422 cum

1977 2452 2211 2508 consilio
2239 2471 2527 2525 procerum
2557 2470 2781 2510 suorum
2803 2455 3014 2522 statuit,
3035 2457 3104 2510 ad
3123 2458 3593 2526 praedecessorum

1977 2542 2207 2598 formam
2243 2560 2458 2616 regum,
2510 2544 2841 2615 praecipiens
2881 2552 2941 2599 ut
2961 2560 3157 2600 omnes
3188 2545 3365 2617 ipsius
3395 2556 3596 2603 sanctae

1979 2634 2072 2689 Dei
2108 2635 2355 2691 ecclesiae
2379 2652 2488 2703 res,
2532 2644 2640 2691 tam
2672 2637 2728 2690 in
2758 2636 3076 2707 Campania,
3121 2644 3176 2692 et
3207 2637 3351 2693 infra
3379 2639 3596 2707 urbem,

1978 2722 2063 2776 vel
2116 2723 2475 2789 suburbanis,
2532 2742 2697 2797 quam
2738 2725 2793 2779 in
2825 2726 3127 2792 Austrasia,
3182 2743 3280 2781 seu
3322 2728 3598 2795 Neustria,

1976 2811 2063 2866 vel
2095 2812 2433 2887 Burgundia,
2461 2829 2558 2869 seu
2618 2814 2870 2885 partibus
2898 2813 3170 2876 Massiliae,
3208 2815 3263 2869 in
3290 2816 3600 2884 Rodonico,

1975 2906 2166 2973 etiam,
2221 2906 2560 2971 Gavalitano,
2602 2906 2921 2973 Arvernico,
2965 2907 3258 2974 Turonico,
3302 2908 3599 2976 Pictavico,

1976 2996 2351 3067 Lemovicino,
2395 3001 2481 3055 vel
2536 3000 2877 3072 ubicumque
2935 2999 3077 3053 infra
3131 3016 3302 3073 regna
3329 3001 3451 3069 ejus
3482 3000 3601 3070 ipsa

1975 3091 2264 3148 Remensis
2286 3094 2541 3161 ecclesia,
2600 3094 2687 3148 vel
2746 3092 2975 3147 basilica
3017 3091 3327 3146 beatissimi
3359 3091 3595 3167 Remigii

244 3180 429 3237 nobili
456 3177 719 3251 prosapia
771 3176 1030 3252 genitus;
1072 3171 1227 3245 Patre
1267 3172 1545 3245 siquidem
1580 3189 1645 3227 ω(
1675 3174 1869 3228 οοάθῐη
1907 3183 2134 3260 Cvillas
2165 3192 2260 3239 aut
2309 3185 2566 3239 homines
2620 3183 2829 3238 habere
2882 3181 3196 3248 videbatur,
3247 3183 3350 3237 sub
3384 3184 3600 3258 integra

243 3288 416 3348 pago,
451 3270 677 3328 nomine
709 3267 1092 3334 Constantino,
1142 3273 1317 3321 matre
1355 3281 1486 3320 vero
1518 3281 1581 3320 ex
1613 3266 1873 3320 Porcensi

244 3363 489 3421 oriunda
541 3360 859 3423 territorio;
917 3360 1001 3415 vir
1054 3358 1163 3430 piis
1194 3357 1443 3413 moribus
1476 3357 1875 3424 instructus,et

242 3456 515 3512 virtutum
541 3451 858 3529 insignibus
890 3452 1206 3507 adornatus.
1236 3448 1335 3514 Qui
1378 3448 1647 3504 nonnulla
1674 3450 1726 3503 in
1751 3449 1873 3519 epi-

240 3543 440 3614 scopio
470 3542 713 3613 collapsa
743 3540 1051 3611 reperiens,
1085 3538 1397 3610 reparavit!
1410 3538 1516 3592 Sed
1545 3538 1867 3593 canonicam

242 3632 468 3690 clericis
488 3631 820 3706 religionem
872 3629 1113 3685 restituit
1153 3645 1218 3683 ac
1248 3626 1584 3683 sufﬁcientia
1618 3626 1874 3682 victualia

241 3723 559 3789 constituit,
609 3731 665 3777 et
709 3721 920 3793 praedia
945 3721 1197 3792 quaedam
1221 3720 1331 3774 illis
1368 3719 1620 3781 contulit,
1658 3733 1874 3773 necnon

242 3816 505 3873 aerarium
538 3830 835 3871 commune
867 3813 1064 3868 usibus
1093 3827 1284 3867 eorum
1335 3810 1589 3866 instituit.
1626 3810 1703 3863 Ad
1725 3810 1873 3882 quod

243 3908 351 3961 has
371 3904 534 3960 villas
555 3902 864 3977 delegavit;
896 3901 1216 3956 Gerniacam
1248 3907 1461 3955 cortem
1497 3900 1874 3969 (Gcrnicourt),

242 3997 551 4055 Musceium
589 3993 873 4060 Roceium,
904 3992 1276 4048 Wilﬁniacum
1311 3991 1526 4057 Rivum,
1560 3991 1874 4058 Curccllas;

244 4091 545 4151 ecclesiam
594 4102 817 4160 quoque
849 4086 901 4140 S.
923 4085 1134 4153 Hilarii,
1193 4101 1318 4140 cum
1359 4083 1632 4139 suburbio
1654 4085 1721 4139 ad
1754 4100 1873 4139 eam

244 4183 592 4258 pertinente,
645 4179 860 4235 scilicet
912 4186 974 4233 ut
1023 4178 1081 4232 in
1129 4194 1311 4232 annua
1369 4176 1635 4232 transitus
1663 4177 1750 4232 sui
1781 4178 1873 4232 die

244 4274 539 4333 sufﬁciens
588 4273 671 4328 eis
714 4272 847 4327 inde
903 4271 1130 4327 refectio
1160 4276 1452 4341 pararetur
1484 4288 1498 4336 ;
1528 4286 1649 4341 quae
1675 4287 1875 4341 super-

244 4368 460 4428 essent,
492 4359 672 4432 ipsius
728 4358 1098 4415 communiter
1128 4356 1429 4412 dividenda
1459 4357 1739 4412 cederent.
1770 4360 1872 4414 Fa-

246 4454 436 4510 mulos
458 4467 701 4525 quoque,
734 4457 790 4507 et
816 4446 819 4451 ’
843 4466 1035 4506 eorum
1065 4450 1313 4505 colonias
1336 4449 1403 4503 ad
1435 4450 1748 4505 necessaria
1776 4468 1871 4507 ca-

1976 3275 2327 3330 immunitate
2358 3276 2508 3331 omni
2533 3283 2783 3346 tempore
2805 3282 3032 3345 possent
3062 3290 3309 3331 manere.
3344 3275 3432 3329 Sic
3459 3291 3598 3347 quo-

1976 3380 2082 3436 que
2108 3372 2167 3419 ut
2191 3365 2377 3420 nullus
2401 3366 2573 3433 judex
2620 3364 2876 3436 publicus
2907 3365 2963 3419 in
2995 3365 3145 3436 ipsas
3174 3372 3350 3420 terras
3367 3367 3600 3423 auderet

1977 3453 2216 3527 ingredi,
2251 3462 2311 3509 ut
2337 3455 2657 3510 mansiones
2673 3454 2934 3511 intrando
2962 3453 3191 3523 faceret,
3211 3463 3305 3511 aut
3335 3456 3600 3529 quaalibct

1969 3545 2201 3614 judicia,
2236 3545 2321 3600 vel
2352 3547 2516 3601 xenia
2548 3545 2759 3601 ibidem
2803 3547 3023 3621 exigere
3055 3548 3334 3604 ullatenus
3382 3566 3596 3620 praesu-

1976 3643 2152 3690 meret
2180 3652 2193 3700 ;
2227 3635 2328 3689 sed
2360 3635 2733 3707 quodcunque
2775 3651 2806 3690 a
2837 3637 3342 3707 praedecessoribus
3374 3637 3489 3692 suis
3511 3654 3596 3692 re-

1973 3723 2140 3799 gibus
2186 3723 2433 3779 ecclesize
2461 3724 2719 3778 Remensi
2751 3723 2836 3779 vel
2875 3725 3121 3782 basilica
3151 3726 3327 3781 sancti
3362 3726 3595 3800 Remigii

1978 3817 2158 3872 fuerat
2204 3832 2549 3885 concessum,
2604 3816 2818 3873 cunctis
2856 3818 3056 3873 diebus
3123 3819 3318 3875 eadem
3367 3819 3601 3874 ecclesia

1978 3907 2189 3962 valeret
2217 3906 2429 3963 habere
2476 3916 2882 3964 conservatum.
2945 3907 3052 3963 Sed
3103 3915 3159 3962 et
3206 3925 3238 3962 a
3268 3907 3384 3964 ﬁlio
3424 3909 3602 3981 ipsius

1978 4014 2146 4069 super
2176 3998 2409 4068 hujusce
2452 3997 2796 4054 auctoritatis
2843 3997 3318 4065 corroboratione,
3349 4005 3456 4053 eta
3493 4013 3602 4053 cae-

1976 4091 2111 4145 teris
2129 4090 2213 4145 sui
2245 4091 2512 4162 temporis
2541 4090 2790 4167 regibus,
2839 4090 3227 4158 immanitatis,
3264 4106 3330 4146 ac
3348 4092 3600 4147 teloneo-

1977 4195 2099 4235 rum
2160 4179 2505 4235 remissionis
2568 4188 2848 4251 praecepta
2916 4178 3164 4236 ecclesiae
3216 4194 3328 4235 suae
3389 4178 3601 4234 studuit

1979 4271 2256 4327 obtinere.
2278 4273 2434 4336 ltem,
2457 4269 2787 4327 Theoderici
2820 4269 2966 4345 regis
2989 4268 3310 4341 specialiter
3346 4284 3447 4339 pro
3467 4268 3599 4323 villa

1975 4362 2505 4433 Calmiciaco,quam
2555 4360 2903 4415 Grimoaldus
2950 4359 3035 4415 vir
3061 4360 3292 4414 illustris
3347 4358 3597 4413 ecclesiae

1977 4453 2236 4508 Remensi
2263 4451 2591 4507 contulerat.
2625 4451 2863 4515 Quarum
2906 4450 3087 4505 adhuc
3117 4448 3386 4522 regalium
3413 4448 3599 4503 moni-

246 4542 583 4598 nenicorum
639 4538 865 4595 servitia
918 4537 1227 4609 deputavit,
1286 4546 1342 4594 et
1386 4541 1613 4595 eosdem
1673 4539 1871 4596 Christi
1900 4550 2164 4630 Dmenta
2217 4542 2653 4623 praeceptionum
2698 4541 2754 4595 in
2785 4542 3009 4597 archivo
3060 4548 3263 4596 sanctae
3297 4540 3462 4609 hujus
3494 4538 3600 4593 Re-

247 4648 530 4707 pauperes
576 4648 758 4688 rerum
800 4647 1021 4686 suarum
1066 4631 1318 4686 hatredes
1382 4631 1500 4686 ﬁeri
1555 4633 1871 4689 destinavit.

246 4729 458 4783 Harum
503 4740 635 4781 vero
664 4740 880 4780 summa
908 4740 1094 4779 rerum
1122 4724 1178 4778 in
1208 4725 1278 4779 40
1309 4725 1393 4780 vel
1436 4725 1676 4797 amplius
1716 4743 1873 4782 man-

245 4834 346 4875 sos
419 4814 717 4890 colligitur.
787 4801 1090 4869 Nonnullas
1145 4814 1311 4869 etiam
1371 4815 1642 4887 episcOpii
1692 4817 1871 4879 villas.

249 4907 553 4978 descriptis
599 4920 792 4961 eorum
831 4903 1087 4970 coloniis,
1137 4904 1511 4976 servitiisque,
1548 4906 1653 4962 rite
1684 4907 1875 4979 dispo-

246 4999 383 5056 suit.

324 5088 434 5143 Res
449 5084 616 5141 etiam
648 5082 854 5155 quibus
883 5082 1232 5154 episc0pium
1258 5084 1410 5140 auxit
1441 5086 1705 5158 quasdam
1748 5088 1877 5145 dato

249 5175 435 5251 pretio
454 5172 815 5245 comparavit,
847 5178 909 5227 ut
954 5171 1161 5237 villam,
1190 5172 1419 5229 nomine
1449 5174 1797 5246 Cartobram,
1819 5178 1875 5232 in

247 5286 395 5344 pago
425 5265 790 5332 Tardonensi,
839 5282 870 5319 a
928 5264 1292 5334 Gomnoaldo,
1350 5282 1450 5338 pro
1509 5285 1619 5340 qua
1658 5270 1878 5328 dedisse

247 5361 490 5418 traditur
518 5357 641 5413 auri
671 5356 884 5412 solidos
905 5356 1263 5432 quingentos,
1294 5364 1349 5413 et
1376 5358 1432 5412 in
1465 5358 1612 5427 villa,
1646 5362 1733 5417 cui
1767 5379 1875 5418 no-

248 5473 379 5513 men
395 5455 602 5524 Turba,
633 5472 857 5512 mansos
887 5457 1048 5525 duos,
1092 5474 1124 5513 a
1177 5458 1414 5514 diversis
1433 5461 1708 5530 personis.
1744 5463 1877 5515 ltem

245 5549 569 5625 portionem
601 5549 670 5604 de
713 5548 844 5605 villa
888 5566 1011 5622 quae
1062 5549 1267 5605 dicitur
1320 5552 1682 5624 Campaniaca
1713 5569 1880 5625 super

248 5638 481 5695 ﬂuvium
515 5637 794 5704 Vidulam,
855 5638 923 5693 ab
983 5639 1220 5696 Hosomo
1280 5640 1423 5712 [ms.,
1458 5640 1738 5715 Hosonio],
1780 5661 1878 5715 pro

319 5799 400 5869 (6)
441 5798 598 5854 ldem
633 5796 803 5853 refert
830 5804 1023 5854 auctor
1050 5800 1109 5854 in
1140 5799 1409 5855 Chronico
1447 5802 1515 5855 ad
1547 5818 1754 5858 annum
1784 5804 1907 5860 937.

1977 4636 2188 4691 mensis
2211 4641 2610 4690 conservantur
2624 4633 2900 4690 ecclesiae.

2049 4729 2146 4784 Hic
2174 4727 2513 4783 venerabilis
2534 4728 2735 4799 praesul
2757 4727 3053 4798 Pippinum
3103 4727 3367 4797 majorem
3399 4726 3597 4781 domus

1977 4820 2143 4896 regiae
2180 4819 2417 4874 traditur
2444 4819 2843 4875 amicissimum
2875 4819 3137 4874 habuisse
3189 4819 3316 4885 ;cui
3349 4818 3600 4892 eulogias

1982 4928 2079 4983 pro
2110 4911 2504 4968 benedictione
2552 4911 2750 4968 crebro
2801 4912 3016 4968 solebat
3055 4911 3294 4966 mittere.
3321 4910 3400 4965 Ad
3431 4926 3596 4981 quem

1980 5006 2375 5073 collocuturus,
2410 5006 2540 5061 dum
2582 5007 2827 5062 venisset
2870 5004 3192 5078 aliquando,
3247 5004 3417 5075 cmpit
3448 5003 3599 5058 idem

1980 5094 2240 5166 princeps
2289 5094 2594 5166 requirere,
2629 5095 2763 5168 quid
2814 5096 2945 5150 huic
2990 5101 3181 5150 sancto
3215 5093 3355 5149 Patri
3382 5100 3600 5169 gratum

1981 5184 2253 5256 potuisset
2281 5183 2498 5240 offerre.
2562 5185 2874 5241 Morahatur
2912 5194 3094 5241 autem
3118 5193 3251 5242 tunc
3294 5186 3442 5258 apud
3465 5186 3602 5239 Ger-

1981 5278 2193 5333 niacam
2224 5284 2453 5344 cortem,
2515 5294 2679 5351 quam
2727 5278 2912 5333 villam
2960 5278 3143 5333 eidem
3194 5278 3456 5347 oblatam,
3504 5281 3601 5336 ubi

1978 5382 2188 5450 gratam
2208 5373 2399 5429 haberi
2433 5373 2598 5429 beato
2618 5370 2874 5444 pontiﬁci
2907 5372 3202 5444 comperit,
3253 5371 3413 5428 offert
3443 5373 3517 5441 ei,
3542 5381 3603 5429 ut

1981 5473 2249 5538 quantum
2280 5463 2445 5519 vellet
2476 5462 2532 5517 in
2576 5478 2710 5535 gyro
2739 5461 3042 5533 acciperet,
3070 5462 3157 5517 vel
3190 5469 3458 5534 quantum
3480 5461 3598 5518 cir-

1979 5557 2234 5625 cumiret,
2267 5557 2397 5611 dum
2427 5555 2518 5610 ille
2550 5554 2786 5610 meridie
2823 5556 3159 5627 quiesceret.
3187 5556 3386 5610 Beatus
3413 5554 3600 5624 itaque

1981 5645 2337 5721 Rigobertus,
2383 5644 2700 5718 exemplum
2750 5645 3057 5702 beatissimi
3086 5645 3321 5720 Remigii
3355 5652 3594 5709 secutus,
