3884 6402
347 382 450 436 115

1462 380 1833 438 FLODOARDI
1873 381 2181 438 CANONlCl
2222 382 2549 440 REMENSIS

3595 386 3699 440 116

348 519 450 575 per
478 501 618 558 fines
646 503 743 575 qui
775 503 1231 560 manifestissime
1250 510 1457 574 patent,
1473 519 1731 576 pergens,
1764 503 1969 574 passim
1996 509 2048 577 Α
2074 505 2375 578 siquidem,
2407 525 2531 580 quae
2553 509 2757 566 dicitur
2785 507 3110 573 Basilicaris,
3157 507 3243 562 vel
3266 506 3420 579 quod
3450 505 3702 562 basilicis

350 594 572 649 itineris
600 594 686 650 sui
736 594 969 650 limitem
1006 596 1138 667 poni
1173 595 1455 667 praecepit,
1502 602 1561 650 ut
1581 594 1734 650 litem
1765 595 1977 651 discer-

355 692 517 742 neret
544 686 709 743 arvis.
746 685 844 742 Cui
877 703 1132 759 regresso
1153 702 1388 759 surgens
1418 686 1685 759 Pippinus
1711 704 1741 742 a
1759 702 1977 754 somno,

356 778 591 854 largitus
635 786 719 834 est
771 794 991 835 omnem
1042 794 1205 850 quem
1237 778 1471 833 circuitu
1501 794 1604 835 suo
1633 779 1979 836 concluserat

354 870 562 926 locum.
616 870 696 924 Ad
756 869 1024 925 indicium
1084 885 1215 926 vero
1264 870 1631 927 memorabile
1674 887 1843 943 super
1873 873 1979 929 hoc

358 958 578 1014 itineris
611 958 696 1013 sui
731 957 1051 1013 vernantior
1080 958 1231 1013 omni
1276 964 1546 1029 tempore,
1585 975 1750 1031 quam
1788 960 1843 1014 in
1870 977 1977 1015 caa-

362 1048 495 1103 teris
526 1048 672 1103 circa
704 1046 858 1111 locis,
892 1045 1091 1101 visitur
1136 1045 1313 1101 herba
1338 1046 1539 1101 virere.
1593 1048 1684 1102 Est
1714 1055 1770 1103 et
1825 1049 1974 1104 aliud

359 1156 468 1196 non
496 1139 917 1196 contemnendae
943 1139 1021 1193 rei
1050 1139 1400 1203 miraculum,
1421 1140 1570 1212 quod
1589 1141 1781 1211 procul
1804 1141 1977 1197 dubio

357 1233 570 1288 meritis
594 1231 772 1303 ipsius
800 1238 1015 1287 constat
1056 1232 1267 1286 eisdem
1298 1232 1467 1287 rebus
1495 1249 1525 1287 a
1571 1233 1805 1290 Domino
1837 1250 1979 1305 prae-

360 1334 626 1399 rogatum.
683 1323 970 1394 Siquidem
1031 1330 1325 1395 postquam
1371 1324 1494 1392 ejus
1543 1341 1761 1381 cessere
1795 1326 1978 1381 domi-

359 1418 471 1483 nio,
528 1416 703 1471 fertur
759 1431 853 1470 eas
902 1432 1188 1487 nunquam
1242 1415 1449 1471 laesisse
1493 1422 1829 1488 tempestas,
1878 1434 1980 1472 nec

359 1505 629 1561 cecidisse
664 1520 833 1576 super
875 1505 1001 1560 illas
1030 1505 1243 1580 grando
1281 1514 1373 1571 ;et
1421 1522 1547 1561 cum
1592 1506 1649 1560 in
1678 1507 1817 1562 locis
1845 1522 1981 1562 con-

360 1597 527 1671 tiguis
555 1597 852 1653 videbatur
893 1597 1113 1665 cadere,
1155 1595 1294 1652 fines
1320 1613 1511 1653 eorum
1541 1603 1650 1653 ndn
1697 1598 1982 1669 przcsumit

360 1689 654 1761 attingere.

432 1778 686 1849 Denique
717 1795 807 1833 res
840 1778 992 1845 istas,
1023 1778 1110 1832 vel
1154 1786 1353 1835 caetera
1396 1794 1520 1850 quae
1547 1777 1700 1834 visus
1719 1786 1804 1833 est
1831 1777 1981 1833 obti-

362 1867 576 1934 nuisse,
624 1867 777 1922 nullo
827 1866 1121 1921 mundana:
1152 1866 1473 1937 cupiditatis
1516 1867 1834 1937 impetravit
1870 1866 1980 1922 ob-

363 1962 519 2010 tentu
544 1972 558 2021 ;
583 1956 683 2009 sed
716 1954 967 2010 ecclesiae
988 1971 1100 2011 sure
1126 1955 1183 2009 in
1208 1955 1422 2011 cunctis
1444 1956 1742 2010 consulens
1763 1956 1977 2010 utilita-

363 2044 534 2110 tibus,
551 2044 701 2098 illam
727 2043 1016 2099 constituit
1059 2045 1357 2099 hmredem.
1391 2044 1580 2099 Plures
1602 2043 1768 2099 etiam
1801 2060 1983 2099 rerum

364 2154 590 2193 suarum
649 2136 949 2208 participes
992 2136 1121 2192 fecit
1161 2136 1448 2203 ecclesias,
1492 2144 1554 2192 ut
1575 2136 1741 2192 variis
1769 2138 1986 2192 charta-

366 2246 489 2286 rum
515 2229 779 2285 docemur
835 2229 1235 2285 instrumentis.
1291 2230 1404 2285 Sub
1453 2229 1630 2300 ipsius
1661 2230 1985 2301 episcopatu

369 2319 525 2373 dedit
552 2318 667 2373 Ado
701 2317 925 2388 quidam
945 2318 1121 2373 abbas
1157 2318 1227 2373 ad
1253 2318 1542 2374 ecclesiam
1575 2326 1780 2374 sanctm
1806 2319 1988 2374 Mariae

371 2409 661 2466 Remensis
675 2426 763 2464 res
781 2426 910 2464 suas
931 2410 1066 2465 sitas
1095 2410 1151 2464 in
1182 2427 1324 2485 pago
1347 2411 1726 2477 Laudunensi,
1761 2411 1816 2465 in
1843 2411 1985 2477 vico,

373 2500 466 2573 qui
496 2500 702 2555 dicitur
731 2499 1005 2555 Rausidus
1035 2500 1100 2571 [ο.
1142 2502 1180 2563 ἱ,
1215 2500 1526 2571 Raosidus],
1560 2518 1686 2556 cum
1728 2501 1991 2570 adjacen-

373 2590 464 2644 tiis
487 2606 699 2654 earum,
724 2589 985 2644 domibus
1015 2588 1249 2655 scilicet,
1269 2589 1505 2656 colonis,
1533 2591 1763 2661 campis,
1789 2589 1990 2659 vineis,

372 2681 562 2751 pratis,
593 2679 768 2746 silvis,
794 2679 1046 2750 piscinis,
1068 2679 1251 2751 aquis,
1273 2696 1611 2750 aquarumve
1642 2680 1991 2747 decursibus,

372 2780 426 2826 et
451 2771 714 2826 omnibus
751 2770 1122 2841 appendiciis.
1169 2772 1304 2824 Item
1347 2771 1413 2825 ad
1445 2772 1790 2827 matriculam
1817 2774 1992 2829 sancti

376 2857 611 2931 Remigii
650 2874 740 2912 res
789 2858 1055 2929 quasdam
1103 2857 1159 2911 in
1191 2874 1333 2931 pago
1371 2859 1730 2928 Tardonensi,
1780 2860 1835 2914 in
1868 2861 1998 2916 villa

376 2950 707 3006 Corneciaco
733 2952 1080 3007 constitutas.
1138 2951 1375 3006 Diversae
1408 2968 1630 3024 quoque
1660 2969 1912 3024 personae
1940 2954 1997 3007 in

376 3041 512 3095 locis
532 3039 766 3095 diversis
814 3056 902 3095 res
940 3056 1069 3095 suas
1120 3055 1219 3110 pro
1265 3040 1575 3096 animarum
1610 3043 1858 3099 remedio
1897 3060 1995 3099 ec-

372 3128 557 3182 clesize
598 3126 855 3183 Remensi
907 3128 1012 3183 sub
1061 3129 1165 3183 hoc
1196 3128 1351 3182 Patre
1398 3127 1720 3185 beatissimo
1752 3130 1998 3185 tradide-

2078 598 2133 653 in
2158 615 2295 673 gyro
2323 600 2409 655 sui
2459 602 2748 673 dispositis
2785 598 3170 662 abundaverit.
3195 599 3283 654 vel
3323 598 3475 670 quod
3503 598 3696 653 eunti-

2078 690 2184 745 bus
2211 691 2281 745 ad
2313 690 2573 748 basilicas
2604 693 2661 748 in
2689 693 2813 749 vico
2838 691 3015 747 sancti
3056 689 3290 763 Remigii
3344 690 3483 745 sitas
3509 691 3702 760 pervia

2080 779 2268 845 fuerit,
2322 780 2414 836 hic
2440 779 2776 836 benedictus
2825 779 3044 835 Domini
3076 778 3438 835 consuevisse
3463 779 3704 834 traditur

2079 873 2429 939 commorari,
2483 873 2633 945 quod
2694 872 2904 944 apertis
2956 870 3229 927 ccenaculi
3288 871 3374 926 sui
3415 871 3704 937 fenestris,

2080 963 2201 1018 loca
2226 972 2540 1019 sanctorum
2571 964 2720 1019 beati
2752 961 3008 1035 Remigii,
3041 971 3486 1034 caaterorumque
3505 961 3705 1018 orandi

2080 1052 2257 1127 gratia
2286 1052 2677 1108 solitusluerat
2702 1052 3086 1124 contemplari.

2150 1140 2457 1196 Oratorium
2504 1156 2725 1213 quoque
2781 1157 2949 1212 super
3005 1141 3260 1195 eamdem
3316 1146 3534 1211 portam
3564 1153 3705 1194 con-

2079 1229 2427 1284 struxeratin
2457 1230 2667 1285 honore
2697 1229 2872 1284 sancti
2925 1228 3208 1284 Michaelis
3245 1226 3594 1301 archangeli,
3631 1226 3703 1281 de

2081 1334 2192 1390 quo
2222 1319 2278 1373 in
2308 1318 2633 1394 contiguam
2662 1318 2838 1373 sancti
2861 1318 3005 1372 Petri
3037 1317 3325 1373 ecclesiam
3358 1315 3706 1372 descendere

2082 1425 2291 1465 morem
2355 1409 2559 1466 fecerat
2620 1410 2886 1466 orationis
2922 1426 3129 1466 amore.
3173 1410 3329 1476 Quod
3397 1408 3705 1465 oratorium

2083 1516 2192 1556 non
2226 1515 2401 1572 pauco
2434 1506 2685 1570 tempore
2715 1499 3093 1571 perseveravit
3114 1499 3346 1564 ibidem,
3380 1498 3562 1552 donec
3595 1496 3706 1551 Lu-

2082 1589 2311 1644 dovicus
2342 1589 2644 1660 imperator
2701 1589 2849 1642 idem
2888 1587 3066 1642 sancti
3127 1586 3269 1642 Petri
3298 1585 3704 1657 monasterium

2083 1680 2298 1750 Alpaidi
2328 1680 2457 1736 filiae
2479 1698 2592 1735 suae
2644 1680 2820 1735 dedit.
2847 1678 3012 1747 Cujus
3060 1678 3310 1733 mulieris
3333 1677 3440 1744 vir,
3474 1677 3704 1733 nomine

2084 1770 2253 1844 Bego,
2276 1770 2558 1841 praefatum
2588 1769 2733 1824 dirui
2746 1767 2913 1836 jussit
2950 1768 3252 1823 oratorium
3287 1784 3302 1832 ;
3335 1766 3467 1838 quia
3487 1766 3708 1822 scilicet

2085 1858 2323 1930 quadam
2363 1857 2452 1912 die
2479 1864 2645 1927 caput
2692 1857 2747 1911 in
2795 1854 3210 1926 superliminari
3240 1855 3494 1924 ejusdem
3515 1854 3707 1910 ostioli

2083 1950 2326 2025 graviter
2363 1949 2594 2016 eliserit,
2644 1964 2710 2003 eo
2769 1948 2918 2019 quod
2965 1957 3173 2002 statura
3219 1961 3482 2017 procerus
3515 1946 3707 2011 fuerit,

2086 2050 2142 2097 et
2172 2051 2355 2097 erecto
2385 2040 2527 2096 collo
2588 2039 2973 2105 ambulaverit,
3032 2054 3135 2094 nec
3197 2039 3264 2093 ad
3306 2038 3706 2093 introeundum

2087 2134 2332 2205 seipsum
2361 2132 2733 2187 humiliaverit
2792 2149 2804 2185 :
2841 2131 3196 2202 praetendens
3228 2131 3376 2202 quod
3406 2129 3712 2185 fenestram

2089 2224 2404 2280 obnuberet
2426 2224 2675 2278 ecclesiae
2701 2238 2810 2293 prae
2829 2221 2915 2276 sui
2964 2221 3313 2277 celsitudine.
3342 2221 3501 2286 Quod
3522 2228 3713 2276 tamen

2090 2314 2391 2391 oratorium
2414 2319 2474 2366 ut
2500 2312 2671 2381 C(Bpit
2700 2310 2894 2377 everti,
2939 2326 3065 2365 mox
3105 2310 3197 2364 ille
3218 2309 3566 2380 corripitura
3587 2310 3711 2365 dte-

2088 2421 2274 2471 mone,
2305 2410 2366 2459 ut
2390 2410 2508 2458 erat
2538 2402 2595 2456 in
2628 2418 2768 2477 pago
2821 2401 3196 2466 Laudunensi,
3230 2402 3422 2472 procul
3453 2401 3524 2456 ab
3572 2402 3714 2457 urbe

2091 2497 2371 2553 Remensi.
2415 2496 2582 2553 Porro
2644 2513 2745 2567 per
2809 2496 2971 2565 hujus
3025 2502 3196 2566 portae
3236 2495 3379 2551 viam
3438 2495 3625 2566 pulvis
3662 2504 3718 2551 et

2090 2586 2238 2641 venti
2268 2586 2476 2641 mistim
2508 2585 2851 2651 ferebantur,
2884 2583 3034 2639 unde
3062 2583 3380 2639 ettenebraa
3413 2583 3541 2638 urbi
3565 2584 3721 2639 vide-

2094 2676 2295 2731 bantur
2326 2675 2521 2730 illataa:
2567 2690 2668 2730 nec
2707 2691 2808 2745 per
2840 2674 3094 2728 eamdem
3131 2672 3273 2729 viam
3309 2671 3471 2727 facile
3494 2672 3719 2727 valebat

2094 2768 2385 2840 quisquam
2411 2767 2689 2822 incedere.
2721 2766 2832 2821 Hoc
2876 2773 3061 2821 autem
3091 2764 3397 2821 oratorium
3420 2765 3593 2820 modo
3626 2781 3717 2820 re-

2097 2865 2366 2926 paratum,
2392 2864 2447 2910 et
2487 2855 2542 2909 in
2588 2862 3005 2926 praememorato
3032 2853 3181 2909 beati
3238 2854 3521 2909 Michaelis
3549 2869 3722 2909 vene-

2099 2957 2250 3005 ratur
2277 2949 2487 3005 honore
2520 2948 2849 3003 restitutum.

2168 3037 2432 3093 Praefatus
2481 3037 2667 3108 itaque
2732 3035 2962 3091 Karolus
3016 3042 3075 3089 ut
3127 3033 3504 3105 principatum
3567 3033 3720 3088 bello

2097 3127 2332 3199 adeptus
2356 3136 2462 3193 est,
2485 3127 2635 3181 hunc
2664 3126 2840 3180 virum
2894 3124 3113 3181 Domini
3147 3123 3513 3196 Rigobertum
3537 3128 3731 3193 patro-

375 3227 523 3286 runt,
564 3227 625 3275 ut
683 3220 988 3276 Beroaldus
1045 3221 1186 3292 [ms.,
1213 3220 1532 3292 Heroaldus]
1557 3229 1612 3276 et
1641 3222 1994 3279 Sairebertus
2026 3200 2075 3269 C
2097 3233 2229 3272 num
2251 3233 2435 3283 suum,
2466 3216 2584 3288 qui.
2616 3225 2676 3270 ul
2718 3214 2966 3280 traditur,
3014 3228 3141 3268 eum
3168 3212 3240 3267 de
3274 3211 3494 3267 lavacro
3526 3218 3723 3267 sancto

379 3309 433 3363 in
459 3318 647 3365 monte
677 3309 935 3375 Betelini,
985 3318 1039 3364 et
1074 3309 1390 3364 Taxovariis
1413 3310 1627 3375 domos,
1659 3327 1988 3378 arva,man-

374 3397 540 3468 cipia,
576 3398 768 3453 vineas
797 3414 861 3452 ac
902 3398 1071 3453 silvas
1112 3415 1124 3451 :
1155 3397 1510 3453 Gairefredus
1549 3408 1604 3454 et
1636 3401 1991 3455 Austreberta

374 3488 431 3542 in
464 3503 607 3561 pago
638 3486 1013 3554 Laudunensi,
1059 3486 1115 3539 in
1146 3485 1274 3541 villa
1322 3487 1596 3550 Warocio.
1620 3505 1845 3544 mansos
1865 3505 1990 3544 cum

377 3584 541 3638 terris
568 3581 973 3652 adjacentibus,
1025 3581 1205 3636 vineis
1257 3599 1322 3637 ac
1373 3584 1685 3654 mancipiis.
1723 3584 1879 3641 Abbo
1908 3602 1996 3639 res

373 3692 502 3730 suas
526 3675 661 3729 sitas
690 3675 743 3728 in
774 3688 915 3747 pago
946 3674 1229 3740 Porcensi,
1266 3674 1394 3729 villa
1455 3675 1718 3749 Augusta.
1773 3676 1992 3732 Lande-

376 3784 562 3822 marus
615 3767 671 3821 in
721 3765 1090 3834 Camarciaco,
1133 3767 1191 3820 in
1245 3782 1387 3841 pago
1448 3766 1731 3835 Remensi,
1774 3784 1994 3824 mansos

378 3873 505 3910 cum
549 3854 822 3923 aedificiis,
864 3855 1194 3926 mancipiis,
1255 3855 1500 3923 ruribus,
1553 3855 1755 3922 vineis,
1816 3857 1993 3925 silvis,

376 3944 570 4014 pratis,
612 3950 667 3998 et
701 3942 925 3998 caeteris
969 3943 1318 4012 adjacentiis.
1371 3943 1711 3999 Rodemarus
1742 3961 1836 3999 rex
1866 3962 1996 4001 suas

373 4034 507 4087 sitas
538 4033 593 4086 in
643 4033 765 4089 vico
796 4032 1145 4088 Castricensi.
1186 4034 1322 4088 Item
1357 4033 1746 4089 Austrebertus
1790 4035 1990 4089 suasin

373 4127 568 4181 eadem
588 4126 735 4182 villa.
762 4128 1001 4192 Quarum
1042 4127 1225 4181 adhuc
1259 4125 1597 4196 exemplaria
1633 4127 1990 4184 traditionum

372 4220 519 4290 apud
541 4235 642 4275 nos
671 4219 895 4274 condita
916 4225 1284 4274 reservantur.

1015 4305 1224 4361 CAPUT
1235 4305 1350 4362 XII.

586 4400 659 4452 De
683 4396 997 4466 expulsione
1034 4398 1207 4465 ipsius
1236 4397 1305 4450 ab
1344 4396 1479 4450 urbe
1506 4398 1775 4452 Remensi.

442 4488 571 4557 (An.
606 4486 924 4554 7-i7,Sigeb.
953 4486 1007 4551 7,
1039 4486 1116 4554 8.)
1150 4485 1527 4557 Ortadenique
1549 4485 1995 4541 simultateinter

2092 3321 2432 3382 susceperat,
2473 3312 2796 3382 episcopatu
2827 3307 3165 3375 deturbavit,
3198 3316 3254 3362 et
3278 3307 3504 3361 cuidam
3526 3306 3720 3362 Miloni

2093 3405 2210 3460 sola
2254 3411 2481 3460 tonsura
2531 3403 2757 3469 clerico,
2791 3402 2940 3474 quod
2996 3401 3052 3472 [i,
3112 3398 3225 3471 qui]
3257 3415 3448 3455 secum
3480 3414 3713 3470 proces-

2092 3502 2240 3550 serat
2270 3495 2339 3548 ad
2370 3494 2600 3558 bellum,
2639 3492 2794 3547 dedit
2827 3494 2931 3547 hoc
2952 3490 3319 3561 episcopium.
3367 3488 3463 3545 Hic
3491 3488 3722 3544 Karolus

2097 3604 2163 3641 ex
2193 3586 2408 3641 ancillae
2431 3593 2620 3656 stupro
2651 3592 2833 3651 natus,
2892 3591 2953 3638 ut
2983 3583 3040 3637 in
3102 3580 3399 3637 annalibus
3439 3597 3637 3655 regum
3653 3581 3720 3636 de

2096 3692 2162 3731 eo
2190 3677 2414 3750 legitur,
2443 3676 2659 3732 caeteris
2711 3676 2803 3747 qui
2838 3683 2965 3730 ante
2995 3690 3056 3729 se
3102 3673 3321 3729 fuerant
3336 3673 3609 3728 audacior
3630 3688 3717 3728 re-

2095 3769 2284 3841 gibus,
2317 3783 2428 3824 non
2459 3768 2638 3823 solum
2669 3767 2854 3832 istum,
2879 3767 2978 3821 sed
3011 3765 3178 3821 etiam
3200 3764 3339 3820 alios
3363 3764 3721 3847 episcopatus

2096 3861 2251 3934 regni
2273 3861 2605 3915 Francorum
2640 3858 2794 3913 laicis
2832 3857 3153 3913 hominibus
3196 3864 3251 3911 et
3281 3854 3586 3910 comitibus
3618 3856 3715 3909 de-

2095 3953 2177 4009 dit
2211 3971 2226 4019 ;
2256 3953 2331 4007 ita
2352 3960 2411 4007 ut
2439 3950 2720 4023 episcopis
2751 3949 2888 4004 nihil
2921 3947 3211 4020 potestatis
3241 3946 3297 4001 in
3331 3946 3500 4000 rebus
3530 3946 3715 4001 eccle-

2093 4047 2296 4101 siarum
2328 4043 2690 4115 permitteret.
2723 4043 2922 4096 Verum
2948 4040 3098 4112 quod
3130 4046 3321 4095 contra
3350 4040 3503 4093 hunc
3534 4038 3717 4093 virum

2094 4144 2342 4192 sanctum
2371 4144 2429 4190 et
2463 4135 2602 4189 alias
2643 4133 2912 4189 ecclesias
2977 4131 3177 4187 Christi
3229 4129 3574 4201 perpetravit
3596 4146 3715 4184 ma-

2093 4226 2227 4292 lum,
2250 4225 2400 4294 justo
2425 4223 2638 4292 judicio
2665 4222 2929 4277 Dominus
2959 4220 3163 4276 refudit
3193 4219 3248 4273 in
3287 4226 3455 4289 caput
3482 4219 3627 4287 ejus.
3645 4218 3717 4273 De

2093 4329 2203 4385 quo
2232 4313 2451 4368 Patrum
2482 4311 2686 4382 scripta
2714 4309 2983 4366 relatione
3012 4308 3268 4374 traditur,
3309 4306 3459 4378 quod
3491 4312 3718 4361 sanctus

2095 4404 2416 4470 Eucherius,
2473 4404 2631 4473 cujus
2688 4404 2745 4457 in
2809 4401 3146 4457 monasterio
3203 4399 3381 4455 sancti
3438 4398 3718 4454 Trudonis

2093 4499 2378 4554 humatum
2442 4504 2524 4551 est
2597 4511 2819 4566 corpus,
2882 4491 3366 4549 Aurelianensium
3429 4490 3715 4562 quondam

372 4596 557 4653 regem
581 4579 952 4650 Chilpericum
966 4585 1020 4633 et
1049 4577 1303 4632 Karolum
1323 4577 1768 4650 praefatiPippini
1791 4578 1985 4646 lilium,
2008 4568 2065 4639 D
2087 4586 2404 4658 episcopus,
2435 4586 2568 4640 dum
2600 4585 2655 4638 in
2682 4583 2933 4638 oratione
2974 4582 3205 4653 positus,
3236 4589 3424 4635 mente
3468 4578 3718 4634 cmlesti-

372 4670 750 4739 majoremque
771 4669 970 4722 domus
991 4667 1681 4740 Ragemfridum,,Karolus
1700 4669 1804 4723 iste
1815 4685 1988 4740 prope

371 4761 568 4816 urbem
600 4760 882 4815 transiens
914 4760 1228 4824 Remorum,
1260 4760 1526 4816 clamasse
1558 4760 1734 4831 fertur
1759 4761 1830 4815 ad
1851 4760 1990 4816 bea-

371 4862 485 4907 tum
507 4851 869 4927 Rigobertum
914 4867 1083 4922 supra
1121 4860 1337 4922 portam
1368 4852 1607 4907 civitatis
1636 4852 1824 4920 situm,
1855 4862 1913 4907 ut
1936 4853 1986 4908 ei

364 4944 590 5011 juberet
626 4943 877 4998 eamdem
907 4950 1118 5013 portam
1147 4943 1374 5014 aperiri,
1405 4950 1680 5014 quatenus
1709 4944 1779 4998 ad
1800 4945 1986 5001 eccle-

369 5037 506 5092 siam
558 5044 760 5091 sanctaa
812 5035 909 5090 Dei
949 5034 1243 5089 Genitricis
1298 5044 1512 5090 oratum
1566 5045 1753 5106 posset
1806 5037 1985 5092 abire.

371 5128 468 5183 Cui
498 5128 708 5182 crebris
747 5129 804 5181 in
838 5127 1079 5198 idipsum
1119 5126 1348 5183 vocibus
1376 5127 1598 5182 instanti
1631 5128 1989 5199 respondisse

371 5217 453 5270 vir
478 5215 696 5270 Domini
722 5216 1064 5286 perhibetur,
1097 5216 1246 5288 quod
1273 5232 1384 5271 non
1415 5216 1494 5270 illi
1527 5233 1647 5271 eam
1675 5219 1827 5288 prius
1851 5234 1988 5289 ape-

372 5308 526 5374 riret,
558 5306 737 5361 donec
762 5307 928 5361 sciret
951 5325 1117 5380 quem
1147 5308 1314 5362 ﬁnem
1335 5308 1404 5362 lis
1424 5316 1603 5380 erepta
1628 5310 1941 5381 perciperet
1966 5326 1984 5379 ;

373 5416 443 5454 ne
473 5398 612 5454 forte
629 5398 824 5453 urbem
838 5398 1310 5455 sibicommissam
1338 5400 1442 5471 ipsi
1471 5402 1840 5473 diripiendam
1857 5418 1986 5474 pro-

372 5491 550 5557 deret,
576 5490 672 5561 qui
703 5488 932 5543 aliarum
946 5508 1036 5546 res
1065 5492 1361 5548 nonnullas
1384 5493 1601 5549 urbium
1636 5494 1980 5565 diripuisset.

370 5581 447 5635 Ad
478 5581 596 5634 haec
624 5577 856 5633 Karolus
873 5580 1180 5636 cominatus
1210 5582 1475 5638 asseritur
1496 5583 1817 5650 furibunde,
1832 5586 1982 5656 quod

336 5671 411 5732 ,si
442 5676 814 5727 reverteretur
838 5668 1012 5725 victor
1059 5671 1116 5724 in
1168 5686 1323 5740 pace,
1381 5687 1491 5726 non
1550 5673 1693 5727 ultra
1724 5673 1870 5728 idem
1900 5674 1983 5728 vir

365 5761 458 5818 Dei
490 5769 641 5819 tutus
670 5767 923 5815 maneret
964 5762 1019 5817 in
1052 5762 1248 5817 eadem
1279 5761 1520 5819 civitate.
1549 5766 1728 5833 Supra
1767 5772 1981 5833 portam

2089 4677 2549 4741 busintenderet,
2591 4675 2658 4729 ad
2698 4675 2924 4730 alteram
2968 4673 3136 4728 vitam
3182 4679 3394 4742 raptus,
3431 4670 3580 4724 inter
3610 4686 3718 4725 cae-

2090 4776 2206 4824 tera
2232 4783 2357 4839 quae
2385 4767 2617 4823 Domino
2660 4765 2769 4820 sibi
2819 4766 3039 4820 velante
3078 4762 3389 4832 conspexit,
3424 4762 3578 4817 hunc
3609 4761 3714 4815 Ka-

2089 4862 2263 4917 rolum
2296 4860 2351 4914 in
2384 4859 2603 4915 inferno
2635 4857 2884 4913 inferiori
2914 4855 3161 4928 torqueri
3183 4855 3343 4910 vidit.
3377 4853 3475 4908 Cui
3508 4854 3581 4908 de
3612 4854 3717 4908 hoc

2087 4952 2390 5009 sciscitanti
2429 4968 2755 5022 responsum
2803 4958 2887 5005 est
2933 4949 3002 5003 ab
3058 4948 3256 5022 angelo
3296 4946 3531 5001 ductore
3586 4960 3712 5011 suo,

2089 5042 2237 5114 quod
2268 5050 2581 5096 sanctorum
2609 5039 2845 5107 judicio,
2877 5038 2970 5108 qui
3003 5037 3060 5090 in
3091 5035 3277 5090 futuro
3308 5033 3567 5089 examine
3586 5050 3710 5088 cum

2090 5130 2322 5185 Domino
2352 5128 2703 5198 judicabunt,
2736 5143 2972 5197 quorum
3022 5141 3111 5179 res
3137 5122 3389 5188 abstulit,
3411 5122 3712 5193 sempiter-

2089 5220 2176 5274 nis
2194 5220 2267 5275 sit
2324 5220 2500 5291 puenis
2540 5218 2859 5288 deputatus.
2922 5213 3023 5280 Qui
3054 5214 3251 5268 beatus
3302 5210 3616 5266 Eucherius
3645 5209 3711 5263 ad

2086 5312 2349 5368 saeculum
2377 5327 2651 5375 reversus,
2682 5318 2872 5364 sancto
2894 5305 3200 5372 Bonifacio,
3220 5303 3313 5375 qui
3348 5311 3483 5358 tunc
3499 5301 3709 5366 Galliis,

2087 5402 2155 5456 ad
2169 5401 2510 5456 restituenda
2525 5398 2949 5469 juracanonica,
2970 5396 3148 5451 fuerat
3171 5393 3240 5449 ab
3257 5392 3568 5464 apostolica
3579 5391 3710 5446 sede

2086 5494 2438 5565 praelatus,et
2468 5490 2700 5547 Fulrado
2730 5489 2918 5544 abbati
2943 5487 3266 5543 monasterii
3295 5485 3475 5540 sancti
3506 5485 3709 5554 Diony—

2084 5586 2176 5652 sii,
2234 5594 2289 5640 et
2338 5600 2554 5640 summo
2608 5582 2895 5654 capellano
2946 5580 3094 5654 regis
3142 5576 3384 5649 Pippini,
3451 5578 3570 5631 haec
3620 5576 3706 5629 in-

2086 5674 2271 5728 dicare
2298 5675 2532 5738 studuit,
2560 5673 2699 5728 dans
2755 5673 2811 5726 in
2838 5669 3168 5736 assertione,
3195 5673 3257 5722 ut
3285 5666 3357 5721 ad
3386 5666 3704 5737 sepulcrum

2085 5764 2208 5832 ejus
2237 5766 2586 5832 accedentes,
2614 5766 2662 5819 si
2692 5779 2896 5835 corpus
2926 5761 3104 5832 ipsius
3126 5759 3266 5814 inibi
3309 5773 3421 5814 non
3453 5756 3701 5829 reperie-
