3884 6398
162 371 263 427 117

809 364 1137 422 IIISTORI/E
1176 363 1509 421 ECCLESUE
1549 362 1880 419 REMENSIS
1920 365 2095 421 LIBRI
2139 365 2470 431 QUATUOR.
2502 394 2571 404 —
2612 364 2734 419 LIB.
2779 366 2842 420 Il.

3397 371 3498 425 118

163 499 288 564 rint,
321 512 442 569 qua
472 495 542 551 de
596 494 694 551 illo
747 494 1049 563 referebat,
1079 512 1208 552 vera
1237 512 1361 551 esse
1390 495 1613 551 scirent.
1641 493 1777 559 Qui-
1805 497 1954 567 Ade
2002 498 2332 553 Culmiciaco
2385 496 2454 551 ab
2506 501 2757 551 sanctum
2801 496 3019 552 Petrum
3071 497 3127 553 in
3173 499 3495 556 Gerniacam

162 589 263 642 bus
290 587 359 641 ad
381 586 585 649 locum,
614 583 712 639 ubi
735 599 938 656 corpus
963 585 1213 653 ejusdem
1254 584 1431 639 Karoli
1460 584 1602 654 (Car.
1628 585 1778 639 Mar-

160 681 285 743 telli)
324 677 602 748 sepultum
658 676 859 742 fuerat,
919 677 1297 743 venientibus,
1348 685 1404 731 et
1458 676 1774 747 sepulcrum

161 768 331 840 ipsius
354 764 761 837 aperientibus,
812 764 996 821 subito
1036 766 1186 820 visus
1211 772 1295 820 est
1322 780 1553 836 serpens
1586 781 1776 838 egres-

160 874 250 913 sus
276 862 555 921 ;ettotum
574 854 713 909 illud
735 854 1055 925 sepulcrum
1081 870 1315 910 vacuum
1340 854 1774 925 reperiturinte-

162 947 292 1013 rius,
322 945 514 1017 sicque
542 944 916 1018 denigratum,
974 960 1038 999 ac
1090 945 1136 1000 si
1183 943 1380 1000 fuisset
1407 943 1646 999 ﬂammis
1668 961 1772 998 ex-

162 1042 359 1091 ustum.
418 1035 495 1089 De
528 1033 758 1104 prafato
789 1033 1036 1105 denique
1066 1033 1271 1089 Milone
1328 1033 1616 1089 Zacharias
1631 1049 1774 1105 papa

166 1130 455 1191 Romanus,
485 1135 802 1197 pranovato
833 1135 1024 1182 sancto
1064 1126 1346 1183 Bonitacio
1380 1126 1523 1181 inter
1552 1133 1769 1192 catera,

162 1237 278 1293 qua
303 1220 370 1275 ad
403 1235 530 1274 eum
552 1219 811 1274 mandata
850 1219 1073 1287 dixerit,
1120 1219 1199 1275 ita
1227 1219 1422 1275 scribit
1449 1220 1774 1289 (Zacnxnus

161 1327 237 1380 ep.
260 1310 347 1377 12)
378 1328 394 1364 :
428 1330 453 1360 α
488 1310 563 1363 De
593 1308 797 1363 Milone
840 1316 1049 1375 autem,
1080 1315 1136 1363 et
1155 1308 1428 1377 ejusmodi
1472 1308 1768 1372 similibus,

160 1399 249 1472 qui
279 1397 531 1453 ecclesiis
556 1397 652 1452 Dei
674 1396 975 1468 plurimum
998 1405 1219 1452 nocent.
1272 1404 1333 1453 ut
1370 1413 1402 1452 a
1430 1397 1526 1451 tali
1559 1397 1771 1453 nefario

160 1508 321 1562 Opere
349 1489 632 1557 recedant,
684 1490 840 1558 juxta
885 1489 1134 1560 Apostoli
1179 1504 1394 1556 vocem,
1434 1496 1768 1560 opportune,

162 1581 527 1651 inopportuno
558 1578 802 1649 pradica
860 1580 932 1633 «ΙΙ
989 1580 1126 1645 Tim,
1179 1581 1273 1647 IV).
1306 1578 1361 1632 Si
1389 1578 1771 1650 acquieverint

158 1670 626 1728 admonitionibus
673 1671 802 1739 tuis,
872 1670 1166 1726 salvabunt
1213 1670 1427 1725 animas
1478 1687 1651 1738 suas;
1684 1673 1770 1725 sin

161 1779 302 1831 vero,
323 1764 427 1835 ipsi
449 1763 718 1834 peribunt
732 1761 980 1819 obvoluti
1001 1762 1054 1816 in
1069 1762 1311 1833 peccatis
1327 1762 1463 1828 suis;
1480 1770 1538 1817 tu
1560 1771 1769 1831 autem,

158 1857 246 1928 qui
276 1864 423 1911 recte
456 1855 747 1926 pradicas,
781 1870 894 1911 non
948 1854 1151 1925 perdes
1178 1855 1497 1909 mercedem
1537 1862 1706 1910 tuam.
1742 1876 1770 1906 η

220 1948 482 2004 Caterum
533 1956 758 2003 sanctus
796 1947 1014 2003 Domini
1050 1947 1383 2021 Rigobertus
1407 1989 1422 2012 ,
1466 1948 1772 2003 Dominicis

155 2042 584 2113 obtemperando
618 2041 930 2110 praceptis,
964 2040 1423 2111 quibusjubetur
1438 2041 1541 2095 sub
1576 2058 1772 2111 perse-

156 2131 367 2186 cutione
389 2130 460 2184 de
489 2129 713 2184 civitate
768 2128 826 2182 in
879 2127 1159 2183 civitatem
1197 2126 1413 2202 fugere,
1460 2128 1771 2184 secessitin

158 2218 492 2275 Vasconiam.
555 2217 635 2271 lbi
691 2215 1019 2283 exsulando,
1057 2216 1190 2271 dum
1237 2218 1538 2273 multorum
1580 2226 1770 2274 sancto

156 2313 359 2367 fervore
389 2309 690 2365 memorias
713 2317 1029 2365 sanctorum
1054 2309 1333 2377 lustraret,
1355 2311 1652 2381 quamdam
1686 2312 1772 2366 in-

155 2416 365 2474 gressus
395 2399 710 2465 basilicam,
770 2398 950 2453 donec
991 2397 1199 2452 insistit
1226 2398 1598 2467 orationibus,
1618 2416 1771 2455 cam-

161 2506 309 2561 pana
340 2490 637 2561 pulsantur
696 2504 762 2543 ex
795 2502 971 2554 more,
1031 2485 1353 2558 ibidemque
1406 2488 1517 2544 duo
1553 2489 1770 2559 pulsata

154 2584 303 2657 signa
338 2582 586 2637 sonitum
644 2581 856 2636 nullum
908 2580 1264 2651 reperiuntur
1311 2581 1556 2636 dedisse.
1618 2582 1770 2637 Tunc

154 2675 403 2730 sacerdos
431 2681 490 2729 et
505 2673 599 2729 alii
617 2674 1036 2731 circumstantes
1063 2673 1297 2729 sollicite
1329 2681 1767 2744 perscrutantur,

155 2769 270 2839 quis
289 2769 377 2835 sit,
412 2776 473 2823 et
512 2768 663 2823 unde
694 2769 1001 2824 advenerit.
1054 2768 1151 2822 Ille
1191 2785 1251 2822 se
1284 2767 1575 2838 profitetur
1603 2770 1769 2824 cleri-

154 2878 289 2930 cum,
316 2872 370 2918 et
400 2864 474 2917 de
506 2861 736 2918 Francia
764 2862 1095 2934 profectum.
1140 2861 1481 2929 Adjicientcs
1534 2862 1634 2929 illi,
1668 2879 1765 2918 su-

156 2971 245 3025 per
300 2971 462 3012 nova
510 2954 590 3010 rei
649 2954 1000 3010 sciscitantur
1048 2961 1349 3022 eventum;
1403 2972 1503 3011 cur
1550 2956 1765 3012 scilicet

155 3043 378 3113 impulsa
424 3059 622 3099 eorum
679 3051 945 3099 consuete
985 3058 1098 3098 non
1154 3052 1417 3098 resonent
1461 3044 1638 3117 signa.
1702 3046 1768 3099 At

157 3135 243 3189 ille
263 3136 371 3192 duo
401 3135 602 3208 pandit
626 3135 735 3190 sibi
795 3136 867 3191 de
920 3136 1158 3207 quadam
1188 3136 1423 3191 ecclesia
1451 3152 1551 3192 sua
1582 3136 1767 3192 furtim

156 3227 345 3294 ablata,
374 3228 747 3300 arbitrarique
773 3244 857 3298 se,
881 3233 971 3292 jne
1011 3227 1152 3283 forte
1182 3228 1294 3283 sint
1318 3245 1400 3284 ea.
1438 3228 1769 3294 Quibussibi

154 3320 401 3391 ostensis,
433 3329 496 3376 ut
544 3320 744 3375 asserit
803 3336 903 3375 sua
952 3320 1144 3387 fuisse,
1194 3320 1560 3391 experimenti
1593 3322 1771 3394 gratia

157 3416 366 3482 rogatur
396 3409 623 3481 pulsare
676 3408 790 3463 illa.
840 3408 919 3462 Ad
948 3409 1110 3477 cujus
1150 3409 1450 3480 impulsum
1508 3409 1594 3463 his
1642 3410 1770 3465 alti—

154 3513 278 3553 sone
337 3497 725 3565 reboantibus,
784 3512 914 3552 vera
964 3497 1172 3552 dixisse
1232 3498 1644 3568 comprobatur.
1690 3500 1770 3553 Ita

153 3588 353 3643 cunctis
377 3604 555 3659 super
608 3586 995 3656 hujuscemodi
1048 3587 1191 3643 facto
1224 3588 1605 3658 stupentibus,
1657 3605 1771 3643 sua

152 3675 251 3731 sibi
313 3678 455 3733 nola
516 3675 828 3730 redduntur
902 3692 916 3741 ;
963 3682 1020 3729 et
1063 3674 1185 3745 ipse
1240 3681 1349 3729 tam
1403 3676 1771 3733 admiratione

154 3785 308 3839 quam
337 3768 700 3824 veneratione
739 3768 944 3839 dignus
970 3766 1226 3834 habetur,
1252 3784 1376 3839 qua
1414 3770 1765 3838 postmodum
1791 3796 1801 3807 -

106 3888 107 3895 η
156 3856 207 3909 in
231 3858 515 3913 Franciam
542 3857 749 3924 relata,
782 3856 1104 3912 etecclesia
1134 3857 1415 3913 Gerniaca
1447 3859 1617 3914 cortis
1637 3868 1767 3914 sunt

155 3950 433 4006 restituta.

220 4039 407 4094 Fertur
439 4040 591 4094 hunc
650 4038 829 4093 virum
859 4037 955 4091 Dei
1008 4035 1273 4108 prafatus
1304 4038 1430 4093 Milo
1491 4039 1598 4109 (cui
1637 4040 1766 4110 epi-

155 4145 372 4201 sc0pum
433 4132 706 4185 Rcmensc
764 4130 953 4184 datum
1004 4128 1184 4184 fuerat
1228 4146 1258 4183 a
1306 4130 1517 4192 Karolo)
1550 4130 1771 4186 functus

156 4221 422 4295 legatione
448 4222 599 4293 apud
626 4222 900 4276 Vascones
944 4218 1000 4275 in
1048 4222 1149 4276 hac
1200 4221 1429 4292 regione
1470 4224 1768 4293 reperisse,

158 4314 313 4385 eique
335 4323 395 4370 ut
432 4314 491 4368 in
543 4314 829 4368 Franciam
878 4320 1250 4369 reverteretur
1293 4316 1773 4382 suasisse,suum-

157 4421 257 4475 que
280 4406 386 4460 sibi
417 4405 830 4460 redhibendum
889 4405 1210 4475 episcopum
1242 4406 1632 4478 Spapondissc.
1670 4408 1770 4473 Qui

158 4512 429 4570 regressus
492 4497 704 4568 petitur
753 4514 785 4551 a
848 4496 1072 4565 Milone,
1132 4507 1192 4555 ut
1241 4517 1329 4555 res
1382 4518 1521 4573 quas
1587 4504 1769 4559 eccle—

156 4584 245 4639 sia
275 4586 387 4655 jam
427 4587 802 4661 delegaverat,
837 4585 894 4640 in
910 4586 1004 4655 jus
1026 4588 1313 4659 proprium
1354 4590 1459 4645 sibi
1489 4592 1765 4660 traderet;

157 4676 298 4746 quod
314 4692 380 4731 eo
397 4676 717 4732 nullatenus
747 4677 1109 4742 assentiente,
1128 4685 1183 4734 et
1212 4678 1435 4746 Milone,
1468 4697 1526 4735 se
1555 4682 1624 4736 de
1649 4684 1772 4753 pol—

160 4767 457 4824 licitatione
511 4775 796 4834 mutante,
855 4768 1030 4824 altare
1086 4776 1300 4825 tantum
1359 4772 1443 4825 vir
1499 4772 1594 4828 Dei
1660 4774 1769 4829 sibi

158 4871 303 4933 regat
338 4861 578 4917 concedi
622 4869 813 4917 sancta
841 4860 938 4915 Dei
982 4860 1271 4933 genitricis
1308 4862 1490 4919 Maria
1530 4874 1590 4920 ut
1622 4866 1774 4921 scili-

161 4962 240 5005 cet
270 4952 322 5006 in
361 4968 428 5007 eo
461 4952 658 5008 missas
684 4953 791 5007 sibi
835 4952 1002 5009 liceat
1048 4953 1354 5009 celebrare.
1395 4956 1510 5021 Quo
1550 4956 1771 5013 demum

158 5043 398 5111 obtento,
454 5045 727 5101 habitavit
780 5045 836 5099 in
885 5044 1145 5101 Cerniaca
1198 5054 1350 5102 cortc
1384 5056 1632 5119 tempore
1661 5066 1774 5107 non

159 5149 345 5201 pauco,
374 5136 546 5191 vitam
594 5135 651 5189 in
692 5134 1027 5201 humilitate,
1063 5137 1356 5206 parcitate,
1393 5138 1620 5209 vigiliis,
1649 5156 1776 5197 ora-

161 5222 415 5291 tionibus,
456 5232 514 5280 ct
576 5225 968 5298 eleemosynis,
1017 5234 1458 5299 caterorumque
1498 5229 1772 5286 bonorum

161 5331 379 5384 operum
402 5319 848 5376 exhibitionibus
891 5337 1087 5396 agens.
1148 5322 1422 5394 Morisque
1450 5323 1554 5378 fuit
1587 5324 1661 5388 ei,
1688 5327 1773 5381 ci-

161 5406 371 5463 vitatem
431 5410 727 5465 Remorum
775 5409 1098 5483 frequenter
1138 5411 1398 5479 invisere,
1457 5419 1513 5467 et
1567 5413 1621 5467 in
1679 5432 1773 5470 ara

161 5496 327 5555 beata
359 5500 542 5555 Maria
597 5501 814 5568 missas,
853 5509 915 5556 ut
946 5510 1253 5573 optaverat,
1295 5503 1597 5559 celebrare.
1639 5506 1772 5561 Tum

162 5606 254 5658 per
281 5594 573 5649 ecclesiam
588 5594 765 5649 sancti
812 5594 1051 5651 Mauritii
1092 5597 1161 5651 ad
1177 5605 1427 5652 sanctum
1460 5597 1772 5672 Remigium

162 5682 343 5736 orandi
373 5684 555 5757 gratia
605 5700 858 5756 pergere.
895 5686 1028 5742 Inde
1078 5686 1253 5742 sancti
1288 5685 1616 5741 Theoderici
1652 5701 1774 5742 mo-

166 5771 455 5827 nasterium
483 5772 733 5840 visitare,
763 5789 831 5828 ac
885 5791 986 5844 per
1048 5774 1341 5829 ecclesiam
1386 5772 1563 5828 sancti
1595 5772 1772 5843 Cyrici

1792 4548 1849 4615 D

1880 595 2091 648 cortem
2119 588 2324 645 redire.

2480 677 2690 733 CAPUT
2744 678 2887 733 XIII.

2140 775 2216 826 De
2241 768 2525 827 miraculis
2555 769 2614 821 in
2637 770 2749 821 vita
2776 769 2950 836 ipsius
2979 772 3229 824 ostensis.

1947 862 2189 936 Contigit
2234 861 2420 932 itaque
2451 859 2754 931 quondam,
2796 859 2927 914 dum
2961 859 3032 914 ab
3063 871 3314 917 sanctum
3345 863 3500 934 Cyri-

1874 971 1997 1010 cum
2047 964 2259 1011 oratum
2327 953 2572 1008 venisset
2634 952 2691 1006 in
2767 950 3182 1020 Culmiciacum,
3252 955 3497 1012 locutum

1875 1038 2002 1102 eum
2032 1063 2158 1102 cum
2185 1060 2477 1102 oeconomo
2530 1044 2820 1099 Remensis
2850 1045 3100 1100 ecclesia
3131 1047 3227 1118 qui
3256 1040 3449 1103 aderat
3482 1067 3495 1102 :

1876 1147 2211 1214 rogatusque
2256 1140 2325 1193 ad
2376 1138 2695 1209 prandium,
2730 1138 3027 1205 recusavit,
3078 1146 3273 1210 utpote
3304 1141 3499 1196 missas

1875 1243 2098 1289 acturus
2126 1233 2195 1287 ad
2212 1240 2465 1288 sanctum
2497 1232 2740 1287 Petrum.
2766 1232 2982 1286 Interea
3012 1232 3212 1288 mulier
3237 1235 3496 1305 quadam

1872 1338 2128 1377 anserem
2159 1321 2343 1376 attulit
2370 1320 2741 1385 vicedomino,
2775 1337 2941 1392 quem
2975 1322 3069 1377 ille
3098 1321 3340 1378 offerens
3370 1324 3495 1395 epi-

1873 1424 2065 1479 scopo,
2123 1409 2263 1480 petit
2301 1418 2361 1464 ut
2394 1409 2590 1477 jubeat
2655 1408 2852 1479 recipi,
2921 1425 3223 1482 secumque
3264 1411 3490 1466 deferri.

1873 1500 2045 1565 Quem
2076 1516 2217 1571 puer
2242 1500 2346 1555 viri
2378 1500 2473 1555 Dei
2501 1500 2814 1570 suscipiens
2857 1499 3090 1569 ferebat,
3151 1518 3276 1557 cum
3305 1502 3493 1559 subito

1874 1589 1942 1644 de
1966 1589 2223 1644 manibus
2251 1590 2373 1659 ejus
2423 1590 2667 1644 evadens
2731 1589 2989 1658 avolavit,
3022 1608 3295 1664 spemque
3327 1609 3490 1648 resu-

1874 1677 2062 1731 mendi
2120 1693 2292 1748 puero
2341 1678 2587 1733 abstulit.
2651 1679 2715 1733 At
2761 1680 2921 1735 Pater
2975 1687 3199 1737 sanctus
3256 1698 3491 1752 puerum

1873 1768 2232 1822 vehementer
2277 1767 2556 1822 anxiatum
2602 1768 2977 1839 conspiciens,
3012 1769 3236 1837 blande,
3278 1787 3383 1826 ceu
3409 1771 3495 1826 vir

1875 1856 2228 1924 mitissimus,
2304 1858 2641 1924 consolatur,
2709 1857 2918 1913 docens
2976 1859 3046 1912 de
3106 1860 3495 1931 temporalium

1874 1948 2174 2004 amissione
2232 1964 2418 2004 rerum
2478 1965 2828 2021 nequaquam
2888 1950 3134 2005 flendum
3209 1953 3296 2006 vel
3359 1968 3496 2008 con-

1873 2038 2244 2106 tristandum;
2296 2038 2548 2110 quinimo
2613 2054 2837 2109 semper
2892 2038 2948 2093 in
2981 2040 3237 2106 Domino,
3278 2044 3375 2111 qui
3398 2043 3497 2097 dat

1873 2132 2123 2187 omnibus
2175 2132 2459 2201 affluenter
2486 2134 2619 2201 (Jac.
2654 2133 2712 2202 ι),
2743 2131 3103 2202 sperandum.
3130 2132 3190 2186 Et
3213 2147 3341 2186 ecce
3375 2140 3499 2203 post

1873 2220 2100 2290 aliquod
2162 2220 2426 2291 spatium,
2485 2220 2604 2276 avis
2658 2222 2805 2277 ultro
2863 2222 3139 2289 revolans,
3188 2224 3258 2278 ad
3291 2230 3490 2279 terram

1872 2323 2056 2364 coram
2114 2319 2307 2364 sancto
2382 2311 2618 2380 prasule
2677 2311 2986 2377 descendit,
3045 2328 3285 2383 eumque
3333 2314 3491 2385 quasi

1871 2398 2100 2468 pradux
2131 2398 2389 2469 praiens,
2423 2415 2697 2470 nusquam
2751 2416 2783 2454 a
2824 2399 3042 2454 tramite
3071 2400 3278 2466 deviat,
3311 2402 3493 2457 donec

1869 2487 1940 2541 ad
1970 2487 2289 2543 Gerniacam
2348 2494 2558 2542 cortem
2611 2504 2723 2559 quo
2777 2489 2953 2555 ibant,
3013 2490 3285 2559 pervenit.
3320 2492 3492 2554 Quam

1870 2579 1955 2635 vir
2003 2579 2219 2634 Domini
2278 2595 2391 2634 non
2450 2597 2644 2650 passus
2691 2582 2892 2649 occidi,
2940 2584 3200 2654 praviam
3256 2584 3497 2639 habebat

1871 2672 2109 2727 itineris.
2136 2672 2328 2726 Fertur
2355 2671 2504 2726 enim
2550 2681 2678 2727 ante
2727 2690 2787 2728 se
2817 2673 3086 2729 cursitare
3123 2675 3309 2741 solita,
3358 2676 3491 2730 dum

1867 2765 2148 2820 civitatem
2196 2764 2407 2834 adibat,
2457 2773 2551 2820 aut
2578 2764 2815 2820 redibat.
2843 2767 3013 2836 Hujus
3064 2768 3212 2823 beati
3247 2770 3496 2839 prasulis
3532 2818 3539 2825 .

1868 2862 2162 2929 Adrianus,
2222 2862 2374 2917 sedis
2432 2862 2753 2932 apostolica
2812 2862 3086 2933 pontifex,
3143 2865 3398 2919 meminit
3438 2865 3494 2919 in

1869 2957 2106 3029 epistola
2126 2971 2227 3010 sua
2254 2955 2495 3025 Tilpino,
2522 2963 2648 3025 post
2683 2954 2950 3026 episcOpo
2984 2956 3241 3011 Remensi
3264 2957 3493 3020 directa.

1868 3048 1926 3102 in
1949 3063 2061 3119 qua
2098 3052 2155 3101 et
2203 3045 2609 3116 querimoniam
2657 3044 2786 3100 facit
2819 3061 2989 3116 super
3017 3060 3106 3111 eo,
3154 3045 3406 3102 scribens
3437 3047 3492 3102 in

1870 3143 2021 3197 hunc
2042 3140 2310 3195 modum:
2346 3162 2372 3187 ιι
2402 3139 2517 3193 Tua
2566 3136 2881 3192 fraternitas
2928 3136 3093 3192 nobis
3122 3137 3328 3203 retulit,
3362 3138 3495 3210 quia

1872 3231 2113 3287 faciente
2168 3228 2447 3285 discordia
2503 3227 2651 3282 inter
2710 3227 2966 3293 Francos,
3037 3226 3493 3299 archiepiscopus

1873 3322 2181 3387 Remensis,
2204 3318 2432 3374 nomine
2482 3316 2834 3391 Rigobertus,
2872 3332 2903 3369 a
2924 3315 3056 3371 sede
3101 3325 3292 3371 contra
3321 3333 3492 3372 cano-

1873 3427 1971 3465 nes
1993 3410 2245 3478 dejcctus
2275 3413 2330 3462 ct
2372 3405 2636 3477 expulsus
2682 3404 2806 3472 fuit,
2847 3404 2969 3459 sine
3001 3405 3113 3461 ullo
3150 3405 3406 3472 crimine,
3436 3415 3492 3460 et

1870 3504 2116 3558 sineullo
2139 3502 2528 3573 episcoporum
2546 3497 2783 3567 judicio,
2810 3506 2865 3552 et
2884 3498 3008 3553 sine
3030 3498 3145 3554 ullo
3168 3499 3490 3569 apostolica

1870 3592 2021 3648 sedis
2082 3606 2379 3654 consensu,
2448 3587 2535 3643 vel
2597 3586 3093 3658 interrogatione;
3143 3588 3242 3642 sed
3277 3589 3491 3643 solum-

1872 3684 2039 3739 modo
2070 3682 2219 3754 quod
2245 3688 2407 3735 antea
2423 3695 2533 3734 non
2549 3678 2834 3733 consensit
2852 3679 2907 3732 in
2931 3686 3087 3749 parte
3109 3679 3231 3749 [or.,
3255 3680 3487 3750 partem]

1867 3773 2036 3836 illius,
2069 3771 2165 3841 qui
2212 3777 2404 3841 postea
2445 3775 2657 3839 partem
2707 3767 2859 3821 illam
2890 3767 2959 3822 de
2996 3767 3092 3822 illo
3115 3783 3286 3839 regno
3316 3768 3370 3822 in
3393 3784 3492 3822 sua

1869 3867 2146 3933 potestate
2176 3859 2408 3929 accepit,
2439 3858 2496 3912 in
2527 3873 2637 3929 qua
2669 3866 2823 3926 parte
2856 3856 3142 3911 Remensis
3180 3857 3377 3912 civitas
3410 3865 3494 3912 est

1869 3954 2046 4024 (idest
2076 3954 2134 4005 in
2170 3966 2334 4018 regno
2374 3948 2677 4016 4ustrasiuz)
2725 3955 2780 4001 et
2809 3946 3069 4011 donatus,
3117 3952 3284 4016 atque
3317 3947 3492 4018 magis

1869 4052 2164 4115 usurpatus
2217 4050 2409 4097 contra
2462 4041 2633 4095 Deum
2682 4046 2738 4093 et
2794 4038 2917 4105 ejus
2971 4037 3355 4093 auctoritatem
3388 4037 3491 4092 fuit

1872 4138 1965 4192 ille
1992 4136 2367 4207 episcopatus,
2391 4133 2555 4188 simul
2604 4148 2726 4187 cum
2756 4132 2864 4187 alio
2905 4131 3254 4202 episcopatu,
3280 4140 3335 4185 et
3365 4131 3488 4185 aliis

1872 4224 2144 4288 ecclesiis,
2173 4241 2205 4278 a
2233 4222 2593 4278 sacularibus
2626 4217 2997 4293 potestatibus
3026 4221 3211 4276 Miloni
3240 4220 3484 4283 cuidam,

1872 4317 1990 4372 sola
2021 4326 2249 4371 tonsura
2277 4315 2481 4370 clerico
2509 4313 2650 4367 nihil
2688 4311 2927 4383 sapienti
2960 4311 3031 4366 de
3070 4311 3268 4366 ordine
3300 4311 3487 4365 eccle-

1871 4406 2115 4471 siastico,
2157 4405 2325 4460 etalii
2349 4405 2702 4475 episcOpatus
2727 4404 2797 4457 de
2823 4402 2942 4482 ipsa
2974 4401 3230 4456 Remensi
3263 4401 3492 4456 dioecesi

1872 4495 2095 4550 diverso
2117 4494 2282 4550 modo
2305 4502 2492 4548 essent
2520 4492 2706 4558 divisi,
2737 4500 2793 4547 et
2812 4491 2985 4562 aliqui
3020 4506 3083 4545 ex
3111 4506 3309 4562 magna
3341 4498 3492 4560 parte

1872 4590 1993 4643 sine
2023 4586 2303 4659 episcOpis
2332 4586 2722 4654 consistentes,
2754 4592 2811 4638 et
2833 4583 2901 4638 ad
2942 4582 3082 4638 alios
3109 4580 3494 4652 metr0polita-

1872 4696 1974 4736 nos
2001 4678 2251 4751 episc0pi
2281 4687 2337 4734 et
2375 4678 2562 4734 clerici
2604 4678 2986 4733 ordinationes
3015 4677 3317 4748 aliquando
3347 4675 3497 4731 acci-

1873 4769 2288 4841 pienteserant,
2340 4774 2397 4822 et
2446 4766 2661 4839 refugia
2726 4766 2981 4821 indebita
3032 4766 3336 4829 habebant,
3391 4771 3497 4818 eta

1872 4865 1991 4919 suis
2016 4863 2296 4935 cpisc0pis
2328 4862 2559 4919 indicari
2591 4868 2645 4917 et
2674 4858 2930 4933 distringi
2975 4874 3088 4913 non
3115 4857 3492 4919 sustinebant,

1875 4961 1930 5009 et
1950 4954 2161 5019 clerici,
2206 4964 2261 5009 et
2315 4954 2652 5018 sacerdotes,
2690 4958 2745 5005 et
2795 4948 3073 5014 monachi,
3109 4958 3165 5001 et
3192 4947 3497 5001 sanctimo-

1875 5047 2053 5102 niales
2083 5048 2205 5102 sine
2225 5046 2349 5119 lege
2377 5044 2750 5101 ecclesiastica
2796 5058 2897 5112 pro
2926 5040 3207 5097 voluntate
3241 5048 3297 5094 et
3319 5039 3500 5093 licen-

1879 5139 1952 5195 tia
1982 5139 2264 5207 vivebant,
2301 5160 2321 5189 ι
2360 5146 2466 5193 etc.

2511 5227 2721 5283 CAPUT
2752 5225 2883 5280 XIV.

2256 5322 2327 5374 De
2356 5320 2505 5374 obitu
2533 5323 2582 5371 et
2611 5316 2893 5386 sepultura
2912 5317 3109 5384 ipsius.

1946 5411 2043 5465 llic
2096 5408 2337 5481 denique
2395 5408 2591 5463 beatus
2638 5405 2839 5477 prasul
2900 5405 3235 5479 Rigobertus
3283 5404 3501 5459 actibus

1874 5499 2139 5573 egregiis,
2170 5497 2497 5572 magnisque
2530 5495 2833 5552 virtutibus
2864 5494 3101 5565 pollens,
3157 5509 3333 5549 annos
3374 5492 3503 5563 plu-

1875 5606 1965 5645 res
2020 5589 2077 5642 in
2127 5590 2229 5643 hac
2275 5586 2459 5662 exegit
2509 5586 2955 5653 conversatione,
3006 5592 3499 5654 consummataque

1865 5682 2111 5738 viriliter
2137 5682 2431 5754 praesentis
2455 5681 2582 5736 vita
2612 5679 2832 5747 militia,
2850 5681 3093 5738 decessit
3122 5678 3303 5750 pridie
3326 5690 3497 5730 nonas

1876 5771 2147 5826 Januarii.
2202 5770 2469 5826 Humatus
2495 5776 2580 5826 est
2604 5778 2790 5826 autem
2840 5768 3235 5825 venerabiliter
3254 5782 3286 5820 a
3312 5774 3494 5816 sacer-
