3884 6478
336 489 439 545 119

1449 485 1815 541 FLODOARDI
1860 484 2166 541 CANONICI
2215 487 2557 541 REMENSIS.

3568 481 3676 534 120

332 611 560 666 dotibus
591 611 645 665 in
677 611 900 682 praefata
945 611 1098 678 villa,
1146 611 1201 664 in
1247 626 1357 682 qua
1385 608 1586 664 morari
1617 609 1854 675 solebat,
1895 608 1952 662 in
1979 612 2028 678 Α
2056 609 2203 664 beati
2237 611 2415 666 fuerat
2446 612 2672 667 nomine
2721 605 3030 683 Rigoberti,
3074 602 3273 658 mulier
3299 601 3356 656 id
3407 609 3676 672 reputans

334 701 572 756 ecclesia
601 700 773 756 sancti
809 701 974 766 Petri,
1026 701 1093 754 ad
1156 701 1449 754 australem
1495 701 1712 771 plagam
1741 697 1951 752 altaris.

338 793 438 857 Qui
474 793 661 847 multis
707 793 798 846 hic
855 800 976 862 post
1041 798 1285 846 sanctam
1341 791 1750 861 depositionem
1803 806 1958 844 suam

340 885 623 958 refulgens
649 884 949 943 miraculis.
983 883 1174 954 quanti
1226 884 1298 936 sit
1349 883 1496 953 apud
1530 884 1697 939 Deum
1751 885 1957 950 meriti,

343 975 856 1046 patenterinnotuit
890 994 903 1038 ;
937 990 1060 1045 qum
1094 982 1273 1028 tamen
1302 974 1442 1028 mira
1467 973 1540 1028 ob
1562 974 1959 1042 incuriam,vel

340 1067 675 1136 scriptorum
708 1063 1008 1126 raritatem,
1049 1077 1159 1116 non
1182 1061 1337 1116 fuere
1370 1061 1666 1131 descripta.

411 1157 539 1210 Tres
569 1155 844 1225 siquidem
872 1152 1052 1208 claudi
1081 1154 1149 1206 ab
1184 1153 1381 1208 incolis
1409 1153 1661 1222 ejusdem
1699 1153 1803 1208 loci
1831 1169 1954 1208 me-

344 1252 628 1298 morantur
660 1242 795 1296 inibi
813 1241 984 1295 fuisse
1007 1242 1182 1296 curati
1240 1241 1407 1307 Cujus
1434 1241 1730 1296 redhibitze
1751 1241 1958 1295 sanita-

345 1333 414 1387 tis
430 1331 833 1386 indiciabacilli
847 1330 1108 1385 videlicet
1122 1330 1458 1394 acscabella,
1486 1330 1542 1383 in
1560 1330 1752 1384 eadem
1767 1330 1952 1384 eccle-

342 1425 424 1478 sia
451 1423 545 1476 diu
576 1429 705 1476 sunt
723 1430 1019 1489 reservata,
1052 1423 1232 1478 donec
1259 1423 1462 1477 exinde
1488 1423 1652 1476 beata
1683 1421 1806 1490 ejus
1832 1429 1961 1476 sunt

345 1512 576 1585 pignora
635 1511 914 1566 translata.
984 1511 1242 1575 Quaedam
1312 1528 1536 1584 quoque
1593 1510 1794 1564 mulier
1853 1526 1962 1564 cte-

342 1622 426 1671 ca,
489 1605 715 1660 nomine
764 1604 1006 1658 Ansildis
1053 1604 1109 1674 [i,
1167 1604 1458 1674 Ausisdis],
1519 1604 1696 1673 ipsius
1724 1604 1828 1658 loci
1863 1603 1963 1658 ha-

345 1697 591 1766 bitatrix,
640 1697 717 1750 ibi
766 1696 1060 1767 pristinum
1131 1696 1343 1751 meritis
1397 1697 1563 1765 hujus
1611 1695 1966 1766 patrocinan-

346 1787 704 1840 tibuslumcn
756 1783 969 1853 recepit
1008 1785 1318 1838 oculorum.
1354 1784 1497 1838 Puer
1524 1783 1772 1854 quidem,
1802 1785 1967 1838 scho-

348 1873 558 1927 laribus
579 1872 727 1943 apud
749 1872 856 1927 loci
875 1873 1262 1943 presbyterum
1275 1871 1478 1926 studiis
1498 1871 1740 1936 deditus,
1763 1872 1966 1927 lascive

2061 701 2172 756 Deo
2203 700 2486 770 placitum,
2518 700 2700 755 eidem
2721 705 2912 753 sancto
2952 693 3070 749 fieri
3096 699 3286 747 votum
3313 706 3475 745 suum
3509 689 3677 746 insti-

2062 791 2185 846 tuit.
2231 791 2504 846 Continuo
2559 789 2722 843 aliam
2772 788 3085 842 instaurans
3142 781 3451 845 candelam,
3511 779 3679 848 hujus

2061 881 2188 936 almi
2208 881 2310 936 viri
2329 875 2951 935 duntaxatvenerationi
2966 874 3225 937 dicatam,
3243 869 3589 941 veniensque
3609 869 3678 923 ad

2061 973 2244 1027 locum
2275 970 2646 1044 designatum,
2663 966 3051 1022 munusculum
3075 962 3300 1025 obtulit;
3316 969 3373 1015 et
3389 968 3680 1032 antequae-

2060 1063 2350 1118 sitasancti
2370 1062 2464 1116 Dei
2481 1061 2714 1135 pignora
2734 1057 3177 1130 postorationem
3191 1052 3474 1117 dormivit,
3494 1051 3678 1124 evigi-

2060 1154 2291 1225 lansque
2303 1153 2672 1208 desideratam
2695 1168 2754 1206 se
2767 1151 3089 1221 sospitatem
3106 1144 3385 1216 recepisse
3399 1143 3682 1215 probavit.

2130 1246 2256 1301 Post
2303 1261 2480 1301 annos
2511 1259 2706 1300 novem
2737 1243 2904 1313 hujus
2951 1240 3099 1296 beati
3144 1237 3398 1310 praesulis
3415 1251 3543 1292 ossa
3570 1236 3684 1290 Re-

2061 1353 2276 1393 morum
2310 1337 2662 1410 perferuntur
2719 1337 2773 1390 in
2806 1335 3025 1400 urbem,
3076 1341 3131 1389 et
3162 1332 3219 1386 in
3253 1331 3481 1386 basilica
3502 1328 3683 1385 sancti

2064 1433 2306 1506 Dionysii
2343 1435 2555 1488 honore
2609 1433 2786 1488 dicata
2832 1432 3106 1497 locantur,
3147 1429 3242 1484 ubi
3287 1429 3685 1485 canonicorum

2063 1524 2356 1596 sepultura
2412 1521 2767 1577 Remensium
2825 1532 2957 1576 tunc
3011 1519 3341 1575 habebatur.
3399 1518 3526 1572 Erat
3551 1523 3690 1571 tunc

2065 1614 2315 1685 quaadam
2348 1612 2551 1666 mulier
2570 1627 2734 1676 caeca,
2766 1611 2823 1664 in
2842 1610 2972 1665 villa
3002 1625 3164 1682 quam
3200 1613 3398 1663 vocant
3426 1607 3691 1660 Alaman-

2067 1719 2262 1758 norum
2294 1709 2499 1757 cortem
2543 1700 2968 1771 [Aumencourt],
3003 1716 3124 1771 quae
3154 1697 3436 1753 dormiens
3474 1694 3695 1750 audivit

2069 1796 2124 1848 in
2157 1791 2368 1848 somnis
2395 1806 2583 1846 vocem
2617 1791 2892 1844 dicentem
2925 1790 3066 1843 sibi:
3101 1788 3242 1854 Quid
3273 1787 3361 1842 hic
3389 1785 3524 1840 facis
3551 1784 3562 1838 l
3587 1799 3696 1837 cur

2069 1885 2222 1953 jaces
2247 1882 2275 1935 ?
2305 1880 2551 1936 Crastina
2591 1880 2682 1934 die
2729 1878 2976 1950 pontifex
3008 1878 3334 1932 Hincmarus
3355 1884 3410 1930 et
3429 1871 3694 1930 canonici

349 1966 630 2036 quondam
679 1964 922 2019 Ιυάθῐιάο
976 1979 1143 2034 supra
1201 1963 1474 2018 ίωηυίυῐη
1527 1964 1649 2031 eius
1707 1932 2374 2032 subSilireBdﬂemenses
2427 1981 2674 2029 sanctum
2707 1932 3039 2027 transferent
3097 1970 3478 2044 Rigobertum.
3541 1967 3700 2020 Vade

348 2057 540 2127 cmpit,
574 2073 683 2111 non
711 2056 850 2110 dans
880 2057 1146 2111 honorem
1168 2055 1297 2118 Deo,
1329 2069 1519 2125 neque
1549 2061 1741 2110 sancto
1793 2054 1972 2125 ipsius

351 2150 562 2204 ibidem
603 2150 841 2219 sepulto.
866 2148 974 2202 Sed
1006 2149 1287 2218 utsepulti
1320 2147 1579 2202 meritum
1612 2146 1970 2217 panderetur,

353 2249 409 2295 et
471 2240 787 2309 hujusmodi
855 2241 1213 2311 praesumptio
1271 2239 1650 2303 cohiberetur,
1710 2238 1975 2293 continuo

356 2348 456 2403 pes
473 2331 622 2386 illius
650 2331 918 2397 indoluit;
941 2347 1180 2402 moxque
1209 2330 1443 2386 claudus
1463 2329 1713 2396 eﬂ‘ectus,
1733 2329 1978 2386 ofﬁcium

356 2422 518 2492 pedis
542 2421 708 2475 unius
737 2421 942 2475 amisit.
997 2421 1114 2484 Quo
1153 2427 1459 2490 comperto,
1498 2419 1788 2491 presbyter
1853 2435 1979 2473 can-

357 2511 528 2566 cellos
581 2510 722 2564 inibi
765 2510 911 2564 circa
967 2510 1234 2575 tumbam,
1283 2527 1355 2564 ne
1386 2510 1513 2580 quis
1546 2509 1771 2582 ignarus
1796 2507 1980 2562 simile

360 2603 495 2674 quid
528 2609 831 2674 pateretur,
882 2601 1000 2656 fieri
1035 2601 1374 2672 procuravit.
1440 2603 1499 2654 ln
1528 2601 1722 2655 eadem
1754 2599 1985 2653 basilica

359 2709 524 2748 voces
556 2698 719 2746 tanta;
745 2689 1062 2744 dulcedinis
1109 2697 1234 2759 post
1261 2690 1382 2757 ejus
1411 2689 1755 2758 sepulturam
1779 2688 1987 2758 saepius

359 2784 563 2839 auditae
596 2789 910 2846 narrantur,
945 2788 1006 2834 ut
1046 2781 1269 2834 nonnisi
1311 2780 1579 2854 angelica:
1608 2779 1987 2850 comproben-

361 2882 467 2928 tur.
503 2873 614 2926 Lux
663 2885 888 2941 quoque
932 2877 1094 2923 tanta),
1139 2868 1407 2923 claritatis
1446 2868 1648 2922 mediis
1703 2867 1842 2920 inibi
1885 2883 1984 2923 no-

362 2963 546 3017 ctibus
571 2960 820 3026 emicuit,
855 2966 914 3014 ut
961 2959 1096 3014 solis
1144 2959 1414 3032 fulgorem
1451 2959 1651 3014 vicisse
1682 2957 1985 3025 videretur,

364 3072 487 3126 qua:
510 3069 714 3127 magno
746 3052 912 3106 etiam
935 3053 1217 3123 quondam
1263 3052 1484 3119 jubare,
1518 3049 1826 3105 sacerdotis
1853 3066 1989 3105 con-

365 3146 572 3216 tiguam
604 3142 916 3213 penetravit
951 3141 1260 3196 azdiculam.
1298 3143 1412 3207 Quo
1445 3143 1562 3198 viso
1609 3153 1792 3199 tantus
1825 3143 1990 3198 timor

367 3231 573 3292 invasit
604 3235 1012 3305 presbyterum,
1074 3243 1132 3288 ut
1172 3234 1376 3288 abinde
1413 3237 1682 3304 majorum
1711 3238 1842 3292 huic
1868 3239 1989 3294 loco

369 3328 734 3383 reverentiam
765 3326 1038 3393 exhibuit,
1072 3343 1236 3398 quam
1264 3337 1425 3382 antea
1455 3298 1652 3383 solitus
1680 3329 1866 3384 fuerit.
1911 3331 1987 3385 Ad
2013 3298 2062 3366 Ο

369 3425 475 3478 hoc
506 3422 608 3476 viri
648 3421 743 3475 Dei
798 3419 1116 3490 sepulcrum
1177 3419 1414 3473 diversis
1443 3419 1511 3474 ab
1560 3421 1991 3494 (egritudinibus

369 3514 526 3568 multi
557 3520 821 3568 curantur
861 3510 1086 3567 infirmi.
1116 3512 1423 3585 Frigoritici
1464 3513 1694 3585 quidam
1725 3529 1849 3569 cum
1883 3513 1990 3569 fide

367 3607 679 3670 venientes,
712 3606 996 3660 candelam
1021 3605 1078 3659 in
1095 3605 1503 3671 votisofferunt,
1540 3616 1594 3660 et
1625 3607 1881 3660 abrasum
1902 3623 1990 3662 se-

371 3698 546 3770 pulcri
579 3697 860 3766 pulverem
892 3707 1135 3763 sumunt,
1161 3713 1326 3769 quem
1360 3714 1517 3769 aqua}
1546 3699 1769 3752 mistum
1793 3698 1994 3754 bibunt

371 3795 427 3842 et
483 3785 776 3840 sanitatem
848 3787 1014 3855 hujus
1078 3786 1252 3842 sancti
1311 3787 1528 3841 meritis
1583 3787 1990 3857 adipiscuntur.

374 3879 629 3934 Dentium
677 3896 808 3933 vero
863 3879 1153 3934 doloribus
1207 3879 1434 3933 cruciati
1469 3879 1616 3933 hunc
1647 3879 1837 3934 debita
1868 3896 1991 3934 cum

372 3973 729 4029 veneratione
778 3971 1050 4026 tumulum
1119 3970 1530 4031 deosculantur,
1582 3979 1635 4023 et
1687 3971 1760 4024 ita
1811 3973 1991 4026 curari

375 4068 678 4117 merentur.

1017 4151 1228 4206 CAPUT
1243 4151 1348 4205 XV.

659 4249 734 4300 De
771 4246 1128 4300 translatio-ne
1156 4250 1396 4315 corporis
1443 4248 1702 4316 ejusdem.

447 4339 636 4408 Itaque
685 4336 815 4389 dum
878 4335 934 4388 in
966 4335 1088 4389 loco
1141 4335 1232 4390 hic
1282 4335 1519 4408 inclytus
1573 4337 1790 4392 Domini
1848 4353 1988 4393 con-

374 4427 549 4481 fessor
574 4425 826 4496 pluribus
853 4423 1186 4479 clarificatus
1242 4425 1418 4497 signis
1437 4426 1722 4487 reniteret,
1759 4428 1996 4482 domnus

376 4517 572 4588 praesul
608 4515 893 4570 Remensis
939 4514 1263 4570 llincmarus
1294 4516 1424 4570 hinc
1446 4533 1573 4571 eum
1611 4519 1910 4586 transtulit,
1940 4529 1994 4574 et

373 4609 439 4661 ad
469 4609 786 4663 C(enobium
843 4607 1018 4662 sancti
1062 4608 1388 4663 Theoderici
1439 4609 1656 4672 detulit,
1713 4628 1775 4665 ac
1833 4628 1994 4666 secus

375 4701 552 4771 ipsius
582 4699 729 4754 beati
777 4699 878 4754 viri
930 4699 1177 4754 tumbam
1227 4700 1432 4772 posuit.
1464 4701 1561 4756 Ubi
1605 4702 1734 4756 dum
1766 4703 1992 4775 aliquod

377 4792 537 4845 annis
565 4798 877 4856 veneratur,
923 4792 1086 4861 plura
1138 4808 1235 4862 per
1264 4808 1390 4847 eum
1440 4792 1704 4848 Dominus
1728 4794 1868 4849 mira
1896 4811 1998 4865 pa-

377 4889 518 4934 trarc
536 4879 796 4953 dignatus
827 4885 929 4932 est.
975 4879 1126 4933 Multi
1180 4879 1459 4951 siquidem
1506 4881 1760 4936 febribus
1789 4883 1994 4947 vexati,

376 4967 462 5022 vel
494 4968 684 5022 dolore
711 4967 960 5022 dentium
981 4967 1215 5039 fatigati,
1249 4968 1370 5037 ejus
1389 4970 1477 5024 hic
1507 4987 1727 5042 quoque
1745 4989 1868 5026 cum
1888 4972 1994 5028 fide

380 5067 630 5128 petentes
655 5059 942 5123 auxilium,
976 5059 1225 5114 divinum
1247 5061 1419 5133 gavisi
1453 5071 1581 5117 sunt
1607 5063 1794 5133 adepti
1819 5081 1997 5119 reme-

379 5147 551 5202 dium.
591 5149 660 5203 Ex
693 5149 900 5220 quibus
925 5149 1126 5204 mulier
1156 5151 1430 5220 quaedam,
1457 5152 1681 5206 nomine
1724 5153 1995 5227 Audinga,

379 5235 448 5288 de
475 5238 710 5305 quadam
754 5237 1002 5307 proxima
1051 5239 1390 5294 monasterio
1422 5241 1574 5308 villa,
1609 5242 1834 5297 nomine
1866 5243 1996 5298 Col-

383 5323 632 5390 melecta,
667 5325 916 5380 febribus
940 5327 1147 5394 attrita,
1177 5327 1294 5382 haec
1311 5329 1457 5398 apud
1487 5344 1546 5382 se
1567 5344 1736 5399 super
1767 5346 1994 5401 recupe-

382 5415 553 5468 randa
607 5416 714 5470 sibi
773 5418 1010 5476 sanitate
1067 5420 1264 5476 fecisse
1306 5421 1538 5476 traditur
1594 5422 1994 5493 experimenta.

381 5505 676 5561 Tresenim
717 5509 974 5564 candelas
1011 5513 1178 5567 unius
1233 5513 1362 5567 fecit
1389 5513 1734 5584 quantitatis,
1765 5531 1997 5586 quarum

382 5609 547 5648 unam
607 5597 835 5651 nomine
883 5602 1058 5656 sancti
1121 5603 1469 5670 Theoderici,
1537 5605 1766 5659 alteram
1822 5606 1995 5661 sancti

379 5686 686 5752 Theodulﬁ,
717 5688 936 5742 tertiam
966 5694 1139 5748 sancti
1176 5694 1457 5765 lligoberti
1506 5698 1793 5752 constituit
1825 5715 1996 5768 ;quas

379 5778 542 5832 simul
574 5779 906 5844 accendens,
955 5798 1078 5850 qua:
1122 5795 1412 5854 superaret
1442 5788 1710 5853 ardendo,
1759 5789 1995 5858 probare

377 5869 671 5944 disposuit.
706 5871 822 5936 Quo
851 5869 1013 5939 facto,
1039 5873 1167 5927 dum
1199 5878 1532 5946 superdurat
1558 5879 1842 5953 flagrando
1872 5895 1994 5950 quae

2073 2067 2141 2120 ad
2163 2064 2340 2128 illum,
2389 2069 2443 2116 et
2480 2062 2575 2117 ille
2606 2071 2660 2116 te
2713 2059 3019 2128 adjuvabit.
3054 2061 3118 2113 At
3143 2059 3237 2112 illa
3264 2057 3513 2111 diluculo
3545 2069 3699 2110 con-

2074 2167 2308 2226 surgens
2346 2151 2692 2216 acceleravit,
2747 2148 3031 2203 candelam
3059 2161 3249 2200 secum
3281 2144 3562 2208 deferens,
3597 2141 3706 2195 ad-

2079 2246 2286 2301 venire.
2313 2245 2441 2309 Quaa
2464 2259 2586 2298 mox
2617 2243 2682 2296 ad
2705 2241 2946 2296 loculum
2976 2238 3125 2293 beati
3157 2235 3411 2312 pignoris
3441 2234 3715 2297 accessit,

2081 2337 2268 2391 lumen
2296 2332 2429 2389 olim
2480 2333 2741 2387 amissum
2772 2329 3022 2400 recipere
3055 2326 3274 2380 meruit.
3307 2322 3519 2378 Surdus
3537 2321 3717 2375 etiam

2081 2428 2306 2498 quidam
2338 2424 2718 2481 translationis
2733 2422 2900 2489 hujus
2937 2436 3096 2491 aeque
3128 2418 3221 2472 die
3248 2416 3503 2479 veniens,
3538 2421 3603 2468 ut
3629 2415 3720 2467 lo-

2084 2521 2282 2577 cellum
2323 2519 2463 2575 sacri
2517 2517 2768 2588 corporis
2796 2513 3045 2583 bajulum
3079 2510 3281 2583 tetigit,
3312 2508 3563 2564 auditum
3587 2513 3716 2560 sta-

2085 2614 2182 2669 tim
2205 2612 2434 2682 recepit.
2467 2610 2561 2682 qui
2596 2609 2689 2664 tali
2720 2622 2942 2680 quoque
2965 2605 3131 2660 modo
3157 2620 3218 2658 se
3249 2601 3437 2667 retulit
3469 2598 3721 2654 accersi—

2089 2713 2220 2758 tum.
2254 2701 2424 2755 Noctu
2446 2699 2724 2770 siquidem
2755 2697 2811 2750 in
2837 2694 3147 2750 diversorio
3178 2693 3554 2764 quiescentem
3576 2705 3718 2760 per-

2087 2811 2221 2850 sona
2253 2792 2505 2864 quaedam
2564 2789 2847 2863 incognita
2892 2787 3087 2842 leviter
3135 2785 3192 2855 [i,
3227 2782 3442 2852 leniter]
3467 2782 3619 2836 hunc
3656 2782 3714 2836 in

2088 2885 2255 2939 latere
2287 2880 2557 2952 percussit
2586 2887 2640 2933 et
2693 2877 2970 2942 excitavit,
3012 2875 3426 2943 excitatumque
3460 2870 3706 2926 vocavit.

2091 2972 2272 3027 Sensit
2294 2971 2384 3025 ille
2431 2975 2774 3041 tangentem,
2814 2967 2910 3020 sed
2971 2980 3084 3020 non
3105 2961 3336 3027 audivit,
3357 2967 3553 3032 utpote
3578 2975 3714 3014 sur-

2093 3067 2216 3131 dus,
2245 3070 2553 3119 vocantem.
2588 3060 2895 3115 Audierunt
2919 3065 3101 3113 tamen
3133 3056 3227 3128 qui
3257 3069 3448 3109 secum
3478 3054 3718 3106 aderant

2094 3157 2148 3210 in
2182 3158 2347 3211 domo
2387 3169 2578 3209 vocem
2602 3151 2669 3205 ad
2701 3158 2952 3204 sanctum
2979 3145 3339 3221 Rigobertum
3369 3143 3449 3197 ire
3473 3148 3721 3212 quanto-

2091 3243 2213 3298 cius
2245 3259 2370 3297 eum
2395 3244 2814 3304 admonentem,
2841 3239 2969 3293 licet
3002 3237 3245 3292 viderint
3275 3233 3574 3289 neminem.
3610 3231 3718 3296 Qui

2091 3333 2381 3390 confestim
2413 3333 2576 3399 abiit,
2597 3341 2651 3387 et
2677 3331 2911 3386 salutem
2940 3329 3037 3384 diu
3081 3327 3450 3382 desideratam
3477 3321 3719 3377 invenit.

2167 3425 2336 3495 Hujus
2380 3425 2524 3479 beati
2582 3423 2752 3477 Patris
2809 3420 3058 3474 membra
3083 3416 3420 3481 veneranda,
3444 3411 3716 3484 quoniam

2092 3514 2324 3570 ecclesia
2354 3520 2657 3585 praenotata
2682 3512 3009 3566 necessitate
3067 3509 3208 3564 muri
3237 3505 3496 3566 civitatis,
3519 3505 3589 3559 ob
3627 3503 3720 3558 in-

2094 3606 2441 3660 festationem
2489 3619 2833 3678 paganorum
2891 3597 3272 3661 construendi,
3332 3593 3715 3658 evertebatur,

2095 3695 2258 3750 Fulco
2302 3695 2499 3764 praesul
2557 3693 2679 3748 urbi
2710 3691 3062 3763 postmodum
3103 3686 3308 3752 intulit,
3361 3684 3491 3738 etin
3521 3681 3718 3736 medio

2094 3785 2344 3840 ecclesize
2400 3784 2576 3837 beatae
2632 3782 2727 3835 Dei
2779 3780 3065 3852 genitricis
3115 3777 3298 3833 Mariae
3354 3781 3479 3845 post
3539 3773 3722 3826 altare

2093 3887 2296 3933 sanctze
2326 3877 2507 3932 crucis
2545 3873 2837 3931 collocavit
2869 3891 2883 3937 ;
2917 3871 3012 3925 ubi
3052 3870 3237 3940 plures
3266 3865 3432 3920 etiam
3455 3879 3580 3918 cum
3599 3859 3720 3916 ﬁde

2095 3967 2424 4022 accedentes
2479 3971 2725 4036 optatam
2779 3977 3039 4032 reperere
3092 3958 3385 4015 medelam.
3446 3956 3538 4010 His
3593 3953 3719 4010 fere

2097 4061 2295 4115 diebus
2317 4061 2623 4116 monachus
2645 4059 2875 4130 quidam
2914 4055 3159 4112 ccenobii
3189 4052 3493 4111 beatissimi
3529 4052 3723 4106 Remi-

2096 4155 2192 4229 gii,
2223 4153 2448 4208 nomine
2480 4151 2822 4223 Sigloardus,
2855 4148 3196 4204 validissima
3227 4145 3383 4200 febre
3405 4153 3718 4214 correptus,

2093 4243 2274 4314 impos
2332 4255 2557 4314 quoque
2609 4242 2812 4297 mentis
2869 4239 3013 4294 effici
3065 4237 3380 4293 videbatur.
3435 4234 3535 4301 Qui
3579 4235 3715 4289 dum

2094 4333 2330 4403 quadam
2380 4343 2540 4390 nocte
2579 4334 2827 4389 cubitum
2876 4329 3230 4402 perrexisset,
3294 4327 3603 4381 inctenatus
3626 4331 3716 4377 ta-

2096 4444 2244 4493 men,
2264 4427 2616 4498 etquiescere
2640 4426 2952 4480 nullatenus
2964 4424 3264 4486 sineretur,
3288 4423 3527 4472 arctatus
3549 4411 3715 4468 undi-

2095 4537 2223 4592 que,
2240 4521 2464 4574 beatum
2483 4519 2843 4592 Rigobertum
2865 4515 3133 4572 auxilium
3150 4512 3412 4568 sibiferre
3442 4509 3713 4569 clamans,

2099 4612 2339 4673 invocat,
2365 4621 2420 4666 et
2437 4617 2679 4682 optatam
2697 4611 2951 4681 protinus
2970 4610 3262 4664 sanitatem
3290 4608 3599 4674 recuperat.

2171 4702 2299 4756 Post
2369 4701 2711 4772 aliquantum
2789 4699 3058 4770 temporis
3141 4696 3466 4751 deferuntur
3550 4690 3720 4758 hujus

2095 4795 2271 4850 sancti
2325 4794 2426 4850 viri
2504 4794 2737 4868 pignora
2795 4793 2849 4846 in
2938 4807 3139 4863 pagum
3210 4785 3718 4843 Veromandensem

2095 4885 2164 4938 ad
2223 4884 2408 4940 villam
2477 4883 2852 4947 Nemincum,
2940 4897 3106 4953 quam
3167 4877 3453 4934 Odalricus
3527 4891 3717 4931 comes

2096 4977 2345 5032 ecclesiae
2400 4976 2655 5031 Remensi
2736 4981 2866 5030 tunc
2923 4973 3189 5044 temporis
3273 4972 3601 5031 contulerat,
3666 4978 3720 5023 et

2098 5067 2262 5121 Fulco
2341 5065 2539 5136 praesul
2633 5064 3027 5119 canonicorum
3125 5061 3291 5116 victui
3379 5061 3716 5130 deputarat,

2101 5160 2196 5214 ubi
2282 5159 2505 5230 quidam
2591 5157 2978 5214 commanebat
3075 5155 3131 5210 in
3231 5155 3480 5225 proximo
3575 5169 3718 5223 Ι)Γῶ-

2101 5249 2310 5319 sbyter,
2345 5248 2569 5303 nomine
2628 5247 2912 5321 Signinus,
2972 5245 3068 5316 qui
3110 5259 3310 5316 magno
3367 5242 3717 5298 cruciabatur

2100 5337 2351 5391 dentium
2377 5338 2588 5392 dolore.
2606 5336 2702 5390 Hic
2723 5336 2958 5390 audiens
2980 5337 3096 5390 haec
3117 5333 3360 5405 pretiosa
3376 5333 3508 5386 illuc
3537 5331 3718 5386 delata

2102 5426 2370 5492 membra,
2403 5425 2666 5496 quoniam
2706 5424 2883 5479 victus
2939 5423 3269 5497 aegritudine
3309 5421 3719 5492 impediebatur

2101 5518 2274 5582 adire,
2317 5517 2602 5572 candelam
2667 5517 2761 5571 illo
2809 5516 3022 5571 studuit
3063 5515 3456 5570 transmittere.
3492 5515 3567 5568 Ac
3594 5514 3721 5568 licet

2099 5611 2302 5665 absens
2358 5625 2613 5680 corpore,
2657 5609 2918 5680 precibus
2973 5618 3157 5663 tamen
3211 5615 3264 5662 et
3295 5607 3556 5678 lacrymis
3595 5621 3719 5660 san—

2099 5711 2247 5758 ctum
2280 5704 2494 5758 Domini
2528 5703 2887 5776 Rigobertum
2919 5717 3028 5757 non
3072 5701 3289 5756 distulit
3313 5715 3563 5765 exorare,
3589 5715 3720 5771 qua-

2097 5801 2259 5846 tenus
2290 5809 2389 5862 per
2418 5792 2594 5862 ipsius
2616 5793 2986 5846 interventum
3009 5791 3280 5845 medelam
3296 5797 3543 5844 meretur
3571 5787 3712 5843 acci-

2099 5896 2250 5950 pere.
2281 5882 2382 5945 Qui
2419 5896 2544 5936 mox
2577 5889 2636 5935 ut
2687 5881 3076 5936 munusculum
3107 5880 3227 5947 ejus
3259 5878 3327 5933 ad
3358 5879 3536 5934 sancti
3560 5878 3707 5934 locu-
