3884 6426
207 407 305 463 121

870 408 1198 466 ΗΙὸΤΟΒΙᾹΞ
1235 409 1578 467 ECCLESllE
1617 411 1948 468 REMENSIS
1988 413 2165 469 LIBRI
2205 387 2530 479 QUATUOR.
2556 441 2629 451 —
2667 409 2792 465 LIB.
2837 411 2901 464 ll.

3451 407 3552 463 I22

209 537 324 593 lum
357 538 634 609 pervenit.
689 539 970 595 medicum
1027 541 1311 596 caelestem
1361 543 1474 597 sibi
1501 542 1718 611 adesse,
1747 560 1836 600 re-
1858 551 1911 617 Α
1936 543 2170 600 nifacius
2219 543 2674 614 archiepiscopus
2713 549 2767 595 et
2815 540 3030 612 legatus
3058 544 3263 594 sanctae
3294 537 3553 593 Romanae

205 638 372 701 cepta
401 631 662 699 sanitate,
718 632 929 686 sentire
982 632 1305 702 promeruit.
1359 634 1422 689 Et
1452 635 1744 691 confestim
1765 638 1834 692 ad

205 721 393 776 locum
424 721 561 777 sacri
594 722 954 779 medicatoris
985 723 1269 795 profectus
1321 735 1423 792 est,
1457 735 1744 800 totumque
1775 745 1835 783 se

208 817 267 871 in
289 817 548 890 lacrymis
569 827 697 874 ante
729 819 903 890 ipsius
922 819 1215 876 effundens
1256 821 1600 887 memoriam,
1633 823 1837 894 gratias

207 907 422 974 retulit,
461 916 515 962 et
541 918 750 979 quanta
787 908 895 963 sibi
926 898 1043 980 per-
1060 910 1180 978 ejus
1219 910 1624 967 invocationem
1662 911 1837 966 Patris

209 999 408 1054 fecerit
432 999 716 1066 Dominus,
736 1001 1019 1056 indicavit.
1037 1002 1147 1057 Nec
1166 1003 1392 1078 longum
1421 1011 1547 1075 post
1566 1004 1684 1057 haec
1709 1003 1834 1057 urbi

212 1091 513 1146 Remorum
526 1108 682 1147 sacra
695 1093 946 1148 membra
967 1101 1316 1160 revocarunt,
1337 1102 1388 1150 et
1402 1095 1638 1151 ecclesia
1658 1096 1835 1151 sancti

213 1183 456 1254 Dionysii
489 1194 643 1239 extra
673 1200 893 1240 murum
923 1185 1576 1242 eivitatiscanonicorum
1598 1188 1835 1242 Remen-

211 1272 357 1326 sium
370 1273 1012 1346 studio,sumptibusque
1030 1275 1532 1342 restructa,ibidem
1548 1292 1674 1331 cum
1688 1276 1834 1332 beati

208 1359 495 1417 Theodulﬁ
517 1363 850 1437 pignoribus
873 1361 1179 1418 honoriﬁce
1218 1375 1550 1420 venerantur
1593 1365 1762 1422 illata.

827 1451 1038 1507 CAPUT
1099 1453 1230 1507 XVI.

648 1543 722 1596 De
765 1543 904 1596 Abel
939 1543 1055 1612 ejus
1084 1559 1403 1598 successore.

287 1629 520 1684 Beatum
553 1629 918 1704 Rigobertum
953 1639 1182 1686 secutus
1212 1632 1347 1685 Abel
1396 1632 1450 1685 in
1485 1633 1839 1704 episcOpatus

210 1719 415 1774 ordine
469 1719 766 1790 reperitur,
805 1720 1060 1792 quamvis
1100 1737 1228 1774 eum
1269 1721 1493 1792 quidam
1523 1723 1840 1793 corepisco-

214 1826 347 1880 pum
383 1815 596 1863 tantum
624 1808 791 1864 fuisse
824 1809 1064 1864 tradant.
1103 1808 1424 1864 Pontiﬁcem
1459 1818 1643 1865 tamen
1684 1811 1837 1866 illum

211 1903 491 1957 exstitisse
518 1902 756 1957 diversis
779 1902 1096 1958 invenimus
1122 1903 1552 1970 assertionibus,
1589 1913 1643 1958 et
1666 1904 1840 1958 maxi-

213 2008 301 2046 me
334 1991 391 2044 in
412 1989 669 2061 epistolis
709 1990 981 2045 Zachariae
1014 2006 1171 2062 papae
1203 1991 1272 2045 ad
1329 1999 1580 2046 sanctum
1609 1993 1834 2048 Bonifa-

211 2085 365 2139 cium
395 2083 623 2137 directis
678 2083 930 2151 (Zacnaa.
988 2085 1144 2152 epist.
1187 2083 1279 2150 85,
1308 2091 1444 2138 tom.
1476 2085 1545 2155 Ill
1589 2084 1835 2155 ϐοηθῶ),

212 2172 270 2226 in
292 2187 532 2243 quarum
571 2186 684 2225 una
729 2180 1144 2235 commemorat,
1201 2171 1477 2226 indicasse
1511 2171 1835 2243 praedictum

210 2260 436 2315 beatum
480 2258 825 2314 Bonifacium
865 2259 983 2314 suis
1043 2259 1240 2314 litteris
1272 2260 1414 2316 inter
1435 2269 1654 2326 caetera,
1687 2262 1837 2334 quod

204 2364 320 2410 tres
367 2355 668 2425 episcopos
723 2370 826 2424 per
875 2353 1124 2428 singulas
1179 2354 1637 2425 metropolitanas
1668 2354 1838 2409 urbes

205 2447 547 2510 ordinasset,
577 2446 632 2500 id
660 2453 763 2512 est,
788 2444 1103 2501 Grimonem
1138 2445 1198 2499 in
1236 2445 1456 2500 civitate
1481 2461 1603 2516 quae
1635 2445 1838 2500 dicitur

207 2539 514 2606 Rodomus,
547 2538 856 2594 secundum
872 2553 1000 2594 vero
1014 2538 1149 2593 Abel
1165 2538 1219 2592 in
1233 2538 1458 2594 civitate
1481 2554 1604 2610 quia
1635 2538 1838 2593 dicitur

205 2632 505 2687 Remorum
541 2649 554 2685 :
591 2631 816 2686 tertium
845 2628 1086 2701 denique
1146 2629 1498 2685 Hartbertum
1524 2631 1580 2684 in
1613 2631 1835 2685 civitate

201 2741 327 2796 quae
357 2724 564 2779 dicitur
592 2723 829 2778 Senonis
864 2740 876 2776 :
916 2722 1066 2788 «Qui
1111 2731 1166 2777 et
1195 2721 1345 2793 apud
1380 2737 1505 2789 nos,
1546 2721 1831 2794 inquiens,

198 2815 324 2881 fuit,
355 2823 409 2870 et
439 2825 533 2869 tua
565 2815 729 2870 nobis
767 2815 995 2884 pariter,
1029 2821 1084 2868 et
1135 2813 1486 2868 Karlomanni
1517 2821 1683 2885 atque
1710 2814 1836 2886 Pip-

197 2904 311 2975 pini
351 2903 556 2958 detulit
617 2903 844 2974 scripta,
896 2919 996 2974 per
1033 2919 1156 2974 quae
1215 2902 1562 2977 suggessisti,
1617 2912 1674 2957 ut
1733 2903 1836 2957 tria

195 2997 364 3068 pallia
431 2995 629 3051 iisdem
688 2996 865 3050 tribus
928 2995 1344 3067 praenominatis
1391 2996 1836 3066 metrOpolitanis

195 3085 444 3158 dirigere
499 3085 857 3151 deberemus,
935 3085 1084 3156 quod
1131 3094 1186 3139 et
1250 3085 1435 3157 largiti
1485 3101 1676 3139 sumus
1734 3101 1832 3156 pro

198 3178 546 3233 adunatione
578 3184 634 3232 et
673 3176 1065 3232 reformatione
1088 3177 1452 3232 Ecclesiarum
1487 3177 1601 3232 Dei.
1640 3201 1664 3222 »ι
1702 3179 1832 3232 Item

1939 633 2221 700 Ecclesiae,
2244 641 2298 688 et
2326 631 2589 702 praefatus
2618 629 3053 684 amabilissimus
3086 627 3353 682 Fulradus
3382 626 3556 681 Fran-

1936 724 2034 779 cia:
2062 721 2526 794 archipresbyter,
2597 726 2848 789 tempore
2898 726 3310 772 antecessorum
3335 722 3558 771 nostro-

1938 829 2058 868 rum
2115 812 2388 867 Zacharise
2445 817 2500 864 et
2556 809 2821 880 Stephani
2851 809 3057 878 (Steph.
3125 808 3190 876 ll)
3217 804 3557 861 successoris

1939 901 2104 967 illius,
2129 903 2362 956 multum
2392 900 2800 964 laboraverunt,
2829 904 2891 952 ut
2929 896 3090 952 bonae
3116 894 3400 950 memoriae
3417 907 3558 964 prae-

1937 992 2200 1046 decessor
2221 996 2409 1046 noster
2437 990 2674 1043 domnus
2703 986 2988 1042 Zacharias
3013 985 3240 1057 pallium
3274 982 3557 1053 archiepi-

1937 1095 2110 1150 scopo
2161 1079 2444 1146 Remensi,
2476 1077 2611 1132 Abel
2669 1076 2920 1142 nomine,
2978 1091 3078 1146 per
3101 1071 3555 1144 deprecationem

1938 1170 2301 1242 suprascripti
2363 1169 2626 1224 Bonifacii
2671 1168 3085 1232 transmitteret,
3147 1164 3300 1236 quod
3335 1163 3394 1234 [i,
3436 1162 3552 1234 qui]

1938 1261 2007 1316 ab
2037 1261 2132 1316 illo
2155 1260 2485 1316 constitutus
2513 1259 2635 1324 iuit,
2657 1256 2756 1312 sed
2787 1256 2864 1310 ibi
2895 1269 3223 1328 permanere
3253 1251 3558 1323 permissus

1940 1366 2051 1406 non
2107 1349 2230 1416 fuit,
2288 1349 2387 1403 sed
2429 1348 2604 1422 magis
2655 1353 2847 1401 contra
2902 1345 3071 1398 Deum
3116 1343 3327 1411 ejectus
3365 1348 3451 1395 est
3501 1349 3560 1395 et

1941 1440 2231 1495 Remensis
2262 1439 2505 1494 Ecclesia
2531 1454 2628 1509 per
2657 1437 2831 1490 multa
2860 1440 3133 1504 tempora,
3151 1439 3208 1486 et
3229 1447 3329 1502 per
3358 1429 3561 1484 multos

1939 1544 2116 1585 annos
2135 1528 2257 1584 sine
2281 1527 2545 1599 episcopo
2567 1525 2690 1592 fuit,
2731 1534 2892 1579 etres
2916 1521 3168 1577 ecclesiae
3200 1519 3268 1574 de
3302 1518 3394 1574 illo
3426 1517 3557 1588 epi-

1941 1630 2171 1692 scopatu
2199 1619 2396 1674 ablatae
2434 1626 2583 1683 sunt,
2608 1626 2664 1672 et
2693 1633 2792 1688 per
2816 1616 2988 1671 laicos
3019 1613 3209 1668 divisae
3239 1620 3392 1674 sunt,
3415 1610 3562 1664 sicut

1941 1721 1998 1769 et
2035 1715 2104 1768 de
2142 1713 2264 1767 aliis
2290 1710 2728 1783 epiSCOpatibus,
2789 1709 3026 1764 maxime
3071 1712 3256 1761 autem
3301 1701 3557 1758 Remensi

1942 1807 2365 1879 metropolitana
2390 1805 2630 1861 civitate.

2546 1895 2758 1950 CAPUT
2794 1893 2953 1949 XVII.

2439 1992 2511 2044 De
2543 1989 2758 2057 Tilpino
2788 1988 3050 2056 episcopo.

2011 2083 2328 2136 Przemissos
2388 2081 2443 2134 in
2504 2080 2834 2151 episcOpatu
2886 2077 3140 2150 sequitur
3184 2075 3456 2145 Tilpinus,
3491 2088 3557 2126 ex

1939 2173 2274 2230 monasterio
2322 2173 2495 2228 sancti
2545 2169 2791 2242 Dionysii
2823 2175 3160 2240 assumptus,
3203 2165 3289 2222 cui
3323 2180 3559 2240 magnus

1938 2266 2167 2321 Karolus
2196 2265 2265 2320 ab
2295 2264 2535 2319 Adriano
2567 2280 2709 2334 papa
2739 2262 3065 2334 impetrasse
3095 2260 3323 2331 pallium
3345 2255 3562 2328 reperi-

1939 2366 2044 2425 tur,
2080 2359 2222 2414 sicut
2251 2358 2505 2427 ejusdem
2564 2373 2719 2428 papae
2774 2357 2842 2412 ad
2882 2357 3063 2428 ipsum
3124 2354 3336 2409 directa
3365 2349 3562 2423 pandit

1938 2452 2191 2521 epistola,
2218 2467 2338 2522 quae
2371 2450 2446 2504 ita
2472 2449 2670 2520 incipit
2704 2467 2716 2503 :

2015 2562 2033 2588 ι
2061 2542 2334 2595 ADRIANUS
2365 2537 2684 2608 episc0pus,
2741 2553 2935 2593 servus
2998 2550 3283 2590 servorum
3325 2531 3445 2597 Dei,
3471 2548 3562 2586 re-

1938 2631 2342 2687 verendissimo
2373 2641 2426 2685 et
2447 2631 2799 2686 sanctissimo
2830 2628 3092 2684 confratri
3117 2634 3310 2682 nostro
3340 2625 3562 2679 TIero

1939 2724 2198 2780 Ecclesiae
2225 2723 2513 2778 Remensis
2543 2721 2964 2792 archiepiscopo
2993 2721 3089 2789 (7).

2010 2840 2035 2863 α
2078 2815 2216 2880 Quia
2235 2815 2302 2868 ad
2343 2814 2667 2886 petitionem
2717 2812 2983 2884 spiritalis
3013 2810 3108 2865 ﬁlii
3147 2809 3320 2864 nostri
3350 2815 3406 2863 et
3432 2807 3563 2880 glo-

1938 2907 2069 2962 riosi
2093 2906 2238 2979 regis
2266 2907 2599 2962 Francorum
2640 2904 2841 2970 Karoli,
2895 2903 3181 2974 praebente
3214 2901 3312 2955 tibi
3348 2900 3558 2954 bonum

1938 2999 2315 3054 testimonium
2345 2999 2415 3053 de
2437 2999 2732 3053 sanctitate
2758 3005 2811 3052 ct
2833 2995 3084 3051 doctrina
3109 2993 3381 3049 Fulrando
3413 3008 3566 3046 ama-

1937 3091 2214 3145 bilissimo
2235 3091 2460 3157 abbate,
2486 3090 2725 3144 Francia
2794 3086 3303 3158 archipresbytero,
3332 3082 3565 3154 pallium

1934 3180 2242 3234 secundum
2272 3179 2734 3234 consuetudinem
2769 3176 2869 3232 tibi
2899 3173 3273 3230 transmisisse
3303 3187 3404 3226 nos
3436 3187 3563 3225 cum

199 3271 255 3323 in
288 3269 401 3324 alia
431 3269 612 3340 ipsius
653 3269 719 3322 ad
737 3268 996 3323 eumdem
1028 3269 1268 3338 epistola
1306 3269 1556 3337 (Zacnan.
1584 3271 1741 3338 epist.
1776 3272 1830 3336 9,
1862 3242 1912 3310 Ο
1937 3271 2228 3344 privilegio
2259 3278 2318 3325 ut
2357 3270 2682 3340 metropolis
2739 3267 2980 3322 Ecclesia
3044 3265 3332 3321 Remensis
3373 3263 3427 3317 in
3463 3278 3564 3318 suo

199 3362 270 3424 al,
295 3364 358 3429 4)
393 3379 405 3415 :
444 3382 471 3410 «ι
525 3361 602 3415 De
649 3361 930 3431 episcopis
980 3375 1108 3416 vero
1163 3361 1631 3431 metr0politanis,
1667 3362 1719 3415 id
1751 3370 1834 3416 est

199 3453 487 3519 Grimone,
521 3469 690 3525 quem
719 3469 820 3508 nos
832 3453 944 3521 jam
969 3460 1318 3524 compertum
1351 3453 1646 3517 habemus,
1675 3454 1831 3520 Abel,

199 3543 316 3597 sive
362 3541 673 3610 Hariberto,
707 3558 847 3613 quos
877 3559 978 3614 per
996 3559 1448 3615 unamquamque
1477 3543 1830 3614 metropolim

204 3652 306 3705 per
329 3634 653 3705 provincias
711 3635 1073 3698 constituisti,
1121 3635 1223 3691 bos
1264 3651 1362 3706 per
1394 3642 1546 3690 tuum
1588 3635 1837 3690 testimo-

206 3723 364 3777 nium
396 3721 814 3787 conﬁrmamus,
865 3733 922 3778 et
977 3723 1145 3794 pallia
1196 3723 1488 3798 dirigimus
1517 3724 1585 3778 ad
1642 3740 1835 3778 eorum

208 3811 424 3867 firmam
465 3812 846 3878 stabilitatem,
901 3820 955 3867 et
1005 3812 1268 3867 Ecclesiae
1299 3811 1395 3866 Dei
1454 3821 1834 3885 augmentum,

207 3912 268 3959 ut
289 3905 365 3959 ita
406 3903 623 3959 meliori
646 3902 896 3975 proﬁciat
925 3911 1088 3959 statu.
1125 3904 1371 3970 Qualiter
1386 3904 1535 3960 enim
1564 3905 1619 3976 [ἰ.
1650 3905 1833 3976 etiam]

208 4009 328 4048 mos
361 3993 513 4064 pallii
542 3994 634 4061 sit,
679 3994 766 4048 vel
825 3995 1110 4066 quomodo
1170 3993 1336 4049 ﬁdem
1368 4011 1524 4049 suam
1554 4010 1837 4065 exponere

208 4083 457 4138 debeant
490 4084 577 4138 hic
597 4083 691 4154 qui
733 4083 883 4153 pallii
915 4083 996 4137 uti
1052 4083 1276 4138 licentia
1323 4084 1726 4150 conceduntur,
1759 4084 1840 4137 eis

209 4174 542 4239 direximus,
603 4173 968 4230 informantes
1001 4190 1120 4241 eos,
1178 4183 1237 4228 ut
1295 4175 1437 4230 sciat
1460 4175 1607 4246 quod
1644 4176 1760 4246 [ms.
1797 4179 1835 4244 i,

207 4269 365 4338 quid]
410 4268 482 4322 sit
509 4268 661 4338 pallii
714 4284 867 4334 usus,
925 4276 981 4322 et
1033 4268 1302 4336 subjectis
1360 4269 1502 4322 viam
1533 4269 1835 4338 praedicare

208 4361 434 4424 salutis,
463 4369 523 4414 ut
551 4361 928 4416 ecclesiastica
959 4360 1254 4431 disciplina
1284 4360 1339 4414 in
1373 4361 1627 4416 ecclesiis
1642 4376 1834 4416 eorum

209 4453 544 4508 immutilate
583 4459 853 4519 servetur,
893 4463 948 4508 et
988 4463 1211 4509 maneat
1263 4454 1592 4510 inconcussa
1625 4461 1720 4510 :et
1749 4471 1838 4509 sa—

1935 3366 2080 3414 statu
2112 3367 2380 3424 maneret,
2440 3366 2495 3413 et
2536 3359 2651 3429 [ms.
2682 3360 2718 3412 ἱ.
2757 3359 2906 3412 omit.
2962 3355 3032 3426 et]
3096 3355 3241 3409 bene
3275 3367 3559 3408 memora-

1937 3468 2092 3507 mus:
2141 3473 2160 3500 ι
2189 3451 2252 3504 Et
2281 3459 2404 3520 post
2430 3451 2732 3521 aliquanta,
2759 3464 2882 3521 quae
2909 3448 2977 3502 de
3009 3455 3201 3503 sancto
3234 3445 3560 3518 Rigoberto,

1937 3549 1992 3596 et
2020 3541 2154 3595 Abel
2183 3539 2443 3609 superius
2468 3539 2580 3608 jam
2633 3537 2926 3608 praemissa
2965 3546 3118 3603 sunt,
3155 3551 3278 3590 cum
3304 3534 3372 3588 de
3397 3533 3566 3588 rebus

1937 3632 2186 3688 ecclesiae
2213 3631 2500 3686 Remensis
2541 3629 2738 3684 ablatis
2769 3629 3092 3700 loqueretur
3124 3646 3137 3682 :
3171 3649 3196 3676 ‹‹
3234 3627 3294 3681 Et
3326 3635 3438 3692 tua,
3473 3625 3566 3679 in—

1939 3725 2081 3796 quit,
2107 3724 2418 3778 fraternitas
2442 3723 2556 3792 jam
2584 3739 2650 3776 ex
2681 3737 2881 3794 magna
2911 3727 3068 3791 parte
3127 3719 3273 3788 ipsas
3305 3733 3392 3772 res
3418 3717 3565 3788 apud

1939 3816 2238 3889 gloriosum
2277 3814 2450 3870 ﬁlium
2481 3821 2729 3869 nostrum
2783 3813 3062 3873 Karolum,
3097 3821 3154 3864 et
3184 3817 3312 3864 ante
3349 3810 3416 3863 ad
3434 3809 3565 3863 Car-

1941 3908 2261 3963 lomannum
2293 3907 2515 3962 fratrem
2545 3907 2666 3974 ejus
2704 3905 3023 3976 impetratas
3065 3902 3258 3966 habes,
3301 3907 3356 3955 et
3410 3899 3563 3955 ordi-

1942 4013 2069 4051 nem
2097 4012 2162 4050 ex
2191 3996 2377 4067 aliqua
2410 4003 2584 4066 parte,
2619 4003 2674 4049 et
2705 3995 2760 4048 in
2801 3992 3105 4064 episc0pis,
3139 3999 3194 4046 et
3215 3990 3271 4044 in
3324 3989 3450 4044 aliis
3469 4004 3566 4042 se-

1941 4089 2182 4145 cundum
2213 4089 2560 4155 canonicam,
2595 4095 2650 4142 et
2674 4093 2879 4142 sanctae
2913 4084 3064 4140 sedis
3099 4084 3358 4139 Romanae
3375 4087 3566 4137 aucto-

1942 4181 2160 4236 ritatem
2190 4180 2462 4235 directum
2511 4179 2682 4234 habes
2713 4196 2728 4246 ;
2764 4185 3057 4249 propterea
3111 4174 3294 4246 petisti
3316 4191 3347 4228 a
3379 4172 3563 4238 nobis,

1942 4269 2044 4323 tibi
2073 4278 2128 4324 et
2155 4269 2405 4324 ecclesia:
2447 4276 2554 4324 tuae
2585 4268 2704 4323 fieri
2763 4266 3112 4338 privilegium
3141 4281 3204 4320 ex
3236 4261 3567 4318 auctoritate

1940 4361 2088 4416 beati
2142 4361 2282 4416 Petri
2343 4360 2612 4431 principis
2665 4360 3041 4430 apostolorum
3075 4365 3130 4412 et
3183 4364 3387 4410 sancta:
3419 4353 3570 4408 sedis

1942 4453 2222 4518 Romanae,
2281 4468 2346 4508 ac
2399 4459 2605 4512 nostra.
2639 4459 2698 4505 ut
2747 4451 2898 4521 quod
2952 4448 3259 4520 perfectum
3311 4445 3484 4500 habes
3512 4445 3566 4500 in

207 4543 526 4607 cerdotum,
557 4542 706 4613 quod
738 4543 794 4596 in
820 4542 902 4598 eis
929 4542 1096 4598 fuerit
1125 4559 1234 4599 non
1261 4543 1560 4615 pollutum,
1592 4550 1838 4599 utantea
1869 4611 1902 4615 _
1937 4552 2063 4600 ante
2089 4545 2271 4600 valeat
2322 4557 2673 4615 permanere,
2731 4550 2786 4597 et
2834 4541 2984 4613 quod
3036 4541 3217 4595 adhuc
3251 4539 3568 4610 perfectum

207 4631 331 4694 fuit,
383 4632 485 4686 sed
538 4633 828 4700 mundum,
877 4642 932 4687 et
986 4640 1274 4704 acceptum
1329 4635 1436 4688 Deo
1477 4649 1601 4688 esse
1643 4633 1835 4704 possit,
1868 4611 2049 4689 Dnon
2091 4633 2283 4699 habes,
2332 4648 2432 4703 per
2459 4642 2702 4687 nostram
2733 4631 3120 4686 auctoritatem
3173 4629 3374 4700 possis,
3410 4627 3570 4683 auxi-

207 4728 481 4791 quantum
511 4721 747 4776 humana
764 4721 1089 4777 conditione
1115 4723 1193 4792 [or
1211 4737 1312 4778 ms.
1327 4766 1339 4787 ,
1361 4722 1625 4792 conditio]
1661 4723 1836 4787 valet;

210 4809 283 4862 ita
314 4818 373 4863 ut
407 4809 834 4880 nullusreperiri
871 4810 1473 4881 possitsacrisdeviare
1503 4812 1832 4878 cauonibus,

211 4905 266 4952 et
293 4896 628 4952 sacriﬁcium
685 4901 953 4954 mundum
991 4916 1181 4956 eorum
1231 4901 1302 4955 ab
1350 4902 1432 4956 eis
1471 4902 1833 4968 immoletur;

213 4991 290 5045 ita
316 4998 377 5046 ut
409 4991 553 5046 Deus
583 4992 639 5047 in
657 5007 849 5047 eorum
869 4993 1120 5062 placetur
1151 4993 1502 5062 muneribus,
1535 5001 1591 5048 et
1617 4994 1838 5065 populis

213 5083 306 5138 Dei
331 5082 659 5154 puriﬁcatus
685 5084 970 5140 mentibus
999 5101 1065 5139 ex
1092 5086 1248 5140 omni
1269 5085 1527 5157 squalore
1557 5085 1836 5141 sincerum

210 5173 477 5228 exhibere
536 5174 760 5228 valeant
797 5174 1121 5231 Christianae
1168 5175 1456 5250 religionis
1505 5174 1774 5231 ofﬁcium.
1807 5197 1832 5227 ι)

211 5260 320 5315 Sed
351 5268 410 5316 et
447 5262 702 5334 quaedam
733 5264 935 5320 chartae
967 5265 1142 5337 ipsius
1183 5267 1430 5339 episcopi
1461 5267 1835 5338 reperiuntur.

214 5353 443 5409 nomine
466 5355 714 5410 titulatat.

286 5445 363 5500 De
405 5461 516 5517 quo
537 5445 703 5501 etiam
738 5447 1002 5518 praefatus
1028 5449 1300 5506 Adrianus
1330 5468 1474 5524 papa
1505 5452 1561 5507 in
1593 5468 1833 5524 prame-

215 5544 426 5590 morata
452 5537 689 5606 epistola
730 5539 798 5591 ad
856 5538 1131 5610 'l‘ilpinum
1183 5541 1686 5612 archiepiscopum,
1715 5553 1838 5615 post

215 5625 485 5696 illa,quaz
555 5626 814 5697 superius
873 5628 1160 5698 praemissa
1233 5641 1380 5697 sunt,
1431 5632 1504 5686 ita
1561 5633 1838 5691 subinfert

215 5718 465 5781 (ADMAN.
489 5718 529 5782 Ι,
562 5719 658 5774 ubi
684 5734 875 5790 supra,
895 5736 945 5775 c.
982 5719 1096 5791 13):
1133 5740 1157 5769 α
1191 5721 1403 5776 Sancta;
1434 5723 1716 5780 memoriae
1731 5725 1836 5781 Bo-

291 5833 370 5902 (7)
414 5833 531 5889 Non
566 5841 740 5891 exstat
767 5837 913 5892 inter
941 5838 1062 5907 ejus
1090 5837 1372 5910 epistolas.

1944 4726 2112 4780 liante
2136 4726 2266 4790 Deo,
2300 4733 2355 4779 et
2384 4725 2422 4778 Β
2477 4724 2637 4779 Petro
2651 4724 2908 4795 apostolo
2935 4724 3002 4777 ad
3017 4722 3420 4794 perfectionem
3441 4736 3569 4792 per.

1940 4814 2166 4869 ducere.
2202 4815 2301 4869 Pro
2333 4828 2444 4884 quo
2485 4820 2540 4868 et
2560 4829 2662 4869 nos
2687 4813 2906 4868 ardenti
2929 4813 3136 4878 animo,
3167 4819 3222 4866 et
3252 4810 3444 4865 divino
3468 4809 3565 4878 ju-

1939 4903 2156 4956 vamine
2178 4901 2482 4974 apostolica
2502 4901 2622 4956 fulti
2655 4900 3006 4967 auctoritate,
3036 4916 3147 4956 non
3169 4901 3349 4955 solum
3374 4905 3564 4954 vetera

1938 4995 2248 5049 secundum
2276 5010 2464 5050 sacros
2485 5010 2749 5062 canones,
2772 5001 2827 5049 et
2846 4993 3148 5065 apostolica
3178 4992 3341 5061 hujus
3358 4999 3571 5047 sancta:

1939 5083 2088 5138 sedis
2117 5084 2340 5139 decreta
2383 5084 2698 5150 statuimus,
2757 5083 2857 5137 sed
2915 5090 2968 5137 et
2997 5097 3138 5137 nova
3175 5081 3274 5137 tibi
3337 5097 3437 5151 pro
3473 5088 3570 5137 tuo

1941 5176 2088 5230 bono
2117 5175 2302 5231 studio
2332 5175 2716 5239 concedimus,
2743 5175 2926 5245 atque;
2951 5173 3278 5230 auctoritate
3321 5175 3382 5227 Β.
3421 5173 3568 5228 Petri

1941 5264 2210 5334 principis
2241 5263 2742 5334 apostolorum,cui
2765 5264 3040 5318 dataesta
3071 5263 3182 5319 Deo
3203 5273 3255 5318 et
3284 5265 3571 5321 Salvatore

1939 5365 2128 5411 nostro
2177 5356 2307 5410 Jesu
2363 5355 2580 5410 Christo
2638 5355 2868 5428 ligandi,
2901 5355 3270 5428 solvendique
3319 5364 3571 5428 potestas

1940 5457 2166 5518 peccata
2215 5447 2507 5504 hominum
2569 5447 2623 5501 in
2656 5449 2797 5503 ccelo
2827 5457 2882 5502 et
2937 5448 2994 5502 in
3029 5456 3173 5504 terra
3202 5451 3399 5517 (Matth
3428 5467 3517 5505 xv:
3551 5467 3565 5514 ;

1936 5542 2092 5594 Joan.
2124 5542 2258 5606 xxx),
2291 5537 2690 5594 conﬁrmamus
2744 5548 2910 5612 atque
2969 5541 3295 5596 solidamus.
3328 5541 3569 5596 Remen-

1938 5649 2055 5687 sem
2082 5632 2374 5687 ecclesiam
2428 5633 2574 5690 sicut
2603 5643 2664 5689 et
2711 5634 3026 5708 antiquitus
3057 5635 3180 5701 fuit,
3212 5631 3562 5704 metrOpolim

1939 5740 2376 5796 permansurum,
2399 5733 2454 5782 et
2472 5727 2705 5798 primam
2726 5743 2844 5784 suae
2866 5727 3198 5797 diceeeseos,
3214 5726 3405 5783 sedem
3417 5737 3560 5789 esse,
