3884 6460
363 461 467 518 123

1468 465 1847 522 FLODOARDI
1888 465 2194 522 CANONICI
2237 465 2585 522 REMENSIS.

3611 467 3706 522 124

361 601 416 648 et
449 600 504 650 te
534 595 653 666 qui,
678 596 732 651 in
764 597 959 652 eadem
982 598 1136 666 sede,
1171 605 1506 669 cooperante
1533 597 1665 663 Deo,
1699 597 1990 654 ordinatus
2011 604 2060 670 Α
2089 597 2463 666 ordinatione,
2493 604 2546 653 et
2567 597 2732 652 fidem
2767 613 2832 651 ac
2853 595 3160 651 doctrinam
3193 595 3359 662 illius,
3391 603 3559 668 atque
3579 615 3710 654 con-

362 702 441 750 os,
474 687 763 756 primatem
797 689 974 759 ipsius
1004 688 1265 745 dimcesis
1296 706 1436 754 esse,
1461 706 1585 744 cum
1618 689 1879 744 omnibus
1895 689 1979 746 ci-

360 779 625 836 vitatibus
654 798 777 852 qua:
829 782 897 836 ab
931 781 1160 853 antiquo
1197 790 1445 852 tempore
1476 783 1734 838 Remensi
1769 791 1978 838 metro-

363 867 473 938 poli
504 869 754 924 ecclesiae
783 870 1046 938 subjectae
1074 869 1325 936 fuerunt,
1378 873 1546 943 atque
1577 872 1742 926 etiam
1776 889 1980 944 perpe-

360 956 467 1010 tuis
500 958 842 1028 temporibus
873 959 974 1012 tibi
1007 968 1066 1012 et
1092 959 1513 1014 successoribus
1549 961 1657 1015 tuis
1675 960 1744 1016 sit
1773 961 1978 1016 confir-

363 1054 589 1101 matum.
625 1048 688 1102 Et
714 1049 818 1103 hoc
841 1049 1261 1117 interdicentes,
1299 1058 1357 1106 ut
1385 1052 1570 1107 nullus
1613 1052 1979 1122 audeatjuxta

356 1145 674 1190 sanctorum
706 1152 981 1192 canonum
1034 1137 1411 1206 traditionem,
1473 1156 1537 1194 ex
1593 1141 1703 1196 alio
1758 1142 1980 1212 episco-

356 1236 485 1297 patu
513 1226 719 1282 ibidem
759 1229 1104 1296 translatare,
1139 1239 1233 1285 aut
1278 1232 1620 1286 constituere
1652 1233 1975 1304 episcopum

357 1331 478 1392 post
499 1330 646 1377 tuam
697 1325 767 1379 de
821 1327 927 1380 hoc
979 1327 1183 1382 saeculo
1215 1328 1621 1383 evocationem.
1655 1328 1843 1400 Neque
1875 1330 1978 1384 ali-

354 1413 479 1482 quis
541 1420 664 1468 tuas
721 1415 1033 1485 parochias,
1083 1424 1180 1472 aut
1241 1417 1529 1484 ecclesias,
1585 1419 1670 1472 vel
1729 1418 1978 1475 civitates

352 1501 700 1569 subtrahere,
724 1520 906 1575 neque
932 1505 1220 1561 dioecesim
1238 1507 1567 1562 Remensem
1593 1507 1706 1562 ullo
1730 1524 1975 1579 unquam

353 1599 596 1662 tempore
628 1593 902 1664 dividere,
925 1597 1024 1651 sed
1055 1597 1268 1672 integra
1297 1605 1536 1664 maneat,
1571 1599 1975 1670 sicutantiqui-

352 1688 438 1734 tus
478 1680 600 1746 fuit,
626 1692 680 1737 et
705 1684 846 1738 sacri
868 1701 1112 1742 canones
1161 1698 1216 1742 et
1250 1688 1723 1758 praedecessorum
1756 1700 1973 1745 nostro-

351 1786 471 1823 rum
503 1769 763 1839 firmavit,
791 1781 846 1830 et
878 1784 1067 1829 nostra
1098 1773 1278 1830 firmat
1307 1776 1628 1832 auctoritas.
1677 1778 1742 1833 Et
1771 1788 1846 1845 te,
1880 1790 1974 1834 aut

351 1857 550 1913 futuris
607 1862 953 1931 temporibus
1011 1864 1336 1919 Remensem
1389 1867 1737 1937 epiSCOpum,
1771 1877 1826 1922 et
1857 1869 1973 1940 pri-

351 1956 552 2002 matem
575 1949 726 2004 illius
755 1950 1034 2020 dicecesis,
1077 1969 1188 2008 non
1222 1965 1543 2024 praesumat,
1579 1971 1758 2027 neque
1797 1957 1976 2011 valeat

351 2053 596 2107 unquam
619 2040 822 2110 aliquis
849 2041 918 2096 de
942 2043 1268 2113 episcopatu
1291 2044 1532 2111 dejicere
1553 2045 1676 2099 sine
1703 2045 1974 2101 canonico

344 2127 582 2196 judicio,
614 2142 669 2185 et
725 2148 907 2204 neque
970 2134 1026 2188 in
1086 2135 1179 2190 illo
1213 2135 1332 2207 [ms.
1365 2139 1404 2203 i,
1447 2137 1578 2207 ullo]
1607 2137 1821 2205 judicio
1852 2139 1975 2192 sine

350 2232 629 2274 consensu
681 2221 914 2277 Romani
973 2223 1274 2296 pontificis,
1333 2227 1378 2281 si
1431 2228 1498 2282 ad
1562 2228 1700 2282 hanc
1729 2235 1974 2283 sanctam

349 2312 540 2367 sedem
565 2315 888 2379 Romanam,
941 2333 1064 2389 quae
1092 2326 1258 2390 caput
1287 2335 1409 2374 esse
1447 2321 1794 2392 dignoscitur
1819 2320 1974 2375 orbis

350 2413 529 2468 terrae,
558 2407 923 2476 appellaverit
954 2409 1144 2480 inipso
1169 2411 1402 2482 judicio.
1438 2412 1545 2466 Sed
1576 2413 1633 2466 in
1656 2412 1977 2483 solasubje-

353 2497 536 2550 ctione
588 2498 818 2554 Romani
881 2502 1160 2572 pontificis
1212 2521 1571 2575 permanens,
1606 2505 1893 2561 dicecesim
1924 2515 1976 2561 et

351 2587 670 2656 parochiam
705 2590 1053 2659 Remensem,
1076 2592 1374 2661 adjuvante
1405 2595 1659 2660 Domino,
1696 2604 1752 2650 ct
1787 2604 1975 2651 nostra

350 2683 516 2745 atque
543 2677 602 2731 Β.
636 2677 781 2732 Petri
812 2679 982 2735 fultus
1007 2697 1074 2736 ex
1125 2683 1228 2737 ista
1250 2694 1444 2738 sancta
1465 2686 1598 2738 sede
1626 2686 1974 2752 auctoritate,

352 2767 657 2821 secundum
689 2777 908 2825 sanctos
936 2786 1181 2826 canones
1199 2780 1254 2826 et
1275 2773 1437 2841 hujus
1458 2782 1660 2829 sanctae
1676 2775 1826 2829 sedis
1858 2792 1979 2846 pre-

353 2860 660 2930 ceptiones,
691 2863 793 2917 tibi
822 2863 1106 2932 subjectos
1138 2865 1213 2919 ita
1252 2876 1429 2920 certes
1459 2868 1755 2923 etstudeas
1775 2869 1981 2944 guber-

353 2969 506 3018 nare,
526 2955 745 3008 utillam
765 2955 1192 3011 desiderabilem
1210 2974 1402 3013 vocem
1420 2959 1633 3014 Domini
1653 2960 1824 3015 nostri
1847 2961 1871 3014 J
1881 2976 1978 3015 esu

351 3044 549 3099 Christi
575 3046 756 3102 valeas
794 3063 918 3101 cum
979 3048 1170 3103 electis
1209 3049 1332 3117 ejus
1350 3050 1542 3104 audire
1579 3067 1590 3103 :
1625 3053 1799 3118 Euge,
1831 3066 1983 3104 serve

356 3138 486 3192 bone
515 3143 563 3192 et
609 3139 803 3206 ﬁdelis,
855 3142 990 3209 quia
1032 3144 1090 3195 in
1139 3158 1323 3211 pauca
1361 3145 1526 3210 fuisti
1552 3145 1747 3212 ﬁdelis,
1807 3160 1980 3213 supra

354 3231 529 3283 multa
557 3234 605 3284 te
649 3232 971 3286 constituam
1000 3250 1013 3297 ;
1041 3235 1192 3287 intra
1250 3236 1308 3288 in
1337 3236 1605 3302 gaudium
1655 3236 1863 3290 domini
1893 3238 1975 3289 tui

356 3319 573 3384 (Matth.
607 3322 749 3388 xxv).
776 3321 838 3376 Et
871 3322 1020 3392 quod
1052 3323 1121 3376 ad
1153 3331 1402 3379 nostram
1433 3324 1684 3379 notitiam
1714 3324 1976 3395 perduxi-
1999 3304 2046 3369 (ἶ

355 3407 446 3472 sti,
481 3409 609 3480 quia
641 3411 709 3464 ad
741 3411 878 3466 alios
893 3411 1188 3483 episcopos
1204 3413 1274 3466 de
1306 3413 1426 3483 ipsa
1457 3413 1684 3468 dioecesi
1718 3413 1975 3467 Remensi

353 3500 578 3570 quidam
600 3502 950 3573 accipiebant
1000 3504 1398 3568 ordinationes,
1434 3513 1487 3559 et
1510 3504 1791 3559 habebant
1820 3504 1979 3558 indc-

355 3589 476 3644 bita
507 3589 741 3664 refugia,
770 3600 825 3646 et
841 3593 945 3646 hoc
967 3609 1066 3662 per
1086 3593 1273 3648 omnia
1305 3593 1694 3664 prohibemus,
1717 3595 1814 3648 sed
1837 3594 1978 3647 sicut

351 3696 507 3734 sacra
527 3681 689 3737 docet
713 3683 1032 3748 auctoritas,
1065 3693 1120 3738 et
1151 3685 1207 3738 in
1239 3686 1468 3756 synodis
1495 3685 1980 3756 comprovinciali-

356 3771 460 3826 bus
481 3774 856 3829 convocandis
891 3783 942 3830 et
1003 3776 1292 3843 faciendis,
1317 3786 1372 3831 et
1412 3778 1469 3831 in
1501 3776 1975 3842 ordinationibus,

357 3880 420 3918 ac
442 3864 960 3935 dijudicationibus,
1014 3869 1299 3926 Remensis
1323 3870 1578 3936 ecclesia,
1617 3878 1673 3925 et
1701 3868 1978 3940 archiepi-

356 3969 578 4026 sc0pus,
613 3957 708 4028 qui
751 3957 807 4010 in
839 3975 906 4012 ea
960 3959 1294 4016 constitutus
1328 3960 1516 4026 fuerit,
1559 3960 1721 4014 talem
1775 3960 1978 4013 habeat

357 4048 762 4118 auctoritatem,
794 4051 939 4106 sicut
981 4052 1122 4107 sacri
1173 4069 1439 4120 canones,
1477 4061 1533 4107 et
1559 4053 1722 4121 hujus
1769 4058 1974 4106 sancta).

361 4136 615 4192 Ecclesim
655 4139 1082 4196 constitutiones
1129 4140 1349 4196 docent.
1384 4142 1446 4196 Et
1468 4141 1651 4196 nullus
1677 4157 1776 4211 per
1804 4139 1975 4194 ullum

357 4241 601 4296 unquam
631 4235 852 4297 tempus
882 4228 1004 4294 tibi,
1027 4229 1112 4284 vel
1141 4229 1395 4284 Remensi
1420 4229 1699 4295 Ecclesiae,
1718 4230 1787 4283 de
1810 4229 1976 4283 rebus

354 4317 423 4370 ad
454 4317 603 4372 illam
634 4319 825 4373 debite
856 4321 1269 4390 pertinentibus
1298 4322 1628 4377 divisionem
1650 4322 1736 4377 vel
1759 4321 1975 4376 violen-

357 4406 511 4470 tiam,
570 4408 712 4463 sicut
763 4417 924 4464 antea
974 4410 1178 4464 factum
1233 4410 1357 4478 fuit,
1415 4411 1592 4466 facere
1651 4419 1970 4482 praesumat.

360 4496 492 4550 Nam
523 4497 587 4565 si,
635 4497 784 4569 quod
833 4514 944 4554 non
998 4501 1298 4566 credimus,
1331 4501 1458 4572 quis
1508 4501 1599 4555 ille
1656 4501 1844 4568 fuerit,
1879 4500 1972 4572 qui

354 4596 548 4640 contra
580 4586 723 4640 hanc
770 4594 1013 4642 nostram
1046 4589 1472 4660 prarceptionem
1506 4589 1803 4645 temerario
1835 4606 1972 4644 ausu

2087 689 2452 743 versationem
2503 695 2558 742 et
2590 702 2795 752 mores,
2845 701 2910 741 ac
2951 686 3115 741 vitam
3160 685 3503 760 investiges;
3560 696 3620 742 ut
3663 690 3703 742 si

2084 787 2246 848 aptus
2276 777 2439 831 fuerit
2497 784 2556 831 et
2609 775 2811 850 dignus
2839 775 2909 829 ad
2949 775 3322 846 episcopalem
3383 775 3700 832 cathedram

2082 865 2502 940 gubernandam
2561 863 2872 934 expositam
2911 870 2968 918 et
3023 862 3418 933 conscriptam,
3453 869 3509 916 et
3537 875 3700 914 manu

2081 975 2181 1014 sua
2209 958 2434 1030 prepria
2483 955 2855 1027 subscriptam
2887 955 3214 1010 catholicam
3255 961 3310 1008 et
3341 953 3702 1008 orthodoxam

2082 1047 2246 1103 ﬁdem
2270 1064 2369 1118 per
2397 1046 2594 1101 missos
2621 1061 2751 1101 suos
2789 1061 2915 1100 cum
2936 1044 3136 1099 litteris
3156 1059 3221 1098 ac
3261 1041 3577 1098 testimonio
3611 1048 3700 1096 tuo

2079 1157 2178 1195 seu
2210 1139 2443 1194 aliorum
2477 1138 2887 1209 episcoporum,
2921 1152 3061 1208 quos
3094 1143 3280 1191 tecum
3310 1151 3433 1191 esse
3463 1135 3699 1190 manda-

2079 1233 2278 1299 vimus,
2319 1232 2388 1286 ad
2442 1246 2541 1285 nos
2589 1229 2812 1302 dirigat,
2872 1235 2933 1283 ut
2971 1227 3197 1299 pallium
3256 1226 3338 1281 illi
3394 1227 3699 1281 secundum

2079 1322 2543 1378 consuetudinem
2575 1317 3519 1380 transmittamus,etordinationem
3552 1315 3702 1370 illius

2079 1412 2292 1469 firmam
2324 1414 2662 1482 judicemus,
2686 1413 2814 1468 etin
2848 1412 3043 1466 eadem
3074 1418 3266 1464 sancta
3313 1409 3549 1465 ecclesia
3580 1408 3699 1464 Mo—

2077 1507 2309 1580 guntina
2341 1505 2818 1577 archiepiscOpum
2863 1503 3235 1560 constitutum
3266 1517 3388 1556 esse
3412 1502 3698 1558 faciamus.

2080 1596 2230 1650 Bene
2257 1595 2376 1650 vale
2435 1617 2456 1646 ι

2145 1688 2246 1752 Qui
2282 1687 2587 1758 praesulres
2619 1686 2873 1741 ecclesia
2905 1685 3125 1741 diversa
3156 1701 3256 1756 per
3281 1686 3401 1741 loca
3427 1685 3698 1756 direptas,

2074 1786 2183 1834 tam
2212 1796 2310 1851 per
2337 1796 2395 1833 se
2423 1780 2571 1850 apud
2607 1778 2812 1852 regiam
2867 1778 3234 1846 majestatem,
3267 1795 3432 1849 quam
3465 1794 3566 1849 per
3591 1794 3693 1832 au-

2072 1877 2252 1922 ctores
2271 1868 2538 1932 ecclesiae,
2573 1867 2822 1922 diversos
2867 1867 3014 1937 apud
3041 1865 3260 1936 judices
3283 1866 3502 1941 legibus
3541 1866 3698 1921 obti-

2004 1928 2052 1996 B
2078 1961 2216 2025 nuit,
2257 1959 2706 2014 etecclesiastico
2754 1958 2867 2027 juri
2892 1958 3133 2014 restituit
3173 1976 3188 2024 ;
3219 1959 3570 2030 maximeque
3604 1975 3705 2028 per

2077 2050 2373 2122 quemdam
2425 2048 2768 2116 Achabbum,
2821 2047 2917 2118 qui
2984 2056 3097 2102 tam
3146 2048 3201 2101 in
3240 2047 3490 2113 Francia,
3533 2063 3702 2118 quam

2076 2139 2245 2194 etiam
2285 2146 2436 2193 trans
2467 2137 2704 2210 Ligerim
2749 2151 2847 2208 pro
2898 2137 3064 2191 rebus
3089 2137 3335 2191 ecclesiae
3370 2136 3708 2190 revocandis

2075 2243 2308 2298 operose
2367 2226 2658 2292 laboravit,
2716 2234 2770 2280 et
2825 2234 2936 2280 tam
2985 2224 3190 2294 praedia
3219 2240 3384 2294 quam
3418 2224 3706 2295 mancipia

2077 2320 2250 2374 multa
2277 2318 2495 2392 legibus
2529 2317 2841 2372 evindicata
2891 2316 3132 2371 Ecclesia
3180 2314 3522 2370 reformavit.
3564 2316 3702 2371 Pos-

2076 2408 2422 2464 sessionibus
2459 2423 2682 2478 quoque
2712 2407 2799 2460 vel
2831 2405 3123 2476 mancipiis
3148 2421 3180 2459 a
3209 2404 3544 2476 quibusdam
3572 2405 3700 2460 dato

2076 2498 2254 2569 pretio
2294 2497 2585 2567 coemptis,
2620 2511 2708 2549 res
2763 2496 2985 2550 auxisse
3025 2493 3229 2565 praesul
3279 2494 3383 2548 istc
3426 2494 3702 2564 reperitur

2077 2590 2326 2645 ecclesiae
2360 2606 2374 2654 ;
2401 2589 2795 2644 nonnullarum
2825 2603 3048 2660 quoque
3073 2587 3198 2656 jura
3228 2586 3480 2641 villarum
3509 2584 3705 2658 dispo-

2079 2683 2198 2738 sitis
2225 2682 2512 2737 ordinasse
2562 2682 2812 2737 coloniis.
2869 2679 2974 2735 Sed
3005 2689 3059 2735 et
3109 2695 3387 2735 sacrarum
3415 2680 3703 2735 codicibus

2081 2775 2507 2842 Scripturarum,
2524 2771 2730 2842 quibus
2743 2771 2925 2824 adhuc
2941 2767 3219 2839 aliquibus
3233 2783 3457 2839 quoque
3478 2770 3702 2832 utimur,

2083 2865 2225 2918 hanc
2251 2862 2506 2916 instruxit
2536 2859 2860 2916 Ecclesiam.
2886 2861 2945 2913 In
2969 2858 3228 2914 coenobio
3262 2858 3508 2929 denique
3531 2859 3704 2914 sancti

2085 2956 2318 3027 Remigii
2347 2954 2651 3009 monachos
2681 2951 2993 3018 ordinasse,
3025 2967 3089 3007 ac
3123 2950 3429 3006 monastica
3459 2949 3575 3004 vita
3605 2966 3701 3005 eos

2085 3046 2656 3112 traditurinstituisse,
2691 3061 2815 3099 cum
2835 3043 3137 3099 canonicos
3168 3044 3322 3114 prius
3352 3043 3501 3097 idem
3519 3057 3706 3098 caeno-

2080 3138 2297 3192 biuma
2330 3147 2579 3207 tempore
2637 3133 2937 3188 Gibehardi
2993 3132 3233 3198 abbatis,
3296 3131 3391 3202 qui
3448 3132 3702 3186 eamdem

2078 3230 2588 3303 congregationem,
2617 3227 2688 3282 ob
2744 3242 2990 3280 amorem
3021 3225 3118 3280 Dei
3179 3231 3234 3279 et
3262 3223 3437 3279 sancti
3473 3223 3706 3298 Remigii

2078 3324 2350 3394 reperitur
2374 3337 2725 3397 aggregasse,
2761 3321 2825 3374 ad
2861 3321 2966 3375 hoc
2984 3335 3160 3390 usque
3189 3326 3408 3389 tempus
3443 3317 3706 3373 habuisse

2081 3416 2306 3470 feratur.
2370 3414 2735 3468 lmmunitatis
2794 3411 3040 3482 denique
3087 3417 3426 3483 praeceptum
3457 3428 3488 3464 a
3516 3410 3708 3466 Karlo-

2080 3522 2282 3561 manno
2316 3522 2445 3580 rege
2477 3505 2590 3560 lilio
2623 3503 2864 3574 Pippini,
2898 3503 3077 3574 primo
3112 3517 3236 3557 mox
3270 3501 3426 3576 regni
3457 3503 3708 3570 ejusdem

2080 3612 2246 3657 anno,
2271 3595 2518 3649 ecclesiae
2562 3594 2821 3647 Remensi
2883 3592 3144 3659 obtinuit,
3195 3591 3262 3645 ad
3296 3592 3578 3662 exemplar
3608 3591 3711 3646 im-

2081 3688 2414 3742 munitatum
2469 3702 2607 3757 quas
2663 3685 2837 3756 ipsius
2893 3684 3332 3754 praedecessores
3391 3698 3552 3757 reges
3582 3683 3712 3738 huic

2079 3780 2427 3835 contulerant
2481 3778 2776 3833 ecclesiae:
2840 3792 3073 3847 quarum
3133 3775 3434 3831 ostendere
3483 3791 3709 3847 quoque

2080 3871 2291 3929 curavit
2322 3873 2374 3925 ei
2419 3870 2760 3926 monimenta
2789 3887 2804 3935 ;
2829 3876 2890 3924 ut
2943 3869 3129 3923 nullus
3154 3868 3368 3924 scilicet
3391 3867 3570 3936 judex
3601 3886 3705 3938 pu-

2080 3962 2256 4015 blicus
2287 3961 2342 4013 in
2372 3962 2536 4030 hujus
2591 3959 2840 4014 ecclesia;
2901 3965 3076 4013 terras
3116 3959 3349 4012 auderet
3381 3957 3598 4031 ingredi
3632 3959 3699 4013 ad

2079 4052 2398 4105 mansiones
2451 4049 2780 4120 parandum,
2822 4048 2909 4103 vel
2962 4048 3228 4118 quaelibet
3251 4047 3464 4116 judicia
3496 4046 3700 4112 facere,

2078 4151 2171 4198 aut
2202 4142 2422 4212 penitus
2443 4141 2604 4196 xenia
2639 4141 2717 4194 ibi
2752 4141 3054 4211 requirere.
3079 4141 3189 4194 Sed
3212 4155 3582 4211 quaecumque
3614 4157 3704 4194 an-

2077 4244 2386 4290 tecessores
2423 4235 2544 4302 ejus
2586 4233 2770 4288 eidem
2826 4239 3219 4288 concesserant
3257 4232 3533 4299 ecclesiae,
3571 4250 3700 4303 per-

2079 4327 2372 4398 petualiter
2419 4326 2626 4380 habere
2679 4325 2892 4381 valeret
2951 4325 3187 4379 indulta.
3241 4325 3438 4380 Postea
3477 4341 3705 4396 quoque

2076 4419 2237 4474 aliam
2271 4419 2518 4487 ejusdem
2555 4417 2702 4492 regis
2733 4418 2805 4472 de
2837 4417 3086 4473 omnium
3119 4417 3466 4472 teloneorum
3500 4418 3704 4472 remis-

2075 4509 2234 4564 sione
2256 4507 2570 4579 impetravit
2593 4506 3057 4578 praeceptionem;
3079 4505 3232 4571 item,
3255 4504 3420 4558 aliam
3440 4504 3512 4559 de
3536 4515 3704 4576 ponte

2077 4601 2440 4665 Baisonensi;
2505 4601 2636 4655 item
2690 4600 2761 4654 de
2815 4598 3020 4654 chartis
3047 4598 3432 4662 concrematis,
3468 4614 3703 4668 quarum

356 4679 547 4734 venire
579 4681 893 4747 tentaverit,
919 4682 1024 4737 nisi
1048 4699 1108 4736 se
1138 4683 1269 4749 cito,
1297 4691 1352 4738 et
1394 4685 1631 4738 maxime
1663 4689 1787 4753 post
1817 4697 1890 4736 co

2167 4707 2210 4746 lC
2243 4690 2508 4761 temporis
2563 4705 2662 4759 per
2701 4687 3102 4761 negligentiam
3147 4685 3429 4740 acciderat
3459 4688 3701 4752 exustio,

353 4770 724 4826 monitionem
759 4774 1084 4838 correxerit,
1139 4777 1275 4830 sciat
1305 4792 1365 4830 se
1403 4783 1612 4831 veterno
1646 4774 1742 4829 Dei
1759 4774 1974 4843 judicio

355 4860 724 4915 anathematis
765 4862 986 4916 vinculo
1025 4879 1146 4917 esse
1195 4863 1521 4919 innodatum
1556 4866 1646 4930 ;si
1687 4865 1815 4935 quis
1844 4879 1974 4919 vero

353 4950 657 5020 apostolica
692 4952 992 5005 servaverit
1036 4961 1333 5023 przecepta,
1360 4960 1415 5008 et
1455 4969 1702 5009 normam
1741 4963 1904 5008 rectae
1923 4959 1978 5007 et

354 5041 676 5096 orthodoxw
705 5040 836 5096 tidei
867 5043 1355 5110 fueritassecutus,
1400 5045 1812 5101 benedictionis
1846 5061 1974 5118 gra-

360 5131 487 5184 tiam
519 5144 910 5203 consequatur.
973 5135 1095 5190 Hzec
1125 5153 1157 5190 a
1207 5137 1368 5192 nobis
1399 5137 1636 5192 difiinita
1677 5143 1774 5208 per
1812 5137 1976 5206 hujus

359 5231 556 5279 nostra:
587 5223 1021 5282 confirmationis
1050 5229 1329 5303 paginam,
1362 5231 1418 5283 in
1461 5238 1552 5286 tua
1573 5230 1807 5285 ecclesia
1838 5245 1972 5300 per-

358 5317 536 5386 petuis
564 5321 910 5390 temporibus
942 5338 1038 5392 pro
1059 5323 1583 5378 suiconfirmatione
1597 5323 1978 5379 conservanda

360 5425 481 5464 esse
513 5416 857 5470 mandamus.
896 5417 1242 5490 lnjungimus
1264 5418 1428 5472 etiam
1457 5416 1883 5488 fraternatituaa,
1915 5426 1976 5473 ut

358 5502 489 5571 quia
533 5504 600 5559 de
625 5505 978 5562 ordinatione
1029 5509 1300 5580 episcOpi.
1336 5509 1562 5564 nomine
1621 5509 1738 5576 Lul,
1772 5518 1976 5566 sancta:

358 5588 688 5665 Moguntina:
719 5592 980 5649 Ecclesiae
1025 5597 1095 5650 ad
1141 5615 1242 5653 nos
1290 5600 1542 5670 quaedam
1583 5609 1975 5667 pervenerunt,

360 5681 656 5750 assumptis
700 5687 885 5734 tecum
944 5683 1204 5759 Viomago
1230 5696 1285 5741 et
1335 5703 1654 5757 possessore
1677 5689 1976 5760 episcOpis,

359 5779 413 5823 et
453 5771 636 5827 missis
672 5769 901 5847 gloriosi
961 5791 1024 5829 ac
1074 5778 1339 5845 spiritalis
1407 5778 1504 5834 lilii
1572 5782 1743 5836 nostri
1799 5781 1976 5836 Κποιί

362 5857 692 5914 Francorum
727 5856 895 5926 regis,
928 5861 1223 5934 diligenter
1256 5866 1506 5934 inquiras
1525 5868 1711 5922 omnia
1731 5869 1799 5923 de
1833 5869 1981 5923 illius

2076 4790 2136 4837 ut
2157 4799 2265 4848 res,
2307 4790 2362 4836 et
2393 4782 2681 4836 facultates
2710 4779 2983 4844 ecclesiae,
3014 4794 3151 4849 quas
3179 4793 3244 4832 eo
3287 4785 3540 4846 tempore
3574 4796 3704 4848 pos~

2074 4874 2312 4934 sidebat.
2345 4875 2420 4928 ita
2466 4879 2856 4944 permanerent
2901 4870 3115 4941 absque
3159 4870 3539 4924 diminutione
3569 4887 3701 4926 con-

2077 4961 2303 5016 firmata:
2352 4961 2456 5032 ipsi
2521 4960 2773 5015 ecclesiae
2832 4976 2934 5030 per
2995 4957 3203 5032 regiam
3243 4958 3364 5027 ejus
3395 4960 3705 5014 auctorita-

2079 5063 2233 5122 tem;
2299 5055 2429 5110 item
2489 5054 2560 5108 de
2626 5052 2918 5117 militibus,
2971 5052 3066 5122 qui
3124 5051 3179 5104 in
3231 5050 3359 5105 villa
3413 5050 3703 5107 Juviniaco

2077 5147 2385 5202 residentes
2440 5153 2597 5201 erant
2646 5159 2817 5215 super
2867 5151 3072 5198 terram
3127 5150 3330 5197 sanctae
3399 5141 3607 5204 Marize,
3653 5150 3705 5196 et

2075 5239 2249 5294 sancti
2309 5237 2564 5312 Remigii,
2621 5251 2906 5301 concessa,
2968 5234 3307 5305 remissaque
3369 5233 3508 5304 ipsis
3553 5233 3702 5288 omni

2077 5343 2240 5398 quam
2263 5325 2548 5380 debebant
2586 5324 2874 5380 exactione
2900 5323 3128 5378 militia).
3165 5324 3323 5389 Item,
3356 5322 3512 5376 aliud
3537 5323 3608 5378 de
3628 5323 3704 5376 his

2077 5419 2168 5490 qui
2204 5417 2641 5483 in,Cruciniano,
2704 5415 2890 5470 Curba
2930 5415 3080 5479 villa,
3128 5416 3215 5468 vel
3275 5414 3330 5467 in
3371 5415 3527 5468 omni
3563 5429 3704 5489 pago

2076 5506 2413 5562 Tardonensi
2443 5505 2588 5560 infra
2637 5512 2839 5559 terram
2881 5504 3169 5558 Remensis
3198 5503 3451 5558 ecclesiae
3498 5504 3704 5558 reside-

2080 5600 2234 5656 bant.
2269 5599 2428 5653 Dedit
2465 5599 2632 5652 etiam
2672 5598 2819 5651 idem
2871 5597 3272 5651 Karlomannus
3328 5610 3422 5648 rex
3466 5596 3571 5648 sub
3609 5596 3704 5650 hoc

2081 5686 2341 5759 pontifice
2368 5705 2467 5758 per
2488 5689 2798 5742 chartarum
2823 5687 3211 5751 instrumenta,
3251 5702 3346 5754 pro
3377 5687 3501 5740 loco
3526 5686 3702 5756 sepul-

2084 5790 2213 5833 turae
2240 5780 2327 5833 vel
2360 5779 2606 5834 remedio
2646 5779 2846 5833 anima:
2873 5793 3006 5842 suae,
3039 5778 3223 5831 villam
3258 5777 3624 5832 Nevilliaeum
3657 5777 3700 5828 in

2083 5883 2225 5940 pago
2243 5869 2458 5924 Urtinsc
2491 5869 2674 5930 sitam,
2690 5883 2816 5921 cum
2838 5866 3370 5922 omnibusterminis
3382 5867 3470 5922 vel
3495 5881 3702 5937 appen-
