  <div class='ocr_page' id='page_1' title='image "/cluster/home/n/w/nwhite01/storage/ocr_20150623/134-135/uc1.31175013627537/582.png"; bbox 0 0 3884 6402; ppageno 0'>
   <div class='ocr_carea' id='block_1_1' title="bbox 134 385 228 443">
    <p class='ocr_par' dir='ltr' id='par_1_1' title="bbox 134 385 228 443">
     <span class='ocr_line' id='line_1_1' title="bbox 134 385 228 443; baseline 0.021 -2"><span class='ocrx_word' id='word_1_1' title='bbox 134 385 228 443; x_wconf 78' lang='grc'><strong>125</strong></span> 
     </span>
    </p>
   </div>
   <div class='ocr_carea' id='block_1_2' title="bbox 763 382 2790 452">
    <p class='ocr_par' dir='ltr' id='par_1_2' title="bbox 763 382 2790 452">
     <span class='ocr_line' id='line_1_2' title="bbox 763 382 2790 452; baseline 0.001 -14"><span class='ocrx_word' id='word_1_2' title='bbox 763 382 1092 440; x_wconf 73' lang='grc' dir='ltr'><strong>ΗΙδΤΟΒΙΑΞ</strong></span> <span class='ocrx_word' id='word_1_3' title='bbox 1129 383 1464 440; x_wconf 83' lang='lat' dir='ltr'><strong>ECCLESI/E</strong></span> <span class='ocrx_word' id='word_1_4' title='bbox 1502 384 1832 442; x_wconf 80' lang='lat' dir='ltr'><strong>REMENSIS</strong></span> <span class='ocrx_word' id='word_1_5' title='bbox 1872 387 2049 442; x_wconf 84' lang='lat' dir='ltr'><strong>LIBRI</strong></span> <span class='ocrx_word' id='word_1_6' title='bbox 2090 386 2417 452; x_wconf 79' lang='lat' dir='ltr'><strong>QUATUOR.</strong></span> <span class='ocrx_word' id='word_1_7' title='bbox 2446 419 2517 426; x_wconf 97' lang='lat'><strong><em>—</em></strong></span> <span class='ocrx_word' id='word_1_8' title='bbox 2557 386 2681 440; x_wconf 91' lang='lat' dir='ltr'><strong>LIB.</strong></span> <span class='ocrx_word' id='word_1_9' title='bbox 2725 387 2790 441; x_wconf 91' lang='lat' dir='ltr'><strong>ll.</strong></span> 
     </span>
    </p>
   </div>
   <div class='ocr_carea' id='block_1_3' title="bbox 3354 387 3455 442">
    <p class='ocr_par' dir='ltr' id='par_1_3' title="bbox 3354 387 3455 442">
     <span class='ocr_line' id='line_1_3' title="bbox 3354 387 3455 442; baseline 0 0"><span class='ocrx_word' id='word_1_10' title='bbox 3354 387 3455 442; x_wconf 72' lang='grc'><strong>126</strong></span> 
     </span>
    </p>
   </div>
   <div class='ocr_carea' id='block_1_4' title="bbox 124 511 3457 591">
    <p class='ocr_par' dir='ltr' id='par_1_4' title="bbox 124 511 3457 591">
     <span class='ocr_line' id='line_1_4' title="bbox 124 511 3457 591; baseline 0 -22"><span class='ocrx_word' id='word_1_11' title='bbox 124 513 264 570; x_wconf 92' lang='lat' dir='ltr'><strong>ditiis</strong></span> <span class='ocrx_word' id='word_1_12' title='bbox 313 513 447 570; x_wconf 82' lang='lat' dir='ltr'><strong>suis.</strong></span> <span class='ocrx_word' id='word_1_13' title='bbox 504 511 772 584; x_wconf 89' lang='lat' dir='ltr'><strong>omnique</strong></span> <span class='ocrx_word' id='word_1_14' title='bbox 823 512 1162 586; x_wconf 75' lang='lat' dir='ltr'><strong>integritate,</strong></span> <span class='ocrx_word' id='word_1_15' title='bbox 1212 515 1280 567; x_wconf 91' lang='lat' dir='ltr'><strong>ad</strong></span> <span class='ocrx_word' id='word_1_16' title='bbox 1332 513 1614 570; x_wconf 85' lang='lat' dir='ltr'><strong>basilicam</strong></span> <span class='ocrx_word' id='word_1_17' title='bbox 1639 515 1728 571; x_wconf 87' lang='lat' dir='ltr'><strong>vel</strong></span> <span class='ocrx_word' id='word_1_18' title='bbox 1756 525 1806 591; x_wconf 83' lang='grc' dir='ltr'>Α</span> <span class='ocrx_word' id='word_1_19' title='bbox 1831 518 1998 574; x_wconf 89' lang='lat' dir='ltr'><strong>etiam</strong></span> <span class='ocrx_word' id='word_1_20' title='bbox 2026 524 2317 588; x_wconf 86' lang='lat' dir='ltr'><strong>postquam</strong></span> <span class='ocrx_word' id='word_1_21' title='bbox 2337 516 2840 587; x_wconf 86' lang='lat' dir='ltr'><strong>praesulordinatus</strong></span> <span class='ocrx_word' id='word_1_22' title='bbox 2857 526 2962 580; x_wconf 94' lang='lat' dir='ltr'><strong>est,</strong></span> <span class='ocrx_word' id='word_1_23' title='bbox 2998 517 3155 587; x_wconf 89' lang='lat' dir='ltr'><strong>plura</strong></span> <span class='ocrx_word' id='word_1_24' title='bbox 3177 516 3457 572; x_wconf 84' lang='lat' dir='ltr'><strong>invenitur</strong></span> 
     </span>
    </p>
   </div>
   <div class='ocr_carea' id='block_1_5' title="bbox 127 604 1729 679">
    <p class='ocr_par' dir='ltr' id='par_1_5' title="bbox 127 604 1729 679">
     <span class='ocr_line' id='line_1_5' title="bbox 127 604 1729 679; baseline 0.001 -18"><span class='ocrx_word' id='word_1_25' title='bbox 127 604 499 661; x_wconf 83' lang='lat' dir='ltr'><strong>monasterium</strong></span> <span class='ocrx_word' id='word_1_26' title='bbox 533 604 712 658; x_wconf 90' lang='lat' dir='ltr'><strong>sancti</strong></span> <span class='ocrx_word' id='word_1_27' title='bbox 729 604 987 679; x_wconf 90' lang='lat' dir='ltr'><strong>Remigii,</strong></span> <span class='ocrx_word' id='word_1_28' title='bbox 1019 605 1114 659; x_wconf 88' lang='lat' dir='ltr'><strong>ubi</strong></span> <span class='ocrx_word' id='word_1_29' title='bbox 1146 607 1485 674; x_wconf 87' lang='lat' dir='ltr'><strong>sepulturam</strong></span> <span class='ocrx_word' id='word_1_30' title='bbox 1505 622 1729 678; x_wconf 89' lang='lat' dir='ltr'><strong>quoque</strong></span> 
     </span>
    </p>
   </div>
   <div class='ocr_carea' id='block_1_6' title="bbox 127 695 1734 771">
    <p class='ocr_par' dir='ltr' id='par_1_6' title="bbox 127 695 1734 771">
     <span class='ocr_line' id='line_1_6' title="bbox 127 695 1734 771; baseline 0 -18"><span class='ocrx_word' id='word_1_31' title='bbox 127 699 316 753; x_wconf 89' lang='lat' dir='ltr'><strong>habere</strong></span> <span class='ocrx_word' id='word_1_32' title='bbox 346 695 710 771; x_wconf 81' lang='lat' dir='ltr'><strong>dignoscitur.</strong></span> <span class='ocrx_word' id='word_1_33' title='bbox 737 695 907 764; x_wconf 87' lang='lat' dir='ltr'><strong>Cujus</strong></span> <span class='ocrx_word' id='word_1_34' title='bbox 926 712 1224 770; x_wconf 85' lang='lat' dir='ltr'><strong>germanus</strong></span> <span class='ocrx_word' id='word_1_35' title='bbox 1241 697 1468 752; x_wconf 84' lang='lat' dir='ltr'><strong>Karolus</strong></span> <span class='ocrx_word' id='word_1_36' title='bbox 1499 698 1734 769; x_wconf 87' lang='lat' dir='ltr'><strong>impera-</strong></span> 
     </span>
    </p>
   </div>
   <div class='ocr_carea' id='block_1_7' title="bbox 128 786 1734 863">
    <p class='ocr_par' dir='ltr' id='par_1_7' title="bbox 128 786 1734 863">
     <span class='ocr_line' id='line_1_7' title="bbox 128 786 1734 863; baseline 0 -19"><span class='ocrx_word' id='word_1_37' title='bbox 128 797 202 844; x_wconf 87' lang='lat' dir='ltr'><strong>tor</strong></span> <span class='ocrx_word' id='word_1_38' title='bbox 229 803 454 859; x_wconf 83' lang='lat' dir='ltr'><strong>magnus</strong></span> <span class='ocrx_word' id='word_1_39' title='bbox 484 786 616 841; x_wconf 86' lang='lat' dir='ltr'><strong>huic</strong></span> <span class='ocrx_word' id='word_1_40' title='bbox 649 786 1103 857; x_wconf 59' lang='lat' dir='ltr'><strong>praesuliTilpino</strong></span> <span class='ocrx_word' id='word_1_41' title='bbox 1136 788 1364 858; x_wconf 87' lang='lat' dir='ltr'><strong>pallium</strong></span> <span class='ocrx_word' id='word_1_42' title='bbox 1400 805 1497 858; x_wconf 90' lang='lat' dir='ltr'><strong>per</strong></span> <span class='ocrx_word' id='word_1_43' title='bbox 1524 789 1734 863; x_wconf 82' lang='lat' dir='ltr'><strong>legatos</strong></span> 
     </span>
    </p>
   </div>
   <div class='ocr_carea' id='block_1_8' title="bbox 130 877 1733 950">
    <p class='ocr_par' dir='ltr' id='par_1_8' title="bbox 130 877 1733 950">
     <span class='ocr_line' id='line_1_8' title="bbox 130 877 1733 950; baseline 0.001 -16"><span class='ocrx_word' id='word_1_44' title='bbox 130 888 178 934; x_wconf 90' lang='lat' dir='ltr'><strong>et</strong></span> <span class='ocrx_word' id='word_1_45' title='bbox 204 879 398 934; x_wconf 90' lang='lat' dir='ltr'><strong>litteras</strong></span> <span class='ocrx_word' id='word_1_46' title='bbox 443 894 574 932; x_wconf 89' lang='lat' dir='ltr'><strong>suas</strong></span> <span class='ocrx_word' id='word_1_47' title='bbox 627 877 869 933; x_wconf 87' lang='lat' dir='ltr'><strong>obtinuit</strong></span> <span class='ocrx_word' id='word_1_48' title='bbox 920 877 989 932; x_wconf 91' lang='lat' dir='ltr'><strong>ab</strong></span> <span class='ocrx_word' id='word_1_49' title='bbox 1022 878 1262 933; x_wconf 86' lang='lat' dir='ltr'><strong>Adriano</strong></span> <span class='ocrx_word' id='word_1_50' title='bbox 1297 896 1458 950; x_wconf 88' lang='lat' dir='ltr'><strong>papa,</strong></span> <span class='ocrx_word' id='word_1_51' title='bbox 1515 881 1733 936; x_wconf 91' lang='lat' dir='ltr'><strong>sicutin</strong></span> 
     </span>
    </p>
   </div>
   <div class='ocr_carea' id='block_1_9' title="bbox 131 968 1734 1042">
    <p class='ocr_par' dir='ltr' id='par_1_9' title="bbox 131 968 1734 1042">
     <span class='ocr_line' id='line_1_9' title="bbox 131 968 1734 1042; baseline 0.002 -18"><span class='ocrx_word' id='word_1_52' title='bbox 131 971 357 1038; x_wconf 85' lang='lat' dir='ltr'><strong>ejusdem</strong></span> <span class='ocrx_word' id='word_1_53' title='bbox 406 984 564 1039; x_wconf 68' lang='lat' dir='ltr'><strong>papae</strong></span> <span class='ocrx_word' id='word_1_54' title='bbox 613 968 816 1023; x_wconf 86' lang='lat' dir='ltr'><strong>litteris</strong></span> <span class='ocrx_word' id='word_1_55' title='bbox 856 969 924 1022; x_wconf 88' lang='lat' dir='ltr'><strong>ad</strong></span> <span class='ocrx_word' id='word_1_56' title='bbox 986 968 1167 1039; x_wconf 91' lang='lat' dir='ltr'><strong>ipsum</strong></span> <span class='ocrx_word' id='word_1_57' title='bbox 1212 986 1399 1041; x_wconf 84' lang='lat' dir='ltr'><strong>regem</strong></span> <span class='ocrx_word' id='word_1_58' title='bbox 1432 987 1602 1042; x_wconf 89' lang='lat' dir='ltr'><strong>super</strong></span> <span class='ocrx_word' id='word_1_59' title='bbox 1632 973 1734 1027; x_wconf 91' lang='lat' dir='ltr'><strong>hac</strong></span> 
     </span>
    </p>
   </div>
   <div class='ocr_carea' id='block_1_10' title="bbox 129 1060 1735 1132">
    <p class='ocr_par' dir='ltr' id='par_1_10' title="bbox 129 1060 1735 1132">
     <span class='ocr_line' id='line_1_10' title="bbox 129 1060 1735 1132; baseline 0.002 -18"><span class='ocrx_word' id='word_1_60' title='bbox 129 1062 285 1132; x_wconf 88' lang='lat' dir='ltr'><strong>ipsius</strong></span> <span class='ocrx_word' id='word_1_61' title='bbox 338 1060 607 1132; x_wconf 86' lang='lat' dir='ltr'><strong>petitione</strong></span> <span class='ocrx_word' id='word_1_62' title='bbox 665 1060 911 1128; x_wconf 84' lang='lat' dir='ltr'><strong>directis,</strong></span> <span class='ocrx_word' id='word_1_63' title='bbox 971 1061 1307 1117; x_wconf 86' lang='lat' dir='ltr'><strong>continetur.</strong></span> <span class='ocrx_word' id='word_1_64' title='bbox 1366 1063 1735 1119; x_wconf 89' lang='lat' dir='ltr'><strong>lmmunitatis</strong></span> 
     </span>
    </p>
   </div>
   <div class='ocr_carea' id='block_1_11' title="bbox 129 1150 1734 1226">
    <p class='ocr_par' dir='ltr' id='par_1_11' title="bbox 129 1150 1734 1226">
     <span class='ocr_line' id='line_1_11' title="bbox 129 1150 1734 1226; baseline 0.002 -21"><span class='ocrx_word' id='word_1_65' title='bbox 129 1167 330 1222; x_wconf 88' lang='lat' dir='ltr'><strong>quoque</strong></span> <span class='ocrx_word' id='word_1_66' title='bbox 362 1158 702 1222; x_wconf 68' lang='lat' dir='ltr'><strong>praeceptum</strong></span> <span class='ocrx_word' id='word_1_67' title='bbox 727 1150 795 1204; x_wconf 90' lang='lat' dir='ltr'><strong>ab</strong></span> <span class='ocrx_word' id='word_1_68' title='bbox 829 1152 934 1205; x_wconf 90' lang='lat' dir='ltr'><strong>hoc</strong></span> <span class='ocrx_word' id='word_1_69' title='bbox 961 1151 1126 1205; x_wconf 90' lang='lat' dir='ltr'><strong>etiam</strong></span> <span class='ocrx_word' id='word_1_70' title='bbox 1161 1167 1310 1226; x_wconf 85' lang='lat' dir='ltr'><strong>rege,</strong></span> <span class='ocrx_word' id='word_1_71' title='bbox 1337 1153 1496 1221; x_wconf 85' lang='lat' dir='ltr'><strong>juxta</strong></span> <span class='ocrx_word' id='word_1_72' title='bbox 1524 1170 1734 1224; x_wconf 74' lang='lat' dir='ltr'><strong>praece—</strong></span> 
     </span>
    </p>
   </div>
   <div class='ocr_carea' id='block_1_12' title="bbox 127 1238 1732 1311">
    <p class='ocr_par' dir='ltr' id='par_1_12' title="bbox 127 1238 1732 1311">
     <span class='ocr_line' id='line_1_12' title="bbox 127 1238 1732 1311; baseline 0.003 -19"><span class='ocrx_word' id='word_1_73' title='bbox 127 1239 355 1294; x_wconf 85' lang='lat' dir='ltr'><strong>dentium</strong></span> <span class='ocrx_word' id='word_1_74' title='bbox 392 1238 739 1310; x_wconf 86' lang='lat' dir='ltr'><strong>exemplaria</strong></span> <span class='ocrx_word' id='word_1_75' title='bbox 771 1255 986 1311; x_wconf 87' lang='lat' dir='ltr'><strong>regum,</strong></span> <span class='ocrx_word' id='word_1_76' title='bbox 1021 1240 1278 1295; x_wconf 87' lang='lat' dir='ltr'><strong>Remensi</strong></span> <span class='ocrx_word' id='word_1_77' title='bbox 1308 1242 1560 1297; x_wconf 81' lang='lat' dir='ltr'><strong>ecclesiae</strong></span> <span class='ocrx_word' id='word_1_78' title='bbox 1585 1241 1732 1298; x_wconf 91' lang='lat' dir='ltr'><strong>idem</strong></span> 
     </span>
    </p>
   </div>
   <div class='ocr_carea' id='block_1_13' title="bbox 129 1329 1732 1402">
    <p class='ocr_par' dir='ltr' id='par_1_13' title="bbox 129 1329 1732 1402">
     <span class='ocr_line' id='line_1_13' title="bbox 129 1329 1732 1402; baseline 0.002 -18"><span class='ocrx_word' id='word_1_79' title='bbox 129 1331 301 1400; x_wconf 62' lang='lat' dir='ltr'><strong>praesul</strong></span> <span class='ocrx_word' id='word_1_80' title='bbox 335 1330 650 1400; x_wconf 74' lang='lat' dir='ltr'><strong>impetravit</strong></span> <span class='ocrx_word' id='word_1_81' title='bbox 681 1329 872 1397; x_wconf 90' lang='lat' dir='ltr'><strong>;item,</strong></span> <span class='ocrx_word' id='word_1_82' title='bbox 934 1331 1084 1386; x_wconf 85' lang='lat' dir='ltr'><strong>aliud</strong></span> <span class='ocrx_word' id='word_1_83' title='bbox 1117 1339 1456 1402; x_wconf 61' lang='lat' dir='ltr'><strong>praeceptum</strong></span> <span class='ocrx_word' id='word_1_84' title='bbox 1491 1333 1560 1388; x_wconf 90' lang='lat' dir='ltr'><strong>de</strong></span> <span class='ocrx_word' id='word_1_85' title='bbox 1580 1333 1732 1388; x_wconf 90' lang='lat' dir='ltr'><strong>mili-</strong></span> 
     </span>
    </p>
   </div>
   <div class='ocr_carea' id='block_1_14' title="bbox 131 1421 1727 1497">
    <p class='ocr_par' dir='ltr' id='par_1_14' title="bbox 131 1421 1727 1497">
     <span class='ocr_line' id='line_1_14' title="bbox 131 1421 1727 1497; baseline 0.003 -22"><span class='ocrx_word' id='word_1_86' title='bbox 131 1421 263 1475; x_wconf 86' lang='lat' dir='ltr'><strong>tibus</strong></span> <span class='ocrx_word' id='word_1_87' title='bbox 316 1421 434 1490; x_wconf 77' lang='lat' dir='ltr'><strong>pagi</strong></span> <span class='ocrx_word' id='word_1_88' title='bbox 493 1421 883 1485; x_wconf 89' lang='lat' dir='ltr'><strong>Tardonensis,</strong></span> <span class='ocrx_word' id='word_1_89' title='bbox 934 1422 1091 1490; x_wconf 86' lang='lat' dir='ltr'><strong>juxta</strong></span> <span class='ocrx_word' id='word_1_90' title='bbox 1136 1423 1450 1477; x_wconf 89' lang='lat' dir='ltr'><strong>cessionem</strong></span> <span class='ocrx_word' id='word_1_91' title='bbox 1479 1425 1727 1497; x_wconf 83' lang='lat' dir='ltr'><strong>germani</strong></span> 
     </span>
    </p>
   </div>
   <div class='ocr_carea' id='block_1_15' title="bbox 126 1513 1727 1585">
    <p class='ocr_par' dir='ltr' id='par_1_15' title="bbox 126 1513 1727 1585">
     <span class='ocr_line' id='line_1_15' title="bbox 126 1513 1727 1585; baseline 0.004 -20"><span class='ocrx_word' id='word_1_92' title='bbox 126 1513 201 1567; x_wconf 92' lang='lat' dir='ltr'><strong>sui</strong></span> <span class='ocrx_word' id='word_1_93' title='bbox 228 1513 568 1566; x_wconf 89' lang='lat' dir='ltr'><strong>Karlomanni</strong></span> <span class='ocrx_word' id='word_1_94' title='bbox 604 1513 750 1585; x_wconf 84' lang='lat' dir='ltr'><strong>regis</strong></span> <span class='ocrx_word' id='word_1_95' title='bbox 784 1531 799 1578; x_wconf 85' lang='lat'><strong>;</strong></span> <span class='ocrx_word' id='word_1_96' title='bbox 834 1513 986 1580; x_wconf 88' lang='lat' dir='ltr'><strong>item,</strong></span> <span class='ocrx_word' id='word_1_97' title='bbox 1011 1514 1080 1568; x_wconf 93' lang='lat' dir='ltr'><strong>de</strong></span> <span class='ocrx_word' id='word_1_98' title='bbox 1099 1514 1304 1569; x_wconf 90' lang='lat' dir='ltr'><strong>chartis</strong></span> <span class='ocrx_word' id='word_1_99' title='bbox 1326 1517 1727 1583; x_wconf 88' lang='lat' dir='ltr'><strong>concrematis;</strong></span> 
     </span>
    </p>
   </div>
   <div class='ocr_carea' id='block_1_16' title="bbox 126 1604 1728 1679">
    <p class='ocr_par' dir='ltr' id='par_1_16' title="bbox 126 1604 1728 1679">
     <span class='ocr_line' id='line_1_16' title="bbox 126 1604 1728 1679; baseline 0.002 -20"><span class='ocrx_word' id='word_1_100' title='bbox 126 1605 261 1668; x_wconf 89' lang='lat' dir='ltr'><strong>item,</strong></span> <span class='ocrx_word' id='word_1_101' title='bbox 293 1605 360 1659; x_wconf 89' lang='lat' dir='ltr'><strong>de</strong></span> <span class='ocrx_word' id='word_1_102' title='bbox 405 1604 827 1660; x_wconf 79' lang='lat' dir='ltr'><strong>continuatione</strong></span> <span class='ocrx_word' id='word_1_103' title='bbox 881 1606 1196 1661; x_wconf 90' lang='lat' dir='ltr'><strong>traditionis</strong></span> <span class='ocrx_word' id='word_1_104' title='bbox 1239 1607 1450 1676; x_wconf 77' lang='lat' dir='ltr'><strong>praefati</strong></span> <span class='ocrx_word' id='word_1_105' title='bbox 1481 1609 1728 1679; x_wconf 88' lang='lat' dir='ltr'><strong>germani</strong></span> 
     </span>
    </p>
   </div>
   <div class='ocr_carea' id='block_1_17' title="bbox 124 1696 1728 1768">
    <p class='ocr_par' dir='ltr' id='par_1_17' title="bbox 124 1696 1728 1768">
     <span class='ocr_line' id='line_1_17' title="bbox 124 1696 1728 1768; baseline 0.004 -19"><span class='ocrx_word' id='word_1_106' title='bbox 124 1697 197 1750; x_wconf 91' lang='lat' dir='ltr'><strong>sui</strong></span> <span class='ocrx_word' id='word_1_107' title='bbox 229 1696 384 1768; x_wconf 87' lang='lat' dir='ltr'><strong>regis,</strong></span> <span class='ocrx_word' id='word_1_108' title='bbox 417 1713 529 1766; x_wconf 90' lang='lat' dir='ltr'><strong>qua</strong></span> <span class='ocrx_word' id='word_1_109' title='bbox 561 1697 942 1764; x_wconf 89' lang='lat' dir='ltr'><strong>Novilliacum,</strong></span> <span class='ocrx_word' id='word_1_110' title='bbox 975 1699 1372 1753; x_wconf 84' lang='lat' dir='ltr'><strong>etBebriacum</strong></span> <span class='ocrx_word' id='word_1_111' title='bbox 1404 1700 1561 1754; x_wconf 90' lang='lat' dir='ltr'><strong>villas</strong></span> <span class='ocrx_word' id='word_1_112' title='bbox 1582 1700 1728 1755; x_wconf 91' lang='lat' dir='ltr'><strong>idem</strong></span> 
     </span>
    </p>
   </div>
   <div class='ocr_carea' id='block_1_18' title="bbox 128 1787 1729 1864">
    <p class='ocr_par' dir='ltr' id='par_1_18' title="bbox 128 1787 1729 1864">
     <span class='ocr_line' id='line_1_18' title="bbox 128 1787 1729 1864; baseline 0.004 -24"><span class='ocrx_word' id='word_1_113' title='bbox 128 1805 207 1843; x_wconf 77' lang='lat' dir='ltr'><strong>rex</strong></span> <span class='ocrx_word' id='word_1_114' title='bbox 237 1788 299 1841; x_wconf 88' lang='lat' dir='ltr'><strong>ad</strong></span> <span class='ocrx_word' id='word_1_115' title='bbox 328 1787 613 1843; x_wconf 83' lang='lat' dir='ltr'><strong>basilicam</strong></span> <span class='ocrx_word' id='word_1_116' title='bbox 633 1790 808 1844; x_wconf 89' lang='lat' dir='ltr'><strong>sancti</strong></span> <span class='ocrx_word' id='word_1_117' title='bbox 844 1790 1078 1864; x_wconf 87' lang='lat' dir='ltr'><strong>Remigii</strong></span> <span class='ocrx_word' id='word_1_118' title='bbox 1110 1792 1465 1846; x_wconf 88' lang='lat' dir='ltr'><strong>condonavit.</strong></span> <span class='ocrx_word' id='word_1_119' title='bbox 1495 1791 1729 1847; x_wconf 72' lang='lat' dir='ltr'><strong>Praeter-</strong></span> 
     </span>
    </p>
   </div>
   <div class='ocr_carea' id='block_1_19' title="bbox 1834 604 3457 676">
    <p class='ocr_par' dir='ltr' id='par_1_19' title="bbox 1834 604 3457 676">
     <span class='ocr_line' id='line_1_19' title="bbox 1834 604 3457 676; baseline -0.002 -13"><span class='ocrx_word' id='word_1_120' title='bbox 1834 607 2082 663; x_wconf 65' lang='lat' dir='ltr'><strong>ecclesize</strong></span> <span class='ocrx_word' id='word_1_121' title='bbox 2099 605 2466 676; x_wconf 90' lang='lat' dir='ltr'><strong>conquisisse,</strong></span> <span class='ocrx_word' id='word_1_122' title='bbox 2501 612 2555 660; x_wconf 84' lang='lat' dir='ltr'><strong>et</strong></span> <span class='ocrx_word' id='word_1_123' title='bbox 2585 621 2672 659; x_wconf 90' lang='lat' dir='ltr'><strong>res</strong></span> <span class='ocrx_word' id='word_1_124' title='bbox 2698 612 2752 660; x_wconf 88' lang='lat' dir='ltr'><strong>et</strong></span> <span class='ocrx_word' id='word_1_125' title='bbox 2781 604 3034 671; x_wconf 90' lang='lat' dir='ltr'><strong>colonos,</strong></span> <span class='ocrx_word' id='word_1_126' title='bbox 3061 615 3171 659; x_wconf 85' lang='lat' dir='ltr'><strong>tam</strong></span> <span class='ocrx_word' id='word_1_127' title='bbox 3193 606 3339 676; x_wconf 90' lang='lat' dir='ltr'><strong>apud</strong></span> <span class='ocrx_word' id='word_1_128' title='bbox 3369 621 3457 660; x_wconf 89' lang='lat' dir='ltr'><strong>re-</strong></span> 
     </span>
    </p>
   </div>
   <div class='ocr_carea' id='block_1_20' title="bbox 1834 697 3453 776">
    <p class='ocr_par' dir='ltr' id='par_1_20' title="bbox 1834 697 3453 776">
     <span class='ocr_line' id='line_1_20' title="bbox 1834 697 3453 776; baseline -0.002 -21"><span class='ocrx_word' id='word_1_129' title='bbox 1834 701 1982 776; x_wconf 90' lang='lat' dir='ltr'><strong>giam</strong></span> <span class='ocrx_word' id='word_1_130' title='bbox 2013 700 2356 768; x_wconf 90' lang='lat' dir='ltr'><strong>majestatem</strong></span> <span class='ocrx_word' id='word_1_131' title='bbox 2387 715 2552 770; x_wconf 90' lang='lat' dir='ltr'><strong>quam</strong></span> <span class='ocrx_word' id='word_1_132' title='bbox 2584 698 2730 768; x_wconf 91' lang='lat' dir='ltr'><strong>apud</strong></span> <span class='ocrx_word' id='word_1_133' title='bbox 2771 698 3001 752; x_wconf 90' lang='lat' dir='ltr'><strong>colonos</strong></span> <span class='ocrx_word' id='word_1_134' title='bbox 3024 705 3080 752; x_wconf 92' lang='lat' dir='ltr'><strong>et</strong></span> <span class='ocrx_word' id='word_1_135' title='bbox 3105 697 3327 766; x_wconf 90' lang='lat' dir='ltr'><strong>judices</strong></span> <span class='ocrx_word' id='word_1_136' title='bbox 3345 714 3453 768; x_wconf 94' lang='lat' dir='ltr'><strong>pu-</strong></span> 
     </span>
    </p>
   </div>
   <div class='ocr_carea' id='block_1_21' title="bbox 1834 786 3454 858">
    <p class='ocr_par' dir='ltr' id='par_1_21' title="bbox 1834 786 3454 858">
     <span class='ocr_line' id='line_1_21' title="bbox 1834 786 3454 858; baseline -0.002 -15"><span class='ocrx_word' id='word_1_137' title='bbox 1834 789 2029 854; x_wconf 90' lang='lat' dir='ltr'><strong>blicos,</strong></span> <span class='ocrx_word' id='word_1_138' title='bbox 2064 805 2166 843; x_wconf 89' lang='lat' dir='ltr'><strong>nec</strong></span> <span class='ocrx_word' id='word_1_139' title='bbox 2195 788 2376 843; x_wconf 91' lang='lat' dir='ltr'><strong>solum</strong></span> <span class='ocrx_word' id='word_1_140' title='bbox 2434 803 2532 858; x_wconf 89' lang='lat' dir='ltr'><strong>per</strong></span> <span class='ocrx_word' id='word_1_141' title='bbox 2561 793 2816 842; x_wconf 88' lang='lat' dir='ltr'><strong>auctores</strong></span> <span class='ocrx_word' id='word_1_142' title='bbox 2847 786 3116 851; x_wconf 64' lang='lat' dir='ltr'><strong>ecclesiae,</strong></span> <span class='ocrx_word' id='word_1_143' title='bbox 3163 786 3261 840; x_wconf 91' lang='lat' dir='ltr'><strong>sed</strong></span> <span class='ocrx_word' id='word_1_144' title='bbox 3290 786 3454 840; x_wconf 90' lang='lat' dir='ltr'><strong>etiam</strong></span> 
     </span>
    </p>
   </div>
   <div class='ocr_carea' id='block_1_22' title="bbox 1833 874 3456 953">
    <p class='ocr_par' dir='ltr' id='par_1_22' title="bbox 1833 874 3456 953">
     <span class='ocr_line' id='line_1_22' title="bbox 1833 874 3456 953; baseline -0.004 -17"><span class='ocrx_word' id='word_1_145' title='bbox 1833 880 2058 953; x_wconf 90' lang='lat' dir='ltr'><strong>quando</strong></span> <span class='ocrx_word' id='word_1_146' title='bbox 2097 895 2195 950; x_wconf 91' lang='lat' dir='ltr'><strong>per</strong></span> <span class='ocrx_word' id='word_1_147' title='bbox 2247 878 2332 932; x_wconf 91' lang='lat' dir='ltr'><strong>sui</strong></span> <span class='ocrx_word' id='word_1_148' title='bbox 2381 875 2754 948; x_wconf 66' lang='lat' dir='ltr'><strong>praesentiam.</strong></span> <span class='ocrx_word' id='word_1_149' title='bbox 2803 876 2901 929; x_wconf 58' lang='grc' dir='ltr'><strong>(ῥιιὶ</strong></span> <span class='ocrx_word' id='word_1_150' title='bbox 2961 876 3119 930; x_wconf 85' lang='lat' dir='ltr'><strong>valde</strong></span> <span class='ocrx_word' id='word_1_151' title='bbox 3146 874 3456 930; x_wconf 89' lang='lat' dir='ltr'><strong>credidisse</strong></span> 
     </span>
    </p>
   </div>
   <div class='ocr_carea' id='block_1_23' title="bbox 1833 967 3456 1044">
    <p class='ocr_par' dir='ltr' id='par_1_23' title="bbox 1833 967 3456 1044">
     <span class='ocr_line' id='line_1_23' title="bbox 1833 967 3456 1044; baseline -0.007 -12"><span class='ocrx_word' id='word_1_152' title='bbox 1833 976 2058 1034; x_wconf 87' lang='lat' dir='ltr'><strong>Carolus</strong></span> <span class='ocrx_word' id='word_1_153' title='bbox 2099 975 2397 1044; x_wconf 89' lang='lat' dir='ltr'><strong>imperator</strong></span> <span class='ocrx_word' id='word_1_154' title='bbox 2451 987 2686 1043; x_wconf 90' lang='lat' dir='ltr'><strong>magnus</strong></span> <span class='ocrx_word' id='word_1_155' title='bbox 2742 985 2808 1024; x_wconf 87' lang='lat' dir='ltr'><strong>ex</strong></span> <span class='ocrx_word' id='word_1_156' title='bbox 2847 986 2914 1025; x_wconf 92' lang='lat' dir='ltr'><strong>eo</strong></span> <span class='ocrx_word' id='word_1_157' title='bbox 2975 969 3262 1040; x_wconf 88' lang='lat' dir='ltr'><strong>probatur,</strong></span> <span class='ocrx_word' id='word_1_158' title='bbox 3305 967 3456 1040; x_wconf 90' lang='lat' dir='ltr'><strong>quod</strong></span> 
     </span>
    </p>
   </div>
   <div class='ocr_carea' id='block_1_24' title="bbox 1835 1057 3457 1130">
    <p class='ocr_par' dir='ltr' id='par_1_24' title="bbox 1835 1057 3457 1130">
     <span class='ocr_line' id='line_1_24' title="bbox 1835 1057 3457 1130; baseline -0.006 -10"><span class='ocrx_word' id='word_1_159' title='bbox 1835 1067 2077 1121; x_wconf 87' lang='lat' dir='ltr'><strong>illustres</strong></span> <span class='ocrx_word' id='word_1_160' title='bbox 2115 1065 2391 1118; x_wconf 83' lang='lat' dir='ltr'><strong>Saxonum</strong></span> <span class='ocrx_word' id='word_1_161' title='bbox 2437 1059 2665 1116; x_wconf 90' lang='lat' dir='ltr'><strong>obsides</strong></span> <span class='ocrx_word' id='word_1_162' title='bbox 2695 1058 3016 1130; x_wconf 88' lang='lat' dir='ltr'><strong>quindecim</strong></span> <span class='ocrx_word' id='word_1_163' title='bbox 3057 1073 3198 1129; x_wconf 91' lang='lat' dir='ltr'><strong>quos</strong></span> <span class='ocrx_word' id='word_1_164' title='bbox 3227 1057 3457 1111; x_wconf 86' lang='lat' dir='ltr'><strong>adduxit</strong></span> 
     </span>
    </p>
   </div>
   <div class='ocr_carea' id='block_1_25' title="bbox 1835 1149 3307 1224">
    <p class='ocr_par' dir='ltr' id='par_1_25' title="bbox 1835 1149 3307 1224">
     <span class='ocr_line' id='line_1_25' title="bbox 1835 1149 3307 1224; baseline -0.007 -12"><span class='ocrx_word' id='word_1_165' title='bbox 1835 1159 1903 1212; x_wconf 91' lang='lat' dir='ltr'><strong>de</strong></span> <span class='ocrx_word' id='word_1_166' title='bbox 1933 1156 2191 1220; x_wconf 89' lang='lat' dir='ltr'><strong>Saxonia,</strong></span> <span class='ocrx_word' id='word_1_167' title='bbox 2224 1154 2396 1224; x_wconf 90' lang='lat' dir='ltr'><strong>ipsius</strong></span> <span class='ocrx_word' id='word_1_168' title='bbox 2417 1152 2547 1207; x_wconf 77' lang='lat' dir='ltr'><strong>fidei</strong></span> <span class='ocrx_word' id='word_1_169' title='bbox 2579 1152 2979 1207; x_wconf 88' lang='lat' dir='ltr'><strong>custodiendos</strong></span> <span class='ocrx_word' id='word_1_170' title='bbox 3010 1149 3307 1205; x_wconf 89' lang='lat' dir='ltr'><strong>commisit.</strong></span> 
     </span>
    </p>
   </div>
   <div class='ocr_carea' id='block_1_26' title="bbox 1907 1239 3458 1315">
    <p class='ocr_par' dir='ltr' id='par_1_26' title="bbox 1907 1239 3458 1315">
     <span class='ocr_line' id='line_1_26' title="bbox 1907 1239 3458 1315; baseline -0.005 -16"><span class='ocrx_word' id='word_1_171' title='bbox 1907 1246 2005 1301; x_wconf 85' lang='lat' dir='ltr'><strong>Hic</strong></span> <span class='ocrx_word' id='word_1_172' title='bbox 2028 1244 2303 1315; x_wconf 88' lang='lat' dir='ltr'><strong>synodum</strong></span> <span class='ocrx_word' id='word_1_173' title='bbox 2334 1241 2614 1296; x_wconf 87' lang='lat' dir='ltr'><strong>invenitur</strong></span> <span class='ocrx_word' id='word_1_174' title='bbox 2637 1241 2899 1296; x_wconf 89' lang='lat' dir='ltr'><strong>habuisse</strong></span> <span class='ocrx_word' id='word_1_175' title='bbox 2929 1255 3076 1295; x_wconf 91' lang='lat' dir='ltr'><strong>anno</strong></span> <span class='ocrx_word' id='word_1_176' title='bbox 3106 1239 3176 1294; x_wconf 91' lang='lat' dir='ltr'><strong>ab</strong></span> <span class='ocrx_word' id='word_1_177' title='bbox 3203 1239 3458 1294; x_wconf 89' lang='lat' dir='ltr'><strong>incarna-</strong></span> 
     </span>
    </p>
   </div>
   <div class='ocr_carea' id='block_1_27' title="bbox 1837 1332 3459 1394">
    <p class='ocr_par' dir='ltr' id='par_1_27' title="bbox 1837 1332 3459 1394">
     <span class='ocr_line' id='line_1_27' title="bbox 1837 1332 3459 1394; baseline -0.004 -1"><span class='ocrx_word' id='word_1_178' title='bbox 1837 1339 1986 1394; x_wconf 89' lang='lat' dir='ltr'><strong>tione</strong></span> <span class='ocrx_word' id='word_1_179' title='bbox 2014 1337 2229 1392; x_wconf 92' lang='lat' dir='ltr'><strong>Domini</strong></span> <span class='ocrx_word' id='word_1_180' title='bbox 2265 1337 2437 1392; x_wconf 89' lang='lat' dir='ltr'><strong>nostri</strong></span> <span class='ocrx_word' id='word_1_181' title='bbox 2467 1338 2598 1392; x_wconf 82' lang='lat' dir='ltr'><strong>Jesu</strong></span> <span class='ocrx_word' id='word_1_182' title='bbox 2625 1335 2825 1390; x_wconf 87' lang='lat' dir='ltr'><strong>Christi</strong></span> <span class='ocrx_word' id='word_1_183' title='bbox 2856 1335 2962 1387; x_wconf 76' lang='grc'><strong>814</strong></span> <span class='ocrx_word' id='word_1_184' title='bbox 2990 1333 3046 1386; x_wconf 91' lang='lat' dir='ltr'><strong>in</strong></span> <span class='ocrx_word' id='word_1_185' title='bbox 3082 1332 3317 1387; x_wconf 89' lang='lat' dir='ltr'><strong>ecclesia</strong></span> <span class='ocrx_word' id='word_1_186' title='bbox 3346 1332 3459 1387; x_wconf 86' lang='lat' dir='ltr'><strong>No-</strong></span> 
     </span>
    </p>
   </div>
   <div class='ocr_carea' id='block_1_28' title="bbox 1835 1423 3457 1500">
    <p class='ocr_par' dir='ltr' id='par_1_28' title="bbox 1835 1423 3457 1500">
     <span class='ocr_line' id='line_1_28' title="bbox 1835 1423 3457 1500; baseline -0.005 -16"><span class='ocrx_word' id='word_1_187' title='bbox 1835 1428 2128 1494; x_wconf 83' lang='lat' dir='ltr'><strong>vi&#39;omensi,</strong></span> <span class='ocrx_word' id='word_1_188' title='bbox 2154 1436 2423 1500; x_wconf 84' lang='lat' dir='ltr'><strong>regnante</strong></span> <span class='ocrx_word' id='word_1_189' title='bbox 2465 1427 2742 1482; x_wconf 89' lang='lat' dir='ltr'><strong>Ludovico</strong></span> <span class='ocrx_word' id='word_1_190' title='bbox 2775 1425 2887 1480; x_wconf 83' lang='lat' dir='ltr'><strong>lilio</strong></span> <span class='ocrx_word' id='word_1_191' title='bbox 2922 1423 3124 1489; x_wconf 88' lang='lat' dir='ltr'><strong>Karoli,</strong></span> <span class='ocrx_word' id='word_1_192' title='bbox 3147 1438 3457 1496; x_wconf 85' lang='lat' dir='ltr'><strong>congrega-</strong></span> 
     </span>
    </p>
   </div>
   <div class='ocr_carea' id='block_1_29' title="bbox 1833 1511 3454 1587">
    <p class='ocr_par' dir='ltr' id='par_1_29' title="bbox 1833 1511 3454 1587">
     <span class='ocr_line' id='line_1_29' title="bbox 1833 1511 3454 1587; baseline -0.006 -14"><span class='ocrx_word' id='word_1_193' title='bbox 1833 1519 1905 1574; x_wconf 89' lang='lat' dir='ltr'><strong>tis</strong></span> <span class='ocrx_word' id='word_1_194' title='bbox 1943 1533 2132 1573; x_wconf 87' lang='lat' dir='ltr'><strong>secum</strong></span> <span class='ocrx_word' id='word_1_195' title='bbox 2181 1517 2532 1587; x_wconf 87' lang='lat' dir='ltr'><strong>coepiscopis</strong></span> <span class='ocrx_word' id='word_1_196' title='bbox 2591 1515 2706 1570; x_wconf 91' lang='lat' dir='ltr'><strong>suis</strong></span> <span class='ocrx_word' id='word_1_197' title='bbox 2750 1513 3066 1576; x_wconf 89' lang='lat' dir='ltr'><strong>Hildoardo,</strong></span> <span class='ocrx_word' id='word_1_198' title='bbox 3121 1511 3454 1576; x_wconf 88' lang='lat' dir='ltr'><strong>Ermenone,</strong></span> 
     </span>
    </p>
   </div>
   <div class='ocr_carea' id='block_1_30' title="bbox 1829 1599 3458 1681">
    <p class='ocr_par' dir='ltr' id='par_1_30' title="bbox 1829 1599 3458 1681">
     <span class='ocr_line' id='line_1_30' title="bbox 1829 1599 3458 1681; baseline -0.006 -18"><span class='ocrx_word' id='word_1_199' title='bbox 1829 1609 2004 1674; x_wconf 83' lang='lat' dir='ltr'><strong>Jesse,</strong></span> <span class='ocrx_word' id='word_1_200' title='bbox 2039 1607 2434 1681; x_wconf 87' lang='lat' dir='ltr'><strong>Ragumberto,</strong></span> <span class='ocrx_word' id='word_1_201' title='bbox 2491 1603 2834 1667; x_wconf 81' lang='lat' dir='ltr'><strong>Grimboldo,</strong></span> <span class='ocrx_word' id='word_1_202' title='bbox 2879 1601 3179 1668; x_wconf 84' lang='lat' dir='ltr'><strong>Rothardo,</strong></span> <span class='ocrx_word' id='word_1_203' title='bbox 3208 1599 3458 1655; x_wconf 88' lang='lat' dir='ltr'><strong>Wendil-</strong></span> 
     </span>
    </p>
   </div>
   <div class='ocr_carea' id='block_1_31' title="bbox 1832 1690 3452 1764">
    <p class='ocr_par' dir='ltr' id='par_1_31' title="bbox 1832 1690 3452 1764">
     <span class='ocr_line' id='line_1_31' title="bbox 1832 1690 3452 1764; baseline -0.004 -13"><span class='ocrx_word' id='word_1_204' title='bbox 1832 1712 2005 1762; x_wconf 88' lang='lat' dir='ltr'><strong>maro,</strong></span> <span class='ocrx_word' id='word_1_205' title='bbox 2039 1695 2344 1759; x_wconf 88' lang='lat' dir='ltr'><strong>Ostroaldo,</strong></span> <span class='ocrx_word' id='word_1_206' title='bbox 2370 1702 2425 1748; x_wconf 93' lang='lat' dir='ltr'><strong>et</strong></span> <span class='ocrx_word' id='word_1_207' title='bbox 2451 1692 2867 1764; x_wconf 86' lang='lat' dir='ltr'><strong>cborepiscOpis</strong></span> <span class='ocrx_word' id='word_1_208' title='bbox 2899 1690 3186 1756; x_wconf 87' lang='lat' dir='ltr'><strong>Waltario,</strong></span> <span class='ocrx_word' id='word_1_209' title='bbox 3220 1690 3452 1759; x_wconf 86' lang='lat' dir='ltr'><strong>Sperno,</strong></span> 
     </span>
    </p>
   </div>
   <div class='ocr_carea' id='block_1_32' title="bbox 1832 1781 3451 1849">
    <p class='ocr_par' dir='ltr' id='par_1_32' title="bbox 1832 1781 3451 1849">
     <span class='ocr_line' id='line_1_32' title="bbox 1832 1781 3451 1849; baseline -0.004 -6"><span class='ocrx_word' id='word_1_210' title='bbox 1832 1803 2050 1844; x_wconf 91' lang='lat' dir='ltr'><strong>necnon</strong></span> <span class='ocrx_word' id='word_1_211' title='bbox 2077 1798 2132 1842; x_wconf 89' lang='lat' dir='ltr'><strong>et</strong></span> <span class='ocrx_word' id='word_1_212' title='bbox 2161 1786 2458 1841; x_wconf 85' lang='lat' dir='ltr'><strong>abbatibus</strong></span> <span class='ocrx_word' id='word_1_213' title='bbox 2510 1784 2845 1849; x_wconf 84' lang='lat' dir='ltr'><strong>Adalbardo,</strong></span> <span class='ocrx_word' id='word_1_214' title='bbox 2882 1782 3164 1848; x_wconf 86' lang='lat' dir='ltr'><strong>Nantario,</strong></span> <span class='ocrx_word' id='word_1_215' title='bbox 3196 1781 3451 1843; x_wconf 85' lang='lat' dir='ltr'><strong>Fulrado.</strong></span> 
     </span>
    </p>
   </div>
   <div class='ocr_carea' id='block_1_33' title="bbox 124 1848 3451 1950">
    <p class='ocr_par' dir='ltr' id='par_1_33' title="bbox 124 1848 3451 1950">
     <span class='ocr_line' id='line_1_33' title="bbox 124 1848 3451 1950; baseline -0.001 -20"><span class='ocrx_word' id='word_1_216' title='bbox 124 1893 180 1930; x_wconf 88' lang='lat' dir='ltr'><strong>ea</strong></span> <span class='ocrx_word' id='word_1_217' title='bbox 208 1878 354 1932; x_wconf 92' lang='lat' dir='ltr'><strong>multi</strong></span> <span class='ocrx_word' id='word_1_218' title='bbox 386 1877 497 1931; x_wconf 91' lang='lat' dir='ltr'><strong>sub</strong></span> <span class='ocrx_word' id='word_1_219' title='bbox 529 1878 694 1946; x_wconf 89' lang='lat' dir='ltr'><strong>hujus</strong></span> <span class='ocrx_word' id='word_1_220' title='bbox 726 1879 974 1948; x_wconf 66' lang='lat' dir='ltr'><strong>praesulis</strong></span> <span class='ocrx_word' id='word_1_221' title='bbox 1001 1848 1327 1950; x_wconf 61' lang='lat' dir='ltr'><strong>;pisc0patu</strong></span> <span class='ocrx_word' id='word_1_222' title='bbox 1373 1897 1460 1935; x_wconf 89' lang='lat' dir='ltr'><strong>res</strong></span> <span class='ocrx_word' id='word_1_223' title='bbox 1499 1897 1627 1936; x_wconf 90' lang='lat' dir='ltr'><strong>suas</strong></span> <span class='ocrx_word' id='word_1_224' title='bbox 1659 1883 1726 1936; x_wconf 90' lang='lat' dir='ltr'><strong>ad</strong></span> <span class='ocrx_word' id='word_1_225' title='bbox 1760 1848 2050 1943; x_wconf 83' lang='lat' dir='ltr'><strong>BEricho,</strong></span> <span class='ocrx_word' id='word_1_226' title='bbox 2097 1876 2391 1942; x_wconf 88' lang='lat' dir='ltr'><strong>Hilderico,</strong></span> <span class='ocrx_word' id='word_1_227' title='bbox 2424 1874 2696 1946; x_wconf 79' lang='lat' dir='ltr'><strong>Remigio,</strong></span> <span class='ocrx_word' id='word_1_228' title='bbox 2733 1848 2982 1935; x_wconf 86' lang='lat' dir='ltr'><strong>Ebbone,</strong></span> <span class='ocrx_word' id='word_1_229' title='bbox 3015 1871 3297 1943; x_wconf 78' lang='lat' dir='ltr'><strong>Sigbaldo,</strong></span> <span class='ocrx_word' id='word_1_230' title='bbox 3327 1886 3451 1926; x_wconf 92' lang='lat' dir='ltr'><strong>cum</strong></span> 
     </span>
    </p>
   </div>
   <div class='ocr_carea' id='block_1_34' title="bbox 121 1966 1731 2039">
    <p class='ocr_par' dir='ltr' id='par_1_34' title="bbox 121 1966 1731 2039">
     <span class='ocr_line' id='line_1_34' title="bbox 121 1966 1731 2039; baseline 0.002 -21"><span class='ocrx_word' id='word_1_231' title='bbox 121 1966 390 2020; x_wconf 86' lang='lat' dir='ltr'><strong>ecclesiam</strong></span> <span class='ocrx_word' id='word_1_232' title='bbox 457 1967 810 2030; x_wconf 87' lang='lat' dir='ltr'><strong>Remensem,</strong></span> <span class='ocrx_word' id='word_1_233' title='bbox 875 1976 984 2021; x_wconf 88' lang='lat' dir='ltr'><strong>tam</strong></span> <span class='ocrx_word' id='word_1_234' title='bbox 1045 1975 1254 2022; x_wconf 66' lang='lat' dir='ltr'><strong>sanctae</strong></span> <span class='ocrx_word' id='word_1_235' title='bbox 1314 1968 1514 2033; x_wconf 64' lang='lat' dir='ltr'><strong>Mariae,</strong></span> <span class='ocrx_word' id='word_1_236' title='bbox 1567 1985 1731 2039; x_wconf 90' lang='lat' dir='ltr'><strong>quam</strong></span> 
     </span>
    </p>
   </div>
   <div class='ocr_carea' id='block_1_35' title="bbox 119 2057 1733 2132">
    <p class='ocr_par' dir='ltr' id='par_1_35' title="bbox 119 2057 1733 2132">
     <span class='ocr_line' id='line_1_35' title="bbox 119 2057 1733 2132; baseline 0.002 -21"><span class='ocrx_word' id='word_1_237' title='bbox 119 2066 288 2112; x_wconf 87' lang='lat' dir='ltr'><strong>sancto</strong></span> <span class='ocrx_word' id='word_1_238' title='bbox 319 2057 594 2132; x_wconf 82' lang='lat' dir='ltr'><strong>Remigio,</strong></span> <span class='ocrx_word' id='word_1_239' title='bbox 639 2059 1015 2113; x_wconf 89' lang='lat' dir='ltr'><strong>contulerunt.</strong></span> <span class='ocrx_word' id='word_1_240' title='bbox 1068 2059 1168 2123; x_wconf 84' lang='lat' dir='ltr'><strong>Qui</strong></span> <span class='ocrx_word' id='word_1_241' title='bbox 1202 2060 1398 2128; x_wconf 63' lang='lat' dir='ltr'><strong>praesul</strong></span> <span class='ocrx_word' id='word_1_242' title='bbox 1433 2060 1733 2115; x_wconf 82' lang='lat' dir='ltr'><strong>defunctus</strong></span> 
     </span>
    </p>
   </div>
   <div class='ocr_carea' id='block_1_36' title="bbox 121 2150 1734 2223">
    <p class='ocr_par' dir='ltr' id='par_1_36' title="bbox 121 2150 1734 2223">
     <span class='ocr_line' id='line_1_36' title="bbox 121 2150 1734 2223; baseline 0.002 -20"><span class='ocrx_word' id='word_1_243' title='bbox 121 2158 194 2203; x_wconf 88' lang='lat' dir='ltr'><strong>est</strong></span> <span class='ocrx_word' id='word_1_244' title='bbox 219 2165 357 2204; x_wconf 90' lang='lat' dir='ltr'><strong>anno</strong></span> <span class='ocrx_word' id='word_1_245' title='bbox 387 2150 475 2204; x_wconf 93' lang='lat' dir='ltr'><strong>sui</strong></span> <span class='ocrx_word' id='word_1_246' title='bbox 507 2150 863 2220; x_wconf 84' lang='lat' dir='ltr'><strong>epiSCOpatus</strong></span> <span class='ocrx_word' id='word_1_247' title='bbox 886 2152 953 2204; x_wconf 74' lang='grc'>47</span> <span class='ocrx_word' id='word_1_248' title='bbox 989 2169 1003 2216; x_wconf 91' lang='lat'><strong>;</strong></span> <span class='ocrx_word' id='word_1_249' title='bbox 1036 2152 1194 2218; x_wconf 87' lang='lat' dir='ltr'><strong>cujus</strong></span> <span class='ocrx_word' id='word_1_250' title='bbox 1228 2167 1434 2222; x_wconf 91' lang='lat' dir='ltr'><strong>corpus</strong></span> <span class='ocrx_word' id='word_1_251' title='bbox 1466 2153 1532 2206; x_wconf 90' lang='lat' dir='ltr'><strong>ad</strong></span> <span class='ocrx_word' id='word_1_252' title='bbox 1560 2153 1734 2223; x_wconf 84' lang='lat' dir='ltr'><strong>pedes</strong></span> 
     </span>
    </p>
   </div>
   <div class='ocr_carea' id='block_1_37' title="bbox 120 2242 1733 2316">
    <p class='ocr_par' dir='ltr' id='par_1_37' title="bbox 120 2242 1733 2316">
     <span class='ocr_line' id='line_1_37' title="bbox 120 2242 1733 2316; baseline 0.002 -21"><span class='ocrx_word' id='word_1_253' title='bbox 120 2242 278 2296; x_wconf 90' lang='lat' dir='ltr'><strong>sancti</strong></span> <span class='ocrx_word' id='word_1_254' title='bbox 301 2242 540 2316; x_wconf 84' lang='lat' dir='ltr'><strong>Remigii</strong></span> <span class='ocrx_word' id='word_1_255' title='bbox 596 2242 944 2308; x_wconf 90' lang='lat' dir='ltr'><strong>tumulatum,</strong></span> <span class='ocrx_word' id='word_1_256' title='bbox 1009 2243 1326 2311; x_wconf 87' lang='lat' dir='ltr'><strong>hujusmodi</strong></span> <span class='ocrx_word' id='word_1_257' title='bbox 1354 2244 1602 2299; x_wconf 91' lang='lat' dir='ltr'><strong>cernitur</strong></span> <span class='ocrx_word' id='word_1_258' title='bbox 1633 2245 1733 2299; x_wconf 92' lang='lat' dir='ltr'><strong>ha-</strong></span> 
     </span>
    </p>
   </div>
   <div class='ocr_carea' id='block_1_38' title="bbox 127 2330 486 2386">
    <p class='ocr_par' dir='ltr' id='par_1_38' title="bbox 127 2330 486 2386">
     <span class='ocr_line' id='line_1_38' title="bbox 127 2330 486 2386; baseline 0 -2"><span class='ocrx_word' id='word_1_259' title='bbox 127 2330 242 2385; x_wconf 89' lang='lat' dir='ltr'><strong>bere</strong></span> <span class='ocrx_word' id='word_1_260' title='bbox 270 2331 486 2386; x_wconf 90' lang='lat' dir='ltr'><strong>titulum</strong></span> 
     </span>
    </p>
   </div>
   <div class='ocr_carea' id='block_1_39' title="bbox 175 2422 1448 2486">
    <p class='ocr_par' dir='ltr' id='par_1_39' title="bbox 175 2422 1448 2486">
     <span class='ocr_line' id='line_1_39' title="bbox 175 2422 1448 2486; baseline 0.001 -14"><span class='ocrx_word' id='word_1_261' title='bbox 175 2423 267 2472; x_wconf 80' lang='lat' dir='ltr'><strong>Hac</strong></span> <span class='ocrx_word' id='word_1_262' title='bbox 293 2422 727 2486; x_wconf 12' lang='lat' dir='ltr'><strong>requiescitihomo</strong></span> <span class='ocrx_word' id='word_1_263' title='bbox 757 2423 988 2485; x_wconf 88' lang='lat' dir='ltr'><strong>Tilpinus</strong></span> <span class='ocrx_word' id='word_1_264' title='bbox 1016 2423 1197 2486; x_wconf 60' lang='lat' dir='ltr'><strong>praesul</strong></span> <span class='ocrx_word' id='word_1_265' title='bbox 1229 2424 1448 2483; x_wconf 84' lang='lat' dir='ltr'><strong>honoris,</strong></span> 
     </span>
    </p>
   </div>
   <div class='ocr_carea' id='block_1_40' title="bbox 233 2484 1259 2549">
    <p class='ocr_par' dir='ltr' id='par_1_40' title="bbox 233 2484 1259 2549">
     <span class='ocr_line' id='line_1_40' title="bbox 233 2484 1259 2549; baseline -0.002 -14"><span class='ocrx_word' id='word_1_266' title='bbox 233 2484 401 2535; x_wconf 76' lang='lat' dir='ltr'><strong>Vivere</strong></span> <span class='ocrx_word' id='word_1_267' title='bbox 425 2485 515 2549; x_wconf 88' lang='lat' dir='ltr'><strong>qui</strong></span> <span class='ocrx_word' id='word_1_268' title='bbox 545 2484 773 2534; x_wconf 85' lang='lat' dir='ltr'><strong>Christus</strong></span> <span class='ocrx_word' id='word_1_269' title='bbox 788 2484 892 2534; x_wconf 84' lang='lat' dir='ltr'><strong>vita</strong></span> <span class='ocrx_word' id='word_1_270' title='bbox 921 2494 973 2549; x_wconf 86' lang='lat' dir='ltr'><strong>et</strong></span> <span class='ocrx_word' id='word_1_271' title='bbox 989 2484 1126 2549; x_wconf 80' lang='lat' dir='ltr'><strong>obire</strong></span> <span class='ocrx_word' id='word_1_272' title='bbox 1149 2485 1259 2549; x_wconf 83' lang='lat' dir='ltr'><strong>fuit.</strong></span> 
     </span>
    </p>
   </div>
   <div class='ocr_carea' id='block_1_41' title="bbox 179 2547 1373 2617">
    <p class='ocr_par' dir='ltr' id='par_1_41' title="bbox 179 2547 1373 2617">
     <span class='ocr_line' id='line_1_41' title="bbox 179 2547 1373 2617; baseline 0.003 -23"><span class='ocrx_word' id='word_1_273' title='bbox 179 2547 309 2617; x_wconf 31' lang='lat' dir='ltr'><strong>Huﬁnc</strong></span> <span class='ocrx_word' id='word_1_274' title='bbox 331 2547 467 2596; x_wconf 77' lang='lat' dir='ltr'><strong>Remi</strong></span> <span class='ocrx_word' id='word_1_275' title='bbox 499 2549 688 2617; x_wconf 74' lang='lat' dir='ltr'><strong>populo</strong></span> <span class='ocrx_word' id='word_1_276' title='bbox 712 2555 902 2617; x_wconf 70' lang='lat' dir='ltr'><strong>martyr</strong></span> <span class='ocrx_word' id='word_1_277' title='bbox 926 2547 1188 2617; x_wconf 38' lang='lat' dir='ltr'><strong>Dionysiﬁus</strong></span> <span class='ocrx_word' id='word_1_278' title='bbox 1211 2548 1373 2597; x_wconf 88' lang='lat' dir='ltr'><strong>almus</strong></span> 
     </span>
    </p>
   </div>
   <div class='ocr_carea' id='block_1_42' title="bbox 233 2609 1324 2671">
    <p class='ocr_par' dir='ltr' id='par_1_42' title="bbox 233 2609 1324 2671">
     <span class='ocr_line' id='line_1_42' title="bbox 233 2609 1324 2671; baseline 0.002 -15"><span class='ocrx_word' id='word_1_279' title='bbox 233 2610 476 2659; x_wconf 69' lang='lat' dir='ltr'><strong>Pastorem</strong></span> <span class='ocrx_word' id='word_1_280' title='bbox 504 2609 710 2671; x_wconf 77' lang='lat' dir='ltr'><strong>vigilem</strong></span> <span class='ocrx_word' id='word_1_281' title='bbox 737 2609 888 2666; x_wconf 88' lang='lat' dir='ltr'><strong>misit,</strong></span> <span class='ocrx_word' id='word_1_282' title='bbox 914 2617 960 2657; x_wconf 90' lang='lat' dir='ltr'><strong>et</strong></span> <span class='ocrx_word' id='word_1_283' title='bbox 984 2609 1088 2659; x_wconf 79' lang='lat' dir='ltr'><strong>esse</strong></span> <span class='ocrx_word' id='word_1_284' title='bbox 1111 2610 1324 2659; x_wconf 88' lang='lat' dir='ltr'><strong>Patrem.</strong></span> 
     </span>
    </p>
   </div>
   <div class='ocr_carea' id='block_1_43' title="bbox 173 2671 1454 2735">
    <p class='ocr_par' dir='ltr' id='par_1_43' title="bbox 173 2671 1454 2735">
     <span class='ocr_line' id='line_1_43' title="bbox 173 2671 1454 2735; baseline 0.001 -15"><span class='ocrx_word' id='word_1_285' title='bbox 173 2671 317 2730; x_wconf 85' lang='lat' dir='ltr'><strong>Quem</strong></span> <span class='ocrx_word' id='word_1_286' title='bbox 354 2687 564 2734; x_wconf 83' lang='lat' dir='ltr'><strong>pascens</strong></span> <span class='ocrx_word' id='word_1_287' title='bbox 585 2672 918 2735; x_wconf 80' lang='lat' dir='ltr'><strong>quadragenis</strong></span> <span class='ocrx_word' id='word_1_288' title='bbox 953 2680 1026 2720; x_wconf 86' lang='lat' dir='ltr'><strong>est</strong></span> <span class='ocrx_word' id='word_1_289' title='bbox 1049 2672 1267 2735; x_wconf 87' lang='lat' dir='ltr'><strong>amplius</strong></span> <span class='ocrx_word' id='word_1_290' title='bbox 1292 2672 1454 2727; x_wconf 86' lang='lat' dir='ltr'><strong>annis,</strong></span> 
     </span>
    </p>
   </div>
   <div class='ocr_carea' id='block_1_44' title="bbox 233 2734 1170 2796">
    <p class='ocr_par' dir='ltr' id='par_1_44' title="bbox 233 2734 1170 2796">
     <span class='ocr_line' id='line_1_44' title="bbox 233 2734 1170 2796; baseline -0.001 -14"><span class='ocrx_word' id='word_1_291' title='bbox 233 2735 396 2783; x_wconf 80' lang='lat' dir='ltr'><strong>Vestes</strong></span> <span class='ocrx_word' id='word_1_292' title='bbox 414 2734 686 2783; x_wconf 82' lang='lat' dir='ltr'><strong>senectutis</strong></span> <span class='ocrx_word' id='word_1_293' title='bbox 709 2734 1016 2796; x_wconf 84' lang='lat' dir='ltr'><strong>despoliatus</strong></span> <span class='ocrx_word' id='word_1_294' title='bbox 1049 2734 1170 2788; x_wconf 85' lang='lat' dir='ltr'><strong>abit,</strong></span> 
     </span>
    </p>
   </div>
   <div class='ocr_carea' id='block_1_45' title="bbox 173 2796 1480 2854">
    <p class='ocr_par' dir='ltr' id='par_1_45' title="bbox 173 2796 1480 2854">
     <span class='ocr_line' id='line_1_45' title="bbox 173 2796 1480 2854; baseline 0.002 -11"><span class='ocrx_word' id='word_1_295' title='bbox 173 2796 368 2854; x_wconf 88' lang='lat' dir='ltr'><strong>Quartas</strong></span> <span class='ocrx_word' id='word_1_296' title='bbox 390 2812 506 2845; x_wconf 89' lang='lat' dir='ltr'><strong>cum</strong></span> <span class='ocrx_word' id='word_1_297' title='bbox 539 2796 704 2844; x_wconf 86' lang='lat' dir='ltr'><strong>Nonas</strong></span> <span class='ocrx_word' id='word_1_298' title='bbox 730 2796 915 2844; x_wconf 84' lang='lat' dir='ltr'><strong>mensis</strong></span> <span class='ocrx_word' id='word_1_299' title='bbox 937 2797 1226 2854; x_wconf 85' lang='lat' dir='ltr'><strong>September</strong></span> <span class='ocrx_word' id='word_1_300' title='bbox 1262 2796 1480 2854; x_wconf 88' lang='lat' dir='ltr'><strong>haberet,</strong></span> 
     </span>
    </p>
   </div>
   <div class='ocr_carea' id='block_1_46' title="bbox 228 2859 1395 2923">
    <p class='ocr_par' dir='ltr' id='par_1_46' title="bbox 228 2859 1395 2923">
     <span class='ocr_line' id='line_1_46' title="bbox 228 2859 1395 2923; baseline 0 -17"><span class='ocrx_word' id='word_1_301' title='bbox 228 2859 413 2907; x_wconf 80' lang='lat' dir='ltr'><strong>Mortua</strong></span> <span class='ocrx_word' id='word_1_302' title='bbox 436 2859 646 2923; x_wconf 83' lang='lat' dir='ltr'><strong>quando</strong></span> <span class='ocrx_word' id='word_1_303' title='bbox 673 2859 766 2906; x_wconf 79' lang='lat' dir='ltr'><strong>fuit</strong></span> <span class='ocrx_word' id='word_1_304' title='bbox 803 2873 935 2907; x_wconf 83' lang='lat' dir='ltr'><strong>mors</strong></span> <span class='ocrx_word' id='word_1_305' title='bbox 959 2859 1053 2923; x_wconf 82' lang='lat' dir='ltr'><strong>sibi</strong></span> <span class='ocrx_word' id='word_1_306' title='bbox 1080 2859 1184 2923; x_wconf 87' lang='lat' dir='ltr'><strong>vita</strong></span> <span class='ocrx_word' id='word_1_307' title='bbox 1208 2867 1395 2923; x_wconf 84' lang='lat' dir='ltr'><strong>manet.</strong></span> 
     </span>
    </p>
   </div>
   <div class='ocr_carea' id='block_1_47' title="bbox 173 2919 1729 2984">
    <p class='ocr_par' dir='ltr' id='par_1_47' title="bbox 173 2919 1729 2984">
     <span class='ocr_line' id='line_1_47' title="bbox 173 2919 1729 2984; baseline 0.003 -17"><span class='ocrx_word' id='word_1_308' title='bbox 173 2919 228 2967; x_wconf 88' lang='lat' dir='ltr'><strong>Et</strong></span> <span class='ocrx_word' id='word_1_309' title='bbox 247 2919 479 2984; x_wconf 79' lang='lat' dir='ltr'><strong>quoniam</strong></span> <span class='ocrx_word' id='word_1_310' title='bbox 501 2922 642 2969; x_wconf 79' lang='lat' dir='ltr'><strong>locus</strong></span> <span class='ocrx_word' id='word_1_311' title='bbox 662 2929 820 2984; x_wconf 83' lang='lat' dir='ltr'><strong>atque</strong></span> <span class='ocrx_word' id='word_1_312' title='bbox 867 2921 1052 2983; x_wconf 76' lang='lat' dir='ltr'><strong>gradus</strong></span> <span class='ocrx_word' id='word_1_313' title='bbox 1081 2922 1168 2969; x_wconf 87' lang='lat' dir='ltr'><strong>bos</strong></span> <span class='ocrx_word' id='word_1_314' title='bbox 1199 2921 1453 2984; x_wconf 80' lang='lat' dir='ltr'><strong>junxerat,</strong></span> <span class='ocrx_word' id='word_1_315' title='bbox 1490 2921 1729 2972; x_wconf 83' lang='lat' dir='ltr'><strong>Hincmar</strong></span> 
     </span>
    </p>
   </div>
   <div class='ocr_carea' id='block_1_48' title="bbox 230 2983 1329 3046">
    <p class='ocr_par' dir='ltr' id='par_1_48' title="bbox 230 2983 1329 3046">
     <span class='ocr_line' id='line_1_48' title="bbox 230 2983 1329 3046; baseline -0.002 -13"><span class='ocrx_word' id='word_1_316' title='bbox 230 2983 344 3033; x_wconf 82' lang='lat' dir='ltr'><strong>Huic</strong></span> <span class='ocrx_word' id='word_1_317' title='bbox 369 2984 485 3033; x_wconf 78' lang='lat' dir='ltr'><strong>fecit</strong></span> <span class='ocrx_word' id='word_1_318' title='bbox 508 2983 782 3039; x_wconf 80' lang='lat' dir='ltr'><strong>tumulum,</strong></span> <span class='ocrx_word' id='word_1_319' title='bbox 799 2985 1081 3046; x_wconf 89' lang='lat' dir='ltr'><strong>composuit</strong></span> <span class='ocrx_word' id='word_1_320' title='bbox 1108 2983 1329 3032; x_wconf 88' lang='lat' dir='ltr'><strong>titulum.</strong></span> 
     </span>
    </p>
   </div>
   <div class='ocr_carea' id='block_1_49' title="bbox 716 3063 1120 3117">
    <p class='ocr_par' dir='ltr' id='par_1_49' title="bbox 716 3063 1120 3117">
     <span class='ocr_line' id='line_1_49' title="bbox 716 3063 1120 3117; baseline -0.005 -1"><span class='ocrx_word' id='word_1_321' title='bbox 716 3063 925 3116; x_wconf 88' lang='lat' dir='ltr'><strong>CAPUT</strong></span> <span class='ocrx_word' id='word_1_322' title='bbox 940 3064 1120 3117; x_wconf 83' lang='lat' dir='ltr'><strong>XVIII.</strong></span> 
     </span>
    </p>
   </div>
   <div class='ocr_carea' id='block_1_50' title="bbox 597 3155 1222 3223">
    <p class='ocr_par' dir='ltr' id='par_1_50' title="bbox 597 3155 1222 3223">
     <span class='ocr_line' id='line_1_50' title="bbox 597 3155 1222 3223; baseline 0 -14"><span class='ocrx_word' id='word_1_323' title='bbox 597 3157 672 3209; x_wconf 83' lang='lat' dir='ltr'><strong>De</strong></span> <span class='ocrx_word' id='word_1_324' title='bbox 707 3155 956 3220; x_wconf 76' lang='lat' dir='ltr'><strong>Vulfario</strong></span> <span class='ocrx_word' id='word_1_325' title='bbox 978 3157 1222 3223; x_wconf 80' lang='lat' dir='ltr'><strong>episcopo</strong></span> 
     </span>
    </p>
   </div>
   <div class='ocr_carea' id='block_1_51' title="bbox 1832 1958 3454 2035">
    <p class='ocr_par' dir='ltr' id='par_1_51' title="bbox 1832 1958 3454 2035">
     <span class='ocr_line' id='line_1_51' title="bbox 1832 1958 3454 2035; baseline -0.005 -14"><span class='ocrx_word' id='word_1_326' title='bbox 1832 1975 2031 2021; x_wconf 62' lang='lat' dir='ltr'><strong>caetero</strong></span> <span class='ocrx_word' id='word_1_327' title='bbox 2062 1966 2230 2032; x_wconf 87' lang='lat' dir='ltr'><strong>clero,</strong></span> <span class='ocrx_word' id='word_1_328' title='bbox 2267 1962 2608 2035; x_wconf 83' lang='lat' dir='ltr'><strong>presbyteris</strong></span> <span class='ocrx_word' id='word_1_329' title='bbox 2639 1969 2695 2017; x_wconf 89' lang='lat' dir='ltr'><strong>et</strong></span> <span class='ocrx_word' id='word_1_330' title='bbox 2725 1961 3056 2016; x_wconf 89' lang='lat' dir='ltr'><strong>diaconibus</strong></span> <span class='ocrx_word' id='word_1_331' title='bbox 3089 1978 3103 2025; x_wconf 90' lang='lat'><strong>;</strong></span> <span class='ocrx_word' id='word_1_332' title='bbox 3135 1958 3454 2015; x_wconf 88' lang='lat' dir='ltr'><strong>convocatis</strong></span> 
     </span>
    </p>
   </div>
   <div class='ocr_carea' id='block_1_52' title="bbox 1832 2051 3451 2121">
    <p class='ocr_par' dir='ltr' id='par_1_52' title="bbox 1832 2051 3451 2121">
     <span class='ocr_line' id='line_1_52' title="bbox 1832 2051 3451 2121; baseline -0.004 -8"><span class='ocrx_word' id='word_1_333' title='bbox 1832 2059 1996 2113; x_wconf 90' lang='lat' dir='ltr'><strong>etiam</strong></span> <span class='ocrx_word' id='word_1_334' title='bbox 2059 2056 2360 2112; x_wconf 91' lang='lat' dir='ltr'><strong>comitibus</strong></span> <span class='ocrx_word' id='word_1_335' title='bbox 2409 2053 2753 2121; x_wconf 79' lang='lat' dir='ltr'><strong>Gunthardo,</strong></span> <span class='ocrx_word' id='word_1_336' title='bbox 2819 2051 3088 2115; x_wconf 82' lang='lat' dir='ltr'><strong>Rotfrido,</strong></span> <span class='ocrx_word' id='word_1_337' title='bbox 3121 2051 3451 2118; x_wconf 86' lang='lat' dir='ltr'><strong>Gisleberto,</strong></span> 
     </span>
    </p>
   </div>
   <div class='ocr_carea' id='block_1_53' title="bbox 1832 2142 3451 2212">
    <p class='ocr_par' dir='ltr' id='par_1_53' title="bbox 1832 2142 3451 2212">
     <span class='ocr_line' id='line_1_53' title="bbox 1832 2142 3451 2212; baseline -0.007 -7"><span class='ocrx_word' id='word_1_338' title='bbox 1832 2151 2054 2205; x_wconf 91' lang='lat' dir='ltr'><strong>Otuero.</strong></span> <span class='ocrx_word' id='word_1_339' title='bbox 2091 2150 2184 2203; x_wconf 88' lang='lat' dir='ltr'><strong>His</strong></span> <span class='ocrx_word' id='word_1_340' title='bbox 2231 2147 2492 2204; x_wconf 90' lang='lat' dir='ltr'><strong>omnibus</strong></span> <span class='ocrx_word' id='word_1_341' title='bbox 2533 2145 2930 2212; x_wconf 87' lang='lat' dir='ltr'><strong>residentibus,</strong></span> <span class='ocrx_word' id='word_1_342' title='bbox 2953 2143 3234 2198; x_wconf 90' lang='lat' dir='ltr'><strong>sententia</strong></span> <span class='ocrx_word' id='word_1_343' title='bbox 3265 2142 3451 2198; x_wconf 86' lang='lat' dir='ltr'><strong>venti-</strong></span> 
     </span>
    </p>
   </div>
   <div class='ocr_carea' id='block_1_54' title="bbox 1834 2235 3456 2306">
    <p class='ocr_par' dir='ltr' id='par_1_54' title="bbox 1834 2235 3456 2306">
     <span class='ocr_line' id='line_1_54' title="bbox 1834 2235 3456 2306; baseline -0.004 -8"><span class='ocrx_word' id='word_1_344' title='bbox 1834 2245 1942 2298; x_wconf 87' lang='lat' dir='ltr'><strong>lata</strong></span> <span class='ocrx_word' id='word_1_345' title='bbox 1977 2250 2060 2298; x_wconf 88' lang='lat' dir='ltr'><strong>est</strong></span> <span class='ocrx_word' id='word_1_346' title='bbox 2089 2243 2233 2297; x_wconf 76' lang='lat' dir='ltr'><strong>inter</strong></span> <span class='ocrx_word' id='word_1_347' title='bbox 2253 2240 2690 2296; x_wconf 87' lang='lat' dir='ltr'><strong>Wendilmarum</strong></span> <span class='ocrx_word' id='word_1_348' title='bbox 2719 2246 2775 2292; x_wconf 92' lang='lat' dir='ltr'><strong>et</strong></span> <span class='ocrx_word' id='word_1_349' title='bbox 2794 2237 3131 2293; x_wconf 88' lang='lat' dir='ltr'><strong>Rothardum</strong></span> <span class='ocrx_word' id='word_1_350' title='bbox 3160 2235 3456 2306; x_wconf 88' lang='lat' dir='ltr'><strong>episcopos</strong></span> 
     </span>
    </p>
   </div>
   <div class='ocr_carea' id='block_1_55' title="bbox 1833 2325 3457 2399">
    <p class='ocr_par' dir='ltr' id='par_1_55' title="bbox 1833 2325 3457 2399">
     <span class='ocr_line' id='line_1_55' title="bbox 1833 2325 3457 2399; baseline -0.006 -13"><span class='ocrx_word' id='word_1_351' title='bbox 1833 2333 1901 2386; x_wconf 91' lang='lat' dir='ltr'><strong>de</strong></span> <span class='ocrx_word' id='word_1_352' title='bbox 1934 2331 2187 2386; x_wconf 90' lang='lat' dir='ltr'><strong>terminis</strong></span> <span class='ocrx_word' id='word_1_353' title='bbox 2245 2329 2632 2399; x_wconf 90' lang='lat' dir='ltr'><strong>parochiarum</strong></span> <span class='ocrx_word' id='word_1_354' title='bbox 2672 2342 2915 2390; x_wconf 88' lang='lat' dir='ltr'><strong>suarum,</strong></span> <span class='ocrx_word' id='word_1_355' title='bbox 2946 2334 3001 2380; x_wconf 92' lang='lat' dir='ltr'><strong>et</strong></span> <span class='ocrx_word' id='word_1_356' title='bbox 3034 2325 3361 2396; x_wconf 87' lang='lat' dir='ltr'><strong>requisitum</strong></span> <span class='ocrx_word' id='word_1_357' title='bbox 3393 2340 3457 2378; x_wconf 91' lang='lat' dir='ltr'><strong>ac</strong></span> 
     </span>
    </p>
   </div>
   <div class='ocr_carea' id='block_1_56' title="bbox 1834 2417 3454 2492">
    <p class='ocr_par' dir='ltr' id='par_1_56' title="bbox 1834 2417 3454 2492">
     <span class='ocr_line' id='line_1_56' title="bbox 1834 2417 3454 2492; baseline -0.006 -14"><span class='ocrx_word' id='word_1_358' title='bbox 1834 2423 2122 2478; x_wconf 80' lang='lat' dir='ltr'><strong>deﬁnitum</strong></span> <span class='ocrx_word' id='word_1_359' title='bbox 2151 2431 2254 2488; x_wconf 89' lang='lat' dir='ltr'><strong>est,</strong></span> <span class='ocrx_word' id='word_1_360' title='bbox 2287 2421 2436 2492; x_wconf 90' lang='lat' dir='ltr'><strong>quod</strong></span> <span class='ocrx_word' id='word_1_361' title='bbox 2504 2421 2618 2474; x_wconf 62' lang='lat' dir='ltr'><strong>haec</strong></span> <span class='ocrx_word' id='word_1_362' title='bbox 2650 2420 2768 2474; x_wconf 87' lang='lat' dir='ltr'><strong>loca</strong></span> <span class='ocrx_word' id='word_1_363' title='bbox 2800 2426 2948 2473; x_wconf 89' lang='lat' dir='ltr'><strong>trans</strong></span> <span class='ocrx_word' id='word_1_364' title='bbox 3003 2417 3227 2470; x_wconf 87' lang='lat' dir='ltr'><strong>ﬂuvium</strong></span> <span class='ocrx_word' id='word_1_365' title='bbox 3254 2417 3454 2470; x_wconf 88' lang='lat' dir='ltr'><strong>Isaram</strong></span> 
     </span>
    </p>
   </div>
   <div class='ocr_carea' id='block_1_57' title="bbox 1836 2505 3454 2584">
    <p class='ocr_par' dir='ltr' id='par_1_57' title="bbox 1836 2505 3454 2584">
     <span class='ocr_line' id='line_1_57' title="bbox 1836 2505 3454 2584; baseline -0.005 -18"><span class='ocrx_word' id='word_1_366' title='bbox 1836 2513 1892 2566; x_wconf 90' lang='lat' dir='ltr'><strong>in</strong></span> <span class='ocrx_word' id='word_1_367' title='bbox 1922 2527 2063 2584; x_wconf 87' lang='lat' dir='ltr'><strong>pago</strong></span> <span class='ocrx_word' id='word_1_368' title='bbox 2081 2509 2434 2565; x_wconf 89' lang='lat' dir='ltr'><strong>Noviomensi</strong></span> <span class='ocrx_word' id='word_1_369' title='bbox 2467 2509 2745 2579; x_wconf 88' lang='lat' dir='ltr'><strong>pertinere</strong></span> <span class='ocrx_word' id='word_1_370' title='bbox 2765 2507 3033 2562; x_wconf 89' lang='lat' dir='ltr'><strong>deberent</strong></span> <span class='ocrx_word' id='word_1_371' title='bbox 3048 2505 3117 2560; x_wconf 88' lang='lat' dir='ltr'><strong>ad</strong></span> <span class='ocrx_word' id='word_1_372' title='bbox 3137 2505 3454 2576; x_wconf 91' lang='lat' dir='ltr'><strong>parochiam</strong></span> 
     </span>
    </p>
   </div>
   <div class='ocr_carea' id='block_1_58' title="bbox 1835 2598 3452 2667">
    <p class='ocr_par' dir='ltr' id='par_1_58' title="bbox 1835 2598 3452 2667">
     <span class='ocr_line' id='line_1_58' title="bbox 1835 2598 3452 2667; baseline -0.005 -8"><span class='ocrx_word' id='word_1_373' title='bbox 1835 2603 2082 2659; x_wconf 58' lang='lat' dir='ltr'><strong>ecclesiae</strong></span> <span class='ocrx_word' id='word_1_374' title='bbox 2112 2601 2518 2665; x_wconf 86' lang='lat' dir='ltr'><strong>Noviomensis,</strong></span> <span class='ocrx_word' id='word_1_375' title='bbox 2561 2601 2616 2654; x_wconf 95' lang='lat' dir='ltr'><strong>id</strong></span> <span class='ocrx_word' id='word_1_376' title='bbox 2649 2609 2752 2666; x_wconf 89' lang='lat' dir='ltr'><strong>est,</strong></span> <span class='ocrx_word' id='word_1_377' title='bbox 2795 2599 3028 2665; x_wconf 78' lang='lat' dir='ltr'><strong>Variuae,</strong></span> <span class='ocrx_word' id='word_1_378' title='bbox 3060 2598 3452 2667; x_wconf 87' lang='lat' dir='ltr'><strong>Urbscampus,</strong></span> 
     </span>
    </p>
   </div>
   <div class='ocr_carea' id='block_1_59' title="bbox 1835 2688 3457 2764">
    <p class='ocr_par' dir='ltr' id='par_1_59' title="bbox 1835 2688 3457 2764">
     <span class='ocr_line' id='line_1_59' title="bbox 1835 2688 3457 2764; baseline -0.004 -16"><span class='ocrx_word' id='word_1_379' title='bbox 1835 2695 2154 2764; x_wconf 88' lang='lat' dir='ltr'><strong>Trapiacus,</strong></span> <span class='ocrx_word' id='word_1_380' title='bbox 2185 2693 2515 2757; x_wconf 85' lang='lat' dir='ltr'><strong>Jerusalem,</strong></span> <span class='ocrx_word' id='word_1_381' title='bbox 2545 2691 3035 2753; x_wconf 82' lang='lat' dir='ltr'><strong>Harbaudianisva,</strong></span> <span class='ocrx_word' id='word_1_382' title='bbox 3070 2690 3185 2744; x_wconf 92' lang='lat' dir='ltr'><strong>sive</strong></span> <span class='ocrx_word' id='word_1_383' title='bbox 3221 2688 3457 2744; x_wconf 91' lang='lat' dir='ltr'><strong>ecclesia</strong></span> 
     </span>
    </p>
   </div>
   <div class='ocr_carea' id='block_1_60' title="bbox 1835 2782 3451 2859">
    <p class='ocr_par' dir='ltr' id='par_1_60' title="bbox 1835 2782 3451 2859">
     <span class='ocr_line' id='line_1_60' title="bbox 1835 2782 3451 2859; baseline -0.005 -17"><span class='ocrx_word' id='word_1_384' title='bbox 1835 2788 2012 2842; x_wconf 88' lang='lat' dir='ltr'><strong>sancti</strong></span> <span class='ocrx_word' id='word_1_385' title='bbox 2042 2785 2390 2859; x_wconf 87' lang='lat' dir='ltr'><strong>Leodegarii,</strong></span> <span class='ocrx_word' id='word_1_386' title='bbox 2410 2801 2536 2840; x_wconf 91' lang='lat' dir='ltr'><strong>cum</strong></span> <span class='ocrx_word' id='word_1_387' title='bbox 2567 2783 2800 2854; x_wconf 90' lang='lat' dir='ltr'><strong>reliquis</strong></span> <span class='ocrx_word' id='word_1_388' title='bbox 2829 2782 2971 2836; x_wconf 90' lang='lat' dir='ltr'><strong>villis</strong></span> <span class='ocrx_word' id='word_1_389' title='bbox 3009 2782 3077 2835; x_wconf 90' lang='lat' dir='ltr'><strong>ad</strong></span> <span class='ocrx_word' id='word_1_390' title='bbox 3112 2782 3214 2835; x_wconf 82' lang='lat' dir='ltr'><strong>has</strong></span> <span class='ocrx_word' id='word_1_391' title='bbox 3265 2782 3451 2836; x_wconf 90' lang='lat' dir='ltr'><strong>eccle-</strong></span> 
     </span>
    </p>
   </div>
   <div class='ocr_carea' id='block_1_61' title="bbox 1834 2876 3456 2945">
    <p class='ocr_par' dir='ltr' id='par_1_61' title="bbox 1834 2876 3456 2945">
     <span class='ocr_line' id='line_1_61' title="bbox 1834 2876 3456 2945; baseline -0.004 -11"><span class='ocrx_word' id='word_1_392' title='bbox 1834 2879 1946 2934; x_wconf 85' lang='lat' dir='ltr'><strong>sias</strong></span> <span class='ocrx_word' id='word_1_393' title='bbox 1990 2877 2478 2934; x_wconf 89' lang='lat' dir='ltr'><strong>convenientibus.</strong></span> <span class='ocrx_word' id='word_1_394' title='bbox 2515 2877 2724 2930; x_wconf 81' lang='lat' dir='ltr'><strong>Caetera</strong></span> <span class='ocrx_word' id='word_1_395' title='bbox 2762 2890 2894 2929; x_wconf 91' lang='lat' dir='ltr'><strong>vero</strong></span> <span class='ocrx_word' id='word_1_396' title='bbox 2927 2876 3048 2930; x_wconf 88' lang='lat' dir='ltr'><strong>loca</strong></span> <span class='ocrx_word' id='word_1_397' title='bbox 3077 2883 3228 2928; x_wconf 90' lang='lat' dir='ltr'><strong>trans</strong></span> <span class='ocrx_word' id='word_1_398' title='bbox 3255 2890 3456 2945; x_wconf 91' lang='lat' dir='ltr'><strong>supra-</strong></span> 
     </span>
    </p>
   </div>
   <div class='ocr_carea' id='block_1_62' title="bbox 1831 2966 3455 3039">
    <p class='ocr_par' dir='ltr' id='par_1_62' title="bbox 1831 2966 3455 3039">
     <span class='ocr_line' id='line_1_62' title="bbox 1831 2966 3455 3039; baseline -0.003 -14"><span class='ocrx_word' id='word_1_399' title='bbox 1831 2971 2037 3026; x_wconf 89' lang='lat' dir='ltr'><strong>dictum</strong></span> <span class='ocrx_word' id='word_1_400' title='bbox 2067 2970 2318 3033; x_wconf 87' lang='lat' dir='ltr'><strong>ﬂuvium,</strong></span> <span class='ocrx_word' id='word_1_401' title='bbox 2351 2969 2405 3022; x_wconf 92' lang='lat' dir='ltr'><strong>in</strong></span> <span class='ocrx_word' id='word_1_402' title='bbox 2439 2968 2702 3039; x_wconf 52' lang='lat' dir='ltr'><strong>praedicto</strong></span> <span class='ocrx_word' id='word_1_403' title='bbox 2760 2982 2923 3038; x_wconf 83' lang='lat' dir='ltr'><strong>pago,</strong></span> <span class='ocrx_word' id='word_1_404' title='bbox 2957 2966 3142 3021; x_wconf 90' lang='lat' dir='ltr'><strong>omnia</strong></span> <span class='ocrx_word' id='word_1_405' title='bbox 3173 2966 3455 3036; x_wconf 89' lang='lat' dir='ltr'><strong>pertinere</strong></span> 
     </span>
    </p>
   </div>
   <div class='ocr_carea' id='block_1_63' title="bbox 1831 3058 3455 3132">
    <p class='ocr_par' dir='ltr' id='par_1_63' title="bbox 1831 3058 3455 3132">
     <span class='ocr_line' id='line_1_63' title="bbox 1831 3058 3455 3132; baseline -0.003 -15"><span class='ocrx_word' id='word_1_406' title='bbox 1831 3063 2105 3118; x_wconf 87' lang='lat' dir='ltr'><strong>deberent</strong></span> <span class='ocrx_word' id='word_1_407' title='bbox 2133 3063 2202 3117; x_wconf 87' lang='lat' dir='ltr'><strong>ad</strong></span> <span class='ocrx_word' id='word_1_408' title='bbox 2253 3061 2573 3132; x_wconf 87' lang='lat' dir='ltr'><strong>parochiam</strong></span> <span class='ocrx_word' id='word_1_409' title='bbox 2629 3060 2876 3114; x_wconf 68' lang='lat' dir='ltr'><strong>ecclesize</strong></span> <span class='ocrx_word' id='word_1_410' title='bbox 2911 3058 3298 3113; x_wconf 69' lang='lat' dir='ltr'><strong>Suessionicze.</strong></span> <span class='ocrx_word' id='word_1_411' title='bbox 3334 3058 3455 3112; x_wconf 63' lang='lat' dir='ltr'><strong>Hmc</strong></span> 
     </span>
    </p>
   </div>
   <div class='ocr_carea' id='block_1_64' title="bbox 1833 3145 3452 3227">
    <p class='ocr_par' dir='ltr' id='par_1_64' title="bbox 1833 3145 3452 3227">
     <span class='ocr_line' id='line_1_64' title="bbox 1833 3145 3452 3227; baseline -0.005 -20"><span class='ocrx_word' id='word_1_412' title='bbox 1833 3152 2260 3227; x_wconf 88' lang='lat' dir='ltr'><strong>diligentissime</strong></span> <span class='ocrx_word' id='word_1_413' title='bbox 2288 3151 2615 3222; x_wconf 88' lang='lat' dir='ltr'><strong>investigata</strong></span> <span class='ocrx_word' id='word_1_414' title='bbox 2636 3156 3043 3205; x_wconf 87' lang='lat' dir='ltr'><strong>consenserunt</strong></span> <span class='ocrx_word' id='word_1_415' title='bbox 3063 3163 3230 3217; x_wconf 87' lang='lat' dir='ltr'><strong>supra</strong></span> <span class='ocrx_word' id='word_1_416' title='bbox 3260 3145 3452 3216; x_wconf 88' lang='lat' dir='ltr'><strong>scripti</strong></span> 
     </span>
    </p>
   </div>
   <div class='ocr_carea' id='block_1_65' title="bbox 181 3219 3454 3316">
    <p class='ocr_par' dir='ltr' id='par_1_65' title="bbox 181 3219 3454 3316">
     <span class='ocr_line' id='line_1_65' title="bbox 181 3219 3454 3316; baseline -0.002 -18"><span class='ocrx_word' id='word_1_417' title='bbox 181 3245 446 3316; x_wconf 89' lang='lat' dir='ltr'><strong>Tilpinum</strong></span> <span class='ocrx_word' id='word_1_418' title='bbox 507 3245 765 3316; x_wconf 86' lang='lat' dir='ltr'><strong>sequitur</strong></span> <span class='ocrx_word' id='word_1_419' title='bbox 810 3219 1114 3309; x_wconf 13' lang='lat' dir='ltr'><strong>iVulfar—ius,</strong></span> <span class='ocrx_word' id='word_1_420' title='bbox 1149 3219 1352 3316; x_wconf 56' lang='lat' dir='ltr'><strong>quini)</strong></span> <span class='ocrx_word' id='word_1_421' title='bbox 1398 3247 1730 3316; x_wconf 86' lang='lat' dir='ltr'><strong>imperatore</strong></span> <span class='ocrx_word' id='word_1_422' title='bbox 1761 3219 2104 3313; x_wconf 68' lang='lat' dir='ltr'><strong>Cepiscopi,</strong></span> <span class='ocrx_word' id='word_1_423' title='bbox 2137 3248 2193 3294; x_wconf 94' lang='lat' dir='ltr'><strong>et</strong></span> <span class='ocrx_word' id='word_1_424' title='bbox 2248 3219 2652 3308; x_wconf 72' lang='lat' dir='ltr'><strong>chorepiscOpi,</strong></span> <span class='ocrx_word' id='word_1_425' title='bbox 2719 3236 2971 3301; x_wconf 86' lang='lat' dir='ltr'><strong>abbates,</strong></span> <span class='ocrx_word' id='word_1_426' title='bbox 3026 3234 3337 3305; x_wconf 85' lang='lat' dir='ltr'><strong>presbyteri</strong></span> <span class='ocrx_word' id='word_1_427' title='bbox 3398 3243 3454 3290; x_wconf 87' lang='lat' dir='ltr'><strong>et</strong></span> 
     </span>
    </p>
   </div>
   <div class='ocr_carea' id='block_1_66' title="bbox 121 3333 1728 3409">
    <p class='ocr_par' dir='ltr' id='par_1_66' title="bbox 121 3333 1728 3409">
     <span class='ocr_line' id='line_1_66' title="bbox 121 3333 1728 3409; baseline 0.001 -22"><span class='ocrx_word' id='word_1_428' title='bbox 121 3333 327 3402; x_wconf 73' lang='lat' dir='ltr'><strong>przefato</strong></span> <span class='ocrx_word' id='word_1_429' title='bbox 378 3349 584 3409; x_wconf 90' lang='lat' dir='ltr'><strong>magno</strong></span> <span class='ocrx_word' id='word_1_430' title='bbox 645 3333 838 3388; x_wconf 88' lang='lat' dir='ltr'><strong>Karolo</strong></span> <span class='ocrx_word' id='word_1_431' title='bbox 883 3333 1085 3388; x_wconf 90' lang='lat' dir='ltr'><strong>missus</strong></span> <span class='ocrx_word' id='word_1_432' title='bbox 1141 3333 1454 3389; x_wconf 89' lang='lat' dir='ltr'><strong>dominicus</strong></span> <span class='ocrx_word' id='word_1_433' title='bbox 1479 3333 1546 3387; x_wconf 92' lang='lat' dir='ltr'><strong>ad</strong></span> <span class='ocrx_word' id='word_1_434' title='bbox 1582 3342 1728 3390; x_wconf 89' lang='lat' dir='ltr'><strong>recta</strong></span> 
     </span>
    </p>
   </div>
   <div class='ocr_carea' id='block_1_67' title="bbox 114 3425 1728 3496">
    <p class='ocr_par' dir='ltr' id='par_1_67' title="bbox 114 3425 1728 3496">
     <span class='ocr_line' id='line_1_67' title="bbox 114 3425 1728 3496; baseline 0.001 -18"><span class='ocrx_word' id='word_1_435' title='bbox 114 3425 306 3492; x_wconf 89' lang='lat' dir='ltr'><strong>judicia</strong></span> <span class='ocrx_word' id='word_1_436' title='bbox 337 3426 767 3481; x_wconf 88' lang='lat' dir='ltr'><strong>determinanda</strong></span> <span class='ocrx_word' id='word_1_437' title='bbox 783 3425 963 3480; x_wconf 88' lang='lat' dir='ltr'><strong>fuerat</strong></span> <span class='ocrx_word' id='word_1_438' title='bbox 982 3433 1110 3480; x_wconf 90' lang='lat' dir='ltr'><strong>ante</strong></span> <span class='ocrx_word' id='word_1_439' title='bbox 1126 3426 1505 3496; x_wconf 87' lang='lat' dir='ltr'><strong>episcopatum</strong></span> <span class='ocrx_word' id='word_1_440' title='bbox 1519 3427 1728 3480; x_wconf 89' lang='lat' dir='ltr'><strong>consti-</strong></span> 
     </span>
    </p>
   </div>
   <div class='ocr_carea' id='block_1_68' title="bbox 117 3517 1722 3589">
    <p class='ocr_par' dir='ltr' id='par_1_68' title="bbox 117 3517 1722 3589">
     <span class='ocr_line' id='line_1_68' title="bbox 117 3517 1722 3589; baseline 0.002 -19"><span class='ocrx_word' id='word_1_441' title='bbox 117 3525 248 3573; x_wconf 89' lang='lat' dir='ltr'><strong>tutus</strong></span> <span class='ocrx_word' id='word_1_442' title='bbox 277 3535 446 3588; x_wconf 86' lang='lat' dir='ltr'><strong>super</strong></span> <span class='ocrx_word' id='word_1_443' title='bbox 479 3524 655 3574; x_wconf 89' lang='lat' dir='ltr'><strong>totam</strong></span> <span class='ocrx_word' id='word_1_444' title='bbox 714 3517 1066 3588; x_wconf 89' lang='lat' dir='ltr'><strong>Campaniam</strong></span> <span class='ocrx_word' id='word_1_445' title='bbox 1104 3536 1116 3571; x_wconf 96' lang='lat'>:</span> <span class='ocrx_word' id='word_1_446' title='bbox 1149 3519 1204 3572; x_wconf 92' lang='lat' dir='ltr'><strong>in</strong></span> <span class='ocrx_word' id='word_1_447' title='bbox 1238 3519 1322 3572; x_wconf 87' lang='lat' dir='ltr'><strong>his</strong></span> <span class='ocrx_word' id='word_1_448' title='bbox 1366 3534 1588 3589; x_wconf 90' lang='lat' dir='ltr'><strong>quoque</strong></span> <span class='ocrx_word' id='word_1_449' title='bbox 1620 3535 1722 3589; x_wconf 91' lang='lat' dir='ltr'><strong>pa-</strong></span> 
     </span>
    </p>
   </div>
   <div class='ocr_carea' id='block_1_69' title="bbox 112 3607 1724 3681">
    <p class='ocr_par' dir='ltr' id='par_1_69' title="bbox 112 3607 1724 3681">
     <span class='ocr_line' id='line_1_69' title="bbox 112 3607 1724 3681; baseline 0.001 -19"><span class='ocrx_word' id='word_1_450' title='bbox 112 3609 206 3681; x_wconf 87' lang='lat' dir='ltr'><strong>gis,</strong></span> <span class='ocrx_word' id='word_1_451' title='bbox 236 3611 570 3665; x_wconf 87' lang='lat' dir='ltr'><strong>Dolomense</strong></span> <span class='ocrx_word' id='word_1_452' title='bbox 610 3609 842 3676; x_wconf 88' lang='lat' dir='ltr'><strong>scilicet,</strong></span> <span class='ocrx_word' id='word_1_453' title='bbox 885 3610 1177 3681; x_wconf 88' lang='lat' dir='ltr'><strong>Vangense</strong></span> <span class='ocrx_word' id='word_1_454' title='bbox 1211 3607 1573 3665; x_wconf 79' lang='lat' dir='ltr'><strong>Castricense.</strong></span> <span class='ocrx_word' id='word_1_455' title='bbox 1600 3611 1724 3664; x_wconf 86' lang='lat' dir='ltr'><strong>Sta-</strong></span> 
     </span>
    </p>
   </div>
   <div class='ocr_carea' id='block_1_70' title="bbox 114 3701 1727 3774">
    <p class='ocr_par' dir='ltr' id='par_1_70' title="bbox 114 3701 1727 3774">
     <span class='ocr_line' id='line_1_70' title="bbox 114 3701 1727 3774; baseline 0.003 -20"><span class='ocrx_word' id='word_1_456' title='bbox 114 3701 366 3770; x_wconf 90' lang='lat' dir='ltr'><strong>donense,</strong></span> <span class='ocrx_word' id='word_1_457' title='bbox 401 3703 830 3769; x_wconf 79' lang='lat' dir='ltr'><strong>Catalaunense,</strong></span> <span class='ocrx_word' id='word_1_458' title='bbox 864 3703 1122 3758; x_wconf 85' lang='lat' dir='ltr'><strong>Otmense</strong></span> <span class='ocrx_word' id='word_1_459' title='bbox 1159 3703 1554 3774; x_wconf 81' lang='lat' dir='ltr'><strong>[alOrmense],</strong></span> <span class='ocrx_word' id='word_1_460' title='bbox 1581 3703 1727 3759; x_wconf 87' lang='lat' dir='ltr'><strong>Lau-</strong></span> 
     </span>
    </p>
   </div>
   <div class='ocr_carea' id='block_1_71' title="bbox 115 3787 1722 3856">
    <p class='ocr_par' dir='ltr' id='par_1_71' title="bbox 115 3787 1722 3856">
     <span class='ocr_line' id='line_1_71' title="bbox 115 3787 1722 3856; baseline 0.005 -17"><span class='ocrx_word' id='word_1_461' title='bbox 115 3787 370 3856; x_wconf 90' lang='lat' dir='ltr'><strong>dunense,</strong></span> <span class='ocrx_word' id='word_1_462' title='bbox 404 3792 686 3847; x_wconf 85' lang='lat' dir='ltr'><strong>Vadense.</strong></span> <span class='ocrx_word' id='word_1_463' title='bbox 730 3791 988 3846; x_wconf 90' lang='lat' dir='ltr'><strong>Portiano</strong></span> <span class='ocrx_word' id='word_1_464' title='bbox 1035 3792 1424 3856; x_wconf 86' lang='lat' dir='ltr'><strong>Tardunense,</strong></span> <span class='ocrx_word' id='word_1_465' title='bbox 1458 3792 1722 3848; x_wconf 90' lang='lat' dir='ltr'><strong>Suessio-</strong></span> 
     </span>
    </p>
   </div>
   <div class='ocr_carea' id='block_1_72' title="bbox 119 3878 1724 3951">
    <p class='ocr_par' dir='ltr' id='par_1_72' title="bbox 119 3878 1724 3951">
     <span class='ocr_line' id='line_1_72' title="bbox 119 3878 1724 3951; baseline 0.004 -23"><span class='ocrx_word' id='word_1_466' title='bbox 119 3892 294 3943; x_wconf 87' lang='lat' dir='ltr'><strong>nense,</strong></span> <span class='ocrx_word' id='word_1_467' title='bbox 335 3879 479 3934; x_wconf 88' lang='lat' dir='ltr'><strong>sicut</strong></span> <span class='ocrx_word' id='word_1_468' title='bbox 509 3885 568 3933; x_wconf 90' lang='lat' dir='ltr'><strong>et</strong></span> <span class='ocrx_word' id='word_1_469' title='bbox 601 3878 696 3932; x_wconf 91' lang='lat' dir='ltr'><strong>alii</strong></span> <span class='ocrx_word' id='word_1_470' title='bbox 738 3879 963 3951; x_wconf 89' lang='lat' dir='ltr'><strong>quidam</strong></span> <span class='ocrx_word' id='word_1_471' title='bbox 1008 3880 1312 3950; x_wconf 86' lang='lat' dir='ltr'><strong>sapientes,</strong></span> <span class='ocrx_word' id='word_1_472' title='bbox 1364 3887 1417 3934; x_wconf 91' lang='lat' dir='ltr'><strong>et</strong></span> <span class='ocrx_word' id='word_1_473' title='bbox 1447 3880 1617 3934; x_wconf 90' lang='lat' dir='ltr'><strong>Deum</strong></span> <span class='ocrx_word' id='word_1_474' title='bbox 1651 3881 1724 3935; x_wconf 84' lang='lat' dir='ltr'><strong>ti-</strong></span> 
     </span>
    </p>
   </div>
   <div class='ocr_carea' id='block_1_73' title="bbox 119 3971 1727 4040">
    <p class='ocr_par' dir='ltr' id='par_1_73' title="bbox 119 3971 1727 4040">
     <span class='ocr_line' id='line_1_73' title="bbox 119 3971 1727 4040; baseline 0.003 -18"><span class='ocrx_word' id='word_1_475' title='bbox 119 3978 313 4024; x_wconf 89' lang='lat' dir='ltr'><strong>mentes</strong></span> <span class='ocrx_word' id='word_1_476' title='bbox 343 3971 702 4026; x_wconf 86' lang='lat' dir='ltr'><strong>habebantur</strong></span> <span class='ocrx_word' id='word_1_477' title='bbox 754 3971 987 4026; x_wconf 90' lang='lat' dir='ltr'><strong>abbates</strong></span> <span class='ocrx_word' id='word_1_478' title='bbox 1029 3987 1127 4040; x_wconf 90' lang='lat' dir='ltr'><strong>per</strong></span> <span class='ocrx_word' id='word_1_479' title='bbox 1157 3986 1379 4026; x_wconf 91' lang='lat' dir='ltr'><strong>omnem</strong></span> <span class='ocrx_word' id='word_1_480' title='bbox 1412 3972 1639 4027; x_wconf 88' lang='lat' dir='ltr'><strong>Galliam</strong></span> <span class='ocrx_word' id='word_1_481' title='bbox 1671 3981 1727 4027; x_wconf 93' lang='lat' dir='ltr'><strong>et</strong></span> 
     </span>
    </p>
   </div>
   <div class='ocr_carea' id='block_1_74' title="bbox 125 4060 1728 4135">
    <p class='ocr_par' dir='ltr' id='par_1_74' title="bbox 125 4060 1728 4135">
     <span class='ocr_line' id='line_1_74' title="bbox 125 4060 1728 4135; baseline 0.002 -21"><span class='ocrx_word' id='word_1_482' title='bbox 125 4060 451 4118; x_wconf 87' lang='lat' dir='ltr'><strong>Germaniam</strong></span> <span class='ocrx_word' id='word_1_483' title='bbox 477 4080 508 4117; x_wconf 92' lang='lat' dir='ltr'><strong>a</strong></span> <span class='ocrx_word' id='word_1_484' title='bbox 538 4063 768 4133; x_wconf 60' lang='lat' dir='ltr'><strong>praefato</strong></span> <span class='ocrx_word' id='word_1_485' title='bbox 801 4063 1134 4134; x_wconf 88' lang='lat' dir='ltr'><strong>imperatore</strong></span> <span class='ocrx_word' id='word_1_486' title='bbox 1165 4063 1428 4134; x_wconf 81' lang='lat' dir='ltr'><strong>delegati,</strong></span> <span class='ocrx_word' id='word_1_487' title='bbox 1456 4079 1568 4135; x_wconf 93' lang='lat' dir='ltr'><strong>quo</strong></span> <span class='ocrx_word' id='word_1_488' title='bbox 1598 4064 1728 4118; x_wconf 89' lang='lat' dir='ltr'><strong>dili-</strong></span> 
     </span>
    </p>
   </div>
   <div class='ocr_carea' id='block_1_75' title="bbox 123 4151 1732 4222">
    <p class='ocr_par' dir='ltr' id='par_1_75' title="bbox 123 4151 1732 4222">
     <span class='ocr_line' id='line_1_75' title="bbox 123 4151 1732 4222; baseline 0.004 -20"><span class='ocrx_word' id='word_1_489' title='bbox 123 4159 304 4221; x_wconf 80' lang='lat' dir='ltr'><strong>genter</strong></span> <span class='ocrx_word' id='word_1_490' title='bbox 331 4151 706 4222; x_wconf 88' lang='lat' dir='ltr'><strong>inquirerent,</strong></span> <span class='ocrx_word' id='word_1_491' title='bbox 739 4152 980 4222; x_wconf 87' lang='lat' dir='ltr'><strong>qualiter</strong></span> <span class='ocrx_word' id='word_1_492' title='bbox 1009 4152 1260 4222; x_wconf 84' lang='lat' dir='ltr'><strong>episcOpi</strong></span> <span class='ocrx_word' id='word_1_493' title='bbox 1285 4152 1537 4219; x_wconf 87' lang='lat' dir='ltr'><strong>abbates,</strong></span> <span class='ocrx_word' id='word_1_494' title='bbox 1556 4153 1732 4208; x_wconf 92' lang='lat' dir='ltr'><strong>comi-</strong></span> 
     </span>
    </p>
   </div>
   <div class='ocr_carea' id='block_1_76' title="bbox 126 4239 1729 4315">
    <p class='ocr_par' dir='ltr' id='par_1_76' title="bbox 126 4239 1729 4315">
     <span class='ocr_line' id='line_1_76' title="bbox 126 4239 1729 4315; baseline 0.003 -25"><span class='ocrx_word' id='word_1_495' title='bbox 126 4248 197 4291; x_wconf 85' lang='lat' dir='ltr'><strong>tes</strong></span> <span class='ocrx_word' id='word_1_496' title='bbox 221 4249 271 4292; x_wconf 91' lang='lat' dir='ltr'><strong>et</strong></span> <span class='ocrx_word' id='word_1_497' title='bbox 295 4239 592 4294; x_wconf 63' lang='lat' dir='ltr'><strong>abbatissae</strong></span> <span class='ocrx_word' id='word_1_498' title='bbox 624 4256 721 4310; x_wconf 90' lang='lat' dir='ltr'><strong>per</strong></span> <span class='ocrx_word' id='word_1_499' title='bbox 763 4241 1014 4312; x_wconf 85' lang='lat' dir='ltr'><strong>singulos</strong></span> <span class='ocrx_word' id='word_1_500' title='bbox 1039 4256 1210 4312; x_wconf 89' lang='lat' dir='ltr'><strong>pagos</strong></span> <span class='ocrx_word' id='word_1_501' title='bbox 1236 4248 1484 4315; x_wconf 85' lang='lat' dir='ltr'><strong>agerent,</strong></span> <span class='ocrx_word' id='word_1_502' title='bbox 1510 4241 1729 4312; x_wconf 90' lang='lat' dir='ltr'><strong>qualem</strong></span> 
     </span>
    </p>
   </div>
   <div class='ocr_carea' id='block_1_77' title="bbox 121 4331 1736 4397">
    <p class='ocr_par' dir='ltr' id='par_1_77' title="bbox 121 4331 1736 4397">
     <span class='ocr_line' id='line_1_77' title="bbox 121 4331 1736 4397; baseline 0.004 -15"><span class='ocrx_word' id='word_1_503' title='bbox 121 4332 458 4386; x_wconf 89' lang='lat' dir='ltr'><strong>concordiam</strong></span> <span class='ocrx_word' id='word_1_504' title='bbox 491 4340 547 4387; x_wconf 91' lang='lat' dir='ltr'><strong>et</strong></span> <span class='ocrx_word' id='word_1_505' title='bbox 577 4331 881 4386; x_wconf 89' lang='lat' dir='ltr'><strong>amicitiam</strong></span> <span class='ocrx_word' id='word_1_506' title='bbox 913 4331 980 4386; x_wconf 89' lang='lat' dir='ltr'><strong>ad</strong></span> <span class='ocrx_word' id='word_1_507' title='bbox 1012 4332 1251 4386; x_wconf 82' lang='lat' dir='ltr'><strong>invicem</strong></span> <span class='ocrx_word' id='word_1_508' title='bbox 1282 4339 1557 4397; x_wconf 87' lang='lat' dir='ltr'><strong>tenerent,</strong></span> <span class='ocrx_word' id='word_1_509' title='bbox 1592 4340 1647 4387; x_wconf 91' lang='lat' dir='ltr'><strong>et</strong></span> <span class='ocrx_word' id='word_1_510' title='bbox 1675 4341 1736 4388; x_wconf 89' lang='lat' dir='ltr'><strong>ut</strong></span> 
     </span>
    </p>
   </div>
   <div class='ocr_carea' id='block_1_78' title="bbox 121 4419 1728 4487">
    <p class='ocr_par' dir='ltr' id='par_1_78' title="bbox 121 4419 1728 4487">
     <span class='ocr_line' id='line_1_78' title="bbox 121 4419 1728 4487; baseline 0.004 -14"><span class='ocrx_word' id='word_1_511' title='bbox 121 4419 282 4476; x_wconf 89' lang='lat' dir='ltr'><strong>bonos</strong></span> <span class='ocrx_word' id='word_1_512' title='bbox 303 4432 357 4478; x_wconf 89' lang='lat' dir='ltr'><strong>et</strong></span> <span class='ocrx_word' id='word_1_513' title='bbox 379 4424 618 4479; x_wconf 89' lang='lat' dir='ltr'><strong>idoneos</strong></span> <span class='ocrx_word' id='word_1_514' title='bbox 645 4424 1005 4479; x_wconf 82' lang='lat' dir='ltr'><strong>vicedomuos</strong></span> <span class='ocrx_word' id='word_1_515' title='bbox 1022 4433 1076 4478; x_wconf 92' lang='lat' dir='ltr'><strong>et</strong></span> <span class='ocrx_word' id='word_1_516' title='bbox 1099 4425 1396 4479; x_wconf 87' lang='lat' dir='ltr'><strong>advocatos</strong></span> <span class='ocrx_word' id='word_1_517' title='bbox 1437 4423 1728 4487; x_wconf 87' lang='lat' dir='ltr'><strong>haberent,</strong></span> 
     </span>
    </p>
   </div>
   <div class='ocr_carea' id='block_1_79' title="bbox 1828 3322 3453 3397">
    <p class='ocr_par' dir='ltr' id='par_1_79' title="bbox 1828 3322 3453 3397">
     <span class='ocr_line' id='line_1_79' title="bbox 1828 3322 3453 3397; baseline -0.004 -12"><span class='ocrx_word' id='word_1_518' title='bbox 1828 3329 2066 3396; x_wconf 90' lang='lat' dir='ltr'><strong>diaconi,</strong></span> <span class='ocrx_word' id='word_1_519' title='bbox 2112 3337 2167 3382; x_wconf 90' lang='lat' dir='ltr'><strong>et</strong></span> <span class='ocrx_word' id='word_1_520' title='bbox 2210 3344 2338 3397; x_wconf 92' lang='lat' dir='ltr'><strong>pars</strong></span> <span class='ocrx_word' id='word_1_521' title='bbox 2389 3325 2639 3381; x_wconf 68' lang='lat' dir='ltr'><strong>ecclesia:</strong></span> <span class='ocrx_word' id='word_1_522' title='bbox 2683 3323 3088 3389; x_wconf 89' lang='lat' dir='ltr'><strong>Noviomensis,</strong></span> <span class='ocrx_word' id='word_1_523' title='bbox 3149 3322 3337 3378; x_wconf 91' lang='lat' dir='ltr'><strong>clerici</strong></span> <span class='ocrx_word' id='word_1_524' title='bbox 3398 3331 3453 3379; x_wconf 91' lang='lat' dir='ltr'><strong>et</strong></span> 
     </span>
    </p>
   </div>
   <div class='ocr_carea' id='block_1_80' title="bbox 1827 3412 3450 3487">
    <p class='ocr_par' dir='ltr' id='par_1_80' title="bbox 1827 3412 3450 3487">
     <span class='ocr_line' id='line_1_80' title="bbox 1827 3412 3450 3487; baseline -0.003 -15"><span class='ocrx_word' id='word_1_525' title='bbox 1827 3419 1986 3482; x_wconf 90' lang='lat' dir='ltr'><strong>laici;</strong></span> <span class='ocrx_word' id='word_1_526' title='bbox 2031 3426 2087 3472; x_wconf 87' lang='lat' dir='ltr'><strong>et</strong></span> <span class='ocrx_word' id='word_1_527' title='bbox 2117 3433 2244 3487; x_wconf 87' lang='lat' dir='ltr'><strong>pars</strong></span> <span class='ocrx_word' id='word_1_528' title='bbox 2279 3415 2528 3469; x_wconf 66' lang='lat' dir='ltr'><strong>ecclesiae</strong></span> <span class='ocrx_word' id='word_1_529' title='bbox 2558 3414 2925 3478; x_wconf 67' lang='lat' dir='ltr'><strong>suessonicze,</strong></span> <span class='ocrx_word' id='word_1_530' title='bbox 2950 3412 3208 3468; x_wconf 89' lang='lat' dir='ltr'><strong>similiter</strong></span> <span class='ocrx_word' id='word_1_531' title='bbox 3240 3412 3450 3480; x_wconf 89' lang='lat' dir='ltr'><strong>clerici,</strong></span> 
     </span>
    </p>
   </div>
   <div class='ocr_carea' id='block_1_81' title="bbox 1826 3505 3452 3577">
    <p class='ocr_par' dir='ltr' id='par_1_81' title="bbox 1826 3505 3452 3577">
     <span class='ocr_line' id='line_1_81' title="bbox 1826 3505 3452 3577; baseline -0.004 -11"><span class='ocrx_word' id='word_1_532' title='bbox 1826 3521 1882 3567; x_wconf 91' lang='lat' dir='ltr'><strong>et</strong></span> <span class='ocrx_word' id='word_1_533' title='bbox 1911 3511 2064 3577; x_wconf 90' lang='lat' dir='ltr'><strong>laici,</strong></span> <span class='ocrx_word' id='word_1_534' title='bbox 2089 3519 2144 3565; x_wconf 86' lang='lat' dir='ltr'><strong>et</strong></span> <span class='ocrx_word' id='word_1_535' title='bbox 2168 3525 2280 3564; x_wconf 88' lang='lat' dir='ltr'><strong>uno</strong></span> <span class='ocrx_word' id='word_1_536' title='bbox 2312 3508 2496 3562; x_wconf 89' lang='lat' dir='ltr'><strong>animo</strong></span> <span class='ocrx_word' id='word_1_537' title='bbox 2534 3522 2761 3577; x_wconf 86' lang='lat' dir='ltr'><strong>unoque</strong></span> <span class='ocrx_word' id='word_1_538' title='bbox 2791 3522 3069 3562; x_wconf 90' lang='lat' dir='ltr'><strong>consensu</strong></span> <span class='ocrx_word' id='word_1_539' title='bbox 3120 3505 3452 3561; x_wconf 89' lang='lat' dir='ltr'><strong>confirmare</strong></span> 
     </span>
    </p>
   </div>
   <div class='ocr_carea' id='block_1_82' title="bbox 1827 3595 3450 3666">
    <p class='ocr_par' dir='ltr' id='par_1_82' title="bbox 1827 3595 3450 3666">
     <span class='ocr_line' id='line_1_82' title="bbox 1827 3595 3450 3666; baseline -0.004 -10"><span class='ocrx_word' id='word_1_540' title='bbox 1827 3602 2208 3656; x_wconf 87' lang='lat' dir='ltr'><strong>decreverunt.</strong></span> <span class='ocrx_word' id='word_1_541' title='bbox 2237 3599 2347 3652; x_wconf 92' lang='lat' dir='ltr'><strong>Nec</strong></span> <span class='ocrx_word' id='word_1_542' title='bbox 2365 3613 2478 3652; x_wconf 55' lang='lat' dir='ltr'><strong>suae</strong></span> <span class='ocrx_word' id='word_1_543' title='bbox 2507 3603 2721 3651; x_wconf 88' lang='lat' dir='ltr'><strong>tantum</strong></span> <span class='ocrx_word' id='word_1_544' title='bbox 2752 3595 3080 3660; x_wconf 79' lang='lat' dir='ltr'><strong>diceceseos,</strong></span> <span class='ocrx_word' id='word_1_545' title='bbox 3115 3596 3252 3666; x_wconf 90' lang='lat' dir='ltr'><strong>quin</strong></span> <span class='ocrx_word' id='word_1_546' title='bbox 3279 3595 3450 3650; x_wconf 90' lang='lat' dir='ltr'><strong>etiam</strong></span> 
     </span>
    </p>
   </div>
   <div class='ocr_carea' id='block_1_83' title="bbox 1825 3685 3452 3758">
    <p class='ocr_par' dir='ltr' id='par_1_83' title="bbox 1825 3685 3452 3758">
     <span class='ocr_line' id='line_1_83' title="bbox 1825 3685 3452 3758; baseline -0.004 -11"><span class='ocrx_word' id='word_1_547' title='bbox 1825 3692 2126 3747; x_wconf 69' lang='lat' dir='ltr'><strong>Trevericze</strong></span> <span class='ocrx_word' id='word_1_548' title='bbox 2194 3690 2328 3745; x_wconf 90' lang='lat' dir='ltr'><strong>urbs</strong></span> <span class='ocrx_word' id='word_1_549' title='bbox 2371 3688 2854 3758; x_wconf 90' lang='lat' dir='ltr'><strong>archiepiscopum</strong></span> <span class='ocrx_word' id='word_1_550' title='bbox 2910 3685 3268 3752; x_wconf 87' lang='lat' dir='ltr'><strong>Amalarium,</strong></span> <span class='ocrx_word' id='word_1_551' title='bbox 3325 3703 3452 3742; x_wconf 92' lang='lat' dir='ltr'><strong>cum</strong></span> 
     </span>
    </p>
   </div>
   <div class='ocr_carea' id='block_1_84' title="bbox 1825 3781 3451 3858">
    <p class='ocr_par' dir='ltr' id='par_1_84' title="bbox 1825 3781 3451 3858">
     <span class='ocr_line' id='line_1_84' title="bbox 1825 3781 3451 3858; baseline -0.002 -13"><span class='ocrx_word' id='word_1_552' title='bbox 1825 3791 2112 3845; x_wconf 87' lang='lat' dir='ltr'><strong>Adalmaro</strong></span> <span class='ocrx_word' id='word_1_553' title='bbox 2142 3789 2318 3858; x_wconf 90' lang='lat' dir='ltr'><strong>ipsius</strong></span> <span class='ocrx_word' id='word_1_554' title='bbox 2375 3785 2730 3856; x_wconf 90' lang='lat' dir='ltr'><strong>coepiscopo,</strong></span> <span class='ocrx_word' id='word_1_555' title='bbox 2763 3791 2818 3837; x_wconf 93' lang='lat' dir='ltr'><strong>et</strong></span> <span class='ocrx_word' id='word_1_556' title='bbox 2851 3781 3168 3849; x_wconf 84' lang='lat' dir='ltr'><strong>Herilando,</strong></span> <span class='ocrx_word' id='word_1_557' title='bbox 3197 3784 3451 3852; x_wconf 90' lang='lat' dir='ltr'><strong>jussione</strong></span> 
     </span>
    </p>
   </div>
   <div class='ocr_carea' id='block_1_85' title="bbox 1827 3875 3448 3957">
    <p class='ocr_par' dir='ltr' id='par_1_85' title="bbox 1827 3875 3448 3957">
     <span class='ocr_line' id='line_1_85' title="bbox 1827 3875 3448 3957; baseline -0.006 -17"><span class='ocrx_word' id='word_1_558' title='bbox 1827 3883 2178 3957; x_wconf 87' lang='lat' dir='ltr'><strong>imperatoris</strong></span> <span class='ocrx_word' id='word_1_559' title='bbox 2197 3881 2380 3954; x_wconf 87' lang='lat' dir='ltr'><strong>magni</strong></span> <span class='ocrx_word' id='word_1_560' title='bbox 2425 3879 2624 3945; x_wconf 86' lang='lat' dir='ltr'><strong>Karoli,</strong></span> <span class='ocrx_word' id='word_1_561' title='bbox 2657 3877 2724 3931; x_wconf 90' lang='lat' dir='ltr'><strong>ab</strong></span> <span class='ocrx_word' id='word_1_562' title='bbox 2757 3875 2953 3931; x_wconf 88' lang='lat' dir='ltr'><strong>eodem</strong></span> <span class='ocrx_word' id='word_1_563' title='bbox 2985 3875 3197 3930; x_wconf 89' lang='lat' dir='ltr'><strong>scilicet</strong></span> <span class='ocrx_word' id='word_1_564' title='bbox 3228 3877 3448 3932; x_wconf 84' lang='lat' dir='ltr'><strong>Vultfa-</strong></span> 
     </span>
    </p>
   </div>
   <div class='ocr_carea' id='block_1_86' title="bbox 1828 3966 3451 4045">
    <p class='ocr_par' dir='ltr' id='par_1_86' title="bbox 1828 3966 3451 4045">
     <span class='ocr_line' id='line_1_86' title="bbox 1828 3966 3451 4045; baseline -0.006 -12"><span class='ocrx_word' id='word_1_565' title='bbox 1828 3979 1911 4033; x_wconf 91' lang='lat' dir='ltr'><strong>rio</strong></span> <span class='ocrx_word' id='word_1_566' title='bbox 1939 3974 2364 4045; x_wconf 89' lang='lat' dir='ltr'><strong>metr0politano</strong></span> <span class='ocrx_word' id='word_1_567' title='bbox 2393 3978 2752 4028; x_wconf 89' lang='lat' dir='ltr'><strong>convocatum</strong></span> <span class='ocrx_word' id='word_1_568' title='bbox 2781 3968 2849 4022; x_wconf 86' lang='lat' dir='ltr'><strong>ad</strong></span> <span class='ocrx_word' id='word_1_569' title='bbox 2881 3966 3293 4022; x_wconf 89' lang='lat' dir='ltr'><strong>ordinationem</strong></span> <span class='ocrx_word' id='word_1_570' title='bbox 3329 3970 3451 4039; x_wconf 90' lang='lat' dir='ltr'><strong>epi-</strong></span> 
     </span>
    </p>
   </div>
   <div class='ocr_carea' id='block_1_87' title="bbox 1829 4056 3452 4138">
    <p class='ocr_par' dir='ltr' id='par_1_87' title="bbox 1829 4056 3452 4138">
     <span class='ocr_line' id='line_1_87' title="bbox 1829 4056 3452 4138; baseline -0.006 -15"><span class='ocrx_word' id='word_1_571' title='bbox 1829 4067 2109 4138; x_wconf 88' lang='lat' dir='ltr'><strong>sc0palem</strong></span> <span class='ocrx_word' id='word_1_572' title='bbox 2149 4064 2438 4134; x_wconf 90' lang='lat' dir='ltr'><strong>cujusdam</strong></span> <span class='ocrx_word' id='word_1_573' title='bbox 2472 4059 2773 4126; x_wconf 84' lang='lat' dir='ltr'><strong>Frotharii,</strong></span> <span class='ocrx_word' id='word_1_574' title='bbox 2823 4056 3061 4128; x_wconf 66' lang='lat' dir='ltr'><strong>praefatae</strong></span> <span class='ocrx_word' id='word_1_575' title='bbox 3093 4057 3452 4114; x_wconf 87' lang='lat' dir='ltr'><strong>Treverensis</strong></span> 
     </span>
    </p>
   </div>
   <div class='ocr_carea' id='block_1_88' title="bbox 1832 4149 3451 4227">
    <p class='ocr_par' dir='ltr' id='par_1_88' title="bbox 1832 4149 3451 4227">
     <span class='ocr_line' id='line_1_88' title="bbox 1832 4149 3451 4227; baseline -0.005 -14"><span class='ocrx_word' id='word_1_576' title='bbox 1832 4157 2079 4213; x_wconf 62' lang='lat' dir='ltr'><strong>ecclesiae</strong></span> <span class='ocrx_word' id='word_1_577' title='bbox 2112 4153 2442 4227; x_wconf 89' lang='lat' dir='ltr'><strong>presbyteri,</strong></span> <span class='ocrx_word' id='word_1_578' title='bbox 2476 4153 2658 4208; x_wconf 88' lang='lat' dir='ltr'><strong>cidem</strong></span> <span class='ocrx_word' id='word_1_579' title='bbox 2688 4153 2937 4224; x_wconf 89' lang='lat' dir='ltr'><strong>paruisse</strong></span> <span class='ocrx_word' id='word_1_580' title='bbox 2967 4150 3295 4220; x_wconf 89' lang='lat' dir='ltr'><strong>reperimus.</strong></span> <span class='ocrx_word' id='word_1_581' title='bbox 3338 4149 3451 4205; x_wconf 86' lang='lat' dir='ltr'><strong>Hoc</strong></span> 
     </span>
    </p>
   </div>
   <div class='ocr_carea' id='block_1_89' title="bbox 1839 4245 3446 4316">
    <p class='ocr_par' dir='ltr' id='par_1_89' title="bbox 1839 4245 3446 4316">
     <span class='ocr_line' id='line_1_89' title="bbox 1839 4245 3446 4316; baseline -0.005 -14"><span class='ocrx_word' id='word_1_582' title='bbox 1839 4248 2005 4302; x_wconf 90' lang='lat' dir='ltr'><strong>etiam</strong></span> <span class='ocrx_word' id='word_1_583' title='bbox 2045 4245 2287 4300; x_wconf 88' lang='lat' dir='ltr'><strong>Vulfario</strong></span> <span class='ocrx_word' id='word_1_584' title='bbox 2328 4245 2560 4316; x_wconf 73' lang='lat' dir='ltr'><strong>praesule</strong></span> <span class='ocrx_word' id='word_1_585' title='bbox 2588 4245 2900 4309; x_wconf 90' lang='lat' dir='ltr'><strong>ordinante,</strong></span> <span class='ocrx_word' id='word_1_586' title='bbox 2924 4247 3318 4314; x_wconf 85' lang='lat' dir='ltr'><strong>congregatum</strong></span> <span class='ocrx_word' id='word_1_587' title='bbox 3352 4256 3446 4294; x_wconf 90' lang='lat' dir='ltr'><strong>re-</strong></span> 
     </span>
    </p>
   </div>
   <div class='ocr_carea' id='block_1_90' title="bbox 1837 4331 3447 4410">
    <p class='ocr_par' dir='ltr' id='par_1_90' title="bbox 1837 4331 3447 4410">
     <span class='ocr_line' id='line_1_90' title="bbox 1837 4331 3447 4410; baseline -0.006 -16"><span class='ocrx_word' id='word_1_588' title='bbox 1837 4340 2049 4410; x_wconf 90' lang='lat' dir='ltr'><strong>peritur</strong></span> <span class='ocrx_word' id='word_1_589' title='bbox 2081 4339 2264 4394; x_wconf 91' lang='lat' dir='ltr'><strong>Remis</strong></span> <span class='ocrx_word' id='word_1_590' title='bbox 2317 4339 2387 4393; x_wconf 90' lang='lat' dir='ltr'><strong>ab</strong></span> <span class='ocrx_word' id='word_1_591' title='bbox 2418 4339 2752 4408; x_wconf 90' lang='lat' dir='ltr'><strong>imperatore</strong></span> <span class='ocrx_word' id='word_1_592' title='bbox 2784 4333 2979 4389; x_wconf 87' lang='lat' dir='ltr'><strong>Karolo</strong></span> <span class='ocrx_word' id='word_1_593' title='bbox 3025 4333 3219 4405; x_wconf 86' lang='lat' dir='ltr'><strong>Magno</strong></span> <span class='ocrx_word' id='word_1_594' title='bbox 3251 4331 3447 4386; x_wconf 88' lang='lat' dir='ltr'><strong>conci-</strong></span> 
     </span>
    </p>
   </div>
   <div class='ocr_carea' id='block_1_91' title="bbox 1837 4421 3446 4499">
    <p class='ocr_par' dir='ltr' id='par_1_91' title="bbox 1837 4421 3446 4499">
     <span class='ocr_line' id='line_1_91' title="bbox 1837 4421 3446 4499; baseline -0.005 -15"><span class='ocrx_word' id='word_1_595' title='bbox 1837 4431 1969 4485; x_wconf 91' lang='lat' dir='ltr'><strong>lium</strong></span> <span class='ocrx_word' id='word_1_596' title='bbox 2006 4429 2372 4499; x_wconf 90' lang='lat' dir='ltr'><strong>plurimorum</strong></span> <span class='ocrx_word' id='word_1_597' title='bbox 2405 4427 2646 4493; x_wconf 91' lang='lat' dir='ltr'><strong>Patrum,</strong></span> <span class='ocrx_word' id='word_1_598' title='bbox 2681 4426 2737 4479; x_wconf 91' lang='lat' dir='ltr'><strong>in</strong></span> <span class='ocrx_word' id='word_1_599' title='bbox 2769 4440 2879 4496; x_wconf 92' lang='lat' dir='ltr'><strong>quo</strong></span> <span class='ocrx_word' id='word_1_600' title='bbox 2911 4422 3210 4479; x_wconf 87' lang='lat' dir='ltr'><strong>constituta</strong></span> <span class='ocrx_word' id='word_1_601' title='bbox 3240 4423 3330 4487; x_wconf 70' lang='lat'><strong>43,</strong></span> <span class='ocrx_word' id='word_1_602' title='bbox 3361 4421 3446 4476; x_wconf 90' lang='lat' dir='ltr'><strong>le-</strong></span> 
     </span>
    </p>
   </div>
   <div class='ocr_carea' id='block_1_92' title="bbox 118 4512 3449 4594">
    <p class='ocr_par' dir='ltr' id='par_1_92' title="bbox 118 4512 3449 4594">
     <span class='ocr_line' id='line_1_92' title="bbox 118 4512 3449 4594; baseline -0.001 -26"><span class='ocrx_word' id='word_1_603' title='bbox 118 4522 165 4568; x_wconf 89' lang='lat' dir='ltr'><strong>et</strong></span> <span class='ocrx_word' id='word_1_604' title='bbox 195 4518 564 4590; x_wconf 89' lang='lat' dir='ltr'><strong>undecunque</strong></span> <span class='ocrx_word' id='word_1_605' title='bbox 623 4534 854 4573; x_wconf 91' lang='lat' dir='ltr'><strong>necesse</strong></span> <span class='ocrx_word' id='word_1_606' title='bbox 921 4518 1135 4586; x_wconf 85' lang='lat' dir='ltr'><strong>fuisset,</strong></span> <span class='ocrx_word' id='word_1_607' title='bbox 1179 4527 1284 4573; x_wconf 88' lang='lat' dir='ltr'><strong>tam</strong></span> <span class='ocrx_word' id='word_1_608' title='bbox 1329 4518 1531 4592; x_wconf 86' lang='lat' dir='ltr'><strong>regias,</strong></span> <span class='ocrx_word' id='word_1_609' title='bbox 1563 4536 1728 4591; x_wconf 88' lang='lat' dir='ltr'><strong>quam</strong></span> <span class='ocrx_word' id='word_1_610' title='bbox 1762 4591 1795 4594; x_wconf 21' lang='grc' dir='ltr'>ζ</span> <span class='ocrx_word' id='word_1_611' title='bbox 1830 4529 2036 4594; x_wconf 91' lang='lat' dir='ltr'><strong>guntur</strong></span> <span class='ocrx_word' id='word_1_612' title='bbox 2059 4521 2324 4592; x_wconf 87' lang='lat' dir='ltr'><strong>capitula,</strong></span> <span class='ocrx_word' id='word_1_613' title='bbox 2344 4520 2401 4574; x_wconf 90' lang='lat' dir='ltr'><strong>in</strong></span> <span class='ocrx_word' id='word_1_614' title='bbox 2433 4519 2638 4590; x_wconf 87' lang='lat' dir='ltr'><strong>quibus</strong></span> <span class='ocrx_word' id='word_1_615' title='bbox 2665 4519 2734 4572; x_wconf 94' lang='lat' dir='ltr'><strong>de</strong></span> <span class='ocrx_word' id='word_1_616' title='bbox 2771 4515 2900 4570; x_wconf 81' lang='lat' dir='ltr'><strong>fidei</strong></span> <span class='ocrx_word' id='word_1_617' title='bbox 2927 4514 3138 4568; x_wconf 88' lang='lat' dir='ltr'><strong>ratione</strong></span> <span class='ocrx_word' id='word_1_618' title='bbox 3168 4519 3336 4583; x_wconf 85' lang='lat' dir='ltr'><strong>atque</strong></span> <span class='ocrx_word' id='word_1_619' title='bbox 3353 4512 3449 4566; x_wconf 89' lang='lat' dir='ltr'><strong>Dei</strong></span> 
     </span>
    </p>
   </div>
   <div class='ocr_carea' id='block_1_93' title="bbox 118 4591 3447 4682">
    <p class='ocr_par' dir='ltr' id='par_1_93' title="bbox 118 4591 3447 4682">
     <span class='ocr_line' id='line_1_93' title="bbox 118 4591 3447 4682; baseline 0.002 -26"><span class='ocrx_word' id='word_1_620' title='bbox 118 4605 460 4661; x_wconf 90' lang='lat' dir='ltr'><strong>ecclesiarum</strong></span> <span class='ocrx_word' id='word_1_621' title='bbox 517 4606 613 4661; x_wconf 90' lang='lat' dir='ltr'><strong>Dei</strong></span> <span class='ocrx_word' id='word_1_622' title='bbox 673 4606 940 4675; x_wconf 88' lang='lat' dir='ltr'><strong>justitias,</strong></span> <span class='ocrx_word' id='word_1_623' title='bbox 1022 4607 1311 4662; x_wconf 87' lang='lat' dir='ltr'><strong>viduarum</strong></span> <span class='ocrx_word' id='word_1_624' title='bbox 1377 4623 1600 4679; x_wconf 86' lang='lat' dir='ltr'><strong>quoque</strong></span> <span class='ocrx_word' id='word_1_625' title='bbox 1678 4591 2089 4669; x_wconf 68' lang='lat' dir='ltr'><strong>etDEcclesize</strong></span> <span class='ocrx_word' id='word_1_626' title='bbox 2121 4613 2351 4678; x_wconf 88' lang='lat' dir='ltr'><strong>honore,</strong></span> <span class='ocrx_word' id='word_1_627' title='bbox 2373 4619 2760 4682; x_wconf 89' lang='lat' dir='ltr'><strong>rectorumque</strong></span> <span class='ocrx_word' id='word_1_628' title='bbox 2783 4608 2956 4680; x_wconf 89' lang='lat' dir='ltr'><strong>ipsius</strong></span> <span class='ocrx_word' id='word_1_629' title='bbox 2977 4623 3042 4661; x_wconf 90' lang='lat' dir='ltr'><strong>ac</strong></span> <span class='ocrx_word' id='word_1_630' title='bbox 3067 4606 3447 4660; x_wconf 82' lang='lat' dir='ltr'><strong>ministrorum</strong></span> 
     </span>
    </p>
   </div>
   <div class='ocr_carea' id='block_1_94' title="bbox 116 4693 3447 4780">
    <p class='ocr_par' dir='ltr' id='par_1_94' title="bbox 116 4693 3447 4780">
     <span class='ocr_line' id='line_1_94' title="bbox 116 4693 3447 4780; baseline 0.001 -36"><span class='ocrx_word' id='word_1_631' title='bbox 116 4694 499 4780; x_wconf 64' lang='lat' dir='ltr'><strong>orplianorum,</strong></span> <span class='ocrx_word' id='word_1_632' title='bbox 530 4696 631 4750; x_wconf 90' lang='lat' dir='ltr'><strong>sed</strong></span> <span class='ocrx_word' id='word_1_633' title='bbox 668 4703 722 4750; x_wconf 87' lang='lat' dir='ltr'><strong>et</strong></span> <span class='ocrx_word' id='word_1_634' title='bbox 773 4704 1100 4751; x_wconf 67' lang='lat' dir='ltr'><strong>caeterorum</strong></span> <span class='ocrx_word' id='word_1_635' title='bbox 1148 4697 1435 4751; x_wconf 90' lang='lat' dir='ltr'><strong>hominum</strong></span> <span class='ocrx_word' id='word_1_636' title='bbox 1471 4696 1728 4768; x_wconf 90' lang='lat' dir='ltr'><strong>inquire-</strong></span> <span class='ocrx_word' id='word_1_637' title='bbox 1782 4741 1786 4746; x_wconf 87' lang='lat'><strong>.</strong></span> <span class='ocrx_word' id='word_1_638' title='bbox 1831 4701 2221 4772; x_wconf 82' lang='lat' dir='ltr'><strong>diSpositione,</strong></span> <span class='ocrx_word' id='word_1_639' title='bbox 2255 4701 2512 4774; x_wconf 88' lang='lat' dir='ltr'><strong>regisque</strong></span> <span class='ocrx_word' id='word_1_640' title='bbox 2562 4699 2852 4766; x_wconf 83' lang='lat' dir='ltr'><strong>ﬁdelitate,</strong></span> <span class='ocrx_word' id='word_1_641' title='bbox 2907 4704 3070 4768; x_wconf 91' lang='lat' dir='ltr'><strong>atque</strong></span> <span class='ocrx_word' id='word_1_642' title='bbox 3097 4695 3268 4750; x_wconf 92' lang='lat' dir='ltr'><strong>totius</strong></span> <span class='ocrx_word' id='word_1_643' title='bbox 3290 4693 3447 4767; x_wconf 89' lang='lat' dir='ltr'><strong>regni</strong></span> 
     </span>
    </p>
   </div>
   <div class='ocr_carea' id='block_1_95' title="bbox 117 4784 2529 4857">
    <p class='ocr_par' dir='ltr' id='par_1_95' title="bbox 117 4784 2529 4857">
     <span class='ocr_line' id='line_1_95' title="bbox 117 4784 2529 4857; baseline 0.005 -24"><span class='ocrx_word' id='word_1_644' title='bbox 117 4790 246 4848; x_wconf 89' lang='lat' dir='ltr'><strong>rent,</strong></span> <span class='ocrx_word' id='word_1_645' title='bbox 297 4792 350 4838; x_wconf 90' lang='lat' dir='ltr'><strong>et</strong></span> <span class='ocrx_word' id='word_1_646' title='bbox 403 4784 761 4855; x_wconf 82' lang='lat' dir='ltr'><strong>perﬁcerent,</strong></span> <span class='ocrx_word' id='word_1_647' title='bbox 813 4792 868 4839; x_wconf 88' lang='lat' dir='ltr'><strong>et</strong></span> <span class='ocrx_word' id='word_1_648' title='bbox 897 4785 1270 4857; x_wconf 88' lang='lat' dir='ltr'><strong>quodcunque</strong></span> <span class='ocrx_word' id='word_1_649' title='bbox 1317 4786 1728 4841; x_wconf 89' lang='lat' dir='ltr'><strong>emendandum</strong></span> <span class='ocrx_word' id='word_1_650' title='bbox 1831 4796 2069 4852; x_wconf 72' lang='lat' dir='ltr'><strong>utilitate</strong></span> <span class='ocrx_word' id='word_1_651' title='bbox 2103 4804 2394 4850; x_wconf 80' lang='lat' dir='ltr'><strong>tractatum</strong></span> <span class='ocrx_word' id='word_1_652' title='bbox 2427 4801 2529 4849; x_wconf 88' lang='lat' dir='ltr'><strong>est.</strong></span> 
     </span>
    </p>
   </div>
   <div class='ocr_carea' id='block_1_96' title="bbox 117 4877 3448 4958">
    <p class='ocr_par' dir='ltr' id='par_1_96' title="bbox 117 4877 3448 4958">
     <span class='ocr_line' id='line_1_96' title="bbox 117 4877 3448 4958; baseline -0.003 -15"><span class='ocrx_word' id='word_1_653' title='bbox 117 4883 248 4928; x_wconf 69' lang='lat' dir='ltr'><strong>esset</strong></span> <span class='ocrx_word' id='word_1_654' title='bbox 274 4877 579 4931; x_wconf 79' lang='lat' dir='ltr'><strong>emendare</strong></span> <span class='ocrx_word' id='word_1_655' title='bbox 637 4877 949 4942; x_wconf 71' lang='lat' dir='ltr'><strong>studerent.</strong></span> <span class='ocrx_word' id='word_1_656' title='bbox 994 4878 1049 4932; x_wconf 91' lang='lat' dir='ltr'><strong>in</strong></span> <span class='ocrx_word' id='word_1_657' title='bbox 1081 4885 1348 4949; x_wconf 83' lang='lat' dir='ltr'><strong>quantum</strong></span> <span class='ocrx_word' id='word_1_658' title='bbox 1400 4879 1600 4933; x_wconf 87' lang='lat' dir='ltr'><strong>melius</strong></span> <span class='ocrx_word' id='word_1_659' title='bbox 1631 4895 1731 4949; x_wconf 79' lang='grc' dir='ltr'><strong>ρο·</strong></span> <span class='ocrx_word' id='word_1_660' title='bbox 1903 4888 2175 4952; x_wconf 86' lang='lat' dir='ltr'><strong>Quasdam</strong></span> <span class='ocrx_word' id='word_1_661' title='bbox 2233 4895 2498 4958; x_wconf 69' lang='lat' dir='ltr'><strong>pneterea</strong></span> <span class='ocrx_word' id='word_1_662' title='bbox 2552 4887 2709 4941; x_wconf 88' lang='lat' dir='ltr'><strong>villas</strong></span> <span class='ocrx_word' id='word_1_663' title='bbox 2749 4883 2996 4939; x_wconf 79' lang='lat' dir='ltr'><strong>ecclesiae</strong></span> <span class='ocrx_word' id='word_1_664' title='bbox 3027 4880 3316 4937; x_wconf 88' lang='lat' dir='ltr'><strong>Remensis</strong></span> <span class='ocrx_word' id='word_1_665' title='bbox 3346 4879 3448 4934; x_wconf 90' lang='lat' dir='ltr'><strong>rite</strong></span> 
     </span>
    </p>
   </div>
   <div class='ocr_carea' id='block_1_97' title="bbox 118 4961 3446 5047">
    <p class='ocr_par' dir='ltr' id='par_1_97' title="bbox 118 4961 3446 5047">
     <span class='ocr_line' id='line_1_97' title="bbox 118 4961 3446 5047; baseline -0.002 -19"><span class='ocrx_word' id='word_1_666' title='bbox 118 4961 352 5028; x_wconf 77' lang='lat' dir='ltr'><strong>luissem.</strong></span> <span class='ocrx_word' id='word_1_667' title='bbox 378 4975 434 5020; x_wconf 85' lang='lat' dir='ltr'><strong>et</strong></span> <span class='ocrx_word' id='word_1_668' title='bbox 472 4967 627 5037; x_wconf 86' lang='lat' dir='ltr'><strong>quod</strong></span> <span class='ocrx_word' id='word_1_669' title='bbox 681 4967 980 5022; x_wconf 87' lang='lat' dir='ltr'><strong>emendare</strong></span> <span class='ocrx_word' id='word_1_670' title='bbox 1012 4983 1113 5039; x_wconf 86' lang='lat' dir='ltr'><strong>per</strong></span> <span class='ocrx_word' id='word_1_671' title='bbox 1137 4984 1197 5022; x_wconf 88' lang='lat' dir='ltr'><strong>se</strong></span> <span class='ocrx_word' id='word_1_672' title='bbox 1229 4967 1636 5038; x_wconf 79' lang='lat' dir='ltr'><strong>nequivissent,</strong></span> <span class='ocrx_word' id='word_1_673' title='bbox 1672 4970 1726 5023; x_wconf 88' lang='lat' dir='ltr'><strong>in</strong></span> <span class='ocrx_word' id='word_1_674' title='bbox 1795 4977 2140 5031; x_wconf 66' lang='lat' dir='ltr'><strong>«distributis</strong></span> <span class='ocrx_word' id='word_1_675' title='bbox 2187 4984 2355 5047; x_wconf 90' lang='lat' dir='ltr'><strong>atque</strong></span> <span class='ocrx_word' id='word_1_676' title='bbox 2413 4977 2707 5047; x_wconf 84' lang='lat' dir='ltr'><strong>descriptis</strong></span> <span class='ocrx_word' id='word_1_677' title='bbox 2745 4972 3021 5030; x_wconf 81' lang='lat' dir='ltr'><strong>ordinavit</strong></span> <span class='ocrx_word' id='word_1_678' title='bbox 3051 4969 3302 5026; x_wconf 91' lang='lat' dir='ltr'><strong>coloniis.</strong></span> <span class='ocrx_word' id='word_1_679' title='bbox 3338 4967 3446 5022; x_wconf 86' lang='lat' dir='ltr'><strong>Sed</strong></span> 
     </span>
    </p>
   </div>
   <div class='ocr_carea' id='block_1_98' title="bbox 115 5059 1724 5130">
    <p class='ocr_par' dir='ltr' id='par_1_98' title="bbox 115 5059 1724 5130">
     <span class='ocr_line' id='line_1_98' title="bbox 115 5059 1724 5130; baseline 0.005 -22"><span class='ocrx_word' id='word_1_680' title='bbox 115 5059 448 5120; x_wconf 62' lang='lat' dir='ltr'><strong>praesentiam</strong></span> <span class='ocrx_word' id='word_1_681' title='bbox 483 5059 837 5130; x_wconf 87' lang='lat' dir='ltr'><strong>imperatoris</strong></span> <span class='ocrx_word' id='word_1_682' title='bbox 885 5059 1082 5114; x_wconf 91' lang='lat' dir='ltr'><strong>adduci</strong></span> <span class='ocrx_word' id='word_1_683' title='bbox 1146 5059 1410 5126; x_wconf 87' lang='lat' dir='ltr'><strong>facerent,</strong></span> <span class='ocrx_word' id='word_1_684' title='bbox 1452 5061 1606 5114; x_wconf 90' lang='lat' dir='ltr'><strong>etde</strong></span> <span class='ocrx_word' id='word_1_685' title='bbox 1638 5061 1724 5116; x_wconf 93' lang='lat' dir='ltr'><strong>his</strong></span> 
     </span>
    </p>
   </div>
   <div class='ocr_carea' id='block_1_99' title="bbox 113 5147 1719 5224">
    <p class='ocr_par' dir='ltr' id='par_1_99' title="bbox 113 5147 1719 5224">
     <span class='ocr_line' id='line_1_99' title="bbox 113 5147 1719 5224; baseline 0.006 -26"><span class='ocrx_word' id='word_1_686' title='bbox 113 5147 357 5204; x_wconf 90' lang='lat' dir='ltr'><strong>omnibus</strong></span> <span class='ocrx_word' id='word_1_687' title='bbox 387 5151 576 5206; x_wconf 91' lang='lat' dir='ltr'><strong>eidem</strong></span> <span class='ocrx_word' id='word_1_688' title='bbox 608 5152 849 5224; x_wconf 89' lang='lat' dir='ltr'><strong>principi</strong></span> <span class='ocrx_word' id='word_1_689' title='bbox 906 5152 1147 5208; x_wconf 84' lang='lat' dir='ltr'><strong>fideliter</strong></span> <span class='ocrx_word' id='word_1_690' title='bbox 1175 5153 1494 5208; x_wconf 88' lang='lat' dir='ltr'><strong>renuntiare</strong></span> <span class='ocrx_word' id='word_1_691' title='bbox 1522 5154 1719 5207; x_wconf 88' lang='lat' dir='ltr'><strong>stude-</strong></span> 
     </span>
    </p>
   </div>
   <div class='ocr_carea' id='block_1_100' title="bbox 113 5239 1723 5312">
    <p class='ocr_par' dir='ltr' id='par_1_100' title="bbox 113 5239 1723 5312">
     <span class='ocr_line' id='line_1_100' title="bbox 113 5239 1723 5312; baseline 0.007 -26"><span class='ocrx_word' id='word_1_692' title='bbox 113 5245 235 5290; x_wconf 88' lang='lat' dir='ltr'><strong>rent.</strong></span> <span class='ocrx_word' id='word_1_693' title='bbox 266 5239 539 5294; x_wconf 87' lang='lat' dir='ltr'><strong>Residens</strong></span> <span class='ocrx_word' id='word_1_694' title='bbox 575 5239 743 5311; x_wconf 84' lang='lat' dir='ltr'><strong>igitur</strong></span> <span class='ocrx_word' id='word_1_695' title='bbox 788 5240 1047 5312; x_wconf 64' lang='lat' dir='ltr'><strong>praefatus</strong></span> <span class='ocrx_word' id='word_1_696' title='bbox 1075 5241 1159 5296; x_wconf 90' lang='lat' dir='ltr'><strong>vir</strong></span> <span class='ocrx_word' id='word_1_697' title='bbox 1186 5241 1422 5296; x_wconf 88' lang='lat' dir='ltr'><strong>illustris</strong></span> <span class='ocrx_word' id='word_1_698' title='bbox 1445 5241 1723 5297; x_wconf 86' lang='lat' dir='ltr'><strong>Vulfarius</strong></span> 
     </span>
    </p>
   </div>
   <div class='ocr_carea' id='block_1_101' title="bbox 111 5322 1718 5402">
    <p class='ocr_par' dir='ltr' id='par_1_101' title="bbox 111 5322 1718 5402">
     <span class='ocr_line' id='line_1_101' title="bbox 111 5322 1718 5402; baseline 0.007 -28"><span class='ocrx_word' id='word_1_699' title='bbox 111 5322 168 5374; x_wconf 85' lang='lat' dir='ltr'><strong>ad</strong></span> <span class='ocrx_word' id='word_1_700' title='bbox 194 5323 434 5393; x_wconf 87' lang='lat' dir='ltr'><strong>injuncta</strong></span> <span class='ocrx_word' id='word_1_701' title='bbox 465 5328 579 5382; x_wconf 89' lang='lat' dir='ltr'><strong>sibi</strong></span> <span class='ocrx_word' id='word_1_702' title='bbox 610 5327 930 5385; x_wconf 82' lang='lat' dir='ltr'><strong>definienda</strong></span> <span class='ocrx_word' id='word_1_703' title='bbox 950 5326 1183 5399; x_wconf 88' lang='lat' dir='ltr'><strong>judicia,</strong></span> <span class='ocrx_word' id='word_1_704' title='bbox 1216 5348 1341 5386; x_wconf 91' lang='lat' dir='ltr'><strong>cum</strong></span> <span class='ocrx_word' id='word_1_705' title='bbox 1387 5331 1718 5402; x_wconf 89' lang='lat' dir='ltr'><strong>quibusdam</strong></span> 
     </span>
    </p>
   </div>
   <div class='ocr_carea' id='block_1_102' title="bbox 109 5417 1719 5496">
    <p class='ocr_par' dir='ltr' id='par_1_102' title="bbox 109 5417 1719 5496">
     <span class='ocr_line' id='line_1_102' title="bbox 109 5417 1719 5496; baseline 0.007 -29"><span class='ocrx_word' id='word_1_706' title='bbox 109 5417 389 5474; x_wconf 91' lang='lat' dir='ltr'><strong>comitibus</strong></span> <span class='ocrx_word' id='word_1_707' title='bbox 418 5421 473 5474; x_wconf 90' lang='lat' dir='ltr'><strong>in</strong></span> <span class='ocrx_word' id='word_1_708' title='bbox 528 5421 689 5476; x_wconf 89' lang='lat' dir='ltr'><strong>malis</strong></span> <span class='ocrx_word' id='word_1_709' title='bbox 745 5421 1007 5492; x_wconf 91' lang='lat' dir='ltr'><strong>publicis,</strong></span> <span class='ocrx_word' id='word_1_710' title='bbox 1060 5423 1172 5492; x_wconf 88' lang='lat' dir='ltr'><strong>jam</strong></span> <span class='ocrx_word' id='word_1_711' title='bbox 1233 5439 1460 5496; x_wconf 91' lang='lat' dir='ltr'><strong>quoque</strong></span> <span class='ocrx_word' id='word_1_712' title='bbox 1491 5434 1719 5479; x_wconf 89' lang='lat' dir='ltr'><strong>vocatus</strong></span> 
     </span>
    </p>
   </div>
   <div class='ocr_carea' id='block_1_103' title="bbox 109 5503 1717 5583">
    <p class='ocr_par' dir='ltr' id='par_1_103' title="bbox 109 5503 1717 5583">
     <span class='ocr_line' id='line_1_103' title="bbox 109 5503 1717 5583; baseline 0.004 -26"><span class='ocrx_word' id='word_1_713' title='bbox 109 5503 388 5578; x_wconf 84' lang='lat' dir='ltr'><strong>cpisc0pus</strong></span> <span class='ocrx_word' id='word_1_714' title='bbox 417 5510 606 5564; x_wconf 89' lang='lat' dir='ltr'><strong>adhuc</strong></span> <span class='ocrx_word' id='word_1_715' title='bbox 653 5511 817 5565; x_wconf 89' lang='lat' dir='ltr'><strong>etiam</strong></span> <span class='ocrx_word' id='word_1_716' title='bbox 878 5522 1174 5583; x_wconf 90' lang='lat' dir='ltr'><strong>antequam</strong></span> <span class='ocrx_word' id='word_1_717' title='bbox 1232 5512 1600 5577; x_wconf 91' lang='lat' dir='ltr'><strong>ordinaretur,</strong></span> <span class='ocrx_word' id='word_1_718' title='bbox 1627 5526 1717 5565; x_wconf 89' lang='lat' dir='ltr'><strong>res</strong></span> 
     </span>
    </p>
   </div>
   <div class='ocr_carea' id='block_1_104' title="bbox 108 5595 1718 5672">
    <p class='ocr_par' dir='ltr' id='par_1_104' title="bbox 108 5595 1718 5672">
     <span class='ocr_line' id='line_1_104' title="bbox 108 5595 1718 5672; baseline 0.007 -28"><span class='ocrx_word' id='word_1_719' title='bbox 108 5595 354 5659; x_wconf 87' lang='lat' dir='ltr'><strong>quasdam</strong></span> <span class='ocrx_word' id='word_1_720' title='bbox 385 5599 651 5652; x_wconf 88' lang='lat' dir='ltr'><strong>Remensi</strong></span> <span class='ocrx_word' id='word_1_721' title='bbox 681 5600 952 5668; x_wconf 63' lang='lat' dir='ltr'><strong>ecclesiae,</strong></span> <span class='ocrx_word' id='word_1_722' title='bbox 1002 5601 1099 5655; x_wconf 90' lang='lat' dir='ltr'><strong>sed</strong></span> <span class='ocrx_word' id='word_1_723' title='bbox 1154 5609 1209 5656; x_wconf 87' lang='lat' dir='ltr'><strong>et</strong></span> <span class='ocrx_word' id='word_1_724' title='bbox 1263 5602 1538 5672; x_wconf 90' lang='lat' dir='ltr'><strong>mancipia</strong></span> <span class='ocrx_word' id='word_1_725' title='bbox 1576 5617 1718 5657; x_wconf 89' lang='lat' dir='ltr'><strong>non-</strong></span> 
     </span>
    </p>
   </div>
   <div class='ocr_carea' id='block_1_105' title="bbox 108 5683 1717 5767">
    <p class='ocr_par' dir='ltr' id='par_1_105' title="bbox 108 5683 1717 5767">
     <span class='ocr_line' id='line_1_105' title="bbox 108 5683 1717 5767; baseline 0.01 -34"><span class='ocrx_word' id='word_1_726' title='bbox 108 5683 262 5752; x_wconf 90' lang='lat' dir='ltr'><strong>nulla,</strong></span> <span class='ocrx_word' id='word_1_727' title='bbox 311 5690 397 5743; x_wconf 87' lang='lat' dir='ltr'><strong>vel</strong></span> <span class='ocrx_word' id='word_1_728' title='bbox 471 5691 704 5746; x_wconf 90' lang='lat' dir='ltr'><strong>colonos</strong></span> <span class='ocrx_word' id='word_1_729' title='bbox 762 5693 1175 5764; x_wconf 89' lang='lat' dir='ltr'><strong>reimpetrasse,</strong></span> <span class='ocrx_word' id='word_1_730' title='bbox 1229 5710 1291 5748; x_wconf 89' lang='lat' dir='ltr'><strong>ac</strong></span> <span class='ocrx_word' id='word_1_731' title='bbox 1359 5694 1577 5767; x_wconf 87' lang='lat' dir='ltr'><strong>legibus</strong></span> <span class='ocrx_word' id='word_1_732' title='bbox 1617 5709 1717 5765; x_wconf 91' lang='lat' dir='ltr'><strong>per</strong></span> 
     </span>
    </p>
   </div>
   <div class='ocr_carea' id='block_1_106' title="bbox 106 5777 1712 5857">
    <p class='ocr_par' dir='ltr' id='par_1_106' title="bbox 106 5777 1712 5857">
     <span class='ocr_line' id='line_1_106' title="bbox 106 5777 1712 5857; baseline 0.009 -30"><span class='ocrx_word' id='word_1_733' title='bbox 106 5777 338 5835; x_wconf 66' lang='lat' dir='ltr'><strong>ecclesim</strong></span> <span class='ocrx_word' id='word_1_734' title='bbox 369 5783 672 5839; x_wconf 86' lang='lat' dir='ltr'><strong>advocatos</strong></span> <span class='ocrx_word' id='word_1_735' title='bbox 726 5785 1073 5844; x_wconf 88' lang='lat' dir='ltr'><strong>evindicasse</strong></span> <span class='ocrx_word' id='word_1_736' title='bbox 1120 5787 1420 5857; x_wconf 90' lang='lat' dir='ltr'><strong>reperitur.</strong></span> <span class='ocrx_word' id='word_1_737' title='bbox 1488 5787 1712 5843; x_wconf 86' lang='lat' dir='ltr'><strong>Necnon</strong></span> 
     </span>
    </p>
   </div>
   <div class='ocr_carea' id='block_1_107' title="bbox 1829 5060 3448 5140">
    <p class='ocr_par' dir='ltr' id='par_1_107' title="bbox 1829 5060 3448 5140">
     <span class='ocr_line' id='line_1_107' title="bbox 1829 5060 3448 5140; baseline -0.007 -15"><span class='ocrx_word' id='word_1_738' title='bbox 1829 5078 1884 5125; x_wconf 91' lang='lat' dir='ltr'><strong>et</strong></span> <span class='ocrx_word' id='word_1_739' title='bbox 1916 5085 2002 5124; x_wconf 91' lang='lat' dir='ltr'><strong>res</strong></span> <span class='ocrx_word' id='word_1_740' title='bbox 2031 5071 2279 5124; x_wconf 63' lang='lat' dir='ltr'><strong>ecclesia:</strong></span> <span class='ocrx_word' id='word_1_741' title='bbox 2311 5071 2547 5140; x_wconf 89' lang='lat' dir='ltr'><strong>aliquas,</strong></span> <span class='ocrx_word' id='word_1_742' title='bbox 2610 5067 3019 5140; x_wconf 89' lang='lat' dir='ltr'><strong>mancipiaque,</strong></span> <span class='ocrx_word' id='word_1_743' title='bbox 3039 5080 3162 5119; x_wconf 91' lang='lat' dir='ltr'><strong>cum</strong></span> <span class='ocrx_word' id='word_1_744' title='bbox 3193 5060 3448 5133; x_wconf 88' lang='lat' dir='ltr'><strong>personis</strong></span> 
     </span>
    </p>
   </div>
   <div class='ocr_carea' id='block_1_108' title="bbox 1826 5154 3443 5233">
    <p class='ocr_par' dir='ltr' id='par_1_108' title="bbox 1826 5154 3443 5233">
     <span class='ocr_line' id='line_1_108' title="bbox 1826 5154 3443 5233; baseline -0.006 -17"><span class='ocrx_word' id='word_1_745' title='bbox 1826 5161 2159 5233; x_wconf 77' lang='lat' dir='ltr'><strong>quibusdam</strong></span> <span class='ocrx_word' id='word_1_746' title='bbox 2193 5177 2292 5232; x_wconf 93' lang='lat' dir='ltr'><strong>pro</strong></span> <span class='ocrx_word' id='word_1_747' title='bbox 2332 5162 2569 5233; x_wconf 90' lang='lat' dir='ltr'><strong>partium</strong></span> <span class='ocrx_word' id='word_1_748' title='bbox 2617 5159 2979 5216; x_wconf 87' lang='lat' dir='ltr'><strong>commutavit</strong></span> <span class='ocrx_word' id='word_1_749' title='bbox 3007 5154 3443 5228; x_wconf 87' lang='lat' dir='ltr'><strong>Opportunitate.</strong></span> 
     </span>
    </p>
   </div>
   <div class='ocr_carea' id='block_1_109' title="bbox 1826 5245 3446 5317">
    <p class='ocr_par' dir='ltr' id='par_1_109' title="bbox 1826 5245 3446 5317">
     <span class='ocr_line' id='line_1_109' title="bbox 1826 5245 3446 5317; baseline -0.004 -11"><span class='ocrx_word' id='word_1_750' title='bbox 1826 5254 1899 5308; x_wconf 93' lang='lat' dir='ltr'><strong>De</strong></span> <span class='ocrx_word' id='word_1_751' title='bbox 1923 5253 2194 5308; x_wconf 89' lang='lat' dir='ltr'><strong>thesauris</strong></span> <span class='ocrx_word' id='word_1_752' title='bbox 2225 5253 2389 5308; x_wconf 86' lang='lat' dir='ltr'><strong>etiam</strong></span> <span class='ocrx_word' id='word_1_753' title='bbox 2421 5259 2632 5307; x_wconf 76' lang='lat' dir='ltr'><strong>sanctae</strong></span> <span class='ocrx_word' id='word_1_754' title='bbox 2670 5251 2872 5317; x_wconf 69' lang='lat' dir='ltr'><strong>Mariae,</strong></span> <span class='ocrx_word' id='word_1_755' title='bbox 2905 5267 2969 5305; x_wconf 89' lang='lat' dir='ltr'><strong>ac</strong></span> <span class='ocrx_word' id='word_1_756' title='bbox 3009 5248 3183 5304; x_wconf 88' lang='lat' dir='ltr'><strong>sancti</strong></span> <span class='ocrx_word' id='word_1_757' title='bbox 3215 5245 3446 5317; x_wconf 89' lang='lat' dir='ltr'><strong>Remigii</strong></span> 
     </span>
    </p>
   </div>
   <div class='ocr_carea' id='block_1_110' title="bbox 1823 5339 3443 5401">
    <p class='ocr_par' dir='ltr' id='par_1_110' title="bbox 1823 5339 3443 5401">
     <span class='ocr_line' id='line_1_110' title="bbox 1823 5339 3443 5401; baseline -0.006 -3"><span class='ocrx_word' id='word_1_758' title='bbox 1823 5346 2093 5400; x_wconf 90' lang='lat' dir='ltr'><strong>nonnulla</strong></span> <span class='ocrx_word' id='word_1_759' title='bbox 2145 5361 2268 5399; x_wconf 92' lang='lat' dir='ltr'><strong>cum</strong></span> <span class='ocrx_word' id='word_1_760' title='bbox 2331 5344 2646 5399; x_wconf 89' lang='lat' dir='ltr'><strong>testimonio</strong></span> <span class='ocrx_word' id='word_1_761' title='bbox 2695 5343 2935 5398; x_wconf 88' lang='lat' dir='ltr'><strong>virorum</strong></span> <span class='ocrx_word' id='word_1_762' title='bbox 2979 5339 3299 5401; x_wconf 91' lang='lat' dir='ltr'><strong>illustrium,</strong></span> <span class='ocrx_word' id='word_1_763' title='bbox 3335 5345 3443 5391; x_wconf 88' lang='lat' dir='ltr'><strong>tam</strong></span> 
     </span>
    </p>
   </div>
   <div class='ocr_carea' id='block_1_111' title="bbox 1821 5425 3444 5504">
    <p class='ocr_par' dir='ltr' id='par_1_111' title="bbox 1821 5425 3444 5504">
     <span class='ocr_line' id='line_1_111' title="bbox 1821 5425 3444 5504; baseline -0.005 -17"><span class='ocrx_word' id='word_1_764' title='bbox 1821 5433 2146 5488; x_wconf 89' lang='lat' dir='ltr'><strong>clericorum</strong></span> <span class='ocrx_word' id='word_1_765' title='bbox 2180 5449 2343 5504; x_wconf 89' lang='lat' dir='ltr'><strong>quam</strong></span> <span class='ocrx_word' id='word_1_766' title='bbox 2398 5433 2660 5488; x_wconf 89' lang='lat' dir='ltr'><strong>laicorum</strong></span> <span class='ocrx_word' id='word_1_767' title='bbox 2711 5432 2948 5486; x_wconf 87' lang='lat' dir='ltr'><strong>mutavit</strong></span> <span class='ocrx_word' id='word_1_768' title='bbox 2984 5431 3099 5502; x_wconf 80' lang='lat' dir='ltr'><strong>[al.,</strong></span> <span class='ocrx_word' id='word_1_769' title='bbox 3128 5425 3444 5495; x_wconf 86' lang='lat' dir='ltr'><strong>mutuavit],</strong></span> 
     </span>
    </p>
   </div>
   <div class='ocr_carea' id='block_1_112' title="bbox 1820 5521 3445 5590">
    <p class='ocr_par' dir='ltr' id='par_1_112' title="bbox 1820 5521 3445 5590">
     <span class='ocr_line' id='line_1_112' title="bbox 1820 5521 3445 5590; baseline -0.002 -13"><span class='ocrx_word' id='word_1_770' title='bbox 1820 5530 1875 5577; x_wconf 91' lang='lat' dir='ltr'><strong>et</strong></span> <span class='ocrx_word' id='word_1_771' title='bbox 1903 5530 2228 5578; x_wconf 88' lang='lat' dir='ltr'><strong>ornamenta</strong></span> <span class='ocrx_word' id='word_1_772' title='bbox 2279 5522 2365 5576; x_wconf 87' lang='lat' dir='ltr'><strong>vel</strong></span> <span class='ocrx_word' id='word_1_773' title='bbox 2415 5538 2545 5577; x_wconf 91' lang='lat' dir='ltr'><strong>vasa</strong></span> <span class='ocrx_word' id='word_1_774' title='bbox 2605 5521 2981 5576; x_wconf 88' lang='lat' dir='ltr'><strong>ecclesiastica</strong></span> <span class='ocrx_word' id='word_1_775' title='bbox 3021 5521 3242 5586; x_wconf 87' lang='lat' dir='ltr'><strong>exinde,</strong></span> <span class='ocrx_word' id='word_1_776' title='bbox 3280 5526 3445 5590; x_wconf 91' lang='lat' dir='ltr'><strong>prout</strong></span> 
     </span>
    </p>
   </div>
   <div class='ocr_carea' id='block_1_113' title="bbox 1819 5608 3443 5686">
    <p class='ocr_par' dir='ltr' id='par_1_113' title="bbox 1819 5608 3443 5686">
     <span class='ocr_line' id='line_1_113' title="bbox 1819 5608 3443 5686; baseline -0.002 -21"><span class='ocrx_word' id='word_1_777' title='bbox 1819 5612 2046 5686; x_wconf 89' lang='lat' dir='ltr'><strong>dignum</strong></span> <span class='ocrx_word' id='word_1_778' title='bbox 2075 5611 2178 5665; x_wconf 90' lang='lat' dir='ltr'><strong>sibi</strong></span> <span class='ocrx_word' id='word_1_779' title='bbox 2210 5611 2386 5666; x_wconf 87' lang='lat' dir='ltr'><strong>visum</strong></span> <span class='ocrx_word' id='word_1_780' title='bbox 2409 5610 2532 5676; x_wconf 87' lang='lat' dir='ltr'><strong>fuit,</strong></span> <span class='ocrx_word' id='word_1_781' title='bbox 2575 5609 2830 5664; x_wconf 85' lang='lat' dir='ltr'><strong>fabricari</strong></span> <span class='ocrx_word' id='word_1_782' title='bbox 2895 5610 3043 5666; x_wconf 84' lang='lat' dir='ltr'><strong>iecit.</strong></span> <span class='ocrx_word' id='word_1_783' title='bbox 3070 5609 3246 5664; x_wconf 89' lang='lat' dir='ltr'><strong>Eundi</strong></span> <span class='ocrx_word' id='word_1_784' title='bbox 3281 5608 3443 5662; x_wconf 90' lang='lat' dir='ltr'><strong>deni-</strong></span> 
     </span>
    </p>
   </div>
   <div class='ocr_carea' id='block_1_114' title="bbox 1819 5699 3435 5772">
    <p class='ocr_par' dir='ltr' id='par_1_114' title="bbox 1819 5699 3435 5772">
     <span class='ocr_line' id='line_1_114' title="bbox 1819 5699 3435 5772; baseline -0.001 -17"><span class='ocrx_word' id='word_1_785' title='bbox 1819 5717 1927 5772; x_wconf 90' lang='lat' dir='ltr'><strong>que</strong></span> <span class='ocrx_word' id='word_1_786' title='bbox 1971 5701 2196 5754; x_wconf 90' lang='lat' dir='ltr'><strong>Romam</strong></span> <span class='ocrx_word' id='word_1_787' title='bbox 2255 5715 2420 5754; x_wconf 88' lang='lat' dir='ltr'><strong>causa</strong></span> <span class='ocrx_word' id='word_1_788' title='bbox 2473 5699 2738 5754; x_wconf 90' lang='lat' dir='ltr'><strong>orationis</strong></span> <span class='ocrx_word' id='word_1_789' title='bbox 2787 5701 2856 5754; x_wconf 90' lang='lat' dir='ltr'><strong>ad</strong></span> <span class='ocrx_word' id='word_1_790' title='bbox 2916 5709 3164 5757; x_wconf 91' lang='lat' dir='ltr'><strong>sanctum</strong></span> <span class='ocrx_word' id='word_1_791' title='bbox 3217 5699 3435 5754; x_wconf 91' lang='lat' dir='ltr'><strong>Petrum</strong></span> 
     </span>
    </p>
   </div>
   <div class='ocr_carea' id='block_1_115' title="bbox 1817 5788 3435 5863">
    <p class='ocr_par' dir='ltr' id='par_1_115' title="bbox 1817 5788 3435 5863">
     <span class='ocr_line' id='line_1_115' title="bbox 1817 5788 3435 5863; baseline -0.002 -20"><span class='ocrx_word' id='word_1_792' title='bbox 1817 5788 2094 5843; x_wconf 89' lang='lat' dir='ltr'><strong>licentiam</strong></span> <span class='ocrx_word' id='word_1_793' title='bbox 2125 5788 2194 5844; x_wconf 91' lang='lat' dir='ltr'><strong>ab</strong></span> <span class='ocrx_word' id='word_1_794' title='bbox 2227 5789 2557 5860; x_wconf 87' lang='lat' dir='ltr'><strong>imperatore</strong></span> <span class='ocrx_word' id='word_1_795' title='bbox 2583 5807 2642 5846; x_wconf 88' lang='lat' dir='ltr'><strong>se</strong></span> <span class='ocrx_word' id='word_1_796' title='bbox 2668 5791 2952 5863; x_wconf 87' lang='lat' dir='ltr'><strong>accepisse</strong></span> <span class='ocrx_word' id='word_1_797' title='bbox 2984 5792 3038 5845; x_wconf 90' lang='lat' dir='ltr'><strong>in</strong></span> <span class='ocrx_word' id='word_1_798' title='bbox 3069 5789 3304 5860; x_wconf 88' lang='lat' dir='ltr'><strong>quadam</strong></span> <span class='ocrx_word' id='word_1_799' title='bbox 3335 5802 3435 5841; x_wconf 88' lang='lat' dir='ltr'><strong>sua</strong></span> 
     </span>
    </p>
   </div>
  </div>
