3884 6456
415 479 518 534 127

1530 482 1894 540 FLODOARDI
1938 483 2239 541 CANONICI
2282 488 2614 545 REMENSIS

3662 500 3766 554 128

412 605 667 680 designat
697 606 932 677 epistola
965 624 977 660 :
1010 608 1110 662 sed
1147 613 1328 662 utrum
1356 607 1500 674 ierit,
1542 616 1752 663 certum
1786 623 1896 664 non
1931 609 2030 664 ha—
2051 617 2104 682 Α
2128 611 2234 666 bus
2264 612 2528 683 Stephani
2586 631 2763 686 papa,
2810 633 2876 671 ac
2919 617 3179 674 Ludovici
3230 621 3591 691 Imperatoris
3623 624 3767 678 insi-

414 699 628 754 bemus.
663 699 933 754 Redditus
956 707 1135 755 autem
1163 701 1408 756 villarum
1451 701 1810 772 quarumdam
1837 701 2025 756 eccle-

413 791 507 846 sia
526 792 583 846 in
603 791 956 864 eleemosyna
968 793 1345 863 probabiliter,
1365 809 1461 864 pro
1479 794 1822 864 suicorporis
1841 795 2029 849 etani-

415 894 518 933 ma
538 879 716 934 salute
736 881 1032 940 distributi,
1067 881 1398 952 quibusdam
1430 883 1614 937 adhuc
1642 882 2030 954 descriptioni-

413 966 520 1021 bus
541 975 671 1022 tunc
701 968 858 1022 factis
894 959 1178 1041 leguntur;
1212 969 1267 1022 in
1299 970 1504 1041 quibus
1525 970 2030 1027 inveniunturinter

410 1060 747 1126 Termidum,
786 1059 1056 1114 Grandem
1116 1069 1354 1132 pratum,
1393 1063 1704 1129 Vindicum,
1739 1063 2027 1120 Furvillam

414 1148 555 1218 [ms.,
611 1147 948 1219 Furnillam],
995 1149 1322 1204 Gramadum
1386 1151 1776 1223 [Graviagum],
1811 1151 2027 1216 Pidum,

409 1239 780 1305 Cadevellum,
830 1249 884 1295 et
937 1240 1151 1296 Cortem
1211 1243 1505 1317 Magnaldi,
1541 1243 1596 1296 in
1629 1242 2029 1297 distributione

405 1329 773 1400 eleemosyna
791 1331 860 1385 de
880 1347 1104 1387 annona
1128 1333 1454 1389 modi11975
1485 1333 1543 1404 [ἱ.
1565 1332 1704 1402 16η.
1727 1333 1802 1386 De
1818 1331 2028 1386 anima-

407 1419 555 1474 libus
594 1421 736 1475 inter
765 1422 973 1490 majora
1002 1429 1057 1477 et
1098 1423 1312 1477 minora
1364 1421 1545 1492 capita
1578 1420 1698 1476 168.
1725 1421 1859 1476 ltem
1889 1420 2032 1474 inter

407 1509 567 1562 villas
610 1509 838 1583 Fagum,
888 1511 1003 1565 sive
1089 1510 1414 1575 Boleticum,
1466 1520 1521 1565 et
1568 1511 1705 1564 alias
1761 1509 2026 1581 quasdam

406 1613 642 1652 annonae
698 1599 868 1654 modii
912 1599 1081 1666 1052,
1125 1601 1239 1654 vini
1283 1601 1433 1655 mod.
1482 1600 1573 1665 64,
1616 1599 1747 1653 salis
1776 1598 1947 1653 modii
1970 1597 2024 1663 5,

406 1703 530 1740 cum
560 1688 791 1742 diversis
841 1689 1191 1753 animalibus,
1248 1700 1303 1744 et
1352 1690 1474 1744 aliis
1517 1689 1682 1743 variis
1741 1687 1905 1742 rebus
1933 1702 2029 1741 ex-

407 1794 599 1848 pensa.
635 1781 712 1833 Ad
753 1797 893 1852 Opus
919 1797 1144 1853 quoque
1176 1782 1403 1837 fratrum
1436 1781 1763 1837 Orbacensis
1783 1779 2026 1836 coenobii

405 1878 673 1938 quantum
723 1869 1002 1926 sufﬁceret
1049 1872 1150 1925 eis.
1200 1872 1356 1926 Unde
1434 1872 1594 1926 datur
1650 1870 1906 1943 intelligi,
1970 1869 2024 1922 in

406 1961 713 2029 majoribus
732 1979 957 2034 quoque
985 1965 1122 2019 locis
1151 1966 1321 2020 multa
1367 1971 1498 2019 tunc
1527 1964 1686 2035 plura
1709 1941 1881 2016 fuisse
1911 1961 2026 2014 dis—
2052 1941 2099 2009 Β

405 2054 601 2123 sipata.
631 2056 998 2111 lmmunitatis
1019 2061 1243 2129 q'uoque
1276 2066 1612 2128 praceptum
1675 2055 1744 2110 ab
1791 2055 2031 2124 impera-

407 2145 855 2209 tore‘Ludovico,
912 2147 1218 2201 secundum
1252 2147 1686 2218 praeceptionem
1712 2143 1891 2198 Karoli
1920 2143 2029 2196 Au~

406 2235 552 2307 gusti
582 2237 750 2305 patris
779 2237 973 2308 ipsius,
1007 2239 1255 2294 ecclesia
1279 2239 1557 2305 Remensi,
1582 2235 2029 2305 monasterioque

405 2326 581 2381 sancti
622 2328 855 2400 Remigii
875 2329 1135 2386 obtinuit.

1015 2422 1232 2478 CAPUT
1283 2424 1416 2478 XIX.

938 2515 1012 2566 De
1052 2514 1236 2568 Ebone
1261 2514 1511 2583 prasule.

483 2595 618 2651 Huic
637 2600 904 2654 successit
936 2600 1073 2668 Ebo,
1095 2602 1179 2655 vir
1199 2601 1502 2656 industrius
1531 2611 1587 2655 et
1609 2602 1932 2659 liberalibus
1947 2605 2033 2658 di-

411 2685 662 2755 sciplinis
691 2689 962 2761 eruditus,
993 2693 1169 2761 patria
1215 2693 1681 2750 Transrhenensis
1709 2711 1774 2751 ac
1804 2697 2030 2750 Germa-

414 2775 593 2842 nicus,
618 2776 984 2849 imperatoris,
1016 2787 1077 2835 ut
1115 2781 1308 2848 fertur,
1340 2783 1600 2838 Ludovici
1631 2784 2028 2850 collactaneus,

415 2866 975 2935 etconscholasticus,
1034 2870 1129 2940 qui
1166 2871 1353 2925 multis
1383 2872 1675 2926 ecclesiam
1705 2873 1916 2928 curavit
1946 2873 2034 2926 in-

415 2963 629 3010 struere
667 2957 993 3023 commodis,
1041 2967 1096 3012 et
1153 2959 1428 3030 praecipue
1481 2958 1784 3015 artiﬁcibus
1831 2961 2034 3032 quibus

417 3045 791 3117 undecunque
809 3047 1059 3103 collectis
1082 3050 1244 3104 sedes
1261 3051 1432 3116 dedit,
1452 3058 1507 3104 et
1526 3050 1815 3107 beneﬁciis
1834 3069 2034 3108 mune-

418 3134 571 3188 ravit.
606 3135 876 3206 Mancipia
901 3137 988 3191 vel
1013 3140 1242 3194 colonos
1271 3140 1540 3211 quosdam
1572 3141 1820 3197 ecclesia
1844 3143 2036 3196 deser-

418 3234 564 3282 tores
592 3235 698 3282 tam
722 3245 824 3300 per
853 3230 1120 3302 seipsum,
1153 3248 1317 3303 quam
1371 3249 1470 3304 per
1497 3233 1845 3304 Radulphum
1885 3235 2035 3288 vice-

2129 701 2364 774 gnitum.

2192 791 2475 861 Ludovicus
2495 792 2660 843 Caesar
2680 794 2839 844 factus
2861 806 3130 847 coronante
3144 798 3416 861 Stephano.

2193 853 2292 924 Hac
2318 854 2370 924 in
2392 855 2522 913 sede,
2548 872 2680 920 papa
2708 871 2904 924 magno,
2931 867 3051 924 tunc
3068 869 3128 924 et
3145 853 3250 924 Eho
3281 861 3509 924 pontifex

2194 915 2813 982 Eu_n_damenta}eﬁovavit
2837 915 3016 970 cuncta
3041 923 3134 972 loci
3155 915 3317 982 istius,

2193 977 2338 1026 Urbis
2356 980 2470 1043 jura
2495 981 2590 1030 sibi
2610 982 2843 1041 subdens,
2871 985 3054 1047 prasul
3081 986 3221 1034 auxit
3236 977 3426 1036 omnia.

2201 1059 2383 1114 Matris
2412 1060 2660 1128 ejusdem
2714 1062 2919 1119 Ebonis
2947 1065 3267 1134 liujusmodi
3290 1067 3532 1124 habetur
3576 1069 3770 1140 epita-

2129 1147 2338 1219 phium.

2191 1240 2299 1311 Mea
2320 1238 2444 1311 forte
2534 1239 2746 1311 requiris
2772 1241 3009 1311 temporis
3033 1241 3197 1311 initia,

2192 1301 2321 1367 Scito
2344 1300 2696 1367 Karolifuisse
2740 1300 2994 1367 regnifsub
3021 1305 3300 1367 primordia
3331 1323 3344 1366 ;

2195 1363 2449 1412 Ludovico
2475 1363 2815 1419 triumphante
2837 1366 2944 1413 dies
2971 1363 3117 1415 fluxit
3147 1363 3343 1419 ultima.

2193 1425 2396 1489 Rhenus
2422 1426 2610 1489 primos
2629 1425 2759 1477 lavit
2794 1442 2968 1486 mores,
3001 1430 3171 1479 alveus
3200 1431 3546 1482 Germanicus.

2196 1487 2319 1536 Hinc
2343 1487 2556 1538 nutrivit
2577 1497 2624 1538 et
2647 1490 2888 1539 secundos
2921 1491 3064 1544 Liger
3088 1494 3253 1541 amnis
3274 1494 3514 1544 Gallicus.

2193 1548 2422 1613 Sequana
2445 1550 2569 1600 fovit
2590 1552 2866 1613 juventam,
2894 1548 3061 1602 sordes
3084 1555 3289 1604 sordens
3313 1557 3518 1608 Vidula.

2191 1611 2377 1677 Rrasul
2399 1622 2505 1662 erat
2530 1611 2667 1677 urbis
2689 1614 2840 1677 hujus
2870 1615 2995 1664 inihi
3018 1624 3164 1667 natus
3185 1619 3379 1677 unicus,

2189 1672 2336 1740 idem
2349 1690 2428 1724 me
2454 1672 2808 1740 conduxitisibi
2833 1679 3016 1727 sociam
3039 1678 3309 1740 laboribus,

2191 1737 2481 1806 Eroximum
2514 1738 2670 1786 ruinae
2696 1739 2858 1788 locum
2884 1741 3168 1806 renovandi
3183 1737 3412 1806 cupidus,

2192 1798 2366 1869 Pecem
2394 1800 2547 1849 ferme
2571 1815 2729 1863 nuper
2763 1816 2919 1869 annos
2943 1803 3199 1869 simulghic
3220 1798 3520 1869 peregimus.

2190 1861 2296 1926 Eho
2320 1871 2494 1926 rector,
2521 1877 2608 1926 ego
2639 1861 2798 1926 mater
2821 1865 3140 1916 Himiltrudis
3165 1861 3392 1926 hil-milis,

2194 1923 2542 1991 fundamenta
2554 1923 2704 1991 :sedis
2734 1935 2915 1991 sanctae
2940 1929 3126 1991 pariter
3147 1923 3413 1988 ereximus,

2193 1987 2289 2052 Qeo
2312 1986 2536 2052 debitum
2559 1987 2779 2036 laborem
2803 1989 2923 2038 dum
2940 1986 3141 2052 'gerebat
3165 1986 3405 2052 pontifex,

2192 2049 2343 2114 Fessa
2372 2049 2588 2114 quietem
2615 2052 2900 2114 quaerebam
2929 2049 3077 2111 {ecce
3103 2049 3194 2102 sub
3221 2055 3313 2104 hoc
3341 2049 3540 2105 tumulo

2191 2111 2373 2182 Quinto
2389 2111 2480 2160 ’me
2516 2111 2804 2175 September
2833 2116 3017 2164 mensis
3043 2116 3384 2182 Kalendarum
3407 2118 3601 2182 rapuit.

2192 2175 2231 2221 t)
2265 2173 2443 2232 viator,
2471 2173 2766 2224 esto—cautus
2795 2191 2990 2232 semper
3019 2179 3082 2227 ab
3108 2180 3406 2229 excessibus.

2195 2235 2370 2305 Eateor
2392 2251 2493 2305 non
2513 2237 2865 2305 profuisse,__ut
2884 2235 3051 2305 debui,
3070 2241 3192 2290 dum
3216 2243 3354 2305 potui
3383 2258 3392 2291 :

2193 2297 2420 2356 Veniam,
2445 2297 2528 2347 dic
2547 2314 2637 2362 pro
2666 2301 2904 2360 vindicta,
2941 2303 3005 2352 da
3029 2297 3170 2361 Deus,
3195 2297 3535 2368 peccantibus.

2205 2399 2375 2468 Hujus
2405 2401 2655 2470 prasulis
2707 2402 2926 2457 hortatu
2985 2404 3311 2478 Halitgarius
3342 2406 3771 2463 Camaracensis

2132 2492 2429 2562 episcopus
2455 2509 2548 2547 sex
2568 2493 2787 2550 libellos
2807 2495 2879 2549 De
2911 2497 3169 2551 remediis
3194 2506 3572 2567 peccatorum,
3609 2507 3667 2555 et
3679 2516 3768 2555 0r-

2133 2581 2261 2636 dine
2293 2581 2624 2649 veljudiciis
2652 2583 2991 2653 panitentia
3045 2585 3392 2656 conscripsit.
3450 2585 3531 2640 Ad
3589 2603 3763 2658 quem

2133 2673 2257 2728 talis
2295 2675 2416 2743 ejus
2446 2683 2627 2730 exstat
2653 2676 2907 2745 epistola.

2208 2786 2232 2815 α
2275 2765 2752 2823 Reverendissimo
2807 2769 2865 2822 in
2906 2768 3117 2824 Christo
3177 2769 3327 2824 fratri
3370 2786 3437 2826 ac
3482 2769 3600 2828 ﬁlio
3649 2773 3760 2826 Ha-

2135 2872 2374 2913 LlTGARlO
2424 2859 2708 2930 episcopo,
2771 2860 2879 2915 Eeo
2941 2861 3200 2933 indignus
3257 2863 3558 2933 episcopus
3612 2862 3766 2918 salu-

2137 2954 2244 3000 tem
2257 2989 2268 3001 .

2219 3039 2375 3094 «Non
2410 3040 2603 3096 dubito
2636 3050 2740 3097 tua
2771 3042 2826 3096 id
2859 3051 3048 3098 notum
3091 3058 3213 3097 esse
3245 3043 3519 3112 charitati,
3555 3057 3766 3116 quanta

2140 3127 2300 3182 nobis
2324 3130 2709 3186 ecclesiastica
2732 3132 3060 3202 disciplina,
3085 3133 3421 3204 quantisque
3444 3140 3765 3188 nostrorum

2139 3220 2587 3289 necessitatibus,
2621 3221 2822 3292 quibus
2853 3223 3104 3293 quotidie
3139 3226 3432 3298 agitamur,
3465 3241 3601 3280 cura
3631 3241 3770 3280 con-

415 3320 703 3376 dominum
737 3331 792 3377 et
815 3324 1064 3380 ecclesia
1122 3325 1470 3392 advocatum,
1503 3327 1650 3396 apud
1677 3327 1896 3395 judices
1925 3343 2032 3397 pu-

2197 3308 2384 3381 ringat.
2443 3310 2674 3378 Idcirco,
2735 3320 2795 3365 ut
2857 3318 3035 3365 tecum
3121 3313 3354 3382 contuli,
3415 3330 3480 3368 ex
3540 3314 3766 3370 Patrum

417 3411 592 3468 blicos
625 3413 842 3486 legibus
888 3417 1230 3472 evindicatos
1259 3425 1315 3471 et
1345 3419 1628 3482 obtentos,
1663 3418 2038 3474 ecclesiastico

410 3504 520 3572 juri
570 3506 825 3561 restituit.
861 3509 1133 3573 Quasdam
1179 3522 1402 3578 quoque
1455 3523 1541 3561 res
1566 3507 1836 3574 ecclesia,
1871 3516 2038 3580 atque

419 3599 716 3670 mancipia,
739 3619 864 3657 cum
886 3604 1165 3675 aliquibus
1196 3604 1447 3674 personis
1487 3619 1585 3673 pro
1615 3605 1849 3673 partium
1878 3619 2035 3658 com-

417 3686 684 3743 moditate
699 3693 1074 3747 commutavit.
1108 3694 1215 3748 Sed
1247 3691 1571 3763 temporalia
1587 3708 1756 3763 super
1785 3693 2035 3761 ejusdem

417 3779 944 3836 commutationibus
992 3791 1267 3853 pracepta
1308 3783 1550 3838 obtinuit
1595 3783 1672 3837 Ab
1703 3785 2035 3854 imperatore

416 3880 641 3937 quoque
671 3868 948 3926 Ludovico
977 3870 1187 3927 litteras
1215 3873 1284 3927 ad
1317 3873 1615 3928 Robertum
1648 3874 1905 3929 comitem
1938 3889 2036 3945 pro

417 3960 913 4020 ecclesiasticarum
969 3983 1148 4022 rerum
1207 3967 1532 4024 defensione
1590 3973 1752 4040 (quas
1809 3969 2032 4040 quidam

419 4049 723 4117 pervadere
770 4053 1163 4121 moliebantur)
1227 4055 1557 4126 impetravit.
1605 4055 1860 4112 Colonias
1907 4073 2036 4112 vero

423 4141 719 4197 nonnullas
748 4145 1016 4212 ecclesia,
1051 4147 1340 4218 descriptis
1356 4164 1456 4219 per
1483 4156 1739 4204 strenuos
1767 4149 1913 4204 viros
1943 4164 2037 4203 co-

420 4234 584 4301 lonis,
606 4252 913 4311 eorumque
951 4242 1208 4308 servitiis,
1240 4241 1533 4296 ordinavit.

487 4324 780 4381 Archivum
813 4328 1061 4383 ecclesia
1085 4329 1374 4384 tutissimis
1402 4327 1672 4392 adificiis,
1701 4345 1826 4383 cum
1848 4340 2038 4401 crypta

420 4416 475 4469 in
503 4416 712 4473 honore
760 4424 937 4477 sancti
995 4423 1158 4494 Petri,
1217 4425 1580 4496 omniumque
1633 4426 2034 4496 apostolorum,

420 4517 738 4579 martyrum,
767 4513 1169 4583 confessorum,
1228 4531 1292 4569 ac
1335 4515 1607 4588 virginum
1641 4515 1916 4580 dedicata,
1939 4513 2035 4568 ubi

419 4597 531 4652 Deo
562 4599 802 4670 propitio
829 4602 1107 4658 deservire
1152 4604 1424 4670 videmur,
1453 4619 1622 4673 opere
1653 4602 1873 4658 decenti
1904 4618 2041 4658 con-

2141 3400 2324 3467 dictis,
2344 3416 2732 3473 canonumque
2788 3404 3080 3458 sententiis
3103 3405 3173 3458 ad
3223 3420 3366 3476 opus
3393 3409 3770 3462 consacerdo-

2141 3498 2253 3546 tum
2314 3501 2624 3549 nostrorum
2676 3510 2974 3564 excerpere
3040 3496 3476 3552 Panitentialem
3533 3499 3770 3554 minime

2141 3584 2307 3649 valui,
2341 3585 2473 3656 quia
2489 3587 2706 3641 animus
2727 3602 2852 3641 cum
2871 3587 3135 3642 dividitur
3156 3606 3256 3659 per
3275 3591 3464 3658 multa,
3494 3591 3555 3645 ﬁt
3581 3593 3773 3648 minor

2140 3674 2209 3727 ad
2240 3675 2474 3748 singula.
2513 3675 2575 3730 Et
2605 3677 2711 3731 hoc
2740 3684 2824 3731 est
2853 3676 3002 3746 quod
3033 3677 3089 3731 in
3121 3679 3224 3732 hac
3256 3695 3312 3733 re
3346 3696 3435 3736 me
3462 3681 3628 3736 valde
3660 3683 3773 3737 sol-

2139 3768 2331 3834 licitat,
2364 3767 2626 3838 quoniam
2678 3768 2750 3822 ita
2805 3770 3035 3826 confusa
3085 3777 3216 3824 sunt
3241 3770 3451 3841 judicia
3479 3774 3774 3843 paniten-

2141 3861 2274 3914 tium
2303 3859 2358 3913 in
2418 3859 2864 3930 presbyterorum
2916 3871 3230 3919 nostrorum
3262 3864 3571 3932 opusculis,
3603 3873 3775 3938 atque

2140 3951 2374 4015 diversa,
2409 3959 2464 4006 et
2491 3952 2634 4007 inter
2686 3969 2746 4007 se
2791 3953 3184 4024 discrepantia,
3219 3963 3274 4009 et
3305 3955 3516 4009 nullius
3576 3966 3777 4013 aucto-

2140 4043 2296 4098 ritate
2327 4042 2568 4110 suﬁulta,
2601 4053 2662 4100 ut
2716 4046 2802 4101 vix
2864 4055 3090 4117 propter
3118 4047 3518 4102 dissonantiam
3553 4051 3775 4118 possint

2139 4135 2395 4190 discerni.
2436 4136 2588 4190 Unde
2637 4134 2698 4190 ﬁt
2750 4145 2810 4191 ut
2867 4137 3327 4192 concurrentibus
3355 4139 3423 4192 ad
3457 4142 3770 4197 remedium

2139 4225 2501 4294 panitentia,
2517 4234 2625 4280 tam
2641 4225 3013 4295 prolibrorum
3027 4226 3374 4288 confusione,
3406 4243 3576 4298 quam
3601 4231 3770 4285 etiam

2141 4329 2238 4382 pro
2279 4314 2486 4386 ingenii
2526 4315 2800 4380 tarditate,
2846 4316 3160 4371 nullatenus
3188 4315 3410 4371 valeant
3437 4317 3766 4374 subvenire.

2141 4405 2500 4476 Quapropter,
2557 4408 2877 4463 charissime
2928 4409 3113 4476 frater,
3175 4410 3288 4466 noli
3329 4409 3573 4479 teipsum
3609 4415 3771 4470 nobis

2143 4514 2365 4570 negare,
2399 4500 2494 4570 qui
2516 4517 2736 4571 semper
2791 4502 2845 4555 in
2895 4502 3096 4557 divinis
3126 4503 3340 4560 ardenti
3373 4509 3562 4564 animo
3589 4510 3767 4565 disci-

2145 4587 2330 4657 plinis,
2373 4605 2435 4643 ac
2464 4590 2651 4645 solerti
2699 4606 2828 4645 cura
2849 4591 3250 4661 Scripturarum
3307 4597 3768 4654 meditationibus

418 4691 616 4746 struxi;
657 4710 670 4745 ε
709 4692 804 4748 ubi
862 4695 1160 4752 multorum
1220 4705 1329 4752 tam
1361 4695 1813 4767 apostolicowm.
1874 4682 2114 4765 quamn
2139 4675 2541 4746 perfectissimo
2573 4678 2687 4733 otio
2714 4678 2967 4734 ﬂoruisti.
3020 4681 3235 4752 Arripe,
3270 4698 3481 4752 quaso,
3516 4687 3644 4743 sine
3673 4707 3769 4743 ex-

419 4791 744 4840 caterorum
775 4795 1091 4844 sanctorum
1145 4789 1371 4844 condita
1403 4787 1636 4863 pignora
1666 4792 2034 4841 reservantur.

427 4871 484 4924 ln
505 4889 616 4943 qua
656 4877 934 4932 nonnulla
981 4879 1374 4934 illustrationes
1421 4885 1658 4932 ostensa
1714 4882 2034 4931 noscuntur.

423 4967 544 5021 Vidi
573 4969 848 5040 siquidem
884 4971 1166 5027 nutritoris
1183 4972 1292 5026 mei
1323 4970 1618 5035 Gundacri,
1650 4969 1706 5023 in
1740 4975 2037 5038 prospectu

423 5059 598 5129 ipsius
625 5061 873 5118 ecclesia
925 5064 1348 5128 commanentis,
1399 5078 1642 5125 servum,
1669 5061 1800 5115 dum
1832 5067 2038 5114 temere

422 5163 595 5218 prope
620 5149 913 5206 fenestram
946 5151 1108 5221 hujus
1150 5161 1355 5223 crypta
1411 5149 1734 5206 accessisset
1763 5148 2038 5222 mingere,

421 5236 653 5290 terribili
683 5240 919 5309 quadam
974 5243 1131 5312 quasi
1160 5242 1356 5297 annali
1385 5243 1670 5311 cujusdam
1702 5243 1801 5297 viri
1830 5243 2040 5298 visione

423 5328 497 5382 ita
522 5329 866 5399 deterritum,
899 5341 959 5388 ut
1016 5343 1306 5405 putaretur
1334 5335 1589 5390 amittere
1653 5350 1879 5390 sensum
1934 5333 2040 5389 Sed

426 5432 481 5479 et
509 5424 818 5498 Rohingum
843 5430 1160 5500 quemdam,
1188 5430 1352 5498 hujus
1371 5431 1475 5484 loci
1497 5429 1789 5484 diaconum
1824 5446 1855 5483 a
1875 5430 2041 5484 simili

425 5519 856 5590 prasumptione
888 5523 1005 5592 pari
1059 5523 1241 5578 ferunt
1265 5524 1478 5579 visione
1517 5523 1843 5580 cohibitum.
1887 5522 2042 5577 Unde

427 5616 649 5664 cautum
673 5609 941 5680 deinceps
968 5627 1032 5665 ac
1060 5611 1425 5681 prohibitum,
1449 5628 1518 5668 ne
1545 5613 1670 5684 quis
1701 5612 1862 5668 talem
1898 5627 2040 5682 pra-

429 5711 649 5753 sumere
667 5696 870 5770 gestiat
895 5715 1110 5754 ausum.

507 5787 678 5854 Hujus
707 5784 955 5841 ecclesia
1005 5787 1360 5857 pinnaculum
1406 5789 1570 5843 talem
1629 5789 1846 5844 videtur
1907 5804 2050 5858 pra-

435 5887 744 5934 monstrare
787 5877 1020 5942 titulum,
1085 5880 1338 5946 personis
1375 5881 1538 5935 etiam
1619 5882 1704 5935 vel
1797 5881 2053 5952 imagini-

2140 4768 2442 4824 cusationis
2471 4769 2661 4836 verbo,
2719 4771 2884 4842 hujus
2913 4773 3141 4827 sarcina
3191 4775 3413 4842 pondus
3460 4794 3491 4830 a
3523 4795 3616 4834 me
3649 4783 3770 4852 qui-

2140 4857 2265 4911 dem
2295 4858 2394 4914 tibi
2440 4859 2781 4929 impositum,
2827 4861 2928 4916 sed
2959 4878 2988 4916 a
3020 4863 3251 4919 Domino
3282 4867 3446 4934 cujus
3474 4883 3623 4925 onus
3655 4873 3769 4928 leve

2141 4955 2246 5014 est,
2275 4950 2490 5010 (Matth.
2515 4955 2613 5017 χι),
2644 4950 3018 5024 levigandum.
3049 4953 3166 5008 Noli
3200 4955 3414 5020 timere,
3445 4973 3635 5030 neque
3665 4961 3771 5017 for-

2140 5039 2318 5095 mides
2339 5042 2503 5112 hujus
2531 5046 2717 5114 aperis
2756 5049 3194 5122 magnitudinem
3231 5065 3244 5100 :
3274 5048 3372 5102 sed
3397 5047 3643 5106 fidenter
3671 5070 3767 5108 ac-

2140 5135 2298 5199 cede,
2317 5135 2447 5205 quia
2478 5136 2654 5192 aderit
2709 5139 2808 5194 tibi
2857 5143 2952 5211 qui
3011 5142 3148 5195 dixit
3181 5157 3193 5193 :
3229 5141 3394 5210 Aperi
3426 5157 3490 5196 os
3513 5149 3699 5210 tuum,
3721 5156 3768 5199 et

2140 5235 2244 5294 ego
2275 5219 2592 5292 adimplebo
2621 5223 2757 5281 illud
2787 5229 2954 5294 (Psal.
2993 5244 3152 5289 Lxxx,
3188 5227 3273 5295 11)
3332 5228 3450 5282 Scis
3483 5232 3639 5285 enim
3672 5250 3769 5304 op—

2145 5322 2276 5376 time
2294 5320 2476 5390 parvis
2507 5336 2673 5389 parva
2699 5323 2977 5391 sufﬁcere,
3006 5340 3108 5379 nec
3137 5323 3205 5377 ad
3243 5339 3495 5378 mensam
3530 5341 3767 5399 magna-

2143 5414 2322 5463 torum
2368 5425 2672 5478 pauperum
2705 5413 2918 5467 turbam
2976 5428 3136 5483 posse
3167 5412 3456 5466 accedere.
3509 5414 3633 5469 Noli
3671 5425 3768 5468 tua-

2143 5498 2453 5553 devotionis
2481 5500 2644 5555 nobis
2673 5505 2999 5559 subtrahere
3051 5503 3341 5558 scientiam
3377 5521 3392 5566 ;
3427 5507 3543 5559 noli
3574 5523 3770 5561 accen-

2142 5615 2258 5653 sam
2288 5597 2342 5650 in
2375 5605 2426 5650 te
2455 5595 2559 5650 sub
2591 5600 2777 5653 modio
2808 5614 3018 5669 ponere
3044 5599 3347 5657 lucernam,
3377 5597 3476 5651 sed
3510 5598 3768 5666 praecelsa

2150 5707 2271 5744 eam
2301 5703 2619 5760 superpone
2649 5693 3002 5759 candelabro,
3048 5698 3106 5744 ut
3151 5691 3331 5744 luceat
3360 5689 3654 5755 omnibus,
3683 5691 3767 5760 qui

2154 5783 2208 5836 in
2237 5782 2401 5838 domo
2433 5782 2529 5836 Dei
2550 5791 2680 5837 sunt
2704 5782 2961 5836 fratribus
3000 5780 3107 5834 tuis
3128 5779 3341 5844 (Matth.
3376 5795 3430 5844 ν,
3462 5777 3538 5846 3),
3562 5787 3620 5832 et
3651 5793 3767 5848 pro-

2154 5879 2236 5934 fer
2255 5877 2418 5935 nobis
2455 5875 2624 5932 veluti
2669 5873 2851 5931 scriba
2879 5874 3077 5930 doctus
3118 5871 3334 5940 (Matth.
3369 5887 3488 5938 xui,
3510 5870 3604 5937 52)
3629 5870 3764 5942 quod
