3884 6404
115 389 202 444 129

721 389 1048 446 HISTORIA}
1086 391 1419 448 ECCLESIIE
1458 393 1791 450 REMENSIS
1832 395 2008 451 LIBRI
2049 394 2376 460 QUATUOR.
2411 427 2481 437 —
2522 397 2647 452 LIB.
2693 397 2757 452 ll.

3312 398 3414 457 130

112 513 341 584 accepisti
369 513 669 572 aDomino.
699 516 888 572 Aderit
911 518 1011 573 tibi
1064 519 1231 589 hujus
1270 520 1694 579 laborisitinere
1720 532 1770 596 Α
1795 539 1921 580 eum
1943 525 2214 593 (maximis
2259 526 2567 580 muneravit
2610 525 2792 594 donis,
2837 526 3198 597 amplioribus
3243 530 3416 586 multo

114 606 241 660 illius
283 605 468 678 gratia,
529 608 623 678 qui
666 608 886 664 duobus
951 611 1240 682 discipulis
1291 613 1557 669 euntibus
1584 623 1697 670 ter-

115 699 227 752 tium
247 713 299 751 se
327 699 533 752 socium
593 701 806 756 addidit
854 702 910 756 in
954 703 1060 768 via,
1094 712 1150 758 et
1187 706 1404 775 aperuit
1436 706 1544 761 illis
1569 724 1699 762 sen-

112 806 232 854 sum,
262 798 315 844 ut
353 799 570 846 sanctas
609 791 984 866 intelligerent
1033 795 1341 866 Scripturas
1373 799 1520 867 (Luc,
1549 815 1694 866 xxiv,

109 877 203 946 32).
231 879 450 948 Spiritus
485 880 797 950 paracletus
850 883 1002 937 omni
1057 884 1302 941 veritatis
1347 887 1598 943 doctrina
1642 902 1698 947 et

112 968 322 1038 perfecta
343 970 625 1025 charitatis
653 971 888 1028 scientia
941 981 1034 1031 tua
1065 978 1417 1048 resplendeat
1449 991 1694 1055 pectora,

112 1062 397 1117 charissima
418 1061 603 1118 frater.
641 1064 792 1120 Vale.
827 1086 852 1115 »

171 1151 240 1206 Ad
260 1168 371 1224 qua?
401 1153 549 1209 idem
589 1153 719 1209 talia
750 1155 1005 1212 rescribit
1036 1159 1387 1235 Halitgarius.

176 1263 194 1292 ι
223 1243 419 1301 Domno
445 1257 501 1302 et
529 1249 831 1304 venerabili
881 1251 1024 1307 Patri
1074 1253 1130 1306 in
1173 1252 1386 1310 Christo
1417 1255 1582 1310 Enom
1607 1274 1697 1312 ar-

109 1333 453 1407 chiepiscopo,
487 1338 864 1407 Hauroamus,
898 1342 1163 1398 minimus
1204 1345 1400 1400 Christi
1433 1345 1695 1419 famulus,

109 1421 332 1478 salutem.

172 1515 521 1588 «Postquam,
578 1522 894 1577 venerande
941 1523 1121 1594 Pater,
1169 1525 1408 1581 directas
1456 1527 1698 1585 beatitu-

108 1605 235 1660 dinis
260 1616 441 1662 vestrae
481 1612 671 1682 accepi
721 1612 955 1680 litteras,
1001 1616 1206 1688 quibus
1259 1633 1347 1672 me
1380 1618 1583 1673 hortari
1614 1619 1701 1673 di-

107 1699 237 1770 gnati
268 1699 409 1766 estis,
473 1716 542 1755 ne
598 1703 802 1757 mentis
829 1719 1061 1759 acumen
1121 1705 1307 1770 inerti,
1345 1707 1700 1779 torpentique

106 1789 202 1843 otio
227 1789 617 1857 submitterem,
640 1793 736 1847 sed
769 1794 1074 1866 cognitioni
1097 1812 1162 1852 ac
1186 1797 1532 1853 meditationi
1564 1815 1699 1870 quo-

1797 636 1959 692 quam
1993 618 2413 690 suscepissetab
2437 633 2525 685 eo,
2559 618 2769 673 dimisit
2789 635 2916 674 eum
2932 635 3057 674 cum
3089 621 3285 694 legatis
3301 623 3418 676 suis

1799 708 2023 764 Romam
2057 710 2275 776 reverti,
2312 708 2515 780 quibus
2579 710 2830 780 praecipit
2881 710 3089 783 ubique
3130 711 3185 766 in
3217 712 3416 768 itinere

1799 801 2091 854 honestum
2124 799 2174 853 ei
2203 799 2484 862 servitium
2507 799 2788 854 exhibere.

1871 886 2112 958 Cupiens
2143 901 2276 961 ergo
2324 886 2579 956 praefatus
2639 887 2882 958 pontifex
2917 888 3034 944 Ebo
3057 889 3282 945 domum
3315 907 3414 946 ec-

1800 980 1983 1034 clesiae
2016 984 2231 1033 sanctae
2261 977 2358 1031 Dei
2423 976 2708 1050 genitricis
2757 977 2936 1033 Mariae
2984 978 3243 1034 diuturna
3272 995 3417 1051 pene

1799 1073 2202 1146 lapsabundam
2241 1077 2508 1126 vetustate
2553 1087 2826 1141 reparare,
2869 1072 2924 1126 in
2987 1087 3094 1142 qua
3122 1072 3287 1127 etiam
3319 1088 3415 1127 se-

1797 1167 2013 1221 cundus
2043 1166 2356 1235 Stephanus
2384 1180 2529 1236 papa
2555 1164 2788 1234 Pippino
2820 1164 2935 1238 regi
2967 1164 3196 1227 dudum,
3227 1171 3282 1218 et
3311 1163 3418 1219 Leo

1799 1258 1989 1312 tertius
2013 1257 2207 1313 Karolo
2227 1272 2431 1331 magno
2459 1254 2776 1325 imperatori
2795 1251 3102 1324 apostolica
3137 1253 3420 1323 reperiun-

1798 1356 1885 1404 tur
1913 1350 2102 1403 munia
2135 1350 2460 1414 contulisse,
2495 1357 2554 1404 ut
2583 1349 2638 1403 in
2695 1347 2927 1419 epistola
2956 1353 3421 1403 commemoratur

1798 1439 2146 1509 imperatoris
2176 1438 2413 1493 Lotharii
2466 1437 2633 1493 Leoni
2681 1443 2900 1508 quarto,
2942 1452 3041 1506 pro
3071 1452 3238 1492 causa
3267 1451 3420 1491 com-

1798 1526 2171 1582 mendationis
2230 1525 2506 1581 Hincmari
2562 1525 2968 1597 archiepiscopi
3009 1526 3215 1582 directa
3247 1527 3423 1597 (infra

1801 1615 1895 1669 lib.
1921 1631 2046 1681 III,C
2119 1614 2231 1682 10),
2284 1614 2442 1685 petiit
2471 1630 2502 1668 a
2537 1614 2822 1684 praemisso
2881 1613 3211 1686 imperatore
3243 1614 3421 1669 Ludo-

1800 1707 1922 1762 vico
1951 1707 2020 1761 ad
2038 1707 2413 1762 renovandam
2433 1713 2485 1760 et
2515 1704 2966 1778 ampliﬁcandam
3000 1706 3252 1760 eamdem
3269 1704 3418 1760 basi-

1802 1798 1964 1853 licam
1983 1815 2200 1853 murum
2222 1799 2456 1854 civitatis
2486 1798 2594 1854 sibi
2624 1797 2882 1854 concedi.
2914 1797 3069 1861 Quod
3090 1797 3235 1851 idem
3269 1797 3423 1868 prin-

107 1879 224 1935 tidie
247 1897 403 1937 sacrae
425 1883 720 1954 Scripturas
747 1902 837 1940 me
864 1886 1158 1960 vigilanter
1188 1889 1496 1944 traderem:
1524 1900 1579 1945 et
1608 1891 1698 1946 in-
1728 1851 1777 1918 B
1804 1903 1938 1958 ceps
1980 1889 2324 1961 quietissima
2356 1905 2490 1960 pace
2531 1889 2740 1954 fruens,
2774 1894 2827 1942 et
2853 1887 3070 1958 imperii
3116 1888 3422 1958 praeclaris-

103 1988 251 2044 super
268 1991 328 2029 ex
343 1983 659 2032 sanctorum
707 1978 950 2046 Patrum,
981 1996 1372 2054 canonumque
1404 1985 1697 2042 sententiis

103 2060 517 2120 Pceuitentialem
551 2064 606 2120 in
637 2082 748 2122 uno
765 2069 1049 2126 volumine
1079 2087 1461 2147 aggregarem,
1497 2075 1696 2131 durum

110 2152 308 2220 quidem
338 2155 496 2222 mihi,
519 2162 574 2210 et
619 2156 780 2212 Valde
809 2157 1056 2226 difﬁcile,
1089 2163 1552 2236 tremendumque
1594 2165 1700 2220 hoc

109 2239 197 2297 fuit
222 2244 529 2316 imperium,
561 2249 791 2316 utlhanc
837 2251 1176 2322 susciperem
1207 2256 1500 2323 sarcinam,
1534 2273 1700 2329 quam

107 2345 133 2382 a
147 2332 501 2400 prudentibus
521 2352 796 2410 cognosco
818 2342 1084 2397 relictam.
1106 2343 1448 2418 Multumque
1488 2347 1703 2402 renisus

105 2435 209 2475 sum
250 2424 514 2482 voluntati
560 2436 773 2497 vestrae,
827 2447 939 2488 non
981 2433 1132 2489 velut
1183 2437 1490 2506 procaciter
1512 2438 1700 2505 durus,

107 2514 188 2567 sed
207 2519 431 2588 preprize
462 2519 801 2579 inﬁrmitatis
825 2525 1164 2582 admonitus.
1197 2529 1307 2584 Hac
1347 2532 1552 2586 etenim
1576 2549 1707 2588 cura

105 2606 350 2666 sollicitus
378 2613 756 2668 necessarium
787 2614 940 2682 duxi,
970 2625 1030 2672 ut
1051 2616 1375 2688 aliquandiu
1402 2637 1492 2676 me
1513 2637 1545 2675 a
1569 2623 1708 2677 scri-

107 2691 255 2751 bendi
287 2700 594 2755 temeritate
650 2702 1078 2773 suspenderem,
1120 2706 1253 2778 quia
1272 2707 1416 2762 sicut
1435 2709 1704 2779 perpendi

108 2780 317 2850 injuncti
372 2789 562 2860 Operis
614 2788 994 2848 difficultatem
1039 2811 1052 2847 :
1117 2793 1193 2850 ita
1249 2803 1304 2850 et
1363 2796 1704 2869 injungentis

109 2877 396 2934 auctoritati
427 2896 536 2935 nec
565 2879 738 2949 volui,
772 2897 874 2938 nec
901 2883 1068 2938 debui
1124 2902 1528 2958 usquequaque
1558 2889 1702 2942 resi-

106 2969 252 3034 stere,
282 2977 464 3024 certus
486 2970 620 3042 quia
671 2971 1114 3028 imbecillitatem
1164 2991 1344 3030 meam
1385 2976 1557 3032 multo
1585 2993 1706 3032 am-

109 3056 234 3125 plius
261 3070 436 3118 vestra
491 3063 782 3133 adjuvaret
839 3067 1216 3137 praecipientis
1246 3068 1506 3142 dignitas,
1541 3087 1703 3142 quam

105 3159 486 3218 gravaretmeze
509 3156 836 3227 ignorantiae
868 3156 1186 3214 difﬁcultas.
1217 3161 1425 3218 Valete.
1463 3183 1486 3213 ι)

1799 1979 1939 2034 sima
1958 1987 2231 2052 potestate
2261 1981 2556 2049 subnixus,
2587 1981 2766 2035 nullas
2785 1979 3142 2036 barbarorum
3169 1987 3424 2036 metuens

1800 2067 2172 2134 incursiones,
2207 2084 2555 2140 nequaquam
2589 2067 2862 2135 refutavit,
2896 2069 2995 2123 sed
3019 2067 3422 2142 benignissime

1801 2161 1873 2216 ob
1903 2176 2147 2218 amorem
2179 2162 2298 2229 Dei,
2339 2168 2393 2216 et
2423 2162 2598 2233 ipsius
2650 2161 2806 2216 almae
2837 2161 3121 2234 genitricis
3150 2162 3422 2217 honorem

1803 2250 2097 2317 concessit,
2128 2257 2292 2321 atque
2316 2250 2588 2319 jussionis
2607 2265 2719 2304 suae
2745 2249 3090 2306 monimento
3124 2249 3242 2304 ﬁeri
3268 2250 3425 2304 dele-

1803 2344 1968 2416 gavit,
2001 2343 2317 2412 hujusmodi
2349 2361 2518 2416 super
2561 2347 2666 2403 hoc
2715 2363 2828 2402 suae
2861 2346 3001 2402 dans
3031 2346 3424 2418 pmceptionis

1806 2432 2050 2487 decreta.

1883 2548 1907 2570 ιι
1942 2525 2002 2578 1n
2031 2523 2256 2579 nomine
2287 2524 2504 2580 Domini
2526 2526 2621 2581 Dei
2680 2533 2734 2580 et
2767 2526 3064 2583 Salvatoris
3096 2527 3270 2583 nostri
3292 2527 3426 2583 Jesu

1807 2610 2025 2676 Christi,
2058 2611 2366 2667 Ludovicus
2397 2614 2584 2669 divina
2622 2615 2915 2670 ordinante
2955 2614 3304 2686 providentia
3328 2616 3428 2670 im-

1806 2717 2026 2780 perator
2077 2711 2374 2782 Augustus.
2425 2708 2478 2762 Si
2539 2707 2674 2763 locis
2720 2705 3134 2762 venerabilibus
3181 2723 3247 2762 ea
3303 2723 3426 2778 quae

1807 2798 2006 2853 exinde
2036 2814 2067 2852 a
2101 2795 2608 2868 praedecessoribus
2637 2794 3105 2870 nostris,regibus
3131 2797 3217 2850 vel
3253 2796 3429 2867 impe-

1808 2885 2099 2950 ratoribus,
2117 2885 2187 2940 ad
2240 2883 2559 2957 reipublicae
2588 2899 2724 2939 usus
2765 2882 3146 2957 exigebantur,
3170 2882 3430 2958 religiosa

1805 2973 2138 3028 liberalitate
2162 2974 2215 3027 in
2247 2972 2576 3028 utilitatibus
2594 2980 2647 3026 et
2669 2972 3095 3028 necessitatibus
3107 2971 3431 3026 earumdem

1807 3071 2124 3119 sanctorum
2155 3064 2400 3119 locorum
2431 3063 2816 3134 expendendis
2848 3063 3199 3134 remittimus,
3217 3071 3271 3119 et
3294 3063 3432 3120 ﬁde-

1810 3152 1942 3207 lium
1978 3161 2289 3209 nostrorum
2330 3151 2711 3206 saluberrimis
2744 3166 2842 3221 pro
2872 3151 2974 3204 hac
2989 3151 3184 3206 eadem
3216 3167 3275 3206 re
3301 3167 3433 3224 sug-

168 3239 253 3295 Hic
282 3242 392 3298 Eho
419 3245 625 3314 praesul
647 3261 813 3315 supra
851 3255 1212 3302 memoratum
1246 3266 1444 3322 papam
1471 3252 1708 3322 Stepha-
1729 3227 1778 3295 (ἶ
1805 3244 2152 3317 gestionibus
2179 3261 2243 3299 ac
2273 3243 2635 3316 petitionibus
2666 3242 2971 3317 benignum
3016 3242 3433 3299 commodamus

106 3341 218 3381 num
248 3345 366 3386 cum
402 3333 682 3388 Ludovico
724 3349 854 3408 rege
906 3334 1090 3390 Remis
1115 3339 1705 3412 suscepit,:postquam

105 3434 186 3471 rex
216 3420 354 3477 idem
387 3425 618 3480 Sclavos
667 3425 722 3478 in
755 3425 973 3480 Oriente
1006 3428 1212 3497 positos
1242 3430 1451 3487 directo
1482 3433 1704 3501 devicit,

104 3516 424 3584 etappressit
449 3518 700 3572 exercitu
737 3520 992 3590 :quando
1024 3521 1281 3591 praefatus
1307 3541 1450 3596 papa
1481 3526 1706 3597 Stepha-

103 3616 210 3666 nus,
244 3604 335 3673 qui
368 3604 546 3661 Leoni
576 3616 938 3675 successerat,
970 3610 1182 3684 legatos
1211 3627 1340 3667 suos
1354 3614 1424 3668 ad
1447 3617 1705 3670 eumdem

102 3689 387 3762 principem
422 3694 738 3762 destinans,
761 3697 1036 3753 intimavit
1056 3699 1296 3772 ei,quod
1324 3702 1564 3758 libenter
1583 3721 1707 3760 eum

102 3778 271 3836 videre
324 3781 494 3840 vellet
552 3784 608 3838 in
665 3785 786 3840 loco
838 3786 1161 3860 ubicunque
1224 3790 1328 3860 ipsi
1388 3791 1709 3861 placuisset.

102 3866 240 3932 Quod
279 3873 519 3928 audiens
574 3889 688 3939 rex,
749 3891 950 3948 magno
1009 3877 1249 3948 repletus
1292 3879 1518 3953 gaudio,
1549 3879 1717 3949 jussit

100 3959 300 4016 obviam
317 3965 524 4021 missos
548 3981 678 4020 suos
735 3966 814 4021 ire
853 3983 1070 4023 summo
1102 3968 1372 4040 pontifici,
1409 3979 1464 4026 et
1492 3972 1715 4027 servitia

101 4068 393 4127 praeparare
466 4061 599 4116 Post
625 4074 767 4130 quos
794 4067 847 4114 et
881 4076 974 4114 rex
1024 4065 1142 4131 ipse
1187 4065 1428 4132 perrexit
1463 4081 1478 4128 ;
1511 4063 1712 4120 obvia-

99 4156 388 4221 veruntque
409 4151 519 4205 sibi
563 4150 621 4206 in
651 4166 847 4220 campo
878 4166 1080 4222 magno
1115 4151 1498 4223 Remensium,
1528 4163 1583 4210 et
1615 4157 1715 4211 de-

101 4240 301 4296 scendit
323 4249 566 4315 uterque
599 4243 667 4298 ab
690 4259 835 4315 equo
878 4259 1001 4298 suo.
1035 4244 1096 4300 Et
1129 4247 1391 4318 princeps
1421 4250 1715 4318 prostravit

100 4342 151 4380 se
177 4329 230 4383 in
262 4339 461 4387 terram
488 4333 655 4400 tertio
688 4341 815 4388 ante
845 4332 1018 4403 pedes
1047 4334 1184 4389 tanti
1210 4335 1488 4406 pontiﬁcis
1520 4354 1535 4401 ;
1561 4337 1713 4393 salu-

102 4423 452 4493 taveruntque
484 4437 547 4476 se
576 4421 812 4476 invicem
843 4420 1157 4496 magniﬁce,
1184 4431 1237 4478 et
1259 4424 1638 4495 amplexantes
1653 4441 1715 4480 se

99 4505 387 4566 deosculati
431 4519 570 4567 sunt
619 4510 867 4582 pacifica,
922 4519 1395 4584 perrexeruntque
1440 4513 1509 4568 ad
1532 4513 1714 4569 eccle-

1810 3347 2100 3388 assensum
2157 3333 2455 3387 maximum
2486 3340 2540 3387 et
2585 3332 2783 3386 animae
2838 3338 3058 3393 nostrae,
3119 3339 3173 3386 et
3225 3333 3339 3404 regi
3370 3348 3434 3387 ac

1811 3440 1982 3499 regno
2025 3425 2380 3494 providemus
2427 3425 2764 3490 consultum,
2825 3424 2955 3496 quia
2998 3425 3134 3478 nihil
3193 3425 3437 3480 cernitur

1811 3514 2127 3586 reipublicae
2147 3515 2518 3581 imminutum,
2545 3513 2816 3584 quidquid
2839 3529 2906 3568 ex
2925 3513 3118 3568 eadem
3151 3514 3438 3584 republica

1810 3606 1916 3675 piis
1943 3604 2176 3671 actibus,
2207 3611 2261 3659 et
2299 3603 2434 3658 locis
2481 3601 2782 3674 religiosis,
2836 3617 2900 3656 ac
2947 3601 3307 3656 ecclesiarum
3341 3604 3435 3658 Dei

1812 3697 2159 3762 utilitatibus,
2221 3712 2321 3751 seu
2379 3710 2664 3749 servorum
2705 3693 2799 3748 Dei
2847 3692 3009 3747 fuerit
3059 3694 3435 3749 commoditati

1817 3785 2109 3840 indultum.
2144 3785 2488 3856 Quapropter
2513 3790 2702 3838 notum
2735 3798 2860 3836 esse
2897 3781 3151 3837 volumus
3176 3781 3438 3836 omnibus

1817 3876 1912 3932 Dei
1943 3874 2224 3939 fidelibus,
2254 3872 2621 3946 praesentibus
2676 3871 2888 3926 scilicet
2923 3877 2976 3924 et
3007 3870 3222 3936 futuris,
3245 3871 3437 3941 praeci-

1818 3983 1924 4038 pue
1942 3982 2165 4038 quoque
2192 3965 2612 4021 successoribus
2670 3963 2874 4018 nostris
2925 3962 2980 4016 in
3010 3963 3298 4032 potestatis
3321 3962 3438 4017 cul-

1817 4059 1988 4114 mine.
2048 4059 2104 4112 in
2158 4074 2267 4130 quo
2298 4073 2511 4123 sumus,
2543 4063 2767 4111 auctore
2821 4054 3074 4116 Domino,
3130 4054 3437 4119 constituti,

1816 4147 1885 4203 ab
1913 4148 2110 4203 eodem
2144 4147 2497 4203 dominorum
2532 4145 2763 4200 Domino
2785 4143 3052 4214 deinceps
3098 4144 3440 4198 constituen-

1817 4239 1940 4295 dis:
1975 4239 2102 4309 quia
2141 4237 2256 4292 Ebo
2302 4235 2637 4292 venerabilis
2668 4235 3121 4304 archiepiscopus
3152 4233 3442 4288 Remensis

1815 4327 2098 4393 Ecclesiae,
2132 4332 2186 4381 et
2242 4324 2722 4381 reverendissimw
2785 4322 2936 4377 sedis
2979 4322 3153 4377 sancti
3188 4321 3440 4393 Remigii,

1815 4421 2202 4493 gloriosissimi
2261 4415 2561 4492 pontiﬁcis,
2596 4423 2650 4471 et
2705 4414 2964 4485 specialis
3019 4413 3237 4484 patroni
3268 4413 3442 4467 nostri

1816 4512 2039 4584 pmsul,
2067 4511 2375 4567 clementiae
2417 4514 2616 4566 nostrae
2677 4506 2938 4570 innotuit,
3000 4505 3129 4575 quia
3161 4505 3444 4559 vetustatis

99 4596 242 4666 siam,
275 4601 371 4657 ubi
406 4619 537 4658 cum
595 4603 691 4658 diu
749 4611 1020 4667 orassent,
1073 4605 1246 4658 erexit
1270 4621 1329 4660 se
1357 4604 1625 4676 pontifex,
1659 4613 1713 4661 et
1742 4598 1794 4665 D
1819 4603 1978 4657 senio
2021 4601 2255 4656 contrita
2284 4600 2397 4669 jam
2450 4598 2608 4652 dicta:
2664 4593 2986 4665 metropolis
3045 4593 3196 4648 urbis
3252 4600 3442 4649 sancta

99 4693 299 4748 excelsa
325 4711 464 4751 voce
517 4712 646 4751 cum
694 4697 864 4753 choro
917 4711 1017 4752 suo
1051 4695 1180 4750 fecit
1240 4697 1357 4770 regi
1390 4695 1587 4750 laudes
1618 4712 1711 4751 re-

99 4779 254 4850 gales.
318 4783 519 4839 Postea
565 4784 810 4854 pontifex
869 4785 1158 4841 honoravit
1215 4802 1340 4840 eum
1411 4784 1628 4856 magnis
1657 4793 1717 4839 et

102 4873 274 4928 multis
300 4875 638 4938 honoribus,
668 4891 732 4930 ac
758 4875 1007 4950 reginam
1037 4874 1242 4945 pariter
1265 4873 1712 4947 llirmingardim,

104 4961 220 5019 dein
239 4974 292 5021 et
323 4969 630 5039 optimates
669 4977 836 5042 atque
863 4968 1144 5024 ministros
1173 4983 1386 5022 eorum.
1425 4965 1713 5022 Proxima-

104 5070 198 5126 que
219 5055 308 5111 die
334 5058 652 5126 Dominica,
683 5059 740 5113 in
772 5059 1010 5114 ecclesia
1029 5066 1157 5113 ante
1186 5057 1479 5112 missarum
1513 5056 1716 5112 solem-

105 5151 202 5219 nia,
241 5169 426 5211 coram
479 5154 634 5209 clero
679 5160 735 5206 et
778 5149 931 5206 omni
988 5147 1220 5219 pepulo,
1270 5145 1617 5202 consecravit
1665 5154 1719 5201 et

104 5241 246 5296 unxit
267 5257 396 5298 eum
452 5243 513 5296 in
549 5240 962 5311 imperatorem,
993 5250 1254 5292 coronam
1293 5234 1445 5289 mirae
1474 5235 1720 5305 pulchri-

104 5332 297 5387 tudinis
347 5347 604 5398 auream,
663 5326 1111 5401 prestiosissimis
1159 5325 1393 5402 gemmis
1449 5334 1718 5393 ornatam,

104 5441 256 5494 quam
280 5443 473 5482 secum
503 5423 804 5490 detulerat,
860 5421 1154 5492 imponens
1196 5435 1364 5491 super
1393 5426 1560 5490 caput
1580 5418 1718 5486 ejus.

106 5511 355 5587 Reginam
378 5512 692 5586 appellavit
746 5511 1068 5584 Augustam,
1123 5519 1180 5564 et
1207 5523 1467 5564 coronam
1499 5523 1721 5563 auream

105 5604 277 5670 posuit
314 5620 490 5676 super
556 5608 725 5674 caput
777 5600 915 5670 ejus.
967 5598 1032 5654 Et
1090 5598 1335 5670 quandiu
1390 5595 1592 5655 mansit
1643 5595 1720 5650 ibi

105 5693 432 5761 apostolicus
463 5707 636 5766 papa,
677 5690 926 5765 quotidie
981 5688 1323 5760 colloquium
1374 5685 1620 5743 habuere
1651 5686 1722 5742 de

105 5779 332 5838 utilitate
352 5787 568 5838 sancta
601 5778 696 5836 Dei
719 5777 1000 5836 Ecclesiae.
1019 5777 1085 5835 At
1105 5784 1397 5849 postquam
1421 5775 1724 5846 imperator

1816 4696 1990 4746 mater
2043 4695 2230 4744 nostra
2274 4685 2533 4753 ecclesia,
2565 4684 2622 4738 in
2671 4684 2880 4738 honore
2934 4688 3161 4748 sanctae,
3191 4697 3439 4753 semper-

1817 4795 1924 4850 que
1955 4778 2182 4853 virginis
2206 4792 2266 4831 ac
2292 4774 2578 4846 genitricis
2607 4771 2783 4827 Mariae
2841 4778 3181 4838 consecrata,
3240 4772 3440 4826 existe-

1818 4879 1916 4927 ret.
1951 4873 2011 4926 ln
2034 4886 2142 4944 qua
2173 4875 2392 4924 auctore
2416 4868 2549 4932 Deo,
2581 4873 2636 4920 et
2675 4871 3036 4935 cooperatore
3070 4863 3214 4934 [ms.,
3241 4878 3442 4933 coope-

1821 4959 1992 5031 rante]
2037 4958 2090 5013 S.
2155 4957 2408 5032 Remigio
2470 4970 2610 5028 gens
2671 4959 2857 5009 nostra
2910 4951 3266 5017 Francorum,
3315 4966 3439 5005 cum

1820 5053 2104 5126 aequivoco
2155 5058 2341 5107 nostro
2396 5065 2525 5122 rege
2582 5047 2832 5117 ejusdem
2864 5045 3064 5119 gentis,
3099 5043 3240 5098 sacri
3273 5042 3442 5098 fontis

1822 5142 2152 5212 baptismate
2209 5139 2380 5206 ablui,
2437 5153 2502 5192 ac
2558 5133 2894 5208 scptiformis
2959 5131 3195 5204 Spiritus
3263 5131 3441 5187 sancti

1823 5231 1994 5306 gratia
2021 5229 2281 5285 illustrari
2331 5227 2655 5301 promeruit.
2697 5223 2803 5279 Sed
2834 5229 2888 5278 et
2941 5223 3062 5294 ipse
3085 5236 3179 5275 rex
3207 5221 3441 5277 nobilis-

1823 5321 1995 5376 simus
2021 5319 2090 5375 ad
2121 5320 2326 5394 regiam
2351 5322 2674 5390 potestatem
2708 5313 2944 5388 perungi
2994 5312 3088 5366 Dei
3144 5311 3442 5366 clementia

1823 5409 2024 5483 dignus
2055 5407 2312 5463 inventus
2343 5406 2463 5460 fuit.
2500 5403 2600 5459 Ubi
2648 5403 2812 5458 etiam
2845 5408 2900 5456 et
2921 5415 3025 5456 nos
3044 5399 3231 5455 divina
3247 5400 3442 5474 digna-

1823 5498 1973 5554 tione
2024 5512 2121 5568 per
2170 5511 2368 5551 manus
2419 5492 2608 5550 domni
2657 5490 2922 5564 Stephani
2993 5489 3223 5546 Romani
3292 5505 3446 5544 sum-

1824 5591 1898 5646 mi
1953 5586 2254 5660 pontiﬁcis,
2314 5588 2382 5642 ad
2441 5602 2646 5644 nomen
2704 5591 2759 5640 et
2801 5589 3128 5656 potestatem
3186 5581 3444 5652 imperia—

1824 5681 1931 5737 lem
1989 5679 2243 5734 coronari
2299 5679 2620 5734 meruimus.
2684 5677 2854 5742 Quam
2915 5691 3014 5747 pro
3078 5673 3242 5729 tantis
3270 5671 3444 5725 bene-

1824 5767 1964 5827 ﬁciis
2017 5766 2179 5825 nobis
2224 5766 2434 5826 ibidem
2511 5784 2542 5823 a
2601 5767 2714 5824 Deo
2767 5763 2982 5823 collatis
3036 5773 3301 5818 renovare
3345 5771 3442 5810 cu-
