3884 6412
415 419 515 475 131

413 559 652 630 pientes,
701 561 755 608 et
802 552 869 607 ad
920 551 974 604 id
1031 546 1444 620 exsequendum
1497 543 1600 599 loci
1661 539 2029 596 incommodi-
2052 542 2104 609 Α

411 655 577 703 tatem
637 649 948 707 cernentes,
997 639 1355 696 concedimus
1411 637 1479 691 ad
1531 637 1636 691 hoc
1685 651 1849 706 opus,
1880 641 1933 689 et
1958 634 2026 689 ad

414 745 611 792 caetera
635 749 868 807 quaeque
926 746 1025 802 pro
1083 743 1364 783 servorum
1407 726 1498 781 Dei
1555 725 1760 779 ibidem
1816 725 2027 797 degen-

417 830 549 884 tium
571 824 993 882 necessitatibus
1018 821 1364 886 aedificanda,
1391 835 1607 873 murum
1639 833 1860 873 omnem
1902 831 2026 869 cum

417 919 589 989 portis
627 917 802 987 ipsius
849 913 1101 979 civitatis,
1125 917 1178 965 et
1207 925 1428 965 omnem
1461 923 1685 978 operam
1731 923 1855 961 cum
1892 920 2027 959 cun-

413 1006 515 1061 ctis
542 1004 860 1075 impendiis,
888 1017 1009 1073 quae
1068 1015 1134 1054 ex
1195 998 1360 1053 rebus
1388 1003 1441 1051 et
1489 995 1835 1051 facultatibus
1857 995 2030 1065 ipsius

414 1099 665 1154 ecclesiae
696 1104 749 1151 et
777 1095 1128 1166 episcopatus
1181 1090 1470 1146 Remensis
1503 1090 1669 1161 Aquis
1698 1088 1898 1159 palatio
1929 1102 2028 1143 no-

413 1201 526 1249 stro
558 1191 709 1264 regio
755 1188 941 1260 peragi
991 1193 1044 1241 et
1068 1185 1274 1242 exsolvi
1332 1185 1550 1240 solitum
1575 1184 1768 1250 fuerat,
1803 1183 1858 1236 in
1881 1181 2029 1236 elee-

415 1298 646 1354 mosyna
675 1279 932 1333 videlicet
962 1285 1171 1341 nostra,
1213 1283 1266 1332 et
1289 1291 1390 1347 pro
1431 1275 1680 1330 remedio
1711 1272 1909 1327 animae
1931 1269 2030 1324 do-

416 1374 530 1428 mni
569 1389 633 1427 ac
661 1371 928 1443 genitoris
984 1369 1181 1433 nostri,
1233 1375 1395 1439 atque
1463 1373 1784 1422 caeterorum
1820 1361 2030 1433 praede-

416 1477 697 1518 cessorum
760 1466 1097 1524 nostrorum,
1162 1458 1255 1529 qui
1336 1456 1590 1511 eumdem
1651 1453 2030 1524 episcopatum

414 1563 606 1613 contra
663 1555 896 1610 salutem
943 1567 1098 1605 suam
1150 1548 1474 1621 aliquandiu
1523 1551 1834 1609 tenuerant,
1893 1540 2032 1595 etin

419 1661 552 1700 suos
605 1659 741 1698 usus
792 1648 984 1698 contra
1039 1636 1702 1708 ecclesiasticasregulas,
1736 1641 1789 1688 et
1841 1649 1930 1686 res
1972 1645 2035 1685 ac

417 1732 704 1787 facultates
725 1731 976 1785 ecclesia:
1008 1729 1180 1799 ipsius
1199 1726 1576 1796 expenderent
1603 1743 1616 1788 ;
1635 1731 1687 1778 et
1707 1723 1777 1777 ob
1810 1723 1915 1776 hoc
1932 1719 2034 1773 mi-

419 1841 524 1878 nus
556 1839 720 1894 quam
753 1820 1021 1876 debuerat
1078 1818 1326 1873 utilitatis
1375 1817 1544 1872 sacris
1582 1815 1718 1870 locis
1748 1813 1803 1866 in
1838 1811 2034 1866 eodem

418 1919 742 1990 episcOpatu
796 1910 1107 1970 constitutis
1143 1909 1342 1963 exinde
1399 1912 1746 1978 provenerat.
1775 1903 2038 1957 Volumus

418 2008 607 2074 etiam,
645 2012 707 2060 ut
740 2002 1004 2067 'vassalli,
1051 2008 1104 2055 et
1157 1999 1476 2071 quicunque
1524 1995 1718 2049 fideles
1753 1991 1924 2047 nostri
1975 2007 2040 2044 ex

421 2099 589 2154 rebus
636 2098 884 2167 ejusdem
932 2095 1283 2166 episcopatus
1337 2089 1545 2160 aliquid
1597 2085 1824 2149 habent,
1858 2083 2040 2137 eidem

422 2191 579 2262 Operi
619 2191 939 2256 inserviant,
995 2189 1134 2243 sicut
1183 2185 1535 2242 constitutum
1564 2187 1647 2235 est
1678 2196 1708 2232 a
1737 2177 1896 2232 bona:
1926 2191 2044 2230 me-

423 2279 613 2334 moriae
643 2279 849 2334 domno
891 2284 944 2331 et
999 2275 1248 2349 genitore
1284 2279 1493 2337 nostro,
1525 2277 1579 2323 et
1598 2268 1738 2321 sicut
1759 2265 2037 2319 decretum

423 2374 561 2421 esta
600 2367 703 2438 pize
757 2365 1158 2421 recordationis
1197 2365 1402 2418 domno
1429 2367 1602 2415 etavo
1643 2362 1831 2412 nostro
1853 2352 2040 2424 Pippi-

423 2475 518 2526 no,
549 2459 793 2514 decimas
815 2467 867 2512 et
899 2473 1010 2512 non
1038 2457 1219 2511 eidem
1247 2453 1497 2508 ecclesiae
1537 2456 1738 2504 sancta:
1762 2463 1826 2502 ex
1851 2445 2038 2512 rebus,

422 2563 559 2618 quas
585 2547 786 2601 eximie
845 2546 1072 2613 habent,
1112 2542 1449 2615 persolvant.
1482 2539 1607 2592 Vias
1667 2536 1831 2591 etiam
1857 2531 2040 2604 publi-

419 2656 512 2695 cas
542 2655 758 2705 omnes,
793 2655 915 2710 quae
953 2638 1099 2692 circa
1125 2633 1378 2689 eamdem
1410 2629 1699 2684 ecclesiam
1730 2626 1958 2690 vadunt,
1988 2627 2042 2678 et

425 2731 823 2802 impedimento
853 2746 976 2786 esse
1027 2732 1260 2798 possunt
1285 2724 1354 2778 ad
1383 2722 1637 2787 claustra,
1679 2726 1733 2772 et
1757 2730 2039 2771 servorum

428 2825 520 2878 Dei
576 2824 890 2880 habitacula
946 2819 1344 2881 construenda,
1410 2821 1468 2870 ut
1525 2809 1810 2867 transferri
1879 2814 2042 2878 atque

429 2914 703 2967 immutari
756 2912 988 2984 possint,
1052 2906 1428 2965 concedimus.
1492 2903 1554 2956 Et
1619 2901 1665 2954 si
1717 2897 1924 2969 aliquid
1966 2894 2042 2948 ibi

429 3000 563 3057 fisco
617 3009 804 3057 nostro
862 3001 1116 3065 habetur,
1163 3013 1259 3067 per
1316 2995 1420 3048 hoc
1473 2997 1674 3046 nostrae
1707 2985 2043 3042 auctoritatis

431 3097 763 3161 praeceptum
798 3096 1066 3161 perpetuo
1123 3100 1279 3156 aeque
1328 3079 1708 3144 concedimus,
1755 3082 1814 3130 ut
1863 3073 2047 3128 nullus

424 3183 614 3252 judex,
637 3160 846 3246 cbmes,
876 3183 969 3232 aut
1019 3176 1239 3240 missus,
1287 3172 1403 3226 sive
1434 3167 1635 3240 aliquis
1664 3181 1730 3220 ex
1757 3160 2047 3234 judiciaria

1544 402 1909 460 FLODOARDI
1951 399 2252 455 CANONICI
2295 398 2626 454 REMENSIS

3654 394 3683 447 1
3694 394 3763 449 3‘2

2203 557 2230 588 α
2276 539 2335 593 In
2395 537 2620 592 nomine
2674 535 2890 590 Domini
2960 534 3053 589 Dei
3111 539 3164 588 et
3215 531 3514 589 Salvatoris
3583 533 3763 585 nostri

2128 633 2255 689 Jesu
2288 631 2483 687 Christi
2551 630 2858 686 Ludovicus
2915 636 2968 683 et
3025 626 3335 690 Lotharius,
3368 623 3564 678 divina
3608 623 3766 677 ordi-

2130 732 2297 780 nante
2317 725 2663 796 providentia
2727 723 3087 793 imperatores
3145 716 3390 792 Augusti.
3459 715 3517 768 Si
3553 714 3765 769 libera-

2129 814 2297 868 litatis
2319 819 2518 868 nostrze
2547 826 2775 866 munere
2797 811 2933 865 locis
2963 810 3074 864 Deo
3105 806 3300 863 dicatis
3331 803 3600 876 quiddam
3627 818 3765 857 con-

2131 905 2360 960 ferimus
2389 903 2668 972 beneficii,
2699 911 2752 959 et
2799 903 3157 958 necessitates
3218 897 3631 954 ecclesiasticas
3661 910 3764 950 no-

2131 1001 2243 1049 stro
2276 993 2582 1048 relevamus
2636 991 2940 1061 juvamine,
2974 990 3028 1045 id
3071 988 3235 1044 nobis
3271 993 3326 1042 et
3359 987 3431 1041 ad
3461 984 3762 1041 mortalem

2131 1084 2297 1140 vitam
2350 1081 2728 1153 temporaliter
2779 1081 3216 1152 transigendam,
3278 1084 3332 1131 et
3384 1076 3454 1131 ad
3491 1081 3762 1130 aeternam

2131 1177 2362 1233 feliciter
2392 1172 2751 1230 obtinendam
2794 1171 3138 1240 profuturum
3183 1167 3394 1240 liquido
3451 1164 3760 1219 credimus.

2134 1267 2343 1322 ldcirco
2384 1271 2572 1319 notum
2608 1263 2727 1317 ﬁeri
2783 1262 3037 1316 volumus
3071 1258 3335 1315 omnibus
3371 1253 3644 1309 fidelibus
3661 1266 3766 1305 no-

2133 1359 2279 1420 stris,
2315 1357 2681 1429 prtesentibus
2739 1355 2952 1410 scilicet
2993 1361 3046 1409 et
3076 1352 3289 1413 futuris,
3319 1345 3469 1420 quod
3507 1349 3766 1398 sanctam

2135 1447 2460 1503 Remensem
2506 1447 2821 1506 ecclesiam.
2865 1446 2919 1499 in
2961 1460 3069 1516 qua
3119 1442 3560 1513 praedecessores
3588 1438 3766 1494 nostri

2137 1556 2298 1613 reges
2327 1540 2582 1594 videlicet
2613 1539 2942 1593 Francorum
2989 1535 3154 1590 tidem
3199 1541 3253 1589 et
3291 1533 3432 1588 sacri
3453 1531 3768 1603 baptisma-

2137 1630 2206 1684 tis
2235 1629 2461 1702 gratiam
2505 1634 2892 1699 perceperunt,
2948 1627 3003 1680 in
3036 1641 3144 1697 qua
3185 1630 3240 1678 et
3268 1639 3370 1679 nos
3405 1637 3506 1693 per
3536 1621 3770 1692 imposi—

2136 1723 2343 1778 tionem
2374 1737 2570 1775 manus
2600 1719 2787 1775 domni
2811 1718 3074 1788 Stephani
3107 1735 3261 1792 papae
3280 1717 3594 1789 imperialia
3612 1733 3770 1772 sum-

2139 1813 2348 1884 psimus
2396 1813 2640 1885 insignia
2697 1811 2768 1866 ob
2819 1809 3177 1866 reverentiam
3223 1807 3353 1863 fidei
3409 1807 3765 1872 Christianae,

2138 1907 2192 1956 et
2221 1901 2292 1956 ob
2321 1901 2518 1956 animae
2561 1907 2761 1955 nostrae
2795 1898 3050 1966 salutem,
3111 1897 3180 1950 ab
3215 1897 3324 1952 imo
3351 1896 3602 1952 construi
3636 1894 3771 1949 feci-

2140 2006 2282 2044 mus.
2315 2005 2550 2062 eamque
2582 1989 2637 2043 in
2656 1991 2922 2045 honorem
2945 1988 3163 2045 Domini
3195 1987 3364 2043 nostri
3395 1987 3528 2042 Jesu
3559 1983 3767 2040 Christi

2143 2071 2437 2134 Salvatoris
2490 2078 2704 2145 mundi,
2761 2078 2924 2133 simul
2979 2085 3032 2133 et
3098 2079 3152 2132 in
3207 2077 3475 2133 honorem
3507 2076 3768 2147 ejusdem

2144 2174 2347 2222 sanctae
2388 2175 2441 2223 et
2499 2169 2837 2223 intemeratae
2885 2167 3181 2244 genetricis
3221 2167 3400 2222 Mariae
3449 2166 3772 2220 consecrari

2141 2257 2504 2312 decrevimus.
2568 2259 2776 2328 Itaque,
2809 2257 2994 2311 divina
3024 2256 3382 2327 inspiratione
3413 2254 3768 2324 compuncti,

2142 2355 2195 2404 et
2225 2349 2464 2404 caelestis
2513 2349 2703 2420 patriae
2759 2365 2947 2405 amore
3004 2348 3279 2412 succensi,
3333 2346 3591 2418 quaedam
3629 2360 3770 2416 prae-

2143 2440 2254 2507 dia,
2287 2457 2410 2512 quae
2430 2441 2610 2496 eidem
2645 2448 2846 2497 sanctae
2878 2441 2997 2496 sedi
3027 2440 3304 2513 quondam
3337 2438 3521 2493 ablata
3553 2437 3773 2493 fuerant

2142 2536 2338 2590 devota
2367 2542 2552 2591 mente
2583 2536 2794 2591 restitui
2816 2535 3105 2604 jussimus,
3126 2533 3179 2587 id
3211 2538 3316 2599 est,
3352 2532 3406 2585 in
3427 2529 3769 2585 suburbanis

2143 2630 2316 2701 ipsms
2343 2637 2546 2684 sanctae
2565 2625 3046 2682 ecclesiaetitulum
3079 2622 3302 2688 S.Sixti,
3335 2636 3557 2676 necnon
3578 2619 3771 2674 ettitu-

2144 2723 2256 2778 lum
2275 2723 2329 2779 S.
2345 2721 2584 2788 Martini,
2601 2735 2725 2774 cum
2740 2716 3092 2788 appendiciis
3111 2730 3320 2770 eorum.
3338 2713 3590 2768 Exterius
3606 2713 3767 2766 etiam

2146 2816 2202 2870 in
2229 2816 2422 2871 eadem
2450 2813 2736 2885 parochia,
2755 2811 2812 2864 in
2844 2816 3023 2864 castro
3044 2806 3316 2862 Vonzensi
3339 2804 3560 2859 titulum
3596 2803 3772 2874 bapti-

2144 2903 2393 2970 smalem,
2414 2910 2468 2958 et
2497 2901 2714 2956 titulum
2745 2899 2802 2953 in
2819 2898 3012 2953 eadem
3029 2895 3290 2967 parochia
3307 2893 3612 2949 S.Joannis
3626 2893 3771 2946 simi-

2148 2992 2272 3047 liter
2300 2991 2678 3062 baptimalem.
2717 2988 2832 3043 suis
2861 3003 2984 3041 cum
3018 2983 3384 3057 appendiciis,
3413 2989 3468 3038 et
3501 2982 3772 3037 Bretinia-

2148 3097 2270 3135 cum
2297 3099 2314 3134 :
2345 3079 2531 3136 villam
2573 3093 2796 3150 quoque
2839 3077 3174 3147 Sparnacum
3232 3089 3359 3128 cum
3419 3074 3772 3145 appendiciis

2149 3169 2285 3237 suis,
2313 3175 2368 3223 et
2397 3169 2453 3223 in
2469 3168 2598 3225 villa
2628 3182 2749 3239 quae
2801 3171 3026 3221 vocatur
3068 3163 3271 3218 Lucida
3304 3162 3518 3233 [Lude],
3552 3179 3768 3218 necnon

431 3232 717 3345 potestate,
751 3232 917 3326 ullam
978 3268 1111 3323 inde
1170 3232 1350 3320 eidem
1395 3232 1598 3316 sanctae
1651 3232 2035 3328 Deivpraedicta

2187 3232 2287 3315 tin
2317 3260 2621 3317 Proviliaco
2647 3232 2950 3330 ’[Ρνοιιτίιῃ]
2983 3257 3037 3311 in
3085 3255 3282 3312 eodem
3315 3271 3458 3328 pago
3479 3232 3768 3310 Rcmensi.

435 3363 692 3419 Remensi
751 3359 1000 3415 ecclesia:
1057 3353 1515 3427 inquietudinem.
1577 3355 1668 3404 aut
1731 3346 1903 3401 ullum
1959 3358 2050 3397 ca-

433 3453 654 3509 lumnia:
704 3449 1162 3520 impedimentum
1213 3442 1413 3497 inferre
1463 3453 1704 3510 unquam
1733 3436 2050 3507 praesumat,

433 3518 799 3602 obsecrantes
814 3549 1164 3593 successores
1201 3538 1439 3596 nostros,
1473 3535 1532 3583 ut
1570 3539 1844 3580 memores
1865 3518 2056 3576 salutis

434 3651 569 3699 suae,
603 3630 892 3704 praesentis
943 3627 1153 3682 scilicet
1206 3630 1260 3678 et
1297 3628 1533 3682 internae,
1577 3629 1851 3672 memores
1883 3613 2046 3666 etiam

434 3703 852 3784 beneficiorum,
886 3735 1009 3792 quae
1036 3717 1197 3772 nobis
1220 3722 1274 3769 ct
1303 3713 1453 3786 genti
1484 3717 1684 3766 nostra:
1732 3722 1796 3761 ac
1836 3703 2050 3776 praede-

434 3816 748 3873 cessoribus
777 3813 977 3869 nostris
1005 3811 1060 3864 in
1094 3809 1292 3864 eodem
1343 3811 1534 3860 sancto
1556 3804 1700 3868 loco,
1729 3815 1826 3870 per
1855 3798 1914 3851 B.
1947 3795 2051 3849 Re-

434 3909 684 3984 migium,
716 3905 926 3960 meritis
974 3903 1026 3957 S.
1089 3899 1266 3956 Mariae
1331 3897 1529 3952 collata
1578 3899 1724 3958 sunt,
1755 3891 1896 3946 sicut
1951 3899 2052 3939 sua

436 3979 578 4053 bene
634 4004 786 4071 gesta
832 4012 863 4050 a
915 3994 1029 4048 suis
1056 3988 1472 4046 successoribus
1517 3982 1830 4040 conservari
1860 3979 2051 4035 volue-

435 4094 562 4160 rint,
611 4092 682 4146 ita
728 4105 850 4162 quae
903 4102 1002 4158 pro
1046 4100 1234 4140 amore
1272 4082 1388 4146 Dei,
1427 4087 1480 4135 et
1509 4085 1714 4133 sanctae
1745 4076 1865 4144 ejus
1893 4071 2052 4147 geni-

434 4181 582 4235 tricis
619 4196 684 4234 ac
720 4160 866 4232 beati
926 4172 1252 4246 protectoris
1281 4169 1452 4225 nostri
1507 4165 1742 4239 Remigii
1765 4179 1912 4236 saepe
1943 4160 2052 4216 fato

434 4278 625 4327 sancto
657 4272 778 4325 loco
810 4266 1161 4330 contulimus,
1194 4265 1461 4332 perpetuo
1499 4255 1894 4312 inviolabiliter
1919 4266 2053 4308 con-

435 4381 656 4420 servare
702 4366 1016 4434 procurent.
1063 4357 1126 4410 Et
1181 4359 1243 4408 ut
1300 4353 1418 4406 haec
1457 4355 1643 4404 nostra
1672 4342 2054 4401 concessionis

434 4429 726 4508 auctoritas
789 4465 887 4520 per
951 4447 1130 4500 futura
1193 4449 1443 4510 tempora
1491 4436 1796 4508 pleniorem
1858 4432 1912 4486 in
1958 4429 2054 4484 Dei

433 4545 658 4602 nomine
717 4541 964 4598 obtineat
1022 4533 1295 4591 firmitatis
1326 4532 1594 4604 vigorem,
1629 4526 1821 4583 annuli
1881 4522 2055 4579 nostri

436 4636 801 4709 impressione
828 4629 1225 4703 subtersignari
1255 4625 1622 4681 decrevimus.
1647 4640 1678 4671 υ

506 4731 614 4786 Sed
645 4735 697 4783 et
724 4724 1018 4798 quemdam
1088 4721 1301 4776 fabrum
1355 4732 1574 4773 servum
1613 4728 1794 4775 suum,
1828 4709 2054 4766 nomine

437 4821 763 4878 Rumaldum
818 4817 885 4871 ad
915 4813 1234 4887 petitionem
1287 4809 1556 4878 ejusdem,
1591 4803 1844 4876 praesulis
1875 4800 2054 4856 eccle-

437 4916 532 4969 siae
558 4908 821 4967 Remensi
879 4904 1172 4972 concessit,
1205 4909 1263 4955 ut
1303 4901 1394 4955 hic
1425 4900 1492 4954 de
1525 4898 1731 4952 talento
1763 4912 1793 4949 a
1824 4893 2054 4949 Domino

436 5003 543 5056 sibi
575 4999 796 5064 collato,
831 4996 984 5064 juxta
1038 4993 1185 5047 vires
1241 4989 1442 5044 diebus
1503 4986 1627 5040 vitae
1673 4999 1785 5038 suae
1819 4980 2054 5052 profice-

440 5100 517 5148 ret
550 5109 564 5157 ;
606 5092 776 5155 Quam
802 5087 964 5142 etiam
1026 5083 1334 5139 cessionem
1365 5079 1584 5150 apicum
1617 5073 1974 5130 adnotatione
2002 5079 2056 5128 et

437 5182 627 5238 annuli
657 5181 741 5234 sui
779 5177 1113 5252 sigillatione
1141 5173 1436 5230 roboravit.
1479 5168 1637 5225 Aliud
1669 5181 1890 5238 quoque
1913 5182 2053 5237 prai-

439 5281 659 5344 ceptum
687 5273 757 5326 de
785 5272 931 5327 vitiis
952 5269 1191 5341 publicis
1218 5262 1652 5322 transmutandis
1682 5258 1754 5316 ob
1785 5257 2051 5329 quasdam

439 5368 720 5423 clausuras
765 5367 820 5420 in
875 5364 1010 5420 locis
1037 5362 1234 5420 vicinis
1289 5359 1460 5431 ipsius
1488 5355 1643 5411 urbis
1671 5352 1972 5419 faciendas,
2001 5358 2055 5407 et

441 5455 763 5512 multimoda
847 5455 1097 5511 ecclesia:
1149 5450 1503 5523 compendia,
1566 5447 1746 5502 eidem
1807 5443 2054 5516 pontifici

443 5547 615 5612 dedit,
645 5546 792 5616 quod
825 5553 878 5602 et
944 5545 1148 5601 annulo
1193 5558 1293 5599 suo
1348 5539 1649 5614 insignivit.
1700 5537 1971 5593 Praeterea
1989 5536 2056 5590 de

443 5637 792 5695 restituendis
848 5636 1028 5693 eidem
1077 5641 1280 5691 sancta:
1335 5632 1453 5688 sedi
1514 5630 1753 5701 praediis,
1807 5643 1928 5702 quae
1975 5627 2055 5681 illi

441 5725 720 5800 quondam
766 5727 984 5782 fuerant
1027 5723 1228 5789 ablata,
1286 5737 1397 5777 una
1450 5735 1575 5774 cum
1624 5717 1736 5774 ﬁlio
1804 5715 2054 5773 Lothario

442 5815 656 5874 Caesare
685 5817 849 5876 talem
881 5813 1143 5888 praecepti
1174 5811 1328 5867 dedit
1346 5806 1749 5864 auctoritatem.

2154 3356 2212 3409 In
2245 3368 2387 3425 pago
2412 3369 2544 3410 vero
2566 3350 2918 3408 Dulcomensi
2938 3349 3144 3411 villam,
3169 3363 3291 3419 quze
3312 3354 3541 3402 vocatur
3571 3348 3772 3403 Cavera

2159 3443 2216 3514 [i,
2241 3442 2488 3514 Canera],
2522 3457 2739 3498 necnon
2773 3449 2826 3495 et
2857 3441 2913 3494 in
2950 3438 3083 3494 villa
3112 3453 3232 3510 quae
3277 3437 3480 3492 dicitur
3507 3437 3690 3492 Verna
3720 3438 3770 3491 in

2156 3546 2299 3606 pago
2326 3531 2681 3587 Vertudense.
2729 3528 2822 3583 Vel
2874 3527 2919 3582 si
2973 3527 3109 3582 forte
3157 3525 3424 3596 deinceps
3474 3527 3546 3580 de
3607 3525 3774 3580 rebus

2152 3619 2424 3692 praedictae
2444 3625 2644 3675 sanctae
2703 3616 2952 3673 ecclesiae
3000 3613 3342 3686 temporibus
3365 3615 3570 3670 nostris
3599 3615 3775 3669 adhuc

2152 3707 2634 3781 superaddendum
2693 3706 3061 3770 decrevimus,
3137 3703 3448 3767 statuimus,
3521 3720 3624 3774 per
3677 3705 3774 3758 hoc

2154 3808 2353 3858 nostrae
2395 3801 2734 3858 auctoritatis
2777 3805 3137 3871 praeceptum,
3185 3805 3243 3852 ut
3294 3813 3406 3852 non
3462 3805 3678 3853 tantum
3712 3799 3775 3852 de

2156 3892 2275 3946 istis
2322 3889 2602 3955 restitutis,
2644 3889 2744 3944 sed
2779 3889 2941 3943 etiam
2974 3886 3357 3952 restituendis,
3405 3887 3684 3959 quidquid
3711 3888 3776 3941 de

2153 3983 2289 4056 ipsis
2317 3983 2405 4038 vel
2449 3982 2505 4036 in
2536 3981 2674 4053 ipsis
2705 3987 2944 4036 rectores
2970 3987 3024 4033 et
3063 3978 3298 4034 ministri
3343 3988 3774 4050 praememoratm

2155 4075 2404 4131 ecclesiae
2453 4073 2743 4149 elegerint,
2783 4073 2854 4126 ita
2884 4071 3125 4126 debeant
3155 4071 3559 4142 perpetualiter
3600 4072 3772 4141 possi-

2155 4165 2307 4231 dere,
2331 4169 2497 4234 atque
2519 4161 2797 4229 ordinare,
2828 4161 2913 4216 vel
2967 4161 3133 4215 etiam
3166 4159 3369 4226 facere,
3389 4168 3773 4233 proutcunque

2155 4255 2260 4308 sibi
2291 4252 2624 4324 propensius
2661 4250 2956 4316 voluerint,
2999 4257 3058 4304 ut
3105 4249 3315 4322 absque
3371 4249 3543 4305 ullius
3576 4251 3772 4320 injuste

2155 4341 2591 4399 contradictione
2620 4340 2880 4397 ordinent
2925 4345 3088 4410 atque
3118 4337 3436 4408 diaponant,
3493 4345 3547 4392 et
3574 4338 3774 4394 faciant

2156 4431 2427 4504 quidquid
2478 4429 2696 4484 utilitati
2741 4427 3017 4499 praedictae
3073 4425 3324 4480 ecclesim
3371 4440 3685 4500 congruere
3729 4432 3775 4480 et

2159 4523 2455 4580 convenire
2485 4521 2888 4593 prospexerint.
2924 4519 2986 4573 Et
3014 4525 3074 4573 ut
3113 4519 3232 4572 haec
3258 4524 3457 4573 nostra:
3479 4520 3775 4574 auctorita-

2075 4603 2222 4674 Dtis
2260 4611 2606 4668 conﬁrmatio
2657 4608 3024 4682 praesentibus
3073 4607 3377 4679 futurisque
3429 4608 3776 4679 temporibus

2157 4704 2457 4760 firmiorem
2506 4701 2563 4756 in
2614 4698 2874 4756 omnibus
2911 4713 3136 4769 semper
3194 4696 3445 4752 obtineat
3500 4698 3774 4772 vigorem,

2156 4795 2412 4852 manibus
2440 4793 2682 4866 prepriis
2709 4789 3260 4858 subterﬁrmavimus,
3295 4796 3350 4845 et
3379 4790 3575 4844 annuli
3605 4791 3776 4847 nostri

2158 4889 2522 4960 impressione
2552 4884 2758 4959 signari
2777 4883 3062 4952 jussimus.
3102 4903 3126 4933 »

2228 4980 2473 5036 Obtinuit
2501 4977 2663 5032 etiam
2696 4976 2842 5030 idem
2880 4975 3080 5046 praesul
3113 4974 3180 5029 ab
3211 4974 3409 5030 eodem
3442 4973 3773 5046 imperatore

2157 5069 2432 5124 Ludovico
2497 5065 2776 5144 Remensi
2814 5063 3062 5119 ecclesiae
3099 5107 3113 5131 ,
3181 5061 3486 5118 secundum
3554 5064 3774 5135 antiqua

2155 5161 2493 5233 exemplaria
2547 5161 2853 5234 priscorum
2907 5173 3096 5233 regum
3154 5154 3519 5211 immunitatis
3574 5172 3774 5225 praece-

2157 5259 2329 5324 ptum.
2355 5252 2511 5307 Aliud
2541 5263 2762 5323 quoque
2784 5253 3118 5320 praaceptum
3151 5245 3220 5299 de
3255 5251 3420 5304 ponte
3445 5243 3777 5298 Bansionen-

2154 5343 2222 5409 si,
2252 5340 2579 5408 etteloneis,
2599 5339 2686 5394 vel
2708 5334 3091 5393 exactionibus
3118 5331 3358 5404 publicis
3388 5348 3402 5396 ;
3440 5330 3594 5396 item,
3629 5330 3771 5384 aliud

2158 5436 2230 5489 de
2275 5431 2482 5488 chartis
2512 5425 2886 5484 concrematis
2919 5422 3229 5478 secundum
3261 5420 3647 5475 auctoritatem
3681 5420 3773 5472 im-

2159 5522 2429 5596 peratoris
2493 5517 2670 5574 Karoli
2723 5535 2737 5582 ;
2789 5516 2942 5579 item,
3017 5529 3048 5567 a
3089 5511 3327 5582 Pippino
3382 5509 3769 5580 Aquitanorum

2158 5632 2291 5689 rege
2356 5617 2689 5684 praeceptum
2748 5605 3112 5662 immunitatis
3175 5603 3244 5657 de
3267 5601 3435 5656 rebus
3495 5599 3774 5655 Bernensis

2157 5706 2407 5762 ecclesias
2434 5705 2489 5758 in
2525 5716 2668 5774 pago
2716 5699 2998 5755 Avernico
3021 5696 3164 5750 sitis.
3187 5695 3261 5749 De
3295 5693 3425 5748 villa
3456 5708 3588 5747 vero
3619 5692 3772 5760 Spar-

2157 5815 2296 5857 naco
2326 5798 2580 5856 semotim
2638 5808 2862 5867 quoque
2915 5796 3250 5863 praeceptum
3300 5785 3590 5855 Ludovici,
3621 5791 3771 5853 atque
