3884 6398
171 382 280 438 133

824 391 1151 448 HlSTORl/E
1191 394 1524 451 ECCLESI/E
1562 396 1895 452 REMENSIS
1938 398 2113 456 LIBRI
2155 403 2487 468 QUATUOR.
2518 439 2588 448 --
2627 411 2751 466 LIB.
2795 413 2861 466 ll.

3423 425 3522 482 134

166 518 468 618 separatim
493 526 684 591 postea
709 532 1047 595 pmceptum
1080 528 1320 584 Lotharii
1366 528 1464 585 ﬁlii
1494 531 1614 599 ejus
1639 545 1797 601 repe-
1824 533 1874 600 Α
1899 535 2122 604 quando
2147 533 2384 593 ﬁliorum
2417 554 2642 595 suorum
2674 545 3023 600 contumeliis
3045 548 3309 621 agebatur
3358 554 3526 627 impe-

170 608 312 664 ritur
377 613 684 683 accepisse.
754 614 852 669 Hic
931 619 1131 687 praesul
1199 619 1312 675 Ebo
1369 637 1493 675 cum
1563 623 1798 678 consilio

169 698 438 756 Ludovici
490 701 857 772 imperatoris,
915 713 970 760 et
1008 707 1330 764 auctoritate
1387 711 1666 765 Paschalis
1694 713 1800 768 Ro-

1903 631 2049 678 rator
2077 624 2737 702 Ludovicus.En,inquit,
2780 635 2908 691 huic
2934 637 3267 714 (astringens
3299 624 3523 701 manum

1902 719 2076 772 sancti
2129 720 2378 795 Remigii)
2438 728 2734 783 auctoritas
2794 736 2896 797 est,
2949 747 2981 785 a
3035 732 3247 791 Christo
3303 739 3521 805 tradita,

169 791 321 846 mani
345 793 625 864 pontificis
645 797 986 867 praedicandi
1031 800 1209 872 gratia
1237 801 1306 856 ad
1325 803 1594 858 terminos
1624 818 1799 873 usque
1903 805 2236 863 Francorum
2284 791 2707 882 perseveranter
2760 818 2978 891 imperii
3060 823 3330 895 Equidem
3380 791 3524 884 sicut

169 880 448 938 Danorum
493 885 748 953 accessit,
799 902 864 942 ac
890 887 1093 943 multos
1149 905 1215 943 ex
1257 890 1340 944 eis
1396 892 1462 945 ad
1506 892 1670 947 fidem
1702 905 1797 945 ve-

165 976 384 1032 nientes
404 978 721 1048 baptizavit.

238 1068 364 1124 Orta
410 1070 657 1143 denique
699 1072 976 1128 simultate
1037 1074 1181 1129 inter
1226 1082 1436 1144 patrem
1499 1084 1552 1131 et
1619 1077 1793 1133 filium

167 1162 527 1229 Ludovicum,
608 1166 821 1222 scilicet
893 1169 1304 1238 imperatorem,
1356 1174 1410 1222 et
1478 1168 1792 1223 Lotharium

164 1255 419 1324 partibus
450 1253 551 1310 ﬁlii
604 1255 753 1322 favit,
807 1265 859 1312 et
911 1273 1037 1313 cum
1069 1259 1285 1313 caeteris
1312 1260 1592 1330 episcopis
1620 1262 1792 1317 corri-

163 1345 281 1413 puit
307 1345 702 1415 imperatorem
735 1346 1068 1402 Ludovicum
1092 1364 1192 1418 pro
1216 1347 1548 1418 quibusdam
1573 1352 1789 1416 erratis,

153 1455 284 1509 quae
303 1439 356 1493 ei
388 1439 819 1509 objiciebantur,
849 1443 1072 1514 quando
1103 1441 1199 1497 filii
1231 1443 1314 1497 sui
1347 1445 1790 1515 comprehende-

154 1535 286 1582 runt
326 1545 477 1595 eum,
523 1537 577 1586 et
621 1531 912 1586 Lotharius
947 1532 1174 1586 adduxit
1230 1548 1426 1588 senum
1481 1540 1692 1603 patrem
1721 1534 1787 1588 ad

155 1614 562 1687 Compendium
603 1621 962 1692 (Compie‘gne)
986 1622 1271 1691 palatium,
1314 1623 1409 1677 ubi
1443 1639 1569 1677 eum
1599 1622 1791 1678 afﬂixit

163 1721 289 1760 cum
322 1707 606 1779 episc0pis
635 1716 690 1764 et
714 1711 926 1765 caeteris
958 1713 1244 1767 nonnullis
1274 1713 1635 1784 Optimatibus
1671 1713 1787 1784 [ms.

160 1800 196 1861 ἱ,
251 1799 626 1872 primatibus],
673 1803 768 1874 qui
819 1804 1109 1872 jusserunt
1163 1813 1222 1860 ut
1279 1807 1333 1860 in
1385 1806 1784 1861 monasterium

157 1891 283 1958 iret,
318 1899 372 1945 et
399 1901 550 1948 esset
578 1894 655 1948 ibi
683 1897 896 1950 cunctis
945 1897 1144 1953 diebus
1193 1899 1317 1954 vitae
1346 1916 1478 1954 sum.
1513 1899 1666 1964 Quod
1695 1897 1787 1953 ille

158 1998 424 2050 renuens,
464 2001 575 2041 non
630 1990 914 2042 consensit
944 1989 1211 2045 voluntati
1242 2006 1456 2048 eorum.
1489 1991 1639 2045 Tunc
1668 2006 1788 2044 om-

155 2087 260 2127 nes
288 2075 542 2145 episcopi
571 2077 665 2147 qui
683 2080 934 2145 aderant,
958 2079 1176 2135 molesti
1203 2081 1254 2136 ei
1274 2082 1448 2136 fuisse
1471 2087 1786 2143 narrantur,

149 2167 205 2214 et
237 2161 684 2234 imprOperantes
711 2167 789 2220 illi
814 2175 1038 2237 peccata
1060 2185 1180 2235 sua,
1215 2169 1566 2225 abstulerunt
1597 2170 1648 2223 ei
1669 2169 1787 2243 gla-

154 2248 314 2306 dium
346 2268 378 2306 a
406 2252 616 2308 femore
646 2270 766 2322 suo,
797 2256 1095 2311 induentes
1127 2275 1253 2312 eum
1283 2259 1482 2314 cilicio.

229 2345 372 2399 Dum
405 2344 728 2417 frequenter
755 2348 922 2421 igitur
949 2349 1062 2404 Ebo
1110 2353 1310 2421 praesul
1353 2353 1408 2405 in
1429 2351 1632 2422 palatio
1659 2359 1789 2409 tunc

152 2442 492 2502 moraretur,
524 2436 842 2504 hujusmodi
897 2437 966 2492 de
1007 2454 1073 2493 eo
1119 2441 1175 2494 in
1238 2443 1577 2498 monasterio
1608 2446 1786 2499 sancti

153 2523 395 2596 Remigii
428 2524 567 2579 visio
616 2524 854 2579 revelata
908 2533 1011 2580 est.
1043 2527 1168 2582 Erat
1220 2529 1295 2583 ibi
1328 2532 1634 2585 monachus
1663 2534 1786 2603 qui-

151 2613 310 2678 dam,
343 2613 572 2668 nomine
624 2614 927 2679 Raduinus,
981 2630 1190 2688 genere
1245 2618 1662 2692 Longobardus,
1692 2623 1786 2693 qui

150 2699 334 2755 abbas
394 2703 675 2772 quondam
725 2703 1041 2757 exstiterat
1117 2708 1442 2761 monasterii
1522 2709 1670 2779 quod
1728 2709 1785 2762 in

153 2802 348 2851 monte
381 2795 652 2850 Bardonis
675 2794 729 2848 in
788 2794 940 2849 Italia
975 2795 1283 2852 beatissimi
1313 2799 1546 2871 Remigii
1578 2801 1786 2856 celebri

153 2891 331 2962 pollet
391 2889 679 2944 memoria.
752 2889 1091 2945 Moderamni
1144 2892 1489 2947 Redonensis
1537 2894 1785 2966 episcOpi

151 2979 340 3033 studio
370 2978 646 3034 dedicata.
703 2980 762 3033 ln
815 2997 925 3051 quo
983 2982 1342 3049 monasterio,
1374 2983 1502 3036 dum
1526 2982 1786 3053 praefatus

152 3070 445 3124 Raduinus
503 3071 809 3126 monachiae
884 3073 1254 3143 professionis
1310 3081 1530 3147 gereret
1581 3073 1784 3142 officia,

1903 892 2045 949 hanc
2097 905 2320 970 gentem
2371 917 2471 956 sua
2501 903 2752 960 doctrina
2792 911 3040 981 percepit
3072 892 3142 967 ab
3194 914 3520 973 inﬁdelitate

1897 987 2126 1056 gratiam
2144 993 2522 1062 convertendi,
2541 997 2620 1052 sic
2635 999 2802 1054 etiam
2824 1002 3032 1058 donum
3047 1019 3270 1077 semper
3289 1007 3519 1065 inviola-

1898 1075 2008 1131 bile
2039 1080 2287 1148 possidet
2311 1083 2394 1137 eis
2421 1101 2609 1158 regem
2640 1089 2726 1143 vel
2746 1090 3133 1161 imperatorem
3171 1075 3519 1152 constituen-

1895 1166 1972 1222 di.
2033 1169 2160 1235 Quae
2214 1172 2534 1230 beatissima
2581 1177 2676 1232 Dei
2737 1181 3009 1238 Genitrice
3063 1183 3303 1252 dicente,
3353 1185 3520 1241 frater

1896 1274 2350 1332 praememoratus
2382 1271 2658 1345 evigilavit
2688 1283 2939 1346 repente.

2527 1361 2739 1422 CAPUT
2780 1368 2889 1422 XX.

2359 1452 2432 1505 De
2456 1453 2659 1507 Ebonis
2695 1457 3048 1527 depositione.

1967 1533 2157 1604 Itaque
2188 1543 2478 1609 postquam
2525 1542 2834 1602 Ludovicus
2865 1547 2933 1602 ab
2961 1550 3242 1620 zequivoco
3269 1550 3383 1608 filio
3414 1569 3516 1608 suo

1895 1629 2180 1682 restitutus
2217 1637 2306 1684 est
2359 1632 2413 1686 in
2467 1651 2698 1706 regnum
2762 1647 2815 1694 et
2865 1641 3128 1696 honorem
3184 1661 3366 1712 suum,
3400 1647 3515 1702 Ebo

1897 1731 2127 1794 pr0pter
2157 1726 2757 1795 hujuscemodifactum
2779 1735 3066 1806 depositus
3095 1745 3178 1791 est
3207 1739 3276 1793 ab
3303 1740 3518 1810 episco-

1817 1855 1862 1920 B
1897 1820 2046 1881 patu,
2077 1831 2176 1884 pro
2234 1816 2559 1876 infidelitate
2617 1823 2984 1894 imperatoris.
3043 1827 3146 1883 Pro
3177 1845 3285 1900 qua
3317 1846 3372 1884 re
3393 1831 3514 1902 ipse

1885 1909 1998 1975 jam
2052 1909 2210 1965 Jesse
2263 1912 3059 1988 Ambianensiumipraasulem
3110 1921 3315 1976 dudum
3349 1924 3517 1995 depo-

1892 1998 2073 2052 suisse
2104 2000 2354 2069 traditur,
2402 2005 2502 2059 sed
2555 2021 2703 2062 nunc
2750 2023 2875 2063 eum
2935 2026 3226 2066 revocasse
3262 2011 3436 2068 fertur
3459 2015 3512 2069 in

1889 2089 2120 2161 gradum
2154 2091 2394 2162 priorem

1959 2178 2040 2232 De
2068 2179 2272 2235 Ebonis
2290 2189 2470 2236 autem
2503 2182 2874 2255 depositione,
2894 2189 3214 2259 requirente
3272 2199 3514 2261 postmo-

1892 2268 2020 2358 dum
2053 2289 2196 2344 papa
2223 2275 2442 2331 Nicolao
2494 2277 2564 2332 ab
2614 2280 2892 2351 episcopis
2920 2282 3127 2348 Galliae,
3160 2286 3510 2358 maximeque

1893 2356 2124 2429 Belgicae
2191 2362 2508 2430 provinciis,
2579 2367 2697 2422 haec
2756 2369 2900 2424 inter
2956 2371 3063 2426 alia
3116 2373 3171 2426 in
3222 2356 3510 2445 responsis

1890 2449 2101 2518 accepit
2182 2450 2335 2514 Quod
2395 2454 2508 2511 Ebo
2568 2457 2862 2514 Remorum
2895 2463 3193 2534 episcopus
3225 2473 3450 2537 accepta
3479 2484 3511 2521 a

1891 2542 2144 2601 Lothario
2200 2563 2298 2616 pro
2361 2551 2532 2619 patris
2588 2553 2902 2623 proditione
2946 2556 3165 2612 abbatia
3193 2560 3368 2613 sancti
3405 2561 3511 2615 Ve-

1889 2636 2049 2702 dasti,
2097 2638 2359 2694 falsarum
2415 2642 2790 2711 objectionum
2843 2647 3096 2703 incentor
3139 2650 3428 2717 exstiterit,
3457 2660 3512 2707 et

1889 2725 2086 2781 daliter
2128 2729 2474 2786 criminatum
2508 2734 2765 2789 eumdem
2797 2735 3185 2806 imperatorem
3218 2739 3363 2793 idem
3396 2740 3509 2797 Ebo

1889 2833 1920 2870 a
1946 2819 2062 2872 suis
2089 2820 2454 2891 complicibus
2509 2841 2540 2878 a
2570 2825 2857 2880 liminibus
2897 2828 3146 2882 ecclesiae
3177 2829 3504 2900 projectum,

1887 2919 1952 2959 ac
1983 2906 2218 2976 publicae
2249 2910 2586 2980 prenitentiae
2643 2916 3036 2987 mancipatum.
3071 2917 3333 2974 custodiri
3363 2920 3509 2976 fece-

1890 2995 1957 3048 rit
2016 2995 2178 3065 [anno
2233 2999 2381 3063 834),
2440 3017 2618 3074 usque
2649 3004 2777 3058 dum
2836 3005 2892 3059 in
2922 3021 3070 3060 anno
3112 3007 3508 3065 incarnationis

1888 3083 2185 3141 Dominicae
2233 3088 2694 3161 octingentesimo
2749 3091 3028 3147 tricesimo
3067 3100 3282 3164 quarto,
3318 3096 3511 3151 Lotha-

149 3161 356 3217 ductus
415 3178 604 3218 amore
661 3164 981 3220 meritorum
1036 3165 1184 3220 beati
1244 3166 1500 3240 Remigii,
1550 3167 2004 3240 sepulcriCrius
2031 3178 2254 3233 territus
2283 3188 2557 3237 conventu
2587 3181 2812 3236 fratrum
2862 3198 3110 3251 suorum,
3145 3200 3208 3238 ac
3236 3185 3506 3255 plurimo-

148 3255 410 3322 ejusdem
438 3255 632 3311 limina
677 3257 852 3327 petiit.
916 3257 1016 3321 Qui
1055 3275 1181 3313 cum
1237 3256 1501 3313 fratribus
1531 3260 1781 3328 ejusdem

148 3344 258 3399 loci
294 3343 458 3397 vitam
491 3345 701 3399 ducens
760 3345 1094 3417 religiosam,
1137 3345 1305 3418 digne
1345 3363 1468 3402 sese
1519 3347 1587 3401 ad
1617 3349 1784 3403 coale-

148 3440 298 3488 stem
350 3433 638 3506 satagebat
694 3449 1006 3504 praeparare
1052 3435 1327 3492 militiam.
1379 3439 1621 3503 Quadam
1653 3455 1784 3495 vero

149 3525 268 3590 die,
297 3541 467 3579 sacrae
499 3525 714 3581 scilicet
761 3527 1162 3597 assumptionis
1217 3537 1420 3586 sanctae
1477 3532 1571 3586 Dei
1621 3531 1784 3586 Geni-

147 3620 330 3683 tricis,
362 3625 488 3690 post
515 3625 765 3673 exactum
799 3621 1083 3674 matutina:
1115 3623 1485 3680 solemnitatis
1515 3625 1782 3690 ofﬁcium,

149 3710 390 3782 reliquis
447 3709 707 3765 fratribus
760 3712 1002 3782 quietem
1073 3715 1415 3782 petentibus,
1473 3717 1562 3772 ille
1602 3718 1784 3788 precis

147 3802 333 3875 gratia
358 3803 511 3857 solus
544 3804 809 3858 remansit
864 3803 918 3857 in
948 3803 1140 3872 choro,
1181 3807 1506 3863 custodibus
1535 3810 1783 3866 ecclesia—3

149 3894 597 3965 quiescentibus.
631 3897 696 3949 At
715 3895 810 3950 ubi
841 3897 1181 3966 psalmorum
1211 3900 1629 3956 continuatione
1662 3903 1784 3958 fati-

147 3991 339 4058 gatus,
372 3987 604 4042 irruenti
658 3989 827 4059 coepit
882 3990 1129 4060 soporari
1189 4006 1408 4058 somno,
1457 3993 1595 4048 vidit
1650 3996 1786 4050 alo-

147 4093 219 4133 co
243 4079 494 4148 sepulcri
551 4082 726 4136 sancti
786 4081 1064 4150 pontificis
1098 4083 1170 4154 [sc
1203 4083 1452 4158 Remigii]
1482 4087 1786 4154 procedere

148 4168 534 4223 beatissimam
559 4168 654 4222 Dei
682 4169 1014 4223 Genitricem
1049 4170 1221 4226 nimio
1254 4172 1462 4228 lumine
1493 4190 1787 4231 coruscan-

147 4267 289 4326 tem,
317 4261 475 4328 cujus
508 4259 793 4315 hzerebant
852 4260 1120 4316 lateribus
1147 4264 1488 4337 evangelista
1515 4265 1781 4331 Joannes,

147 4355 206 4402 et
236 4350 359 4420 ipse
380 4367 537 4406 sacer
554 4350 838 4425 Remigius
859 4369 873 4418 ;
891 4352 1084 4423 sicque
1113 4367 1173 4407 se
1190 4353 1294 4407 visi
1320 4357 1786 4426 suntcompositis

146 4438 310 4492 adire
365 4439 648 4512 gradibus.
684 4441 1043 4512 Superposita
1074 4457 1206 4498 vero
1263 4458 1432 4497 manu
1471 4443 1633 4517 Virgo
1662 4445 1782 4519 glo-

1886 3283 2006 3321 rum
2038 3267 2282 3324 ﬁdelium
2315 3272 2487 3342 patris
2533 3273 2902 3344 imperatoris,
2935 3270 3064 3348 fuga
3084 3273 3274 3344 lapsus
3295 3282 3506 3346 patrem

1887 3373 2045 3411 suum
2100 3360 2279 3414 adhuc
2326 3361 2394 3414 ab
2455 3362 2709 3436 ingressu
2793 3364 3043 3419 ecclesiae
3100 3371 3504 3436 sequestratum

1887 3449 2110 3504 dimisit.
2142 3450 2272 3505 Cum
2303 3467 2413 3523 quo
2441 3453 2585 3507 inter
2605 3453 2743 3508 alios
2782 3455 2947 3509 etiam
2979 3453 3203 3526 quidam
3235 3459 3506 3529 episcopi,

1886 3536 2127 3594 fautores
2148 3539 2324 3609 ipsius
2356 3541 2410 3595 in
2441 3539 2770 3597 adversitate
2800 3543 2972 3612 patris
3001 3543 3108 3612 sui,
3139 3543 3342 3599 relictis
3374 3561 3508 3600 con-

1887 3644 1968 3691 tra
2021 3651 2176 3690 sacra
2223 3636 2443 3708 regulas
2489 3637 2718 3692 sedibus
2771 3637 2887 3691 suis
2944 3646 3326 3707 perrexerunt,
3351 3639 3508 3693 Jesse

1883 3725 2140 3781 videlicet
2165 3726 2575 3790 Ambianensis,
2610 3733 2664 3780 et
2694 3725 3043 3781 Hereboldus
3090 3726 3508 3782 Antisiodoren-

1886 3819 1986 3886 sis,
2019 3817 2343 3887 Agobardus
2392 3816 2805 3887 Lugdunensis,
2833 3821 2887 3870 et
2911 3815 3342 3869 Bartholomaeus
3373 3813 3508 3868 Nar-

1886 3907 2155 3964 bonensis
2177 3907 2497 3978 episcopus,
2529 3914 2584 3960 et
2613 3903 3188 3974 abscedenteillo,qui
3211 3902 3507 3958 adfuerunt

1886 3997 2135 4069 episc0pi
2194 3998 2582 4069 imperatorem
2643 3998 2697 4051 in
2754 3997 2989 4052 ecclesia
3044 3997 3219 4051 sancti
3260 3997 3504 4069 Dionysii

1888 4089 2400 4156 reconciliaverunt,
2429 4095 2483 4144 et
2512 4088 2898 4145 ecclesiasticae
2939 4088 3316 4144 communioni
3347 4087 3508 4142 resti—

1887 4189 2128 4238 tuerunt.
2165 4181 2317 4246 Quod
2349 4179 2464 4235 Ebo
2494 4179 2750 4246 audiens,
2784 4178 3110 4250 quibusdam
3145 4177 3509 4233 familiaribus

1887 4272 2004 4326 suis
2048 4271 2452 4341 plenitudinem
2503 4286 2729 4325 suorum
2786 4270 3060 4343 delegavit
3112 4269 3420 4337 hominum,
3453 4277 3508 4325 et

1887 4367 2098 4416 certum
2128 4362 2209 4416 eis
2241 4361 2496 4431 placitum
2530 4361 2705 4426 dedit,
2737 4359 2831 4414 ubi
2871 4367 2925 4415 et
2953 4358 3175 4432 quando
3206 4359 3402 4413 iterum
3435 4357 3505 4413 ad

1889 4467 2014 4506 eum
2046 4451 2315 4505 venirent.
2373 4450 2644 4519 Adjicitur
2698 4449 2860 4503 etiam
2911 4450 3059 4521 quod
3100 4449 3214 4506 Ebo
3247 4450 3506 4520 plurima,

148 4527 303 4582 riosa
358 4527 559 4583 leniter
611 4530 730 4597 ejus
792 4530 990 4601 capiti:
1050 4531 1190 4596 Quid
1244 4533 1356 4601 hic,
1406 4534 1604 4606 inquit,
1635 4537 2000 4614 agis,unze
2055 4542 2126 4596 de
2192 4539 2544 4596 facultatibus
2602 4539 2994 4595 ecclesiasticis
3061 4540 3206 4595 ferre
3258 4546 3391 4594 tunc
3448 4539 3502 4593 in

146 4619 354 4674 fratrer
387 4621 632 4677 Raduine
668 4621 696 4675 ?
723 4637 833 4694 quo
853 4638 980 4677 mox
1013 4623 1187 4693 pedes
1216 4624 1362 4680 illius
1387 4628 1624 4682 osculari
1657 4645 1779 4699 pro-

142 4711 471 4780 cumbente,
503 4714 704 4784 adjecit
738 4733 750 4768 :
778 4714 880 4770 Ubi
928 4714 1094 4769 modo
1138 4715 1291 4789 degit
1341 4719 1453 4774 Ebo
1484 4721 1778 4776 Remensis

143 4806 605 4877 archiepiscopus
657 4805 685 4860 ?
727 4807 842 4872 Quo
875 4807 1248 4878 respondente
1305 4826 1317 4862 :
1353 4811 1594 4880 palatina
1617 4814 1777 4884 jussu

148 4893 302 4965 regis
328 4894 651 4966 exsequitur
681 4895 922 4970 negotia.
957 4895 1021 4950 Et
1077 4911 1194 4964 cur,
1213 4896 1412 4969 inquit,
1441 4905 1550 4954 tam
1581 4903 1778 4958 sedulo

147 4984 343 5055 palatii
375 4986 500 5040 terit
527 4985 754 5042 limina?
780 5003 1010 5058 prorsus
1027 4988 1158 5044 hinc
1187 5005 1537 5063 nequaquam
1570 4995 1778 5064 majore

148 5072 419 5130 ditabitur
470 5077 775 5134 sanctitatis
833 5078 1101 5137 efficacia.
1162 5082 1356 5138 Veniet
1385 5083 1556 5149 enim,
1595 5085 1780 5140 veniet

147 5165 442 5223 celerrime
499 5175 739 5241 tempus,
795 5172 1018 5244 quando
1081 5188 1193 5229 non
1251 5175 1668 5246 prosperabitur
1719 5178 1775 5232 in

149 5254 376 5312 talibus.
398 5257 570 5321 Quem
603 5260 741 5315 nihil
798 5261 866 5316 ad
907 5263 1028 5318 haec
1081 5263 1380 5318 audentem
1408 5266 1775 5338 respondere,

146 5348 246 5403 tali
267 5365 618 5422 prosequens
668 5351 864 5409 affatur
892 5355 1225 5411 allocutione
1269 5356 1435 5422 :Quaa
1467 5363 1775 5413 vestrorum

147 5445 405 5494 versatur
433 5440 581 5512 apud
609 5441 865 5498 homines
895 5459 1090 5519 regum
1121 5445 1451 5516 disceptatio
1478 5446 1507 5500 ?
1527 5447 1678 5502 Tunc
1708 5464 1775 5504 eo

149 5533 578 5603 respondente:
630 5535 863 5591 Domina
918 5536 1164 5593 Genitrix
1210 5538 1509 5595 Salvatoris
1561 5541 1776 5609 mundi,

149 5631 255 5678 tua:
284 5623 490 5680 melius
544 5625 696 5682 novit
750 5628 856 5684 hoc
905 5630 1210 5686 sanctitatis
1267 5631 1630 5702 incorruptio,
1680 5635 1774 5704 ait,

146 5712 282 5782 quid
307 5719 474 5768 tantae
498 5713 646 5769 malo
703 5716 1020 5787 cupiditatis
1060 5717 1227 5772 illecti
1275 5733 1416 5772 vana
1447 5733 1596 5772 nunc
1619 5735 1776 5792 gras-

142 5809 341 5860 santur
395 5803 650 5861 audacia.
706 5803 846 5862 Illud
904 5807 1051 5863 enim
1105 5815 1239 5864 tunc
1289 5807 1479 5864 aderat
1529 5813 1772 5880 tempus,

1878 4637 2108 4705 argento
2135 4637 2188 4685 et
2209 4646 2342 4685 auro
2377 4631 2574 4702 potuit,
2607 4645 2794 4686 secum
2849 4645 3161 4696 assumens,
3221 4644 3345 4682 cum
3378 4627 3504 4698 qui-

1879 4729 2114 4784 busdam
2172 4727 2526 4794 Normannis,
2573 4726 2667 4796 qui
2726 4723 2830 4780 iter
2885 4731 2938 4779 et
2996 4729 3186 4794 portus
3227 4721 3395 4776 maris
3443 4735 3507 4775 ac

1881 4817 2169 4872 ﬂuminum
2223 4831 2375 4870 mare
2426 4813 2776 4870 inﬂuentium
2809 4820 2971 4869 notos
3024 4811 3324 4868 habebant.
3374 4825 3498 4866 cum

1880 4906 2070 4977 paucis
2097 4921 2319 4977 quoque
2346 4905 2468 4959 aliis
2497 4905 2817 4961 domesticis
2848 4903 2985 4969 suis,
3018 4901 3171 4956 nullo
3198 4901 3504 4970 impetente

1877 4995 1965 5050 vel
1994 5000 2388 5065 persequente,
2419 5000 2584 5048 noctu
2611 4994 2796 5049 Remis
2830 4991 3060 5065 aufugit,
3095 4998 3149 5045 et
3180 5004 3289 5044 non
3322 4987 3499 5042 solum

1880 5083 2197 5153 parochiam
2248 5098 2426 5149 suam,
2474 5097 2666 5138 verum
2697 5090 2750 5138 et
2777 5082 3050 5154 Belgicam
3080 5079 3368 5152 regionem
3403 5077 3501 5131 de-

1878 5177 2070 5244 seruit,
2125 5183 2180 5232 et
2230 5176 2334 5230 iter
2385 5173 2454 5228 ad
2502 5173 2868 5238 Normannos,
2927 5169 3132 5243 quibus
3190 5186 3221 5223 a
3251 5167 3501 5223 Paschali

1879 5280 2024 5336 papa
2082 5263 2350 5336 [PaschaL
2407 5260 2480 5332 Π,
2527 5276 2742 5316 necnon
2802 5260 2871 5316 ab
2926 5259 3172 5334 Eugenio
3235 5259 3392 5331 [Eug.
3427 5255 3500 5327 ΙΙ]

1879 5371 2203 5411 successore
2229 5353 2425 5421 ipsius,
2461 5352 2601 5406 sicut
2631 5349 2882 5420 epistolis
2933 5349 3257 5406 eorumdem
3289 5365 3501 5420 praesu-

1878 5444 1988 5498 lum
2018 5444 2086 5497 ad
2140 5443 2320 5514 ipsum
2376 5455 2476 5511 pro
2533 5441 2636 5495 hac
2689 5455 2747 5495 re
2802 5439 2944 5494 datis
2975 5439 3296 5506 edocemur,
3324 5439 3502 5493 fuerat

1881 5531 2207 5604 praedicator
2236 5531 2566 5596 destinatus,
2616 5532 2864 5602 arripuit.
2910 5532 3063 5598 Quod
3091 5528 3502 5587 manifestanti-

1881 5626 1985 5681 bus
2007 5627 2108 5692 eis,
2133 5642 2255 5680 cum
2287 5623 2490 5696 quibus
2528 5625 2634 5680 hoc
2686 5624 2978 5681 consilium
3035 5624 3176 5689 iniit,
3210 5623 3502 5692 imperato-

1879 5733 1992 5773 rem
2042 5716 2211 5771 latere
2242 5729 2352 5770 non
2385 5713 2579 5785 potuit.
2625 5714 2970 5786 Quapropter
3026 5713 3327 5784 imperator
3371 5723 3496 5761 eum

1876 5824 1976 5881 per
2022 5806 2340 5880 episcopos,
2392 5803 2703 5862 Rotliadum
2763 5803 2975 5862 scilicet
3001 5800 3413 5861 Suessonicam,
3443 5801 3496 5848 et
