3884 6478
393 469 496 527 135

1517 465 1882 522 FLODOARDI
1925 464 2229 523 CANONICI
2269 468 2596 526 REMENSIS

3629 484 3735 539 136

384 620 799 676 Erchenradum
843 619 961 690 [ατη
1013 617 1237 688 Arkeur]
1291 617 1620 673 Parisiorum
1652 615 1999 686 episcopum,
2027 617 2078 685 Α
2102 616 2388 674 confessus
2417 627 2510 676 aut
2533 621 2818 677 convictus
2868 621 3031 691 foret,
3087 625 3331 682 libellum
3361 644 3477 683 suae
3505 631 3735 701 deposi-

383 709 630 765 revocari
660 709 806 776 fecit,
832 717 885 765 et
933 710 986 763 in
1039 707 1375 764 monasterio
1396 707 1569 761 sancti
1601 704 1888 768 Bonifacii,
1921 705 1995 769 ei,

375 808 438 855 et
468 800 685 855 clericis
708 817 772 854 ac
825 800 977 855 laicis
1026 800 1118 870 qui
1169 816 1290 854 cum
1348 813 1414 852 eo
1472 803 1650 852 erant.
1681 797 1998 851 necessaria

382 892 706 956 ministrari,
731 899 785 946 et
836 891 1105 962 synodum
1134 897 1455 961 exspectare
1496 887 1777 959 praecepit.
1806 885 1914 940 Sed
1944 893 2000 940 et

386 988 781 1042 Hildemannus
847 985 1194 1041 Belvacensis
1271 983 1570 1053 episcopus
1623 978 1994 1045 insimulatus,

383 1080 530 1152 quod
588 1081 728 1135 sicut
783 1078 991 1150 przefati
1057 1077 1350 1148 episcopi,
1418 1074 1600 1148 fugam
1660 1077 1729 1131 ad
1797 1078 1998 1133 Lotha—

383 1172 521 1224 rium
553 1170 858 1236 moliretur,
891 1170 945 1223 in
976 1168 1314 1224 monasterio
1345 1167 1522 1224 sancti
1550 1167 1770 1222 Vedasti
1801 1167 1996 1222 deten-

380 1269 488 1327 tus,
509 1260 780 1331 synodum
829 1259 1184 1330 exspectavit.
1244 1259 1324 1314 Ad
1371 1277 1535 1332 quam
1562 1275 1709 1316 anno
1740 1259 1995 1315 lncarna-

379 1351 543 1405 tionis
583 1351 879 1406 Dominicaa
905 1350 1011 1405 835
1037 1351 1351 1417 venientes,
1381 1366 1578 1407 omnes
1625 1351 1873 1422 episcopi
1900 1350 1993 1422 qui

378 1449 755 1498 convenerant
784 1441 1102 1515 singillatim
1156 1440 1378 1498 libellos
1406 1443 1476 1496 de
1507 1442 1854 1498 restitutione
1883 1441 1993 1494 im-

379 1534 650 1602 peratoris
693 1531 972 1587 communi
1030 1531 1264 1587 consilio
1293 1540 1458 1605 atque
1489 1549 1766 1590 consensu
1797 1531 1994 1586 edide-

378 1631 526 1693 runt,
549 1631 603 1679 et
637 1623 878 1696 prOpriis
919 1622 1177 1677 manibus
1204 1623 1675 1695 subscripserunt.
1711 1621 1840 1677 Cum
1873 1624 1995 1694 qui-

377 1715 481 1770 bus
513 1722 568 1770 et
599 1714 712 1770 Ebo
755 1717 831 1782 (ut
875 1730 1065 1770 revera
1119 1714 1173 1767 in
1229 1720 1371 1767 statu
1404 1728 1504 1767 suo
1527 1711 1708 1767 adhuc
1737 1711 1993 1780 manens)

376 1803 625 1859 libellum
656 1819 823 1858 manu
865 1819 965 1856 sua
1021 1818 1144 1856 cum
1177 1801 1556 1857 additamento
1591 1802 1994 1873 archiepiscopi

376 1896 639 1967 scriptum
671 1895 862 1951 edidit.
890 1897 949 1949 1n
981 1893 1291 1966 quolibello
1309 1894 1595 1964 professus
1609 1894 1994 1965 est,quidquid

375 1986 629 2057 inipsius
668 1984 1017 2055 imperatoris
1063 1983 1502 2039 dehonoratione
1532 1992 1747 2056 gestum
1797 1983 1992 2050 fuerat,

374 2075 576 2144 injuste
609 2074 809 2128 factum
831 2073 1020 2128 fuisse.
1054 2074 1188 2128 Item
1219 2081 1343 2144 post
1370 2089 1542 2143 pauca
1574 2089 1586 2125 :
1621 2080 1816 2143 etpost
1836 2072 1994 2128 datos

373 2167 618 2233 libellos,
672 2167 961 2221 venientes
1018 2166 1263 2236 episcopi
1328 2183 1450 2221 cum
1527 2167 1881 2238 imperatore,
1939 2173 1993 2221 et

373 2257 798 2328 quamplurimis
849 2257 969 2325 ejus
1021 2254 1304 2322 ﬁdelibus,
1338 2272 1400 2311 ac
1440 2258 1599 2331 regni
1629 2257 1987 2328 primoribus,

375 2347 430 2400 in
461 2345 655 2402 urbem
713 2347 1059 2413 Metensium,
1117 2347 1172 2400 in
1221 2347 1446 2403 basilica
1505 2347 1650 2402 beati
1703 2348 1989 2419 Stephani,

375 2437 602 2508 publice
627 2455 659 2492 a
689 2439 941 2511 Drogone
962 2439 1226 2510 episcopo
1253 2441 1455 2495 relecta
1483 2447 1632 2506 sunt,
1665 2455 1787 2511 quae
1806 2441 1876 2494 de
1903 2457 1990 2495 re-

373 2531 653 2586 stitutione
702 2532 1051 2603 imperatoris
1104 2533 1350 2588 omnium
1388 2533 1748 2588 unanimitate
1767 2533 1992 2588 inventa

373 2620 548 2676 fuere.
604 2621 732 2676 Post
777 2621 922 2676 hanc
973 2623 1474 2690 annuntiationem,
1526 2620 1639 2677 Ebo
1694 2621 1990 2678 Remorum

370 2711 688 2781 episcopus,
717 2713 811 2782 qui
831 2712 1082 2780 ejusdem
1102 2712 1514 2767 factionisvelut
1533 2708 1764 2784 signifer
1791 2711 1987 2775 fuerat,

373 2801 760 2857 conscendens
815 2802 1073 2856 eumdem
1123 2801 1302 2858 locum
1350 2804 1448 2860 ubi
1511 2807 1688 2882 Dr0g0
1744 2814 1988 2875 steterat,

373 2907 557 2947 coram
607 2889 868 2946 omnibus
918 2889 1202 2961 professus
1252 2899 1337 2949 est
1377 2896 1632 2950 eumdem
1689 2898 1990 2970 Augustum

376 2981 578 3049 injuste
611 2979 946 3050 depositum,
979 2988 1033 3034 et
1062 2981 1249 3036 omnia
1275 2999 1396 3053 quae
1441 2985 1707 3040 adversus
1737 3001 1861 3040 eum
1900 3002 1992 3057 pa-

374 3078 513 3127 trata
562 3069 799 3132 fuerant,
836 3069 1044 3141 inique,
1099 3077 1153 3124 et
1195 3079 1387 3128 contra
1423 3074 1592 3130 totius
1648 3074 1990 3130 auctoritatis

372 3164 645 3220 tramitem
702 3163 870 3219 fuisse
927 3165 1262 3232 machinata,
1317 3168 1514 3223 merito
1565 3168 1821 3240 justeque
1862 3183 1990 3238 pro-

370 3254 492 3325 prio
520 3253 739 3325 imperii
778 3253 918 3309 solio
974 3254 1352 3312 reformatum.
1385 3257 1449 3312 Et
1473 3259 1554 3314 sic
1581 3259 1841 3314 omnibus
1867 3260 1986 3315 lau-

2021 2034 2072 2104 B

2102 709 2267 765 tionis
2297 711 2541 779 dictavit,
2585 720 2641 767 et
2668 711 2830 766 scribi
2885 728 3068 769 coram
3129 731 3187 770 se
3235 716 3388 785 fecit,
3419 727 3475 774 et
3502 724 3729 793 propria

2099 821 2265 860 manu
2293 808 2637 878 subscripsit,
2670 810 2977 865 secundum
3010 812 3366 869 traditionem
3387 815 3731 871 ecclesiasti-

2097 911 2238 962 cam,
2297 898 2667 970 eumdemque
2723 899 2968 954 libellum
3002 903 3239 973 propriae
3265 919 3328 959 ac
3383 897 3732 963 vivae’vocis

2098 981 2447 1040 confessione
2503 993 2817 1041 attestatum
2879 988 2931 1042 in
2993 989 3400 1047 abdicationem
3429 995 3538 1062 sui,
3573 997 3728 1051 nullo

2099 1070 2167 1124 ab
2194 1086 2260 1126 eo
2282 1083 2564 1142 quaerente
2591 1076 2675 1130 vel
2709 1076 2986 1150 exigente,
3010 1080 3224 1149 synodo
3282 1081 3428 1137 ultro
3459 1085 3727 1153 porrexit.

2101 1161 2162 1215 Et
2235 1161 2374 1218 sicut
2453 1165 2626 1219 videri
2683 1173 2814 1222 tunc
2887 1168 2956 1221 ab
3016 1169 3102 1224 his
3155 1173 3249 1242 qui
3324 1173 3724 1240 interfuerunt,

2099 1251 2298 1319 potuit,
2375 1254 2686 1310 sacerdotio
2740 1269 2800 1308 se
2849 1265 3050 1325 sponte
3107 1259 3406 1327 submovit,
3465 1279 3727 1334 quaerens

2099 1345 2404 1399 remedium
2482 1350 2814 1419 paenitendi,
2891 1352 3032 1409 sicut
3112 1355 3167 1408 in
3249 1356 3450 1412 eodem
3507 1358 3726 1428 profes-

2097 1430 2270 1487 sionis
2295 1449 2360 1490 ac
2409 1438 2831 1511 subscriptionis
2859 1459 2974 1498 suae
3029 1443 3216 1500 libello
3270 1446 3595 1502 continetur
3622 1450 3728 1504 hoc

2100 1527 2284 1582 modo.

2171 1641 2196 1669 ι
2232 1621 2343 1696 Ego
2374 1623 2486 1678 Ebo
2515 1624 2776 1700 indignus
2823 1628 3139 1700 episcopus,
3174 1647 3586 1708 recognoscens
3617 1634 3728 1690 fra-

2097 1711 2363 1784 gilitatem
2395 1730 2596 1782 meam,
2657 1725 2709 1771 et
2758 1718 3006 1786 pondera
3063 1730 3415 1791 peccatorum
3444 1740 3725 1790 meorum,

2097 1807 2265 1858 testes
2293 1805 2642 1864 confessores
2697 1825 2872 1877 meos,
2928 1810 3166 1866 Aiulfum
3224 1813 3487 1870 videlicet
3541 1817 3727 1872 archi-

2097 1893 2440 1964 episcopum,
2499 1904 2553 1951 et
2594 1898 2936 1954 Badaradum
2993 1901 3337 1972 episcopum,
3398 1918 3623 1958 necnon
3674 1913 3731 1958 et

2096 1981 2413 2037 Modoinum
2437 1986 2783 2057 episc0pum,
2815 1989 3076 2044 constitui
3104 1989 3240 2043 mihi
3256 1990 3476 2058 judices
3494 1991 3729 2046 delicto-

2096 2088 2214 2126 rum
2247 2089 2495 2130 meorum
2549 2085 2605 2132 et
2659 2093 2850 2147 puram
2901 2078 3034 2148 ipsis
3085 2079 3499 2136 confessionem
3561 2081 3725 2144 dedi,

2093 2181 2347 2235 quaerens
2399 2167 2700 2222 remedium
2757 2169 3090 2239 paenitendi,
3123 2179 3178 2227 et
3227 2171 3462 2226 salutem
3519 2173 3727 2228 animae

2092 2270 2250 2322 mere,
2280 2262 2341 2310 ut
2371 2256 2684 2312 recederem
2744 2259 2813 2313 ab
2842 2257 3028 2314 officio
3058 2270 3113 2316 et
3149 2260 3459 2316 ministerio
3493 2259 3726 2331 pontifi-

2093 2343 2216 2411 cali,
2249 2360 2358 2415 quo
2379 2362 2468 2400 me
2495 2362 2832 2420 recognosco
2861 2364 2982 2404 esse
3035 2350 3345 2424 indignum,
3377 2363 3434 2408 et
3472 2354 3724 2408 alienum

2093 2447 2182 2486 me
2212 2433 2452 2489 reddens
2482 2450 2580 2504 pro
2613 2436 2857 2491 reatibus
2908 2435 3067 2504 meis,
3129 2439 3183 2493 in
3227 2439 3430 2510 quibus
3487 2457 3723 2511 pecasse

2092 2531 2305 2579 secreto
2358 2524 2490 2595 ipsis
2538 2526 2827 2582 confessus
2881 2545 3022 2584 sum.
3059 2529 3133 2585 Eo
3193 2529 3403 2585 scilicet
3432 2531 3630 2596 modo,
3663 2540 3722 2586 ut

2095 2614 2198 2685 ipsi
2227 2616 2338 2672 sint
2365 2624 2534 2673 testes
2585 2620 2677 2675 alii
2736 2622 2856 2692 [ms.
2913 2623 3040 2693 alio]
3096 2623 3434 2680 succedendi
3495 2634 3553 2679 et
3583 2641 3718 2680 con-

2093 2707 2347 2761 secrandi
2395 2707 2447 2762 in
2501 2708 2622 2765 loco
2667 2727 2814 2779 meo,
2870 2712 2964 2783 qui
3023 2713 3192 2785 digne
3242 2729 3485 2783 praeesse
3514 2724 3572 2769 et
3600 2731 3725 2786 pro-

2094 2800 2253 2854 desse
2300 2803 2472 2871 possit
2527 2805 2794 2870 ecclesia,
2863 2805 2951 2860 cui
2985 2806 3250 2861 hactenus
3276 2806 3544 2881 indignus
3576 2825 3719 2878 prae-

2095 2887 2192 2942 fui.
2235 2890 2318 2956 Et,
2377 2898 2437 2946 ut
2493 2892 2622 2947 inde
2661 2893 2804 2947 ultra
2885 2893 3092 2948 nullam
3147 2895 3566 2965 repetitionem,
3628 2905 3722 2950 aut

2093 2983 2596 3054 interpellationem
2623 2985 2950 3040 auctoritate
2980 2987 3246 3042 canonica
3272 2985 3456 3042 facere
3478 2989 3716 3052 valeam,

2091 3091 2258 3129 manu
2285 3077 2504 3148 propria
2542 3093 2665 3133 mea
2715 3077 3070 3132 subscribens
3115 3077 3347 3134 firmavi.
3391 3079 3509 3134 Ebo
3533 3095 3718 3150 quon-

2094 3169 2218 3224 dam
2247 3171 2541 3241 episcopus
2572 3170 2892 3241 subscripsi.
2920 3173 2958 3239 ιιι
2985 3195 3008 3216 ι-

2165 3261 2227 3315 Et
2256 3267 2318 3315 ut
2345 3261 2532 3317 omnia
2597 3259 2901 3315 secundum
2959 3260 3112 3333 leges
3159 3259 3361 3330 quibus
3390 3259 3719 3316 moderatur

370 3347 470 3403 des
496 3347 608 3403 Deo
623 3347 976 3415 canentibus,
1015 3356 1070 3402 et
1112 3364 1235 3419 quae
1281 3356 1412 3406 tunc
1451 3351 1658 3407 ibidem
1690 3351 1911 3408 fuerant
1937 3369 1991 3407 a-
2014 3354 2064 3423 C
2096 3351 2359 3419 Ecclesia,
2393 3352 2448 3406 in
2474 3352 2688 3423 synodo
2717 3351 2967 3426 legaliter
2995 3351 3348 3421 adimpleret,
3389 3351 3556 3408 simul
3590 3369 3714 3408 cum

371 3439 555 3514 genda
608 3439 866 3509 peractis,
913 3440 981 3494 ad
1055 3440 1370 3497 Theodonis
1447 3443 1589 3498 villze
1648 3440 1988 3506 (Thionville)

369 3533 631 3603 palatium
655 3533 889 3604 regressi
919 3539 1067 3599 sunt,
1103 3533 1290 3606 ibique
1322 3534 1793 3589 Hildemannusin
1817 3547 1989 3606 syno-

2093 3439 2194 3505 eis,
2227 3454 2366 3510 quos
2390 3440 2694 3495 secundum
2722 3439 2914 3494 Africae
2945 3439 3243 3510 provincia:
3274 3453 3525 3495 canones
3553 3441 3568 3508 (
3598 3456 3713 3495 con.

2091 3531 2178 3601 63)
2207 3532 2418 3607 legerat
2461 3533 2564 3588 sibi
2591 3533 2829 3602 judices,
2858 3534 3079 3587 dicente
3100 3533 3361 3602 Apostolo
3392 3549 3406 3584 :
3430 3534 3716 3588 Adversus

371 3626 442 3681 do
467 3640 714 3696 przesens
749 3639 811 3678 se
835 3640 866 3677 a
905 3625 1180 3679 calumnia
1235 3624 1341 3679 sibi
1395 3623 1632 3695 impacta
1661 3625 1990 3700 regulariter
2083 3623 2458 3692 presbyth
2487 3625 2876 3678 accusationem
2895 3625 3010 3678 noli
3033 3625 3286 3692 recipere,
3309 3623 3422 3676 nisi
3445 3623 3549 3677 sub
3577 3625 3714 3677 duo-

367 3732 599 3782 exuens,
660 3715 925 3771 satisfecit
973 3716 1208 3787 synodo,
1237 3722 1293 3770 et
1342 3731 1446 3786 per
1485 3731 1607 3770 eam
1638 3716 1985 3787 imperatori.

365 3808 480 3865 Ebo
505 3823 637 3864 vero
665 3808 718 3862 in
751 3809 944 3862 eadem
999 3805 1212 3878 synodo
1252 3821 1498 3875 praesens
1555 3806 1624 3859 ab
1651 3805 1986 3877 imperatore

363 3907 634 3969 praesente
685 3907 971 3957 accusatus
1033 3909 1138 3969 est,
1197 3902 1345 3973 quod
1415 3918 1540 3956 eum
1614 3901 1752 3958 falso
1809 3902 1986 3961 fuerat

363 3987 709 4057 criminatus,
761 3999 816 4045 et
854 3989 1066 4045 eisdem
1117 3990 1268 4046 falsis
1317 3990 1647 4046 criminibus
1679 3994 1982 4063 appetitum

363 4094 394 4130 a
438 4093 610 4150 regno
671 4080 973 4150 dejecerat,
1030 4081 1311 4154 armisque
1359 4082 1428 4136 ab
1489 4097 1556 4136 eo
1611 4082 1829 4148 ablatis,
1880 4101 1985 4140 nec

361 4172 698 4241 confessum,
741 4190 846 4229 nec
875 4174 1209 4238 convictum,
1241 4178 1431 4228 contra
1461 4173 1682 4245 regulas
1709 4173 1981 4228 ecclesia-

365 4261 529 4316 sticas
559 4261 629 4316 ab
675 4263 924 4319 ecclesiae
954 4265 1104 4318 aditu
1148 4279 1213 4318 ac
1242 4263 1675 4319 Christianorum
1717 4266 1982 4320 societate

368 4353 770 4420 eliminaverat,
812 4354 952 4409 sicut
1009 4361 1063 4409 et
1116 4354 1262 4409 idem
1319 4354 1524 4424 scripto
1575 4354 1980 4426 subscriptione

364 4462 463 4502 sua
507 4447 786 4516 roborato,
827 4455 881 4503 et
929 4447 1118 4505 verbis
1162 4464 1343 4504 coram
1401 4448 1662 4504 omnibus
1694 4449 1978 4520 professus

360 4538 557 4599 fuerat.
575 4543 636 4597 Et
647 4559 769 4598 cum
787 4551 975 4598 essent
986 4542 1095 4598 alia
1112 4543 1275 4597 etiam
1288 4542 1540 4607 crimina,
1556 4543 1624 4597 de
1637 4543 1842 4614 quibus
1856 4553 1978 4614 post

361 4625 503 4685 hanc
542 4633 970 4694 accusationem,
1012 4632 1356 4687 accusandus
1385 4639 1522 4696 erat,
1557 4638 1613 4686 et
1657 4631 1727 4685 de
1774 4633 1976 4703 quibus

2091 3711 2188 3766 bus
2223 3712 2306 3766 vel
2325 3713 2498 3766 tribus
2528 3713 2751 3767 testibus
2805 3714 2853 3775 (1
2891 3714 3028 3766 Tim.
3061 3727 3113 3776 v,
3140 3710 3227 3778 19)
3254 3715 3315 3764 ut
3355 3708 3411 3762 in
3443 3725 3545 3765 ore
3577 3711 3716 3767 duo-

2090 3818 2210 3857 rum
2235 3804 2323 3857 vel
2353 3803 2516 3858 trium
2567 3803 2784 3859 testium
2823 3811 3100 3858 constaret
3146 3801 3312 3856 etiam
3339 3816 3456 3856 suae
3487 3818 3712 3857 accusa-

2087 3894 2275 3962 tionis,
2302 3905 2360 3952 et
2386 3897 2599 3952 utalius
2626 3914 2686 3953 se
2753 3894 3337 3953 sacerdotiodefuncto
3370 3895 3421 3948 ei
3452 3897 3717 3951 succede-

2088 3995 2189 4055 ret,
2223 3989 2626 4046 testiﬁcationis
2657 3991 2882 4045 verbum
2936 3989 3147 4055 (Matth.
3176 4003 3334 4053 XYlll,
3366 3988 3488 4057 16),
3522 3989 3715 4043 ascivit

2087 4093 2142 4135 et
2171 4082 2310 4138 alios
2339 4093 2449 4139 tres
2479 4083 2791 4154 episcopos,
2823 4081 3073 4137 veritatis
3097 4079 3167 4135 de
3189 4095 3288 4134 sua
3327 4081 3707 4146 accusatione,

2085 4185 2140 4230 et
2170 4174 2552 4230 testiﬁcatione
2600 4173 2854 4229 conscios
2911 4172 2965 4225 in
3012 4169 3390 4226 testimonium
3431 4185 3549 4224 suae
3583 4186 3708 4242 pro-

2085 4265 2362 4332 fessionis,
2385 4266 2786 4321 Theodericum
2807 4263 3018 4319 scilicet
3041 4262 3389 4333 episcopum,
3423 4269 3480 4316 et
3507 4264 3711 4318 Achar-

2084 4359 2212 4413 dum
2242 4357 2563 4428 epiSCOpum
2618 4354 2924 4410 dioeceseos
2975 4368 3110 4418 sum,
3165 4357 3221 4406 et
3258 4351 3579 4407 Nothonem
3611 4369 3704 4407 ar-

2080 4451 2514 4522 chiepiscopum.
2551 4448 2614 4502 Et
2643 4447 2722 4501 sic
2751 4447 2868 4517 ipse
2898 4445 3204 4516 professus,
3234 4450 3289 4496 et
3321 4458 3420 4499 sex
3433 4444 3710 4516 episcOpis

2078 4555 2189 4593 suae
2209 4538 2540 4610 professioni
2596 4537 3004 4601 attestantibus,
3061 4543 3120 4590 ut
3147 4534 3528 4606 praediximus,
3562 4535 3710 4589 libel-

2075 4630 2186 4685 lum
2215 4630 2428 4702 synodo
2457 4630 2720 4700 porrexit,
2742 4629 3044 4700 cunctique
3069 4627 3342 4698 episcopi,
3376 4627 3472 4698 qui
3496 4629 3707 4697 synodo

359 4719 504 4789 apud
537 4721 926 4792 imperatorem
973 4722 1086 4790 jam
1145 4729 1306 4777 antea
1363 4721 1541 4777 fuerat
1584 4730 1891 4791 accusatus,
1923 4718 2475 4792 etDinterfuerunt,
2525 4719 2824 4791 singilatim
2885 4734 2946 4773 ac
2998 4716 3198 4771 viritim
3257 4715 3527 4769 dixerunt
3585 4715 3705 4769 illi:

359 4823 470 4863 non
502 4811 770 4867 canonice
783 4819 1070 4885 purgatus,
1102 4810 1310 4868 sicutet
1329 4810 1562 4881 epistola
1589 4811 1975 4883 episcoporum

359 4900 427 4954 ad
456 4901 704 4976 Sergium
756 4917 954 4972 papam
1013 4901 1376 4967 demonstrat,
1433 4908 1487 4955 et
1515 4916 1616 4969 pro
1645 4903 1974 4972 quibusdam

359 5007 550 5048 eorum
605 4996 891 5051 exstiterat
954 5011 985 5048 a
1041 4995 1275 5050 consilio
1332 4994 1679 5065 imperatoris
1743 4996 1973 5064 ejectus,

357 5096 479 5152 quae
527 5083 800 5153 patefacta
856 5085 1084 5140 veritate
1143 5099 1347 5157 negare
1379 5099 1490 5139 non
1550 5084 1784 5149 valebat,
1819 5086 1974 5155 petiit

355 5187 657 5244 secessum,
713 5186 777 5234 ut
805 5178 924 5233 sine
955 5178 1251 5249 praesentia
1312 5177 1660 5247 imperatoris
1703 5176 1893 5232 liceret
1923 5181 1972 5233 ei

354 5259 408 5314 in
448 5265 660 5332 synodo
689 5266 1076 5336 epiSCOporum
1113 5283 1268 5320 suam
1339 5282 1508 5340 agere
1539 5282 1784 5321 causam.
1817 5268 1972 5331 Quod

354 5346 632 5419 obtinens,
665 5355 989 5409 convocavit
1047 5355 1115 5409 ad
1173 5372 1232 5409 se
1285 5355 1551 5425 quosdam
1581 5355 1892 5426 episcopos,
1921 5367 1975 5412 et

355 5439 505 5497 nullo
535 5453 791 5520 cogente,
824 5447 921 5501 sed
953 5449 1174 5518 prepria
1201 5458 1420 5520 sponte,
1443 5451 1746 5505 secundum
1779 5467 1969 5508 eorum

351 5532 640 5590 consilium
674 5536 1027 5606 sequentium
1061 5535 1374 5592 Africanum
1407 5539 1723 5606 concilium,
1756 5548 1815 5594 ut
1847 5558 1971 5612 par-

350 5634 568 5680 ceretur
599 5627 775 5698 ipsius
803 5627 1170 5694 verecundiae,
1231 5644 1293 5682 ac
1341 5638 1566 5700 propter
1589 5633 1838 5688 ecclesiae
1869 5651 1972 5706 op-

347 5719 630 5786 probrium
679 5725 735 5771 et
767 5716 1098 5774 insolentem
1158 5721 1570 5778 insultationem
1602 5724 1968 5792 saecularium,

348 5819 419 5861 ne
445 5808 688 5882 dignitas
719 5803 1076 5860 sacerdotalis
1107 5811 1470 5878 pollueretur,
1527 5813 1573 5865 si
1634 5811 1854 5880 publice
1901 5814 1972 5869 de

348 5891 457 5961 his,
487 5894 556 5951 de
587 5893 793 5965 quibus
820 5890 1101 5961 impetitus
1129 5903 1183 5950 et
1235 5897 1417 5953 adhuc
1443 5898 1804 5968 impetendus
1831 5909 1970 5966 erat,

2079 4810 2393 4865 Secundum
2445 4818 2594 4863 tuam
2650 4807 3054 4880 professionem
3133 4813 3190 4860 et
3239 4805 3703 4876 subscriptionem

2079 4918 2233 4957 cessa
2263 4918 2293 4956 a
2322 4900 2651 4956 ministerio.
2688 4900 2950 4955 Etcoram
2983 4902 3241 4957 omnibus
3272 4901 3421 4956 hanc
3454 4902 3704 4957 notitiam

2078 5009 2199 5048 cum
2227 4993 2546 5065 praescripto
2597 4993 2784 5048 libello
2838 4994 3180 5062 temporibus
3237 4991 3438 5048 futuris
3483 5009 3708 5050 conser—

2077 5083 2334 5152 vandam,
2365 5085 2535 5138 Jonas
2565 5084 2860 5155 episcOpus
2887 5082 3053 5137 Heliae
3072 5081 3288 5138 notario
3305 5083 3426 5156 (qui
3458 5083 3705 5140 libellum

2078 5173 2278 5228 Ebonis
2308 5176 2624 5247 scripserat,
2660 5173 2747 5228 cui
2781 5173 2930 5228 idem
2964 5172 3076 5228 Ebo
3107 5172 3469 5243 subscripsit,
3508 5190 3708 5229 secun-

2077 5271 2206 5326 dum
2228 5269 2747 5344 quinquagesimum
2774 5281 2981 5322 nonum
3003 5264 3329 5336 capitulum,
3364 5271 3420 5318 et
3455 5265 3590 5320 item
3624 5282 3706 5320 se-

2076 5365 2317 5421 cundum
2351 5362 2649 5434 capitulum
2699 5359 3168 5432 septuagesimum
3198 5365 3458 5429 quartum
3486 5360 3702 5414 concilii

2076 5453 2328 5517 Africani)
2364 5467 2464 5522 pro
2493 5449 2752 5505 omnibus
2811 5448 3035 5504 dictavit
3067 5464 3080 5500 :
3114 5455 3169 5502 et
3195 5447 3342 5500 idem
3379 5447 3572 5503 Helias
3595 5450 3704 5502 haec

2075 5555 2197 5611 quae
2245 5545 2556 5610 sequuntur
2623 5536 2951 5606 conscripsit
3013 5553 3025 5588 ε
3086 5561 3108 5579 σε
3160 5537 3288 5588 Acta
3348 5546 3435 5590 est
3505 5537 3704 5592 Ebonis

2076 5627 2368 5698 professio,
2395 5626 2626 5696 ejusque
2657 5625 2895 5695 propria:
2934 5637 3132 5678 manus
3168 5623 3586 5694 subscriptione
3619 5641 3701 5679 ro-

2073 5715 2264 5769 borata
2290 5717 2345 5770 in
2377 5723 2655 5770 conventu
2685 5713 2939 5784 synodali
2965 5712 3308 5787 generaliter
3335 5713 3526 5769 habito
3561 5713 3695 5784 apud

2073 5809 2387 5866 Theodonis
2415 5809 2622 5876 villam,
2656 5823 2805 5864 anno
2846 5806 3243 5862 incarnationis
3276 5806 3496 5861 Domini
3530 5807 3692 5862 nostri

2072 5898 2204 5954 Jesu
2231 5899 2430 5957 Christi
2485 5899 2948 5975 octingentesimo
2978 5899 3260 5956 tricesimo
3303 5898 3526 5968 quinto,
3553 5913 3690 5953 anno
