  <div class='ocr_page' id='page_1' title='image "/cluster/home/n/w/nwhite01/storage/ocr_20150623/134-135/uc1.31175013627537/588.png"; bbox 0 0 3884 6432; ppageno 0'>
   <div class='ocr_carea' id='block_1_1' title="bbox 178 391 286 448">
    <p class='ocr_par' dir='ltr' id='par_1_1' title="bbox 178 391 286 448">
     <span class='ocr_line' id='line_1_1' title="bbox 178 391 286 448; baseline 0.019 -2"><span class='ocrx_word' id='word_1_1' title='bbox 178 391 286 448; x_wconf 76' lang='grc'><strong>137</strong></span> 
     </span>
    </p>
   </div>
   <div class='ocr_carea' id='block_1_2' title="bbox 832 403 2885 491">
    <p class='ocr_par' dir='ltr' id='par_1_2' title="bbox 832 403 2885 491">
     <span class='ocr_line' id='line_1_2' title="bbox 832 403 2885 491; baseline 0.013 -32"><span class='ocrx_word' id='word_1_2' title='bbox 832 403 1159 465; x_wconf 67' lang='lat' dir='ltr'><strong>HISTORIA!</strong></span> <span class='ocrx_word' id='word_1_3' title='bbox 1198 409 1533 472; x_wconf 63' lang='lat' dir='ltr'><strong>ECCLESIE</strong></span> <span class='ocrx_word' id='word_1_4' title='bbox 1571 416 1900 477; x_wconf 80' lang='lat' dir='ltr'><strong>REMENSIS</strong></span> <span class='ocrx_word' id='word_1_5' title='bbox 1940 422 2117 479; x_wconf 83' lang='lat' dir='ltr'><strong>LIBRI</strong></span> <span class='ocrx_word' id='word_1_6' title='bbox 2155 425 2488 491; x_wconf 81' lang='lat' dir='ltr'><strong>QUATUOR.</strong></span> <span class='ocrx_word' id='word_1_7' title='bbox 2519 461 2591 473; x_wconf 94' lang='lat'><strong>—</strong></span> <span class='ocrx_word' id='word_1_8' title='bbox 2620 430 2747 486; x_wconf 87' lang='lat' dir='ltr'><strong>LIB.</strong></span> <span class='ocrx_word' id='word_1_9' title='bbox 2791 429 2885 486; x_wconf 91' lang='lat' dir='ltr'><strong>III.</strong></span> 
     </span>
    </p>
   </div>
   <div class='ocr_carea' id='block_1_3' title="bbox 3427 437 3529 493">
    <p class='ocr_par' dir='ltr' id='par_1_3' title="bbox 3427 437 3529 493">
     <span class='ocr_line' id='line_1_3' title="bbox 3427 437 3529 493; baseline 0 0"><span class='ocrx_word' id='word_1_10' title='bbox 3427 437 3529 493; x_wconf 73' lang='lat' dir='ltr'><strong>I38</strong></span> 
     </span>
    </p>
   </div>
   <div class='ocr_carea' id='block_1_4' title="bbox 180 533 3522 642">
    <p class='ocr_par' dir='ltr' id='par_1_4' title="bbox 180 533 3522 642">
     <span class='ocr_line' id='line_1_4' title="bbox 180 533 3522 642; baseline 0.011 -50"><span class='ocrx_word' id='word_1_11' title='bbox 180 533 446 642; x_wconf 48' lang='lat' dir='ltr'><strong>(Etiam</strong></span> <span class='ocrx_word' id='word_1_12' title='bbox 482 536 701 642; x_wconf 81' lang='lat' dir='ltr'><strong>imperii</strong></span> <span class='ocrx_word' id='word_1_13' title='bbox 725 543 983 642; x_wconf 44' lang='lat' dir='ltr'><strong>&#39;g‘loriosi</strong></span> <span class='ocrx_word' id='word_1_14' title='bbox 1032 549 1259 642; x_wconf 75' lang='lat' dir='ltr'><strong>Caesaris</strong></span> <span class='ocrx_word' id='word_1_15' title='bbox 1295 546 1574 613; x_wconf 80' lang='lat' dir='ltr'><strong>Ludovici.</strong></span> <span class='ocrx_word' id='word_1_16' title='bbox 1608 579 1639 610; x_wconf 73' lang='grc' dir='ltr'><strong>ιο</strong></span> <span class='ocrx_word' id='word_1_17' title='bbox 1669 561 1803 616; x_wconf 91' lang='lat' dir='ltr'><strong>Item</strong></span> <span class='ocrx_word' id='word_1_18' title='bbox 1828 567 1877 636; x_wconf 82' lang='grc' dir='ltr'>Α</span> <span class='ocrx_word' id='word_1_19' title='bbox 1903 564 2311 638; x_wconf 91' lang='lat' dir='ltr'><strong>chiepiscopus,</strong></span> <span class='ocrx_word' id='word_1_20' title='bbox 2337 570 2695 627; x_wconf 83' lang='lat' dir='ltr'><strong>Amaluvinus</strong></span> <span class='ocrx_word' id='word_1_21' title='bbox 2723 570 3196 642; x_wconf 80' lang='lat' dir='ltr'><strong>archiepiscopus,</strong></span> <span class='ocrx_word' id='word_1_22' title='bbox 3227 572 3415 629; x_wconf 81' lang='lat' dir='ltr'><strong>Audax</strong></span> <span class='ocrx_word' id='word_1_23' title='bbox 3428 590 3522 630; x_wconf 88' lang='lat' dir='ltr'><strong>ar-</strong></span> 
     </span>
    </p>
   </div>
   <div class='ocr_carea' id='block_1_5' title="bbox 178 624 3520 734">
    <p class='ocr_par' dir='ltr' id='par_1_5' title="bbox 178 624 3520 734">
     <span class='ocr_line' id='line_1_5' title="bbox 178 624 3520 734; baseline 0.011 -52"><span class='ocrx_word' id='word_1_24' title='bbox 681 647 696 685; x_wconf 89' lang='lat'><strong>:</strong></span> <span class='ocrx_word' id='word_1_25' title='bbox 725 632 994 734; x_wconf 74' lang='lat' dir='ltr'><strong>Libellum</strong></span> <span class='ocrx_word' id='word_1_26' title='bbox 1023 639 1127 734; x_wconf 82' lang='lat' dir='ltr'><strong>sibi</strong></span> <span class='ocrx_word' id='word_1_27' title='bbox 1173 643 1241 734; x_wconf 87' lang='lat' dir='ltr'><strong>ab</strong></span> <span class='ocrx_word' id='word_1_28' title='bbox 1276 644 1462 702; x_wconf 87' lang='lat' dir='ltr'><strong>Ebone</strong></span> <span class='ocrx_word' id='word_1_29' title='bbox 1492 660 1805 719; x_wconf 87' lang='lat' dir='ltr'><strong>porrectum</strong></span> <span class='ocrx_word' id='word_1_30' title='bbox 1828 624 1877 636; x_wconf 51' lang='grc' dir='ltr'>η</span> <span class='ocrx_word' id='word_1_31' title='bbox 1908 624 2524 728; x_wconf 65' lang='lat' dir='ltr'><strong>chiepiscopus,Joseph</strong></span> <span class='ocrx_word' id='word_1_32' title='bbox 2539 624 3520 734; x_wconf 17' lang='lat' dir='ltr'><strong>episcopusnfdab‘ulfusepiscopus,</strong></span> 
     </span>
    </p>
   </div>
   <div class='ocr_carea' id='block_1_6' title="bbox 175 713 1802 814">
    <p class='ocr_par' dir='ltr' id='par_1_6' title="bbox 175 713 1802 814">
     <span class='ocr_line' id='line_1_6' title="bbox 175 713 1802 814; baseline 0.022 -49"><span class='ocrx_word' id='word_1_33' title='bbox 175 718 304 814; x_wconf 76' lang='lat' dir='ltr'><strong>post</strong></span> <span class='ocrx_word' id='word_1_34' title='bbox 332 713 748 814; x_wconf 62' lang='lat' dir='ltr'><strong>damnationem</strong></span> <span class='ocrx_word' id='word_1_35' title='bbox 781 724 903 793; x_wconf 89' lang='lat' dir='ltr'><strong>ejus</strong></span> <span class='ocrx_word' id='word_1_36' title='bbox 927 730 1173 798; x_wconf 84' lang='lat' dir='ltr'><strong>synodus</strong></span> <span class='ocrx_word' id='word_1_37' title='bbox 1202 733 1427 791; x_wconf 86' lang='lat' dir='ltr'><strong>Fulconi</strong></span> <span class='ocrx_word' id='word_1_38' title='bbox 1454 713 1802 814; x_wconf 72' lang='lat' dir='ltr'><strong>presbytero,</strong></span> 
     </span>
    </p>
   </div>
   <div class='ocr_carea' id='block_1_7' title="bbox 176 806 1801 910">
    <p class='ocr_par' dir='ltr' id='par_1_7' title="bbox 176 806 1801 910">
     <span class='ocr_line' id='line_1_7' title="bbox 176 806 1801 910; baseline 0.023 -52"><span class='ocrx_word' id='word_1_39' title='bbox 176 806 270 876; x_wconf 88' lang='lat' dir='ltr'><strong>qui</strong></span> <span class='ocrx_word' id='word_1_40' title='bbox 298 808 484 863; x_wconf 89' lang='lat' dir='ltr'><strong>eidem</strong></span> <span class='ocrx_word' id='word_1_41' title='bbox 516 806 692 867; x_wconf 88' lang='lat' dir='ltr'><strong>Eboni</strong></span> <span class='ocrx_word' id='word_1_42' title='bbox 733 814 790 870; x_wconf 92' lang='lat' dir='ltr'><strong>in</strong></span> <span class='ocrx_word' id='word_1_43' title='bbox 834 820 1101 894; x_wconf 91' lang='lat' dir='ltr'><strong>episcopii</strong></span> <span class='ocrx_word' id='word_1_44' title='bbox 1133 824 1420 886; x_wconf 83' lang='lat' dir='ltr'><strong>Remensis</strong></span> <span class='ocrx_word' id='word_1_45' title='bbox 1448 806 1801 910; x_wconf 79' lang='lat' dir='ltr'><strong>susceptione</strong></span> 
     </span>
    </p>
   </div>
   <div class='ocr_carea' id='block_1_8' title="bbox 174 905 1795 997">
    <p class='ocr_par' dir='ltr' id='par_1_8' title="bbox 174 905 1795 997">
     <span class='ocr_line' id='line_1_8' title="bbox 174 905 1795 997; baseline 0.021 -48"><span class='ocrx_word' id='word_1_46' title='bbox 174 905 539 997; x_wconf 61' lang='lat' dir='ltr'><strong>successerat,</strong></span> <span class='ocrx_word' id='word_1_47' title='bbox 572 916 700 997; x_wconf 78' lang='lat' dir='ltr'><strong>cum</strong></span> <span class='ocrx_word' id='word_1_48' title='bbox 744 908 998 975; x_wconf 86' lang='lat' dir='ltr'><strong>synodali</strong></span> <span class='ocrx_word' id='word_1_49' title='bbox 1056 915 1251 971; x_wconf 79' lang='lat' dir='ltr'><strong>notitia</strong></span> <span class='ocrx_word' id='word_1_50' title='bbox 1299 920 1473 990; x_wconf 84' lang='lat' dir='ltr'><strong>dedit,</strong></span> <span class='ocrx_word' id='word_1_51' title='bbox 1506 905 1712 997; x_wconf 80' lang='lat' dir='ltr'><strong>quique</strong></span> <span class='ocrx_word' id='word_1_52' title='bbox 1741 928 1795 982; x_wconf 90' lang='lat' dir='ltr'><strong>in</strong></span> 
     </span>
    </p>
   </div>
   <div class='ocr_carea' id='block_1_9' title="bbox 175 983 1796 1081">
    <p class='ocr_par' dir='ltr' id='par_1_9' title="bbox 175 983 1796 1081">
     <span class='ocr_line' id='line_1_9' title="bbox 175 983 1796 1081; baseline 0.021 -43"><span class='ocrx_word' id='word_1_53' title='bbox 175 983 469 1043; x_wconf 84' lang='lat' dir='ltr'><strong>Remensis</strong></span> <span class='ocrx_word' id='word_1_54' title='bbox 493 989 751 1057; x_wconf 69' lang='lat' dir='ltr'><strong>Ecclesiae</strong></span> <span class='ocrx_word' id='word_1_55' title='bbox 781 997 989 1054; x_wconf 91' lang='lat' dir='ltr'><strong>scrinio</strong></span> <span class='ocrx_word' id='word_1_56' title='bbox 1019 1013 1395 1077; x_wconf 85' lang='lat' dir='ltr'><strong>conservatur,</strong></span> <span class='ocrx_word' id='word_1_57' title='bbox 1427 983 1585 1081; x_wconf 76' lang='lat' dir='ltr'><strong>cujus</strong></span> <span class='ocrx_word' id='word_1_58' title='bbox 1613 983 1796 1070; x_wconf 75' lang='lat' dir='ltr'><strong>exem-</strong></span> 
     </span>
    </p>
   </div>
   <div class='ocr_carea' id='block_1_10' title="bbox 173 1077 1795 1163">
    <p class='ocr_par' dir='ltr' id='par_1_10' title="bbox 173 1077 1795 1163">
     <span class='ocr_line' id='line_1_10' title="bbox 173 1077 1795 1163; baseline 0.017 -32"><span class='ocrx_word' id='word_1_59' title='bbox 173 1077 293 1149; x_wconf 92' lang='lat' dir='ltr'><strong>plar</strong></span> <span class='ocrx_word' id='word_1_60' title='bbox 316 1088 526 1139; x_wconf 83' lang='lat' dir='ltr'><strong>sanctae</strong></span> <span class='ocrx_word' id='word_1_61' title='bbox 555 1087 839 1144; x_wconf 57' lang='lat' dir='ltr'><strong>memoriae</strong></span> <span class='ocrx_word' id='word_1_62' title='bbox 891 1105 1048 1163; x_wconf 84' lang='lat' dir='ltr'><strong>papae</strong></span> <span class='ocrx_word' id='word_1_63' title='bbox 1086 1094 1257 1152; x_wconf 88' lang='lat' dir='ltr'>Leoni</span> <span class='ocrx_word' id='word_1_64' title='bbox 1286 1077 1557 1157; x_wconf 80' lang='lat' dir='ltr'><strong>directum</strong></span> <span class='ocrx_word' id='word_1_65' title='bbox 1592 1101 1795 1157; x_wconf 90' lang='lat' dir='ltr'><strong>didici-</strong></span> 
     </span>
    </p>
   </div>
   <div class='ocr_carea' id='block_1_11' title="bbox 174 1182 450 1241">
    <p class='ocr_par' dir='ltr' id='par_1_11' title="bbox 174 1182 450 1241">
     <span class='ocr_line' id='line_1_11' title="bbox 174 1182 450 1241; baseline 0.025 -17"><span class='ocrx_word' id='word_1_66' title='bbox 174 1186 315 1241; x_wconf 89' lang='lat' dir='ltr'><strong>mus,</strong></span> <span class='ocrx_word' id='word_1_67' title='bbox 340 1182 450 1231; x_wconf 87' lang='lat' dir='ltr'><strong>etc.</strong></span> 
     </span>
    </p>
   </div>
   <div class='ocr_carea' id='block_1_12' title="bbox 242 1262 1794 1350">
    <p class='ocr_par' dir='ltr' id='par_1_12' title="bbox 242 1262 1794 1350">
     <span class='ocr_line' id='line_1_12' title="bbox 242 1262 1794 1350; baseline 0.019 -35"><span class='ocrx_word' id='word_1_68' title='bbox 242 1262 416 1336; x_wconf 88' lang='lat' dir='ltr'><strong>Igitur</strong></span> <span class='ocrx_word' id='word_1_69' title='bbox 444 1265 560 1324; x_wconf 87' lang='lat' dir='ltr'><strong>Eho</strong></span> <span class='ocrx_word' id='word_1_70' title='bbox 591 1278 716 1341; x_wconf 92' lang='lat' dir='ltr'><strong>post</strong></span> <span class='ocrx_word' id='word_1_71' title='bbox 760 1274 904 1333; x_wconf 92' lang='lat' dir='ltr'><strong>hanc</strong></span> <span class='ocrx_word' id='word_1_72' title='bbox 923 1277 1329 1350; x_wconf 91' lang='lat' dir='ltr'><strong>depositionem</strong></span> <span class='ocrx_word' id='word_1_73' title='bbox 1360 1299 1514 1341; x_wconf 91' lang='lat' dir='ltr'><strong>suam</strong></span> <span class='ocrx_word' id='word_1_74' title='bbox 1533 1286 1587 1342; x_wconf 92' lang='lat' dir='ltr'><strong>in</strong></span> <span class='ocrx_word' id='word_1_75' title='bbox 1619 1286 1794 1344; x_wconf 91' lang='lat' dir='ltr'><strong>Cisal-</strong></span> 
     </span>
    </p>
   </div>
   <div class='ocr_carea' id='block_1_13' title="bbox 171 1352 1791 1447">
    <p class='ocr_par' dir='ltr' id='par_1_13' title="bbox 171 1352 1791 1447">
     <span class='ocr_line' id='line_1_13' title="bbox 171 1352 1791 1447; baseline 0.019 -42"><span class='ocrx_word' id='word_1_76' title='bbox 171 1352 315 1447; x_wconf 83' lang='lat' dir='ltr'><strong>pinis</strong></span> <span class='ocrx_word' id='word_1_77' title='bbox 343 1354 522 1413; x_wconf 79' lang='lat' dir='ltr'><strong>fertur</strong></span> <span class='ocrx_word' id='word_1_78' title='bbox 548 1363 871 1437; x_wconf 82' lang='lat' dir='ltr'><strong>regionibus</strong></span> <span class='ocrx_word' id='word_1_79' title='bbox 899 1380 1258 1429; x_wconf 87' lang='lat' dir='ltr'><strong>conversatus</strong></span> <span class='ocrx_word' id='word_1_80' title='bbox 1285 1391 1463 1447; x_wconf 89' lang='lat' dir='ltr'><strong>usque</strong></span> <span class='ocrx_word' id='word_1_81' title='bbox 1491 1378 1560 1433; x_wconf 91' lang='lat' dir='ltr'><strong>ad</strong></span> <span class='ocrx_word' id='word_1_82' title='bbox 1582 1379 1791 1435; x_wconf 91' lang='lat' dir='ltr'><strong>obitum</strong></span> 
     </span>
    </p>
   </div>
   <div class='ocr_carea' id='block_1_14' title="bbox 170 1444 1792 1542">
    <p class='ocr_par' dir='ltr' id='par_1_14' title="bbox 170 1444 1792 1542">
     <span class='ocr_line' id='line_1_14' title="bbox 170 1444 1792 1542; baseline 0.017 -42"><span class='ocrx_word' id='word_1_83' title='bbox 170 1444 436 1542; x_wconf 73' lang='lat' dir='ltr'><strong>Imdovici</strong></span> <span class='ocrx_word' id='word_1_84' title='bbox 483 1451 855 1525; x_wconf 85' lang='lat' dir='ltr'><strong>imperatoris,</strong></span> <span class='ocrx_word' id='word_1_85' title='bbox 910 1462 1003 1533; x_wconf 90' lang='lat' dir='ltr'><strong>qui</strong></span> <span class='ocrx_word' id='word_1_86' title='bbox 1045 1465 1277 1541; x_wconf 82' lang='lat' dir='ltr'><strong>contigit</strong></span> <span class='ocrx_word' id='word_1_87' title='bbox 1305 1444 1452 1524; x_wconf 78' lang='lat' dir='ltr'><strong>anno</strong></span> <span class='ocrx_word' id='word_1_88' title='bbox 1494 1470 1792 1527; x_wconf 86' lang='lat' dir='ltr'><strong>Dominicae</strong></span> 
     </span>
    </p>
   </div>
   <div class='ocr_carea' id='block_1_15' title="bbox 170 1539 1792 1625">
    <p class='ocr_par' dir='ltr' id='par_1_15' title="bbox 170 1539 1792 1625">
     <span class='ocr_line' id='line_1_15' title="bbox 170 1539 1792 1625; baseline 0.019 -38"><span class='ocrx_word' id='word_1_89' title='bbox 170 1539 569 1598; x_wconf 84' lang='lat' dir='ltr'><strong>incarnationis</strong></span> <span class='ocrx_word' id='word_1_90' title='bbox 591 1543 717 1603; x_wconf 75' lang='grc'><strong>840.</strong></span> <span class='ocrx_word' id='word_1_91' title='bbox 776 1548 893 1613; x_wconf 92' lang='lat' dir='ltr'><strong>Quo</strong></span> <span class='ocrx_word' id='word_1_92' title='bbox 950 1539 1283 1625; x_wconf 88' lang='lat' dir='ltr'><strong>imperatore</strong></span> <span class='ocrx_word' id='word_1_93' title='bbox 1309 1558 1572 1617; x_wconf 90' lang='lat' dir='ltr'><strong>defuncto</strong></span> <span class='ocrx_word' id='word_1_94' title='bbox 1599 1561 1792 1618; x_wconf 88' lang='lat' dir='ltr'><strong>Lotha-</strong></span> 
     </span>
    </p>
   </div>
   <div class='ocr_carea' id='block_1_16' title="bbox 169 1628 1786 1718">
    <p class='ocr_par' dir='ltr' id='par_1_16' title="bbox 169 1628 1786 1718">
     <span class='ocr_line' id='line_1_16' title="bbox 169 1628 1786 1718; baseline 0.017 -36"><span class='ocrx_word' id='word_1_95' title='bbox 169 1628 279 1684; x_wconf 91' lang='lat' dir='ltr'><strong>rius</strong></span> <span class='ocrx_word' id='word_1_96' title='bbox 308 1632 376 1686; x_wconf 93' lang='lat' dir='ltr'><strong>ab</strong></span> <span class='ocrx_word' id='word_1_97' title='bbox 410 1634 566 1691; x_wconf 90' lang='lat' dir='ltr'><strong>Italia</strong></span> <span class='ocrx_word' id='word_1_98' title='bbox 621 1638 677 1695; x_wconf 91' lang='lat' dir='ltr'><strong>in</strong></span> <span class='ocrx_word' id='word_1_99' title='bbox 708 1641 991 1700; x_wconf 84' lang='lat' dir='ltr'><strong>Franciam</strong></span> <span class='ocrx_word' id='word_1_100' title='bbox 1040 1650 1213 1718; x_wconf 82' lang='lat' dir='ltr'><strong>venit,</strong></span> <span class='ocrx_word' id='word_1_101' title='bbox 1266 1651 1353 1706; x_wconf 92' lang='lat' dir='ltr'><strong>cui</strong></span> <span class='ocrx_word' id='word_1_102' title='bbox 1385 1652 1498 1709; x_wconf 91' lang='lat' dir='ltr'><strong>Ebo</strong></span> <span class='ocrx_word' id='word_1_103' title='bbox 1530 1654 1599 1709; x_wconf 91' lang='lat' dir='ltr'><strong>ad</strong></span> <span class='ocrx_word' id='word_1_104' title='bbox 1621 1654 1786 1711; x_wconf 86' lang='lat' dir='ltr'><strong>Wor-</strong></span> 
     </span>
    </p>
   </div>
   <div class='ocr_carea' id='block_1_17' title="bbox 166 1724 1789 1816">
    <p class='ocr_par' dir='ltr' id='par_1_17' title="bbox 166 1724 1789 1816">
     <span class='ocr_line' id='line_1_17' title="bbox 166 1724 1789 1816; baseline 0.015 -39"><span class='ocrx_word' id='word_1_105' title='bbox 166 1724 394 1816; x_wconf 79' lang='lat' dir='ltr'><strong>maciam</strong></span> <span class='ocrx_word' id='word_1_106' title='bbox 448 1726 727 1783; x_wconf 90' lang='lat' dir='ltr'><strong>civitatem</strong></span> <span class='ocrx_word' id='word_1_107' title='bbox 786 1735 1045 1803; x_wconf 91' lang='lat' dir='ltr'><strong>occurrit,</strong></span> <span class='ocrx_word' id='word_1_108' title='bbox 1103 1738 1265 1812; x_wconf 85' lang='lat' dir='ltr'><strong>eique</strong></span> <span class='ocrx_word' id='word_1_109' title='bbox 1321 1741 1611 1799; x_wconf 91' lang='lat' dir='ltr'><strong>Lotharius</strong></span> <span class='ocrx_word' id='word_1_110' title='bbox 1663 1754 1789 1816; x_wconf 91' lang='lat' dir='ltr'><strong>post</strong></span> 
     </span>
    </p>
   </div>
   <div class='ocr_carea' id='block_1_18' title="bbox 165 1809 1787 1909">
    <p class='ocr_par' dir='ltr' id='par_1_18' title="bbox 165 1809 1787 1909">
     <span class='ocr_line' id='line_1_18' title="bbox 165 1809 1787 1909; baseline 0.018 -46"><span class='ocrx_word' id='word_1_111' title='bbox 165 1809 371 1909; x_wconf 75' lang='lat' dir='ltr'><strong>aliquot</strong></span> <span class='ocrx_word' id='word_1_112' title='bbox 426 1814 550 1909; x_wconf 86' lang='lat' dir='ltr'><strong>dies</strong></span> <span class='ocrx_word' id='word_1_113' title='bbox 600 1817 814 1889; x_wconf 89' lang='lat' dir='ltr'><strong>sedem,</strong></span> <span class='ocrx_word' id='word_1_114' title='bbox 863 1830 921 1879; x_wconf 89' lang='lat' dir='ltr'><strong>et</strong></span> <span class='ocrx_word' id='word_1_115' title='bbox 974 1809 1255 1884; x_wconf 66' lang='lat' dir='ltr'><strong>dioecesim</strong></span> <span class='ocrx_word' id='word_1_116' title='bbox 1301 1831 1630 1889; x_wconf 85' lang='lat' dir='ltr'><strong>Remensem</strong></span> <span class='ocrx_word' id='word_1_117' title='bbox 1663 1809 1787 1909; x_wconf 47' lang='lat' dir='ltr'><strong>-per</strong></span> 
     </span>
    </p>
   </div>
   <div class='ocr_carea' id='block_1_19' title="bbox 1905 738 3524 823">
    <p class='ocr_par' dir='ltr' id='par_1_19' title="bbox 1905 738 3524 823">
     <span class='ocr_line' id='line_1_19' title="bbox 1905 738 3524 823; baseline 0.009 -30"><span class='ocrx_word' id='word_1_118' title='bbox 1905 738 2075 795; x_wconf 87' lang='lat' dir='ltr'><strong>David</strong></span> <span class='ocrx_word' id='word_1_119' title='bbox 2092 741 2701 820; x_wconf 81' lang='lat' dir='ltr'><strong>episcopus,Rodingus</strong></span> <span class='ocrx_word' id='word_1_120' title='bbox 2722 747 3387 818; x_wconf 89' lang='lat' dir='ltr'><strong>episcopus,Giselbertus</strong></span> <span class='ocrx_word' id='word_1_121' title='bbox 3409 752 3524 823; x_wconf 87' lang='lat' dir='ltr'><strong>epi-</strong></span> 
     </span>
    </p>
   </div>
   <div class='ocr_carea' id='block_1_20' title="bbox 1901 829 3520 913">
    <p class='ocr_par' dir='ltr' id='par_1_20' title="bbox 1901 829 3520 913">
     <span class='ocr_line' id='line_1_20' title="bbox 1901 829 3520 913; baseline 0.007 -31"><span class='ocrx_word' id='word_1_122' title='bbox 1901 842 2122 899; x_wconf 89' lang='lat' dir='ltr'><strong>sc0pus,</strong></span> <span class='ocrx_word' id='word_1_123' title='bbox 2146 829 2456 888; x_wconf 85' lang='lat' dir='ltr'><strong>Flotharius</strong></span> <span class='ocrx_word' id='word_1_124' title='bbox 2473 849 2589 906; x_wconf 89' lang='lat' dir='ltr'><strong>ep.,</strong></span> <span class='ocrx_word' id='word_1_125' title='bbox 2610 835 2925 890; x_wconf 90' lang='lat' dir='ltr'><strong>Badaradus</strong></span> <span class='ocrx_word' id='word_1_126' title='bbox 2947 836 3263 909; x_wconf 91' lang='lat' dir='ltr'><strong>episcopus,</strong></span> <span class='ocrx_word' id='word_1_127' title='bbox 3298 838 3520 913; x_wconf 81' lang='lat' dir='ltr'><strong>Hagano</strong></span> 
     </span>
    </p>
   </div>
   <div class='ocr_carea' id='block_1_21' title="bbox 1899 914 3517 998">
    <p class='ocr_par' dir='ltr' id='par_1_21' title="bbox 1899 914 3517 998">
     <span class='ocr_line' id='line_1_21' title="bbox 1899 914 3517 998; baseline 0.008 -29"><span class='ocrx_word' id='word_1_128' title='bbox 1899 914 2213 989; x_wconf 89' lang='lat' dir='ltr'><strong>episcopus,</strong></span> <span class='ocrx_word' id='word_1_129' title='bbox 2244 920 2559 993; x_wconf 81' lang='lat' dir='ltr'><strong>Hartgarius</strong></span> <span class='ocrx_word' id='word_1_130' title='bbox 2579 925 2776 996; x_wconf 91' lang='lat' dir='ltr'><strong>episc.,</strong></span> <span class='ocrx_word' id='word_1_131' title='bbox 2806 925 2922 980; x_wconf 87' lang='lat' dir='ltr'><strong>Ado</strong></span> <span class='ocrx_word' id='word_1_132' title='bbox 2948 924 3265 998; x_wconf 91' lang='lat' dir='ltr'><strong>episcopus,</strong></span> <span class='ocrx_word' id='word_1_133' title='bbox 3297 928 3517 984; x_wconf 88' lang='lat' dir='ltr'><strong>Samuel</strong></span> 
     </span>
    </p>
   </div>
   <div class='ocr_carea' id='block_1_22' title="bbox 1896 1009 3520 1090">
    <p class='ocr_par' dir='ltr' id='par_1_22' title="bbox 1896 1009 3520 1090">
     <span class='ocr_line' id='line_1_22' title="bbox 1896 1009 3520 1090; baseline 0.007 -27"><span class='ocrx_word' id='word_1_134' title='bbox 1896 1009 2211 1083; x_wconf 86' lang='lat' dir='ltr'><strong>episcOpus,</strong></span> <span class='ocrx_word' id='word_1_135' title='bbox 2271 1013 2597 1072; x_wconf 83' lang='lat' dir='ltr'><strong>Rambertus</strong></span> <span class='ocrx_word' id='word_1_136' title='bbox 2626 1018 2945 1089; x_wconf 90' lang='lat' dir='ltr'><strong>episcopus,</strong></span> <span class='ocrx_word' id='word_1_137' title='bbox 2994 1018 3278 1074; x_wconf 84' lang='lat' dir='ltr'><strong>Haiminus</strong></span> <span class='ocrx_word' id='word_1_138' title='bbox 3303 1019 3520 1090; x_wconf 89' lang='lat' dir='ltr'><strong>episco—</strong></span> 
     </span>
    </p>
   </div>
   <div class='ocr_carea' id='block_1_23' title="bbox 1893 1103 3515 1182">
    <p class='ocr_par' dir='ltr' id='par_1_23' title="bbox 1893 1103 3515 1182">
     <span class='ocr_line' id='line_1_23' title="bbox 1893 1103 3515 1182; baseline 0.009 -27"><span class='ocrx_word' id='word_1_139' title='bbox 1893 1116 2018 1171; x_wconf 90' lang='lat' dir='ltr'><strong>pus,</strong></span> <span class='ocrx_word' id='word_1_140' title='bbox 2036 1103 2597 1181; x_wconf 85' lang='lat' dir='ltr'><strong>Ratolduspresbyter</strong></span> <span class='ocrx_word' id='word_1_141' title='bbox 2619 1118 2844 1166; x_wconf 88' lang='lat' dir='ltr'><strong>vocatus</strong></span> <span class='ocrx_word' id='word_1_142' title='bbox 2862 1110 3179 1182; x_wconf 88' lang='lat' dir='ltr'><strong>episcopus,</strong></span> <span class='ocrx_word' id='word_1_143' title='bbox 3210 1112 3515 1169; x_wconf 82' lang='lat' dir='ltr'><strong>Amalricus</strong></span> 
     </span>
    </p>
   </div>
   <div class='ocr_carea' id='block_1_24' title="bbox 1892 1199 3517 1275">
    <p class='ocr_par' dir='ltr' id='par_1_24' title="bbox 1892 1199 3517 1275">
     <span class='ocr_line' id='line_1_24' title="bbox 1892 1199 3517 1275; baseline 0.006 -25"><span class='ocrx_word' id='word_1_144' title='bbox 1892 1204 2119 1252; x_wconf 87' lang='lat' dir='ltr'><strong>vocatus</strong></span> <span class='ocrx_word' id='word_1_145' title='bbox 2135 1199 2452 1272; x_wconf 92' lang='lat' dir='ltr'><strong>episcopus,</strong></span> <span class='ocrx_word' id='word_1_146' title='bbox 2472 1217 2597 1257; x_wconf 93' lang='lat' dir='ltr'><strong>cum</strong></span> <span class='ocrx_word' id='word_1_147' title='bbox 2612 1203 2824 1259; x_wconf 65' lang='lat' dir='ltr'><strong>caeteris</strong></span> <span class='ocrx_word' id='word_1_148' title='bbox 2838 1202 3089 1274; x_wconf 90' lang='lat' dir='ltr'><strong>pluribus</strong></span> <span class='ocrx_word' id='word_1_149' title='bbox 3100 1203 3444 1275; x_wconf 90' lang='lat' dir='ltr'><strong>presbyteris</strong></span> <span class='ocrx_word' id='word_1_150' title='bbox 3452 1219 3517 1260; x_wconf 87' lang='lat' dir='ltr'><strong>ac</strong></span> 
     </span>
    </p>
   </div>
   <div class='ocr_carea' id='block_1_25' title="bbox 1894 1292 3515 1371">
    <p class='ocr_par' dir='ltr' id='par_1_25' title="bbox 1894 1292 3515 1371">
     <span class='ocr_line' id='line_1_25' title="bbox 1894 1292 3515 1371; baseline 0.002 -24"><span class='ocrx_word' id='word_1_151' title='bbox 1894 1292 2222 1350; x_wconf 87' lang='lat' dir='ltr'><strong>diaconibus</strong></span> <span class='ocrx_word' id='word_1_152' title='bbox 2250 1296 2470 1367; x_wconf 90' lang='lat' dir='ltr'><strong>publice</strong></span> <span class='ocrx_word' id='word_1_153' title='bbox 2499 1295 2903 1351; x_wconf 87' lang='lat' dir='ltr'><strong>assistentibus.</strong></span> <span class='ocrx_word' id='word_1_154' title='bbox 2935 1296 3126 1351; x_wconf 80' lang='lat' dir='ltr'><strong>Actum</strong></span> <span class='ocrx_word' id='word_1_155' title='bbox 3162 1296 3217 1350; x_wconf 90' lang='lat' dir='ltr'><strong>in</strong></span> <span class='ocrx_word' id='word_1_156' title='bbox 3249 1295 3515 1371; x_wconf 85' lang='lat' dir='ltr'><strong>Engilen-</strong></span> 
     </span>
    </p>
   </div>
   <div class='ocr_carea' id='block_1_26' title="bbox 1894 1380 3512 1457">
    <p class='ocr_par' dir='ltr' id='par_1_26' title="bbox 1894 1380 3512 1457">
     <span class='ocr_line' id='line_1_26' title="bbox 1894 1380 3512 1457; baseline 0.006 -22"><span class='ocrx_word' id='word_1_157' title='bbox 1894 1380 2042 1437; x_wconf 92' lang='lat' dir='ltr'><strong>heim</strong></span> <span class='ocrx_word' id='word_1_158' title='bbox 2071 1382 2275 1453; x_wconf 88' lang='lat' dir='ltr'><strong>palatio</strong></span> <span class='ocrx_word' id='word_1_159' title='bbox 2306 1384 2549 1455; x_wconf 92' lang='lat' dir='ltr'><strong>publico,</strong></span> <span class='ocrx_word' id='word_1_160' title='bbox 2582 1385 2638 1439; x_wconf 92' lang='lat' dir='ltr'><strong>in</strong></span> <span class='ocrx_word' id='word_1_161' title='bbox 2668 1400 2860 1441; x_wconf 89' lang='lat' dir='ltr'><strong>mense</strong></span> <span class='ocrx_word' id='word_1_162' title='bbox 2888 1385 3075 1454; x_wconf 84' lang='lat' dir='ltr'><strong>Junio,</strong></span> <span class='ocrx_word' id='word_1_163' title='bbox 3106 1402 3205 1441; x_wconf 80' lang='lat' dir='ltr'><strong>vin</strong></span> <span class='ocrx_word' id='word_1_164' title='bbox 3225 1386 3512 1457; x_wconf 85' lang='lat' dir='ltr'><strong>Kal..lulii,</strong></span> 
     </span>
    </p>
   </div>
   <div class='ocr_carea' id='block_1_27' title="bbox 1893 1475 3514 1549">
    <p class='ocr_par' dir='ltr' id='par_1_27' title="bbox 1893 1475 3514 1549">
     <span class='ocr_line' id='line_1_27' title="bbox 1893 1475 3514 1549; baseline 0.005 -22"><span class='ocrx_word' id='word_1_165' title='bbox 1893 1483 2163 1549; x_wconf 82' lang='lat' dir='ltr'><strong>regnante</strong></span> <span class='ocrx_word' id='word_1_166' title='bbox 2175 1482 2230 1531; x_wconf 91' lang='lat' dir='ltr'><strong>et</strong></span> <span class='ocrx_word' id='word_1_167' title='bbox 2255 1475 2567 1549; x_wconf 88' lang='lat' dir='ltr'><strong>imperante</strong></span> <span class='ocrx_word' id='word_1_168' title='bbox 2588 1477 2794 1534; x_wconf 93' lang='lat' dir='ltr'><strong>domno</strong></span> <span class='ocrx_word' id='word_1_169' title='bbox 2819 1477 3076 1533; x_wconf 87' lang='lat' dir='ltr'><strong>Lothario</strong></span> <span class='ocrx_word' id='word_1_170' title='bbox 3104 1476 3338 1546; x_wconf 69' lang='lat' dir='ltr'><strong>Caesare,</strong></span> <span class='ocrx_word' id='word_1_171' title='bbox 3366 1495 3514 1536; x_wconf 90' lang='lat' dir='ltr'><strong>anno</strong></span> 
     </span>
    </p>
   </div>
   <div class='ocr_carea' id='block_1_28' title="bbox 1892 1564 3511 1640">
    <p class='ocr_par' dir='ltr' id='par_1_28' title="bbox 1892 1564 3511 1640">
     <span class='ocr_line' id='line_1_28' title="bbox 1892 1564 3511 1640; baseline 0.005 -23"><span class='ocrx_word' id='word_1_172' title='bbox 1892 1564 2223 1621; x_wconf 89' lang='lat' dir='ltr'><strong>reversionis</strong></span> <span class='ocrx_word' id='word_1_173' title='bbox 2249 1566 2369 1636; x_wconf 86' lang='lat' dir='ltr'><strong>ejus</strong></span> <span class='ocrx_word' id='word_1_174' title='bbox 2398 1568 2452 1636; x_wconf 87' lang='grc'><strong>1,</strong></span> <span class='ocrx_word' id='word_1_175' title='bbox 2505 1583 2793 1625; x_wconf 86' lang='lat' dir='ltr'><strong>successor</strong></span> <span class='ocrx_word' id='word_1_176' title='bbox 2840 1566 3017 1623; x_wconf 90' lang='lat' dir='ltr'><strong>factus</strong></span> <span class='ocrx_word' id='word_1_177' title='bbox 3047 1567 3217 1640; x_wconf 87' lang='lat' dir='ltr'><strong>patris</strong></span> <span class='ocrx_word' id='word_1_178' title='bbox 3243 1568 3299 1623; x_wconf 91' lang='lat' dir='ltr'><strong>in</strong></span> <span class='ocrx_word' id='word_1_179' title='bbox 3332 1568 3511 1625; x_wconf 85' lang='lat' dir='ltr'><strong>Fran-</strong></span> 
     </span>
    </p>
   </div>
   <div class='ocr_carea' id='block_1_29' title="bbox 1891 1656 3512 1733">
    <p class='ocr_par' dir='ltr' id='par_1_29' title="bbox 1891 1656 3512 1733">
     <span class='ocr_line' id='line_1_29' title="bbox 1891 1656 3512 1733; baseline 0.004 -22"><span class='ocrx_word' id='word_1_180' title='bbox 1891 1656 1995 1724; x_wconf 91' lang='lat' dir='ltr'><strong>cia,</strong></span> <span class='ocrx_word' id='word_1_181' title='bbox 2047 1656 2350 1716; x_wconf 91' lang='lat' dir='ltr'><strong>indictione</strong></span> <span class='ocrx_word' id='word_1_182' title='bbox 2404 1661 2458 1718; x_wconf 90' lang='lat'>3.</span> <span class='ocrx_word' id='word_1_183' title='bbox 2504 1683 2531 1708; x_wconf 67' lang='grc' dir='ltr'><strong><em>η</em></strong></span> <span class='ocrx_word' id='word_1_184' title='bbox 2563 1660 2659 1715; x_wconf 89' lang='lat' dir='ltr'><strong>Cui</strong></span> <span class='ocrx_word' id='word_1_185' title='bbox 2714 1660 3054 1717; x_wconf 86' lang='lat' dir='ltr'><strong>restitutioni</strong></span> <span class='ocrx_word' id='word_1_186' title='bbox 3085 1659 3330 1732; x_wconf 68' lang='lat' dir='ltr'><strong>praefata,</strong></span> <span class='ocrx_word' id='word_1_187' title='bbox 3389 1679 3512 1733; x_wconf 69' lang='lat' dir='ltr'><strong>quin</strong></span> 
     </span>
    </p>
   </div>
   <div class='ocr_carea' id='block_1_30' title="bbox 1885 1747 3511 1822">
    <p class='ocr_par' dir='ltr' id='par_1_30' title="bbox 1885 1747 3511 1822">
     <span class='ocr_line' id='line_1_30' title="bbox 1885 1747 3511 1822; baseline 0.006 -21"><span class='ocrx_word' id='word_1_188' title='bbox 1885 1747 2177 1803; x_wconf 92' lang='lat' dir='ltr'><strong>Suessonis</strong></span> <span class='ocrx_word' id='word_1_189' title='bbox 2204 1750 2392 1806; x_wconf 87' lang='lat' dir='ltr'><strong>habita</strong></span> <span class='ocrx_word' id='word_1_190' title='bbox 2418 1758 2525 1819; x_wconf 90' lang='lat' dir='ltr'><strong>est,</strong></span> <span class='ocrx_word' id='word_1_191' title='bbox 2566 1750 2899 1807; x_wconf 86' lang='lat' dir='ltr'><strong>contradixit</strong></span> <span class='ocrx_word' id='word_1_192' title='bbox 2926 1751 3195 1822; x_wconf 90' lang='lat' dir='ltr'><strong>synodus,</strong></span> <span class='ocrx_word' id='word_1_193' title='bbox 3255 1769 3511 1811; x_wconf 87' lang='lat' dir='ltr'><strong>asserens</strong></span> 
     </span>
    </p>
   </div>
   <div class='ocr_carea' id='block_1_31' title="bbox 1884 1838 3510 1913">
    <p class='ocr_par' dir='ltr' id='par_1_31' title="bbox 1884 1838 3510 1913">
     <span class='ocr_line' id='line_1_31' title="bbox 1884 1838 3510 1913; baseline 0.006 -22"><span class='ocrx_word' id='word_1_194' title='bbox 1884 1838 2033 1908; x_wconf 89' lang='lat' dir='ltr'><strong>quod</strong></span> <span class='ocrx_word' id='word_1_195' title='bbox 2064 1838 2357 1894; x_wconf 89' lang='lat' dir='ltr'><strong>damnatus</strong></span> <span class='ocrx_word' id='word_1_196' title='bbox 2385 1856 2416 1895; x_wconf 92' lang='lat' dir='ltr'><strong>a</strong></span> <span class='ocrx_word' id='word_1_197' title='bbox 2442 1856 2503 1896; x_wconf 91' lang='lat' dir='ltr'><strong>se</strong></span> <span class='ocrx_word' id='word_1_198' title='bbox 2548 1848 2715 1913; x_wconf 91' lang='lat' dir='ltr'><strong>atque</strong></span> <span class='ocrx_word' id='word_1_199' title='bbox 2762 1856 2795 1896; x_wconf 91' lang='lat' dir='ltr'><strong>a</strong></span> <span class='ocrx_word' id='word_1_200' title='bbox 2822 1840 2894 1898; x_wconf 76' lang='grc'><strong>34</strong></span> <span class='ocrx_word' id='word_1_201' title='bbox 2920 1840 3219 1913; x_wconf 89' lang='lat' dir='ltr'><strong>episcopis,</strong></span> <span class='ocrx_word' id='word_1_202' title='bbox 3251 1858 3284 1897; x_wconf 88' lang='lat' dir='ltr'><strong>a</strong></span> <span class='ocrx_word' id='word_1_203' title='bbox 3308 1844 3510 1901; x_wconf 90' lang='lat' dir='ltr'><strong>minori</strong></span> 
     </span>
    </p>
   </div>
   <div class='ocr_carea' id='block_1_32' title="bbox 164 1901 3510 2012">
    <p class='ocr_par' dir='ltr' id='par_1_32' title="bbox 164 1901 3510 2012">
     <span class='ocr_line' id='line_1_32' title="bbox 164 1901 3510 2012; baseline 0.011 -57"><span class='ocrx_word' id='word_1_204' title='bbox 164 1901 400 2012; x_wconf 80' lang='lat' dir='ltr'><strong>edictum</strong></span> <span class='ocrx_word' id='word_1_205' title='bbox 436 1904 726 1978; x_wconf 88' lang='lat' dir='ltr'><strong>imperiale</strong></span> <span class='ocrx_word' id='word_1_206' title='bbox 752 1911 1010 1971; x_wconf 87' lang='lat' dir='ltr'><strong>restituit.</strong></span> <span class='ocrx_word' id='word_1_207' title='bbox 1028 1914 1193 1986; x_wconf 88' lang='lat' dir='ltr'><strong>Cujus</strong></span> <span class='ocrx_word' id='word_1_208' title='bbox 1222 1920 1388 1978; x_wconf 87' lang='lat' dir='ltr'><strong>edicti</strong></span> <span class='ocrx_word' id='word_1_209' title='bbox 1418 1923 1524 1980; x_wconf 90' lang='lat' dir='ltr'><strong>hoc</strong></span> <span class='ocrx_word' id='word_1_210' title='bbox 1552 1901 1786 1984; x_wconf 76' lang='lat' dir='ltr'><strong>habetur</strong></span> <span class='ocrx_word' id='word_1_211' title='bbox 1812 1993 1860 2012; x_wconf 54' lang='grc' dir='ltr'>ῃ</span> <span class='ocrx_word' id='word_1_212' title='bbox 1884 1901 2117 1989; x_wconf 77' lang='lat' dir='ltr'><strong>numero</strong></span> <span class='ocrx_word' id='word_1_213' title='bbox 2147 1933 2360 1989; x_wconf 90' lang='lat' dir='ltr'><strong>restitui</strong></span> <span class='ocrx_word' id='word_1_214' title='bbox 2392 1949 2502 1990; x_wconf 90' lang='lat' dir='ltr'><strong>non</strong></span> <span class='ocrx_word' id='word_1_215' title='bbox 2562 1901 2868 2005; x_wconf 53' lang='lat' dir='ltr'><strong>praevaluit.</strong></span> <span class='ocrx_word' id='word_1_216' title='bbox 2901 1901 3056 1998; x_wconf 77' lang='lat' dir='ltr'><strong>Quod</strong></span> <span class='ocrx_word' id='word_1_217' title='bbox 3087 1901 3329 1991; x_wconf 72' lang='lat' dir='ltr'><strong>edictum</strong></span> <span class='ocrx_word' id='word_1_218' title='bbox 3362 1938 3510 2012; x_wconf 86' lang='lat' dir='ltr'><strong>regis</strong></span> 
     </span>
    </p>
   </div>
   <div class='ocr_carea' id='block_1_33' title="bbox 163 1995 491 2068">
    <p class='ocr_par' dir='ltr' id='par_1_33' title="bbox 163 1995 491 2068">
     <span class='ocr_line' id='line_1_33' title="bbox 163 1995 491 2068; baseline 0.024 -20"><span class='ocrx_word' id='word_1_219' title='bbox 163 1995 445 2068; x_wconf 88' lang='lat' dir='ltr'><strong>exemplar</strong></span> <span class='ocrx_word' id='word_1_220' title='bbox 475 2017 491 2056; x_wconf 89' lang='lat'><strong>:</strong></span> 
     </span>
    </p>
   </div>
   <div class='ocr_carea' id='block_1_34' title="bbox 232 2093 1779 2173">
    <p class='ocr_par' dir='ltr' id='par_1_34' title="bbox 232 2093 1779 2173">
     <span class='ocr_line' id='line_1_34' title="bbox 232 2093 1779 2173; baseline 0.009 -25"><span class='ocrx_word' id='word_1_221' title='bbox 232 2112 258 2142; x_wconf 77' lang='grc' dir='ltr'><strong><em>α</em></strong></span> <span class='ocrx_word' id='word_1_222' title='bbox 282 2093 341 2149; x_wconf 92' lang='lat' dir='ltr'><strong>In</strong></span> <span class='ocrx_word' id='word_1_223' title='bbox 374 2095 833 2155; x_wconf 90' lang='lat' dir='ltr'><strong>nomineDomini</strong></span> <span class='ocrx_word' id='word_1_224' title='bbox 855 2101 1030 2157; x_wconf 86' lang='lat' dir='ltr'><strong>nostri</strong></span> <span class='ocrx_word' id='word_1_225' title='bbox 1049 2102 1178 2159; x_wconf 87' lang='lat' dir='ltr'><strong>Jesu</strong></span> <span class='ocrx_word' id='word_1_226' title='bbox 1198 2104 1416 2173; x_wconf 88' lang='lat' dir='ltr'><strong>Christi,</strong></span> <span class='ocrx_word' id='word_1_227' title='bbox 1449 2105 1545 2161; x_wconf 92' lang='lat' dir='ltr'><strong>Dei</strong></span> <span class='ocrx_word' id='word_1_228' title='bbox 1563 2109 1779 2165; x_wconf 77' lang='lat' dir='ltr'><strong>aeterni.</strong></span> 
     </span>
    </p>
   </div>
   <div class='ocr_carea' id='block_1_35' title="bbox 159 2176 1783 2275">
    <p class='ocr_par' dir='ltr' id='par_1_35' title="bbox 159 2176 1783 2275">
     <span class='ocr_line' id='line_1_35' title="bbox 159 2176 1783 2275; baseline 0.013 -42"><span class='ocrx_word' id='word_1_229' title='bbox 159 2176 443 2275; x_wconf 63' lang='lat' dir='ltr'><strong>botharius</strong></span> <span class='ocrx_word' id='word_1_230' title='bbox 494 2183 682 2241; x_wconf 85' lang='lat' dir='ltr'><strong>divina</strong></span> <span class='ocrx_word' id='word_1_231' title='bbox 733 2188 1028 2247; x_wconf 89' lang='lat' dir='ltr'><strong>ordinante</strong></span> <span class='ocrx_word' id='word_1_232' title='bbox 1087 2195 1435 2264; x_wconf 86' lang='lat' dir='ltr'><strong>providentia</strong></span> <span class='ocrx_word' id='word_1_233' title='bbox 1482 2196 1783 2275; x_wconf 78' lang='lat' dir='ltr'><strong>imperator</strong></span> 
     </span>
    </p>
   </div>
   <div class='ocr_carea' id='block_1_36' title="bbox 154 2268 1778 2346">
    <p class='ocr_par' dir='ltr' id='par_1_36' title="bbox 154 2268 1778 2346">
     <span class='ocr_line' id='line_1_36' title="bbox 154 2268 1778 2346; baseline 0.014 -25"><span class='ocrx_word' id='word_1_234' title='bbox 154 2268 449 2346; x_wconf 82' lang='lat' dir='ltr'><strong>Augustus.</strong></span> <span class='ocrx_word' id='word_1_235' title='bbox 486 2274 621 2341; x_wconf 88' lang='lat' dir='ltr'><strong>Quia</strong></span> <span class='ocrx_word' id='word_1_236' title='bbox 670 2278 947 2337; x_wconf 90' lang='lat' dir='ltr'><strong>confessio</strong></span> <span class='ocrx_word' id='word_1_237' title='bbox 1005 2281 1333 2341; x_wconf 90' lang='lat' dir='ltr'><strong>delictorum</strong></span> <span class='ocrx_word' id='word_1_238' title='bbox 1364 2300 1475 2343; x_wconf 91' lang='lat' dir='ltr'><strong>non</strong></span> <span class='ocrx_word' id='word_1_239' title='bbox 1508 2287 1693 2343; x_wconf 93' lang='lat' dir='ltr'><strong>minus</strong></span> <span class='ocrx_word' id='word_1_240' title='bbox 1715 2268 1778 2344; x_wconf 80' lang='lat' dir='ltr'><strong>in</strong></span> 
     </span>
    </p>
   </div>
   <div class='ocr_carea' id='block_1_37' title="bbox 155 2358 1781 2449">
    <p class='ocr_par' dir='ltr' id='par_1_37' title="bbox 155 2358 1781 2449">
     <span class='ocr_line' id='line_1_37' title="bbox 155 2358 1781 2449; baseline 0.013 -36"><span class='ocrx_word' id='word_1_241' title='bbox 155 2358 397 2420; x_wconf 84' lang='lat' dir='ltr'><strong>adversis</strong></span> <span class='ocrx_word' id='word_1_242' title='bbox 427 2370 746 2425; x_wconf 89' lang='lat' dir='ltr'><strong>necessaria</strong></span> <span class='ocrx_word' id='word_1_243' title='bbox 798 2378 904 2440; x_wconf 90' lang='lat' dir='ltr'><strong>est,</strong></span> <span class='ocrx_word' id='word_1_244' title='bbox 964 2389 1128 2445; x_wconf 90' lang='lat' dir='ltr'><strong>quam</strong></span> <span class='ocrx_word' id='word_1_245' title='bbox 1184 2375 1239 2429; x_wconf 91' lang='lat' dir='ltr'><strong>in</strong></span> <span class='ocrx_word' id='word_1_246' title='bbox 1271 2378 1575 2449; x_wconf 91' lang='lat' dir='ltr'><strong>prosperis,</strong></span> <span class='ocrx_word' id='word_1_247' title='bbox 1603 2386 1661 2433; x_wconf 91' lang='lat' dir='ltr'><strong>et</strong></span> <span class='ocrx_word' id='word_1_248' title='bbox 1686 2392 1781 2434; x_wconf 93' lang='lat' dir='ltr'><strong>cor</strong></span> 
     </span>
    </p>
   </div>
   <div class='ocr_carea' id='block_1_38' title="bbox 154 2452 1775 2539">
    <p class='ocr_par' dir='ltr' id='par_1_38' title="bbox 154 2452 1775 2539">
     <span class='ocr_line' id='line_1_38' title="bbox 154 2452 1775 2539; baseline 0.013 -35"><span class='ocrx_word' id='word_1_249' title='bbox 154 2452 446 2539; x_wconf 74' lang='lat' dir='ltr'><strong>contritum</strong></span> <span class='ocrx_word' id='word_1_250' title='bbox 481 2464 537 2512; x_wconf 91' lang='lat' dir='ltr'><strong>et</strong></span> <span class='ocrx_word' id='word_1_251' title='bbox 568 2459 916 2518; x_wconf 89' lang='lat' dir='ltr'><strong>humiliatum</strong></span> <span class='ocrx_word' id='word_1_252' title='bbox 948 2463 1094 2520; x_wconf 92' lang='lat' dir='ltr'><strong>Deus</strong></span> <span class='ocrx_word' id='word_1_253' title='bbox 1122 2480 1235 2521; x_wconf 90' lang='lat' dir='ltr'><strong>non</strong></span> <span class='ocrx_word' id='word_1_254' title='bbox 1265 2465 1501 2539; x_wconf 91' lang='lat' dir='ltr'><strong>despicit</strong></span> <span class='ocrx_word' id='word_1_255' title='bbox 1524 2469 1688 2537; x_wconf 80' lang='lat' dir='ltr'><strong>(Psal.</strong></span> <span class='ocrx_word' id='word_1_256' title='bbox 1723 2486 1775 2537; x_wconf 80' lang='grc' dir='ltr'><strong>ι,</strong></span> 
     </span>
    </p>
   </div>
   <div class='ocr_carea' id='block_1_39' title="bbox 151 2537 1771 2627">
    <p class='ocr_par' dir='ltr' id='par_1_39' title="bbox 151 2537 1771 2627">
     <span class='ocr_line' id='line_1_39' title="bbox 151 2537 1771 2627; baseline 0.009 -30"><span class='ocrx_word' id='word_1_257' title='bbox 151 2537 254 2610; x_wconf 83' lang='grc'><strong>19),</strong></span> <span class='ocrx_word' id='word_1_258' title='bbox 283 2546 555 2617; x_wconf 80' lang='lat' dir='ltr'><strong>gaudium</strong></span> <span class='ocrx_word' id='word_1_259' title='bbox 587 2550 753 2605; x_wconf 88' lang='lat' dir='ltr'><strong>etiam</strong></span> <span class='ocrx_word' id='word_1_260' title='bbox 784 2566 909 2607; x_wconf 88' lang='lat' dir='ltr'><strong>esse</strong></span> <span class='ocrx_word' id='word_1_261' title='bbox 964 2555 1289 2627; x_wconf 88' lang='lat' dir='ltr'><strong>angelorum</strong></span> <span class='ocrx_word' id='word_1_262' title='bbox 1312 2537 1382 2609; x_wconf 23' lang='lat' dir='ltr'><strong>inv</strong></span> <span class='ocrx_word' id='word_1_263' title='bbox 1418 2555 1574 2611; x_wconf 79' lang='lat' dir='ltr'><strong>caelis</strong></span> <span class='ocrx_word' id='word_1_264' title='bbox 1601 2572 1771 2627; x_wconf 90' lang='lat' dir='ltr'><strong>super</strong></span> 
     </span>
    </p>
   </div>
   <div class='ocr_carea' id='block_1_40' title="bbox 151 2646 1766 2724">
    <p class='ocr_par' dir='ltr' id='par_1_40' title="bbox 151 2646 1766 2724">
     <span class='ocr_line' id='line_1_40' title="bbox 151 2646 1766 2724; baseline 0.011 -35"><span class='ocrx_word' id='word_1_265' title='bbox 151 2649 257 2692; x_wconf 91' lang='lat' dir='ltr'><strong>uno</strong></span> <span class='ocrx_word' id='word_1_266' title='bbox 294 2648 594 2709; x_wconf 88' lang='lat' dir='ltr'><strong>peccatore</strong></span> <span class='ocrx_word' id='word_1_267' title='bbox 624 2646 1009 2716; x_wconf 65' lang='lat' dir='ltr'><strong>paenitentiam</strong></span> <span class='ocrx_word' id='word_1_268' title='bbox 1040 2659 1241 2724; x_wconf 87' lang='lat' dir='ltr'><strong>agente</strong></span> <span class='ocrx_word' id='word_1_269' title='bbox 1273 2654 1418 2723; x_wconf 86' lang='lat' dir='ltr'><strong>(Luc.</strong></span> <span class='ocrx_word' id='word_1_270' title='bbox 1451 2669 1540 2721; x_wconf 88' lang='lat' dir='ltr'><strong>xv,</strong></span> <span class='ocrx_word' id='word_1_271' title='bbox 1573 2653 1623 2724; x_wconf 89' lang='lat'><strong>7)</strong></span> <span class='ocrx_word' id='word_1_272' title='bbox 1654 2667 1766 2708; x_wconf 91' lang='lat' dir='ltr'><strong>non</strong></span> 
     </span>
    </p>
   </div>
   <div class='ocr_carea' id='block_1_41' title="bbox 150 2729 1765 2818">
    <p class='ocr_par' dir='ltr' id='par_1_41' title="bbox 150 2729 1765 2818">
     <span class='ocr_line' id='line_1_41' title="bbox 150 2729 1765 2818; baseline 0.015 -35"><span class='ocrx_word' id='word_1_273' title='bbox 150 2729 483 2818; x_wconf 81' lang='lat' dir='ltr'><strong>dubitamus,</strong></span> <span class='ocrx_word' id='word_1_274' title='bbox 513 2754 619 2794; x_wconf 91' lang='lat' dir='ltr'><strong>nos</strong></span> <span class='ocrx_word' id='word_1_275' title='bbox 664 2744 927 2798; x_wconf 88' lang='lat' dir='ltr'><strong>mortales</strong></span> <span class='ocrx_word' id='word_1_276' title='bbox 980 2744 1035 2799; x_wconf 91' lang='lat' dir='ltr'><strong>in</strong></span> <span class='ocrx_word' id='word_1_277' title='bbox 1094 2746 1255 2801; x_wconf 91' lang='lat' dir='ltr'><strong>terris</strong></span> <span class='ocrx_word' id='word_1_278' title='bbox 1285 2761 1382 2802; x_wconf 94' lang='lat' dir='ltr'><strong>eos</strong></span> <span class='ocrx_word' id='word_1_279' title='bbox 1412 2761 1765 2818; x_wconf 85' lang='lat' dir='ltr'><strong>nequaquam</strong></span> 
     </span>
    </p>
   </div>
   <div class='ocr_carea' id='block_1_42' title="bbox 151 2815 1766 2915">
    <p class='ocr_par' dir='ltr' id='par_1_42' title="bbox 151 2815 1766 2915">
     <span class='ocr_line' id='line_1_42' title="bbox 151 2815 1766 2915; baseline 0.012 -44"><span class='ocrx_word' id='word_1_280' title='bbox 151 2815 501 2915; x_wconf 79' lang='lat' dir='ltr'><strong>despicimus,</strong></span> <span class='ocrx_word' id='word_1_281' title='bbox 531 2842 632 2898; x_wconf 92' lang='lat' dir='ltr'><strong>pro</strong></span> <span class='ocrx_word' id='word_1_282' title='bbox 655 2830 857 2901; x_wconf 90' lang='lat' dir='ltr'><strong>quibus</strong></span> <span class='ocrx_word' id='word_1_283' title='bbox 898 2834 1143 2909; x_wconf 90' lang='lat' dir='ltr'><strong>gaudere</strong></span> <span class='ocrx_word' id='word_1_284' title='bbox 1170 2836 1399 2911; x_wconf 89' lang='lat' dir='ltr'><strong>angelos</strong></span> <span class='ocrx_word' id='word_1_285' title='bbox 1419 2836 1475 2890; x_wconf 93' lang='lat' dir='ltr'><strong>in</strong></span> <span class='ocrx_word' id='word_1_286' title='bbox 1503 2815 1645 2892; x_wconf 61' lang='lat' dir='ltr'><strong>coelo</strong></span> <span class='ocrx_word' id='word_1_287' title='bbox 1677 2836 1766 2891; x_wconf 89' lang='lat' dir='ltr'><strong>di-</strong></span> 
     </span>
    </p>
   </div>
   <div class='ocr_carea' id='block_1_43' title="bbox 150 2914 1761 2996">
    <p class='ocr_par' dir='ltr' id='par_1_43' title="bbox 150 2914 1761 2996">
     <span class='ocr_line' id='line_1_43' title="bbox 150 2914 1761 2996; baseline 0.014 -37"><span class='ocrx_word' id='word_1_288' title='bbox 150 2914 270 2962; x_wconf 89' lang='lat' dir='ltr'><strong>vino</strong></span> <span class='ocrx_word' id='word_1_289' title='bbox 299 2914 625 2973; x_wconf 88' lang='lat' dir='ltr'><strong>testimonio</strong></span> <span class='ocrx_word' id='word_1_290' title='bbox 678 2935 790 2976; x_wconf 92' lang='lat' dir='ltr'><strong>non</strong></span> <span class='ocrx_word' id='word_1_291' title='bbox 840 2922 1178 2996; x_wconf 85' lang='lat' dir='ltr'><strong>ignoramus.</strong></span> <span class='ocrx_word' id='word_1_292' title='bbox 1210 2927 1545 2982; x_wconf 88' lang='lat' dir='ltr'><strong>Accusantes</strong></span> <span class='ocrx_word' id='word_1_293' title='bbox 1582 2933 1637 2981; x_wconf 91' lang='lat' dir='ltr'><strong>et</strong></span> <span class='ocrx_word' id='word_1_294' title='bbox 1667 2942 1761 2981; x_wconf 91' lang='lat' dir='ltr'><strong>re-</strong></span> 
     </span>
    </p>
   </div>
   <div class='ocr_carea' id='block_1_44' title="bbox 152 2998 1770 3086">
    <p class='ocr_par' dir='ltr' id='par_1_44' title="bbox 152 2998 1770 3086">
     <span class='ocr_line' id='line_1_44' title="bbox 152 2998 1770 3086; baseline 0.013 -36"><span class='ocrx_word' id='word_1_295' title='bbox 152 2998 558 3086; x_wconf 82' lang='lat' dir='ltr'><strong>prehendentes</strong></span> <span class='ocrx_word' id='word_1_296' title='bbox 612 3007 669 3062; x_wconf 92' lang='lat' dir='ltr'><strong>in</strong></span> <span class='ocrx_word' id='word_1_297' title='bbox 724 3013 1041 3069; x_wconf 80' lang='lat' dir='ltr'><strong>excessibus</strong></span> <span class='ocrx_word' id='word_1_298' title='bbox 1070 3015 1402 3086; x_wconf 90' lang='lat' dir='ltr'><strong>semetipsos</strong></span> <span class='ocrx_word' id='word_1_299' title='bbox 1431 3015 1618 3071; x_wconf 88' lang='lat' dir='ltr'><strong>divina</strong></span> <span class='ocrx_word' id='word_1_300' title='bbox 1667 3030 1770 3072; x_wconf 90' lang='lat' dir='ltr'><strong>nos</strong></span> 
     </span>
    </p>
   </div>
   <div class='ocr_carea' id='block_1_45' title="bbox 151 3083 1766 3177">
    <p class='ocr_par' dir='ltr' id='par_1_45' title="bbox 151 3083 1766 3177">
     <span class='ocr_line' id='line_1_45' title="bbox 151 3083 1766 3177; baseline 0.013 -39"><span class='ocrx_word' id='word_1_301' title='bbox 151 3083 454 3160; x_wconf 84' lang='lat' dir='ltr'><strong>benignitas</strong></span> <span class='ocrx_word' id='word_1_302' title='bbox 480 3108 597 3149; x_wconf 90' lang='lat' dir='ltr'><strong>non</strong></span> <span class='ocrx_word' id='word_1_303' title='bbox 624 3097 1023 3168; x_wconf 87' lang='lat' dir='ltr'><strong>condemnare,</strong></span> <span class='ocrx_word' id='word_1_304' title='bbox 1043 3101 1143 3157; x_wconf 88' lang='lat' dir='ltr'><strong>sed</strong></span> <span class='ocrx_word' id='word_1_305' title='bbox 1175 3083 1425 3160; x_wconf 75' lang='lat' dir='ltr'><strong>recreare</strong></span> <span class='ocrx_word' id='word_1_306' title='bbox 1448 3104 1766 3177; x_wconf 88' lang='lat' dir='ltr'><strong>docuit,qui</strong></span> 
     </span>
    </p>
   </div>
   <div class='ocr_carea' id='block_1_46' title="bbox 151 3179 1766 3266">
    <p class='ocr_par' dir='ltr' id='par_1_46' title="bbox 151 3179 1766 3266">
     <span class='ocr_line' id='line_1_46' title="bbox 151 3179 1766 3266; baseline 0.014 -39"><span class='ocrx_word' id='word_1_307' title='bbox 151 3179 488 3266; x_wconf 76' lang='lat' dir='ltr'><strong>meretricem</strong></span> <span class='ocrx_word' id='word_1_308' title='bbox 538 3198 651 3239; x_wconf 90' lang='lat' dir='ltr'><strong>non</strong></span> <span class='ocrx_word' id='word_1_309' title='bbox 706 3189 884 3245; x_wconf 87' lang='lat' dir='ltr'><strong>solum</strong></span> <span class='ocrx_word' id='word_1_310' title='bbox 916 3206 947 3244; x_wconf 89' lang='lat' dir='ltr'><strong>a</strong></span> <span class='ocrx_word' id='word_1_311' title='bbox 986 3191 1150 3265; x_wconf 87' lang='lat' dir='ltr'><strong>legali</strong></span> <span class='ocrx_word' id='word_1_312' title='bbox 1180 3194 1537 3252; x_wconf 89' lang='lat' dir='ltr'><strong>damnatione</strong></span> <span class='ocrx_word' id='word_1_313' title='bbox 1563 3195 1766 3266; x_wconf 87' lang='lat' dir='ltr'><strong>eripuit</strong></span> 
     </span>
    </p>
   </div>
   <div class='ocr_carea' id='block_1_47' title="bbox 1812 1993 3507 2093">
    <p class='ocr_par' dir='ltr' id='par_1_47' title="bbox 1812 1993 3507 2093">
     <span class='ocr_line' id='line_1_47' title="bbox 1812 1993 3507 2093; baseline 0.004 -19"><span class='ocrx_word' id='word_1_314' title='bbox 1812 1993 1863 2063; x_wconf 72' lang='grc' dir='ltr'><strong>Β</strong></span> <span class='ocrx_word' id='word_1_315' title='bbox 1884 2020 1998 2077; x_wconf 84' lang='lat' dir='ltr'><strong>Ebo</strong></span> <span class='ocrx_word' id='word_1_316' title='bbox 2020 2038 2207 2078; x_wconf 90' lang='lat' dir='ltr'><strong>secum</strong></span> <span class='ocrx_word' id='word_1_317' title='bbox 2240 2022 2459 2090; x_wconf 91' lang='lat' dir='ltr'><strong>detulit,</strong></span> <span class='ocrx_word' id='word_1_318' title='bbox 2493 2028 2549 2078; x_wconf 92' lang='lat' dir='ltr'><strong>et</strong></span> <span class='ocrx_word' id='word_1_319' title='bbox 2564 1993 2721 2093; x_wconf 71' lang='lat' dir='ltr'><strong>apud</strong></span> <span class='ocrx_word' id='word_1_320' title='bbox 2749 1993 3042 2093; x_wconf 74' lang='lat' dir='ltr'><strong>episcopos</strong></span> <span class='ocrx_word' id='word_1_321' title='bbox 3057 2028 3113 2077; x_wconf 91' lang='lat' dir='ltr'><strong>et</strong></span> <span class='ocrx_word' id='word_1_322' title='bbox 3138 2021 3327 2092; x_wconf 84' lang='lat' dir='ltr'><strong>plures</strong></span> <span class='ocrx_word' id='word_1_323' title='bbox 3372 1993 3507 2081; x_wconf 42' lang='lat' dir='ltr'><strong>ill‘ud</strong></span> 
     </span>
    </p>
   </div>
   <div class='ocr_carea' id='block_1_48' title="bbox 1884 2114 3507 2189">
    <p class='ocr_par' dir='ltr' id='par_1_48' title="bbox 1884 2114 3507 2189">
     <span class='ocr_line' id='line_1_48' title="bbox 1884 2114 3507 2189; baseline 0.003 -19"><span class='ocrx_word' id='word_1_324' title='bbox 1884 2115 2115 2171; x_wconf 61' lang='lat' dir='ltr'><strong>diversae</strong></span> <span class='ocrx_word' id='word_1_325' title='bbox 2135 2114 2498 2187; x_wconf 80' lang='lat' dir='ltr'><strong>professionis</strong></span> <span class='ocrx_word' id='word_1_326' title='bbox 2526 2123 2582 2171; x_wconf 92' lang='lat' dir='ltr'><strong>et</strong></span> <span class='ocrx_word' id='word_1_327' title='bbox 2610 2115 2845 2184; x_wconf 89' lang='lat' dir='ltr'><strong>ordinis,</strong></span> <span class='ocrx_word' id='word_1_328' title='bbox 2877 2115 3202 2189; x_wconf 84' lang='lat' dir='ltr'><strong>dimulgavit</strong></span> <span class='ocrx_word' id='word_1_329' title='bbox 3234 2114 3294 2188; x_wconf 78' lang='lat' dir='ltr'><strong>[i,</strong></span> <span class='ocrx_word' id='word_1_330' title='bbox 3327 2116 3507 2175; x_wconf 89' lang='lat' dir='ltr'><strong>divul-</strong></span> 
     </span>
    </p>
   </div>
   <div class='ocr_carea' id='block_1_49' title="bbox 1882 2208 3500 2281">
    <p class='ocr_par' dir='ltr' id='par_1_49' title="bbox 1882 2208 3500 2281">
     <span class='ocr_line' id='line_1_49' title="bbox 1882 2208 3500 2281; baseline 0.004 -19"><span class='ocrx_word' id='word_1_331' title='bbox 1882 2208 2071 2281; x_wconf 90' lang='lat' dir='ltr'><strong>gavit],</strong></span> <span class='ocrx_word' id='word_1_332' title='bbox 2101 2215 2155 2264; x_wconf 90' lang='lat' dir='ltr'><strong>et</strong></span> <span class='ocrx_word' id='word_1_333' title='bbox 2199 2210 2253 2263; x_wconf 92' lang='lat' dir='ltr'><strong>in</strong></span> <span class='ocrx_word' id='word_1_334' title='bbox 2277 2208 2511 2264; x_wconf 87' lang='lat' dir='ltr'><strong>ecclesia</strong></span> <span class='ocrx_word' id='word_1_335' title='bbox 2568 2209 2829 2266; x_wconf 84' lang='lat' dir='ltr'><strong>Remensi</strong></span> <span class='ocrx_word' id='word_1_336' title='bbox 2858 2211 3078 2281; x_wconf 91' lang='lat' dir='ltr'><strong>publice</strong></span> <span class='ocrx_word' id='word_1_337' title='bbox 3103 2210 3323 2268; x_wconf 88' lang='lat' dir='ltr'><strong>recitari</strong></span> <span class='ocrx_word' id='word_1_338' title='bbox 3349 2208 3500 2268; x_wconf 89' lang='lat' dir='ltr'><strong>fecit.</strong></span> 
     </span>
    </p>
   </div>
   <div class='ocr_carea' id='block_1_50' title="bbox 1883 2297 3503 2375">
    <p class='ocr_par' dir='ltr' id='par_1_50' title="bbox 1883 2297 3503 2375">
     <span class='ocr_line' id='line_1_50' title="bbox 1883 2297 3503 2375; baseline 0.003 -22"><span class='ocrx_word' id='word_1_339' title='bbox 1883 2299 1946 2354; x_wconf 86' lang='lat' dir='ltr'><strong>Et</strong></span> <span class='ocrx_word' id='word_1_340' title='bbox 1976 2299 2050 2355; x_wconf 88' lang='lat' dir='ltr'><strong>ita</strong></span> <span class='ocrx_word' id='word_1_341' title='bbox 2078 2314 2145 2356; x_wconf 94' lang='lat' dir='ltr'><strong>eo</strong></span> <span class='ocrx_word' id='word_1_342' title='bbox 2200 2304 2451 2369; x_wconf 89' lang='lat' dir='ltr'><strong>tempore</strong></span> <span class='ocrx_word' id='word_1_343' title='bbox 2491 2312 2601 2370; x_wconf 86' lang='lat' dir='ltr'><strong>quo</strong></span> <span class='ocrx_word' id='word_1_344' title='bbox 2632 2297 2924 2355; x_wconf 89' lang='lat' dir='ltr'><strong>Lotharius</strong></span> <span class='ocrx_word' id='word_1_345' title='bbox 2954 2300 3209 2357; x_wconf 87' lang='lat' dir='ltr'><strong>Karolum</strong></span> <span class='ocrx_word' id='word_1_346' title='bbox 3269 2316 3301 2355; x_wconf 90' lang='lat' dir='ltr'><strong>a</strong></span> <span class='ocrx_word' id='word_1_347' title='bbox 3331 2316 3503 2375; x_wconf 85' lang='lat' dir='ltr'><strong>regno</strong></span> 
     </span>
    </p>
   </div>
   <div class='ocr_carea' id='block_1_51' title="bbox 1881 2391 3500 2466">
    <p class='ocr_par' dir='ltr' id='par_1_51' title="bbox 1881 2391 3500 2466">
     <span class='ocr_line' id='line_1_51' title="bbox 1881 2391 3500 2466; baseline 0 -16"><span class='ocrx_word' id='word_1_348' title='bbox 1881 2394 2111 2466; x_wconf 88' lang='lat' dir='ltr'><strong>expulit,</strong></span> <span class='ocrx_word' id='word_1_349' title='bbox 2138 2400 2194 2449; x_wconf 89' lang='lat' dir='ltr'><strong>et</strong></span> <span class='ocrx_word' id='word_1_350' title='bbox 2221 2393 2367 2448; x_wconf 91' lang='lat' dir='ltr'><strong>ultra</strong></span> <span class='ocrx_word' id='word_1_351' title='bbox 2418 2392 2730 2465; x_wconf 89' lang='lat' dir='ltr'><strong>Sequanam</strong></span> <span class='ocrx_word' id='word_1_352' title='bbox 2761 2391 2991 2466; x_wconf 84' lang='lat' dir='ltr'><strong>fugavit,</strong></span> <span class='ocrx_word' id='word_1_353' title='bbox 3025 2393 3139 2450; x_wconf 86' lang='lat' dir='ltr'><strong>Ebo</strong></span> <span class='ocrx_word' id='word_1_354' title='bbox 3168 2393 3359 2450; x_wconf 88' lang='lat' dir='ltr'><strong>sedem</strong></span> <span class='ocrx_word' id='word_1_355' title='bbox 3386 2394 3500 2450; x_wconf 82' lang='lat' dir='ltr'><strong>Re-</strong></span> 
     </span>
    </p>
   </div>
   <div class='ocr_carea' id='block_1_52' title="bbox 1879 2485 3502 2559">
    <p class='ocr_par' dir='ltr' id='par_1_52' title="bbox 1879 2485 3502 2559">
     <span class='ocr_line' id='line_1_52' title="bbox 1879 2485 3502 2559; baseline 0 -16"><span class='ocrx_word' id='word_1_356' title='bbox 1879 2503 2151 2555; x_wconf 90' lang='lat' dir='ltr'><strong>mensem,</strong></span> <span class='ocrx_word' id='word_1_357' title='bbox 2182 2493 2309 2558; x_wconf 90' lang='lat' dir='ltr'><strong>post</strong></span> <span class='ocrx_word' id='word_1_358' title='bbox 2336 2502 2429 2541; x_wconf 84' lang='lat' dir='ltr'><strong>sex</strong></span> <span class='ocrx_word' id='word_1_359' title='bbox 2456 2500 2634 2541; x_wconf 91' lang='lat' dir='ltr'><strong>annos</strong></span> <span class='ocrx_word' id='word_1_360' title='bbox 2654 2500 2767 2540; x_wconf 86' lang='lat' dir='ltr'><strong>suae</strong></span> <span class='ocrx_word' id='word_1_361' title='bbox 2790 2485 3160 2559; x_wconf 88' lang='lat' dir='ltr'><strong>depositionis</strong></span> <span class='ocrx_word' id='word_1_362' title='bbox 3182 2487 3415 2559; x_wconf 88' lang='lat' dir='ltr'><strong>recepit,</strong></span> <span class='ocrx_word' id='word_1_363' title='bbox 3445 2496 3502 2543; x_wconf 89' lang='lat' dir='ltr'><strong>et</strong></span> 
     </span>
    </p>
   </div>
   <div class='ocr_carea' id='block_1_53' title="bbox 1870 2573 3500 2648">
    <p class='ocr_par' dir='ltr' id='par_1_53' title="bbox 1870 2573 3500 2648">
     <span class='ocr_line' id='line_1_53' title="bbox 1870 2573 3500 2648; baseline 0.001 -17"><span class='ocrx_word' id='word_1_364' title='bbox 1870 2574 2188 2647; x_wconf 90' lang='lat' dir='ltr'><strong>episcopale</strong></span> <span class='ocrx_word' id='word_1_365' title='bbox 2242 2573 2610 2629; x_wconf 89' lang='lat' dir='ltr'><strong>ministerium</strong></span> <span class='ocrx_word' id='word_1_366' title='bbox 2660 2589 2829 2648; x_wconf 90' lang='lat' dir='ltr'><strong>agere</strong></span> <span class='ocrx_word' id='word_1_367' title='bbox 2881 2576 3051 2647; x_wconf 80' lang='lat' dir='ltr'><strong>ccepit</strong></span> <span class='ocrx_word' id='word_1_368' title='bbox 3081 2592 3095 2630; x_wconf 90' lang='lat'><strong>:</strong></span> <span class='ocrx_word' id='word_1_369' title='bbox 3125 2575 3319 2648; x_wconf 86' lang='lat' dir='ltr'><strong>sicque</strong></span> <span class='ocrx_word' id='word_1_370' title='bbox 3348 2576 3500 2633; x_wconf 88' lang='lat' dir='ltr'><strong>ordi-</strong></span> 
     </span>
    </p>
   </div>
   <div class='ocr_carea' id='block_1_54' title="bbox 1870 2666 3495 2741">
    <p class='ocr_par' dir='ltr' id='par_1_54' title="bbox 1870 2666 3495 2741">
     <span class='ocr_line' id='line_1_54' title="bbox 1870 2666 3495 2741; baseline 0 -17"><span class='ocrx_word' id='word_1_371' title='bbox 1870 2669 2128 2725; x_wconf 89' lang='lat' dir='ltr'><strong>nationes</strong></span> <span class='ocrx_word' id='word_1_372' title='bbox 2186 2668 2330 2741; x_wconf 89' lang='lat' dir='ltr'><strong>[ms.,</strong></span> <span class='ocrx_word' id='word_1_373' title='bbox 2388 2666 2818 2739; x_wconf 88' lang='lat' dir='ltr'><strong>ordinationem]</strong></span> <span class='ocrx_word' id='word_1_374' title='bbox 2879 2668 3170 2725; x_wconf 88' lang='lat' dir='ltr'><strong>celebrans</strong></span> <span class='ocrx_word' id='word_1_375' title='bbox 3226 2670 3495 2741; x_wconf 90' lang='lat' dir='ltr'><strong>quosdam</strong></span> 
     </span>
    </p>
   </div>
   <div class='ocr_carea' id='block_1_55' title="bbox 1868 2758 3499 2831">
    <p class='ocr_par' dir='ltr' id='par_1_55' title="bbox 1868 2758 3499 2831">
     <span class='ocr_line' id='line_1_55' title="bbox 1868 2758 3499 2831; baseline 0.002 -15"><span class='ocrx_word' id='word_1_376' title='bbox 1868 2761 2102 2817; x_wconf 91' lang='lat' dir='ltr'><strong>clericos</strong></span> <span class='ocrx_word' id='word_1_377' title='bbox 2132 2758 2430 2827; x_wconf 89' lang='lat' dir='ltr'><strong>ordinavit,</strong></span> <span class='ocrx_word' id='word_1_378' title='bbox 2493 2768 2548 2815; x_wconf 89' lang='lat' dir='ltr'><strong>et</strong></span> <span class='ocrx_word' id='word_1_379' title='bbox 2569 2776 2671 2831; x_wconf 90' lang='lat' dir='ltr'><strong>per</strong></span> <span class='ocrx_word' id='word_1_380' title='bbox 2711 2766 2885 2816; x_wconf 92' lang='lat' dir='ltr'><strong>totum</strong></span> <span class='ocrx_word' id='word_1_381' title='bbox 2909 2762 3129 2818; x_wconf 86' lang='lat' dir='ltr'><strong>circiter</strong></span> <span class='ocrx_word' id='word_1_382' title='bbox 3153 2778 3360 2818; x_wconf 90' lang='lat' dir='ltr'><strong>annum</strong></span> <span class='ocrx_word' id='word_1_383' title='bbox 3390 2763 3499 2820; x_wconf 89' lang='lat' dir='ltr'><strong>hoc</strong></span> 
     </span>
    </p>
   </div>
   <div class='ocr_carea' id='block_1_56' title="bbox 1867 2850 3496 2924">
    <p class='ocr_par' dir='ltr' id='par_1_56' title="bbox 1867 2850 3496 2924">
     <span class='ocr_line' id='line_1_56' title="bbox 1867 2850 3496 2924; baseline 0 -16"><span class='ocrx_word' id='word_1_384' title='bbox 1867 2851 2212 2924; x_wconf 83' lang='lat' dir='ltr'><strong>episcOpium</strong></span> <span class='ocrx_word' id='word_1_385' title='bbox 2241 2850 2441 2918; x_wconf 88' lang='lat' dir='ltr'><strong>tenuit,</strong></span> <span class='ocrx_word' id='word_1_386' title='bbox 2476 2850 2657 2907; x_wconf 89' lang='lat' dir='ltr'><strong>donec</strong></span> <span class='ocrx_word' id='word_1_387' title='bbox 2705 2850 2932 2907; x_wconf 84' lang='lat' dir='ltr'><strong>Karolus</strong></span> <span class='ocrx_word' id='word_1_388' title='bbox 2965 2853 3262 2924; x_wconf 90' lang='lat' dir='ltr'><strong>resumptis</strong></span> <span class='ocrx_word' id='word_1_389' title='bbox 3285 2853 3496 2908; x_wconf 90' lang='lat' dir='ltr'><strong>viribus</strong></span> 
     </span>
    </p>
   </div>
   <div class='ocr_carea' id='block_1_57' title="bbox 1871 2942 3495 3018">
    <p class='ocr_par' dir='ltr' id='par_1_57' title="bbox 1871 2942 3495 3018">
     <span class='ocr_line' id='line_1_57' title="bbox 1871 2942 3495 3018; baseline 0.001 -21"><span class='ocrx_word' id='word_1_390' title='bbox 1871 2942 1927 2998; x_wconf 91' lang='lat' dir='ltr'><strong>in</strong></span> <span class='ocrx_word' id='word_1_391' title='bbox 1949 2942 2224 3018; x_wconf 90' lang='lat' dir='ltr'><strong>Belgicam</strong></span> <span class='ocrx_word' id='word_1_392' title='bbox 2257 2958 2516 3000; x_wconf 82' lang='lat' dir='ltr'><strong>reversus</strong></span> <span class='ocrx_word' id='word_1_393' title='bbox 2544 2951 2649 2999; x_wconf 90' lang='lat' dir='ltr'><strong>est.</strong></span> <span class='ocrx_word' id='word_1_394' title='bbox 2678 2942 2834 3009; x_wconf 84' lang='lat' dir='ltr'><strong>Quod</strong></span> <span class='ocrx_word' id='word_1_395' title='bbox 2865 2943 3098 2999; x_wconf 89' lang='lat' dir='ltr'><strong>audiens</strong></span> <span class='ocrx_word' id='word_1_396' title='bbox 3130 2944 3266 3011; x_wconf 89' lang='lat' dir='ltr'><strong>Ebo,</strong></span> <span class='ocrx_word' id='word_1_397' title='bbox 3299 2945 3495 3001; x_wconf 88' lang='lat' dir='ltr'><strong>relicta</strong></span> 
     </span>
    </p>
   </div>
   <div class='ocr_carea' id='block_1_58' title="bbox 1869 3031 3496 3105">
    <p class='ocr_par' dir='ltr' id='par_1_58' title="bbox 1869 3031 3496 3105">
     <span class='ocr_line' id='line_1_58' title="bbox 1869 3031 3496 3105; baseline 0.001 -18"><span class='ocrx_word' id='word_1_398' title='bbox 1869 3031 2004 3088; x_wconf 90' lang='lat' dir='ltr'><strong>sede</strong></span> <span class='ocrx_word' id='word_1_399' title='bbox 2032 3031 2316 3101; x_wconf 85' lang='lat' dir='ltr'><strong>Remensi,</strong></span> <span class='ocrx_word' id='word_1_400' title='bbox 2350 3033 2418 3088; x_wconf 89' lang='lat' dir='ltr'><strong>ad</strong></span> <span class='ocrx_word' id='word_1_401' title='bbox 2446 3032 2761 3089; x_wconf 88' lang='lat' dir='ltr'><strong>Lotharium</strong></span> <span class='ocrx_word' id='word_1_402' title='bbox 2785 3032 3067 3105; x_wconf 89' lang='lat' dir='ltr'><strong>profectus</strong></span> <span class='ocrx_word' id='word_1_403' title='bbox 3085 3038 3193 3101; x_wconf 92' lang='lat' dir='ltr'><strong>est,</strong></span> <span class='ocrx_word' id='word_1_404' title='bbox 3208 3041 3265 3089; x_wconf 91' lang='lat' dir='ltr'><strong>et</strong></span> <span class='ocrx_word' id='word_1_405' title='bbox 3292 3034 3348 3088; x_wconf 90' lang='lat' dir='ltr'><strong>in</strong></span> <span class='ocrx_word' id='word_1_406' title='bbox 3374 3034 3496 3103; x_wconf 88' lang='lat' dir='ltr'><strong>ejus</strong></span> 
     </span>
    </p>
   </div>
   <div class='ocr_carea' id='block_1_59' title="bbox 1868 3122 3495 3195">
    <p class='ocr_par' dir='ltr' id='par_1_59' title="bbox 1868 3122 3495 3195">
     <span class='ocr_line' id='line_1_59' title="bbox 1868 3122 3495 3195; baseline 0.002 -18"><span class='ocrx_word' id='word_1_407' title='bbox 1868 3122 2232 3178; x_wconf 87' lang='lat' dir='ltr'><strong>familiaribus</strong></span> <span class='ocrx_word' id='word_1_408' title='bbox 2261 3124 2464 3179; x_wconf 90' lang='lat' dir='ltr'><strong>mansit</strong></span> <span class='ocrx_word' id='word_1_409' title='bbox 2489 3124 2793 3195; x_wconf 89' lang='lat' dir='ltr'><strong>obsequiis,</strong></span> <span class='ocrx_word' id='word_1_410' title='bbox 2850 3124 3031 3179; x_wconf 89' lang='lat' dir='ltr'><strong>donec</strong></span> <span class='ocrx_word' id='word_1_411' title='bbox 3058 3139 3171 3177; x_wconf 88' lang='lat' dir='ltr'><strong>una</strong></span> <span class='ocrx_word' id='word_1_412' title='bbox 3200 3139 3323 3180; x_wconf 90' lang='lat' dir='ltr'><strong>cum</strong></span> <span class='ocrx_word' id='word_1_413' title='bbox 3356 3125 3495 3180; x_wconf 88' lang='lat' dir='ltr'><strong>Dro-</strong></span> 
     </span>
    </p>
   </div>
   <div class='ocr_carea' id='block_1_60' title="bbox 1865 3215 3491 3290">
    <p class='ocr_par' dir='ltr' id='par_1_60' title="bbox 1865 3215 3491 3290">
     <span class='ocr_line' id='line_1_60' title="bbox 1865 3215 3491 3290; baseline 0.001 -18"><span class='ocrx_word' id='word_1_414' title='bbox 1865 3231 2012 3289; x_wconf 84' lang='lat' dir='ltr'><strong>gone</strong></span> <span class='ocrx_word' id='word_1_415' title='bbox 2041 3216 2372 3272; x_wconf 81' lang='lat' dir='ltr'><strong>Metensium</strong></span> <span class='ocrx_word' id='word_1_416' title='bbox 2402 3215 2638 3288; x_wconf 64' lang='lat' dir='ltr'><strong>praesule</strong></span> <span class='ocrx_word' id='word_1_417' title='bbox 2668 3216 2897 3271; x_wconf 83' lang='lat' dir='ltr'><strong>Romam</strong></span> <span class='ocrx_word' id='word_1_418' title='bbox 2918 3216 3101 3287; x_wconf 88' lang='lat' dir='ltr'><strong>petiit,</strong></span> <span class='ocrx_word' id='word_1_419' title='bbox 3126 3216 3223 3270; x_wconf 85' lang='lat' dir='ltr'><strong>ubi</strong></span> <span class='ocrx_word' id='word_1_420' title='bbox 3248 3231 3279 3269; x_wconf 91' lang='lat' dir='ltr'><strong>a</strong></span> <span class='ocrx_word' id='word_1_421' title='bbox 3296 3216 3491 3290; x_wconf 88' lang='lat' dir='ltr'><strong>Sergio</strong></span> 
     </span>
    </p>
   </div>
   <div class='ocr_carea' id='block_1_61' title="bbox 150 3264 3490 3379">
    <p class='ocr_par' dir='ltr' id='par_1_61' title="bbox 150 3264 3490 3379">
     <span class='ocr_line' id='line_1_61' title="bbox 150 3264 3490 3379; baseline 0.005 -33"><span class='ocrx_word' id='word_1_422' title='bbox 150 3264 326 3379; x_wconf 57' lang='grc' dir='ltr'><strong>ςζοαηχ</strong></span> <span class='ocrx_word' id='word_1_423' title='bbox 357 3289 480 3343; x_wconf 72' lang='grc' dir='ltr'><strong>νηί,</strong></span> <span class='ocrx_word' id='word_1_424' title='bbox 512 3276 623 3348; x_wconf 77' lang='grc'><strong>11),</strong></span> <span class='ocrx_word' id='word_1_425' title='bbox 681 3296 871 3338; x_wconf 80' lang='lat' dir='ltr'><strong>verum</strong></span> <span class='ocrx_word' id='word_1_426' title='bbox 901 3264 1067 3341; x_wconf 68' lang='lat' dir='ltr'><strong>etiani</strong></span> <span class='ocrx_word' id='word_1_427' title='bbox 1114 3289 1471 3360; x_wconf 82' lang='lat' dir='ltr'><strong>publicanum</strong></span> <span class='ocrx_word' id='word_1_428' title='bbox 1499 3264 1761 3345; x_wconf 31' lang='lat' dir='ltr'><strong>humi—lia-</strong></span> <span class='ocrx_word' id='word_1_429' title='bbox 1786 3270 1836 3341; x_wconf 77' lang='grc' dir='ltr'>Ο</span> <span class='ocrx_word' id='word_1_430' title='bbox 1862 3264 2897 3378; x_wconf 32' lang='lat' dir='ltr'><strong>$5.373;iécEQEiiiQI-E,&quot;;;</strong></span> <span class='ocrx_word' id='word_1_431' title='bbox 2920 3264 3490 3379; x_wconf 60' lang='grc' dir='ltr'><strong>’ῥᾷἱὶἕέἰηῖἒὲὧίἱίἔῶ</strong></span> 
     </span>
    </p>
   </div>
   <div class='ocr_carea' id='block_1_62' title="bbox 151 3367 1758 3459">
    <p class='ocr_par' dir='ltr' id='par_1_62' title="bbox 151 3367 1758 3459">
     <span class='ocr_line' id='line_1_62' title="bbox 151 3367 1758 3459; baseline 0.021 -44"><span class='ocrx_word' id='word_1_432' title='bbox 151 3367 254 3417; x_wconf 87' lang='lat' dir='ltr'><strong>tum</strong></span> <span class='ocrx_word' id='word_1_433' title='bbox 280 3373 332 3421; x_wconf 91' lang='lat' dir='ltr'><strong>et</strong></span> <span class='ocrx_word' id='word_1_434' title='bbox 360 3381 717 3430; x_wconf 87' lang='lat' dir='ltr'><strong>accusantem</strong></span> <span class='ocrx_word' id='word_1_435' title='bbox 748 3394 808 3435; x_wconf 92' lang='lat' dir='ltr'><strong>se</strong></span> <span class='ocrx_word' id='word_1_436' title='bbox 858 3398 970 3438; x_wconf 91' lang='lat' dir='ltr'><strong>non</strong></span> <span class='ocrx_word' id='word_1_437' title='bbox 1002 3386 1429 3456; x_wconf 78' lang='lat' dir='ltr'><strong>condemnavit,</strong></span> <span class='ocrx_word' id='word_1_438' title='bbox 1454 3387 1553 3443; x_wconf 91' lang='lat' dir='ltr'><strong>sed</strong></span> <span class='ocrx_word' id='word_1_439' title='bbox 1581 3384 1758 3459; x_wconf 73' lang='lat' dir='ltr'><strong>magis</strong></span> 
     </span>
    </p>
   </div>
   <div class='ocr_carea' id='block_1_63' title="bbox 139 3462 1755 3558">
    <p class='ocr_par' dir='ltr' id='par_1_63' title="bbox 139 3462 1755 3558">
     <span class='ocr_line' id='line_1_63' title="bbox 139 3462 1755 3558; baseline 0.015 -39"><span class='ocrx_word' id='word_1_440' title='bbox 139 3462 483 3530; x_wconf 78' lang='lat' dir='ltr'><strong>iustificando</strong></span> <span class='ocrx_word' id='word_1_441' title='bbox 514 3474 772 3532; x_wconf 89' lang='lat' dir='ltr'><strong>exaltavit</strong></span> <span class='ocrx_word' id='word_1_442' title='bbox 800 3478 951 3550; x_wconf 81' lang='lat' dir='ltr'><strong>(Luc.</strong></span> <span class='ocrx_word' id='word_1_443' title='bbox 985 3499 1141 3552; x_wconf 85' lang='lat' dir='ltr'><strong>xvm,</strong></span> <span class='ocrx_word' id='word_1_444' title='bbox 1172 3486 1277 3558; x_wconf 74' lang='grc'><strong>14).</strong></span> <span class='ocrx_word' id='word_1_445' title='bbox 1327 3488 1431 3553; x_wconf 86' lang='lat' dir='ltr'><strong>Qui</strong></span> <span class='ocrx_word' id='word_1_446' title='bbox 1452 3503 1565 3544; x_wconf 91' lang='lat' dir='ltr'><strong>non</strong></span> <span class='ocrx_word' id='word_1_447' title='bbox 1599 3487 1755 3555; x_wconf 87' lang='lat' dir='ltr'><strong>dixit,</strong></span> 
     </span>
    </p>
   </div>
   <div class='ocr_carea' id='block_1_64' title="bbox 147 3572 1758 3649">
    <p class='ocr_par' dir='ltr' id='par_1_64' title="bbox 147 3572 1758 3649">
     <span class='ocr_line' id='line_1_64' title="bbox 147 3572 1758 3649; baseline 0.007 -25"><span class='ocrx_word' id='word_1_448' title='bbox 147 3572 315 3626; x_wconf 92' lang='lat' dir='ltr'><strong>omnis</strong></span> <span class='ocrx_word' id='word_1_449' title='bbox 340 3576 432 3645; x_wconf 92' lang='lat' dir='ltr'><strong>qui</strong></span> <span class='ocrx_word' id='word_1_450' title='bbox 463 3590 527 3630; x_wconf 90' lang='lat' dir='ltr'><strong>se</strong></span> <span class='ocrx_word' id='word_1_451' title='bbox 571 3575 825 3634; x_wconf 89' lang='lat' dir='ltr'><strong>humiliat</strong></span> <span class='ocrx_word' id='word_1_452' title='bbox 850 3578 1333 3649; x_wconf 90' lang='lat' dir='ltr'><strong>condemnabitur,</strong></span> <span class='ocrx_word' id='word_1_453' title='bbox 1360 3581 1460 3637; x_wconf 92' lang='lat' dir='ltr'><strong>sed</strong></span> <span class='ocrx_word' id='word_1_454' title='bbox 1486 3581 1758 3637; x_wconf 83' lang='lat' dir='ltr'><strong>exaltabi-</strong></span> 
     </span>
    </p>
   </div>
   <div class='ocr_carea' id='block_1_65' title="bbox 147 3663 1758 3745">
    <p class='ocr_par' dir='ltr' id='par_1_65' title="bbox 147 3663 1758 3745">
     <span class='ocr_line' id='line_1_65' title="bbox 147 3663 1758 3745; baseline 0.009 -31"><span class='ocrx_word' id='word_1_455' title='bbox 147 3668 228 3716; x_wconf 92' lang='lat' dir='ltr'><strong>tur</strong></span> <span class='ocrx_word' id='word_1_456' title='bbox 244 3663 444 3735; x_wconf 55' lang='lat' dir='ltr'><strong>(ibid).</strong></span> <span class='ocrx_word' id='word_1_457' title='bbox 479 3666 816 3724; x_wconf 85' lang='lat' dir='ltr'><strong>Potestatem</strong></span> <span class='ocrx_word' id='word_1_458' title='bbox 848 3686 1002 3744; x_wconf 89' lang='lat' dir='ltr'><strong>ergo,</strong></span> <span class='ocrx_word' id='word_1_459' title='bbox 1051 3688 1215 3744; x_wconf 89' lang='lat' dir='ltr'><strong>quam</strong></span> <span class='ocrx_word' id='word_1_460' title='bbox 1246 3688 1347 3745; x_wconf 92' lang='lat' dir='ltr'><strong>pro</strong></span> <span class='ocrx_word' id='word_1_461' title='bbox 1372 3689 1539 3729; x_wconf 90' lang='lat' dir='ltr'><strong>causa</strong></span> <span class='ocrx_word' id='word_1_462' title='bbox 1568 3681 1758 3731; x_wconf 89' lang='lat' dir='ltr'><strong>nostra</strong></span> 
     </span>
    </p>
   </div>
   <div class='ocr_carea' id='block_1_66' title="bbox 149 3757 1757 3832">
    <p class='ocr_par' dir='ltr' id='par_1_66' title="bbox 149 3757 1757 3832">
     <span class='ocr_line' id='line_1_66' title="bbox 149 3757 1757 3832; baseline 0.002 -23"><span class='ocrx_word' id='word_1_463' title='bbox 149 3765 325 3828; x_wconf 91' lang='lat' dir='ltr'><strong>raptus</strong></span> <span class='ocrx_word' id='word_1_464' title='bbox 365 3758 682 3829; x_wconf 88' lang='lat' dir='ltr'><strong>perdidisti,</strong></span> <span class='ocrx_word' id='word_1_465' title='bbox 736 3762 1122 3832; x_wconf 88' lang='lat' dir='ltr'><strong>repetentibus</strong></span> <span class='ocrx_word' id='word_1_466' title='bbox 1167 3762 1428 3818; x_wconf 68' lang='lat' dir='ltr'><strong>Ecclesiae</strong></span> <span class='ocrx_word' id='word_1_467' title='bbox 1468 3768 1576 3817; x_wconf 60' lang='lat' dir='ltr'><strong>tum</strong></span> <span class='ocrx_word' id='word_1_468' title='bbox 1603 3757 1757 3829; x_wconf 84' lang='lat' dir='ltr'><strong>ﬁliis,</strong></span> 
     </span>
    </p>
   </div>
   <div class='ocr_carea' id='block_1_67' title="bbox 149 3852 1757 3926">
    <p class='ocr_par' dir='ltr' id='par_1_67' title="bbox 149 3852 1757 3926">
     <span class='ocr_line' id='line_1_67' title="bbox 149 3852 1757 3926; baseline 0.002 -21"><span class='ocrx_word' id='word_1_469' title='bbox 149 3852 507 3919; x_wconf 67' lang='lat' dir='ltr'><strong>praesentibus</strong></span> <span class='ocrx_word' id='word_1_470' title='bbox 559 3869 781 3926; x_wconf 87' lang='lat' dir='ltr'><strong>quoque</strong></span> <span class='ocrx_word' id='word_1_471' title='bbox 830 3856 1161 3925; x_wconf 88' lang='lat' dir='ltr'><strong>astantibus,</strong></span> <span class='ocrx_word' id='word_1_472' title='bbox 1205 3873 1269 3913; x_wconf 90' lang='lat' dir='ltr'><strong>ac</strong></span> <span class='ocrx_word' id='word_1_473' title='bbox 1319 3854 1757 3913; x_wconf 85' lang='lat' dir='ltr'><strong>decernentibus</strong></span> 
     </span>
    </p>
   </div>
   <div class='ocr_carea' id='block_1_68' title="bbox 146 3941 1752 4014">
    <p class='ocr_par' dir='ltr' id='par_1_68' title="bbox 146 3941 1752 4014">
     <span class='ocr_line' id='line_1_68' title="bbox 146 3941 1752 4014; baseline 0.004 -21"><span class='ocrx_word' id='word_1_474' title='bbox 146 3941 477 4013; x_wconf 85' lang='lat' dir='ltr'><strong>praesulibus,</strong></span> <span class='ocrx_word' id='word_1_475' title='bbox 514 3945 705 4001; x_wconf 90' lang='lat' dir='ltr'><strong>sedem</strong></span> <span class='ocrx_word' id='word_1_476' title='bbox 738 3961 801 4001; x_wconf 92' lang='lat' dir='ltr'><strong>ac</strong></span> <span class='ocrx_word' id='word_1_477' title='bbox 816 3947 1098 4004; x_wconf 78' lang='lat' dir='ltr'><strong>diceeesim</strong></span> <span class='ocrx_word' id='word_1_478' title='bbox 1142 3949 1433 4005; x_wconf 86' lang='lat' dir='ltr'><strong>Remensis</strong></span> <span class='ocrx_word' id='word_1_479' title='bbox 1462 3948 1615 4004; x_wconf 91' lang='lat' dir='ltr'><strong>urbis</strong></span> <span class='ocrx_word' id='word_1_480' title='bbox 1631 3946 1752 4014; x_wconf 91' lang='lat' dir='ltr'><strong>tibi,</strong></span> 
     </span>
    </p>
   </div>
   <div class='ocr_carea' id='block_1_69' title="bbox 146 4023 1752 4114">
    <p class='ocr_par' dir='ltr' id='par_1_69' title="bbox 146 4023 1752 4114">
     <span class='ocr_line' id='line_1_69' title="bbox 146 4023 1752 4114; baseline 0.009 -35"><span class='ocrx_word' id='word_1_481' title='bbox 146 4023 269 4095; x_wconf 86' lang='lat' dir='ltr'><strong>Ebo,</strong></span> <span class='ocrx_word' id='word_1_482' title='bbox 301 4032 663 4102; x_wconf 89' lang='lat' dir='ltr'><strong>restituimus,</strong></span> <span class='ocrx_word' id='word_1_483' title='bbox 691 4041 751 4088; x_wconf 93' lang='lat' dir='ltr'><strong>ut</strong></span> <span class='ocrx_word' id='word_1_484' title='bbox 778 4035 1013 4106; x_wconf 90' lang='lat' dir='ltr'><strong>pristino</strong></span> <span class='ocrx_word' id='word_1_485' title='bbox 1060 4046 1265 4095; x_wconf 63' lang='lat' dir='ltr'><strong>sanctae</strong></span> <span class='ocrx_word' id='word_1_486' title='bbox 1313 4038 1585 4114; x_wconf 86' lang='lat' dir='ltr'><strong>largitatis</strong></span> <span class='ocrx_word' id='word_1_487' title='bbox 1613 4052 1752 4109; x_wconf 89' lang='lat' dir='ltr'><strong>apo-</strong></span> 
     </span>
    </p>
   </div>
   <div class='ocr_carea' id='block_1_70' title="bbox 145 4115 1750 4204">
    <p class='ocr_par' dir='ltr' id='par_1_70' title="bbox 145 4115 1750 4204">
     <span class='ocr_line' id='line_1_70' title="bbox 145 4115 1750 4204; baseline 0.007 -36"><span class='ocrx_word' id='word_1_488' title='bbox 145 4115 336 4175; x_wconf 85' lang='lat' dir='ltr'><strong>stolicae</strong></span> <span class='ocrx_word' id='word_1_489' title='bbox 348 4121 517 4192; x_wconf 90' lang='lat' dir='ltr'><strong>pallio</strong></span> <span class='ocrx_word' id='word_1_490' title='bbox 536 4121 763 4179; x_wconf 91' lang='lat' dir='ltr'><strong>indutus</strong></span> <span class='ocrx_word' id='word_1_491' title='bbox 775 4126 1130 4182; x_wconf 91' lang='lat' dir='ltr'><strong>concordiam</strong></span> <span class='ocrx_word' id='word_1_492' title='bbox 1148 4135 1314 4201; x_wconf 90' lang='lat' dir='ltr'><strong>atque</strong></span> <span class='ocrx_word' id='word_1_493' title='bbox 1327 4129 1559 4204; x_wconf 89' lang='lat' dir='ltr'><strong>gratiam</strong></span> <span class='ocrx_word' id='word_1_494' title='bbox 1578 4126 1750 4182; x_wconf 87' lang='lat' dir='ltr'><strong>divini</strong></span> 
     </span>
    </p>
   </div>
   <div class='ocr_carea' id='block_1_71' title="bbox 142 4208 1751 4289">
    <p class='ocr_par' dir='ltr' id='par_1_71' title="bbox 142 4208 1751 4289">
     <span class='ocr_line' id='line_1_71' title="bbox 142 4208 1751 4289; baseline 0.004 -24"><span class='ocrx_word' id='word_1_495' title='bbox 142 4208 297 4268; x_wconf 85' lang='lat' dir='ltr'><strong>ofﬁcii</strong></span> <span class='ocrx_word' id='word_1_496' title='bbox 326 4215 637 4283; x_wconf 89' lang='lat' dir='ltr'><strong>nobiscum,</strong></span> <span class='ocrx_word' id='word_1_497' title='bbox 650 4216 845 4271; x_wconf 90' lang='lat' dir='ltr'><strong>humili</strong></span> <span class='ocrx_word' id='word_1_498' title='bbox 862 4214 1238 4274; x_wconf 87' lang='lat' dir='ltr'><strong>satisfactione</strong></span> <span class='ocrx_word' id='word_1_499' title='bbox 1258 4218 1498 4289; x_wconf 87' lang='lat' dir='ltr'><strong>expleta,</strong></span> <span class='ocrx_word' id='word_1_500' title='bbox 1514 4216 1751 4273; x_wconf 89' lang='lat' dir='ltr'><strong>solemni</strong></span> 
     </span>
    </p>
   </div>
   <div class='ocr_carea' id='block_1_72' title="bbox 144 4305 1751 4385">
    <p class='ocr_par' dir='ltr' id='par_1_72' title="bbox 144 4305 1751 4385">
     <span class='ocr_line' id='line_1_72' title="bbox 144 4305 1751 4385; baseline 0.005 -29"><span class='ocrx_word' id='word_1_501' title='bbox 144 4312 317 4359; x_wconf 89' lang='lat' dir='ltr'><strong>nostra</strong></span> <span class='ocrx_word' id='word_1_502' title='bbox 344 4322 374 4360; x_wconf 91' lang='lat' dir='ltr'><strong>a</strong></span> <span class='ocrx_word' id='word_1_503' title='bbox 400 4305 657 4381; x_wconf 86' lang='lat' dir='ltr'><strong>largitate</strong></span> <span class='ocrx_word' id='word_1_504' title='bbox 709 4308 1052 4381; x_wconf 91' lang='lat' dir='ltr'><strong>recipiendo,</strong></span> <span class='ocrx_word' id='word_1_505' title='bbox 1102 4327 1380 4368; x_wconf 85' lang='lat' dir='ltr'><strong>exerceas.</strong></span> <span class='ocrx_word' id='word_1_506' title='bbox 1413 4312 1594 4385; x_wconf 91' lang='lat' dir='ltr'><strong>Drogo</strong></span> <span class='ocrx_word' id='word_1_507' title='bbox 1626 4311 1751 4383; x_wconf 89' lang='lat' dir='ltr'><strong>epi-</strong></span> 
     </span>
    </p>
   </div>
   <div class='ocr_carea' id='block_1_73' title="bbox 142 4398 1753 4474">
    <p class='ocr_par' dir='ltr' id='par_1_73' title="bbox 142 4398 1753 4474">
     <span class='ocr_line' id='line_1_73' title="bbox 142 4398 1753 4474; baseline 0.006 -26"><span class='ocrx_word' id='word_1_508' title='bbox 142 4409 330 4466; x_wconf 88' lang='lat' dir='ltr'><strong>scopus</strong></span> <span class='ocrx_word' id='word_1_509' title='bbox 362 4398 599 4467; x_wconf 89' lang='lat' dir='ltr'><strong>assensi,</strong></span> <span class='ocrx_word' id='word_1_510' title='bbox 645 4398 896 4473; x_wconf 84' lang='lat' dir='ltr'><strong>Otgarius</strong></span> <span class='ocrx_word' id='word_1_511' title='bbox 942 4401 1414 4474; x_wconf 88' lang='lat' dir='ltr'><strong>archiepiscopus,</strong></span> <span class='ocrx_word' id='word_1_512' title='bbox 1471 4403 1622 4460; x_wconf 82' lang='lat' dir='ltr'><strong>Hecti</strong></span> <span class='ocrx_word' id='word_1_513' title='bbox 1662 4418 1753 4458; x_wconf 89' lang='lat' dir='ltr'><strong>ar-</strong></span> 
     </span>
    </p>
   </div>
   <div class='ocr_carea' id='block_1_74' title="bbox 1862 3395 3485 3469">
    <p class='ocr_par' dir='ltr' id='par_1_74' title="bbox 1862 3395 3485 3469">
     <span class='ocr_line' id='line_1_74' title="bbox 1862 3395 3485 3469; baseline 0.001 -18"><span class='ocrx_word' id='word_1_514' title='bbox 1862 3395 2177 3469; x_wconf 89' lang='lat' dir='ltr'><strong>postulavit.</strong></span> <span class='ocrx_word' id='word_1_515' title='bbox 2237 3395 2333 3451; x_wconf 90' lang='lat' dir='ltr'><strong>Cui</strong></span> <span class='ocrx_word' id='word_1_516' title='bbox 2390 3395 2536 3450; x_wconf 91' lang='lat' dir='ltr'><strong>idem</strong></span> <span class='ocrx_word' id='word_1_517' title='bbox 2597 3410 2762 3467; x_wconf 85' lang='lat' dir='ltr'><strong>papa,</strong></span> <span class='ocrx_word' id='word_1_518' title='bbox 2821 3397 3215 3455; x_wconf 88' lang='lat' dir='ltr'><strong>communione</strong></span> <span class='ocrx_word' id='word_1_519' title='bbox 3272 3402 3485 3454; x_wconf 89' lang='lat' dir='ltr'><strong>tantum</strong></span> 
     </span>
    </p>
   </div>
   <div class='ocr_carea' id='block_1_75' title="bbox 1861 3486 2785 3559">
    <p class='ocr_par' dir='ltr' id='par_1_75' title="bbox 1861 3486 2785 3559">
     <span class='ocr_line' id='line_1_75' title="bbox 1861 3486 2785 3559; baseline 0.001 -16"><span class='ocrx_word' id='word_1_520' title='bbox 1861 3502 2147 3556; x_wconf 90' lang='lat' dir='ltr'><strong>concessa,</strong></span> <span class='ocrx_word' id='word_1_521' title='bbox 2174 3487 2306 3544; x_wconf 90' lang='lat' dir='ltr'><strong>dare</strong></span> <span class='ocrx_word' id='word_1_522' title='bbox 2334 3486 2563 3559; x_wconf 92' lang='lat' dir='ltr'><strong>pallium</strong></span> <span class='ocrx_word' id='word_1_523' title='bbox 2582 3488 2785 3544; x_wconf 90' lang='lat' dir='ltr'><strong>renuit.</strong></span> 
     </span>
    </p>
   </div>
   <div class='ocr_carea' id='block_1_76' title="bbox 1931 3673 3484 3746">
    <p class='ocr_par' dir='ltr' id='par_1_76' title="bbox 1931 3673 3484 3746">
     <span class='ocr_line' id='line_1_76' title="bbox 1931 3673 3484 3746; baseline -0.005 -13"><span class='ocrx_word' id='word_1_524' title='bbox 1931 3679 1998 3735; x_wconf 90' lang='lat' dir='ltr'><strong>At</strong></span> <span class='ocrx_word' id='word_1_525' title='bbox 2025 3678 2138 3735; x_wconf 88' lang='lat' dir='ltr'><strong>Ebo</strong></span> <span class='ocrx_word' id='word_1_526' title='bbox 2168 3678 2342 3735; x_wconf 86' lang='lat' dir='ltr'><strong>Roma</strong></span> <span class='ocrx_word' id='word_1_527' title='bbox 2406 3693 2680 3746; x_wconf 88' lang='lat' dir='ltr'><strong>reversus,</strong></span> <span class='ocrx_word' id='word_1_528' title='bbox 2737 3676 3013 3733; x_wconf 90' lang='lat' dir='ltr'><strong>abbatiam</strong></span> <span class='ocrx_word' id='word_1_529' title='bbox 3053 3674 3229 3731; x_wconf 89' lang='lat' dir='ltr'><strong>sancti</strong></span> <span class='ocrx_word' id='word_1_530' title='bbox 3254 3673 3484 3730; x_wconf 87' lang='lat' dir='ltr'><strong>Colum-</strong></span> 
     </span>
    </p>
   </div>
   <div class='ocr_carea' id='block_1_77' title="bbox 1859 3765 3477 3842">
    <p class='ocr_par' dir='ltr' id='par_1_77' title="bbox 1859 3765 3477 3842">
     <span class='ocr_line' id='line_1_77' title="bbox 1859 3765 3477 3842; baseline -0.003 -16"><span class='ocrx_word' id='word_1_531' title='bbox 1859 3771 1989 3827; x_wconf 89' lang='lat' dir='ltr'><strong>bani</strong></span> <span class='ocrx_word' id='word_1_532' title='bbox 2020 3772 2076 3827; x_wconf 89' lang='lat' dir='ltr'><strong>in</strong></span> <span class='ocrx_word' id='word_1_533' title='bbox 2128 3772 2281 3828; x_wconf 89' lang='lat' dir='ltr'><strong>Italia</strong></span> <span class='ocrx_word' id='word_1_534' title='bbox 2327 3772 2475 3829; x_wconf 92' lang='lat' dir='ltr'><strong>dono</strong></span> <span class='ocrx_word' id='word_1_535' title='bbox 2532 3769 2884 3842; x_wconf 87' lang='lat' dir='ltr'><strong>imperatoris</strong></span> <span class='ocrx_word' id='word_1_536' title='bbox 2935 3768 3179 3825; x_wconf 92' lang='lat' dir='ltr'><strong>Lotharii</strong></span> <span class='ocrx_word' id='word_1_537' title='bbox 3210 3765 3477 3838; x_wconf 88' lang='lat' dir='ltr'><strong>possedit,</strong></span> 
     </span>
    </p>
   </div>
   <div class='ocr_carea' id='block_1_78' title="bbox 1858 3856 3479 3936">
    <p class='ocr_par' dir='ltr' id='par_1_78' title="bbox 1858 3856 3479 3936">
     <span class='ocr_line' id='line_1_78' title="bbox 1858 3856 3479 3936; baseline -0.004 -21"><span class='ocrx_word' id='word_1_538' title='bbox 1858 3860 2038 3917; x_wconf 91' lang='lat' dir='ltr'><strong>donec</strong></span> <span class='ocrx_word' id='word_1_539' title='bbox 2058 3860 2392 3936; x_wconf 90' lang='lat' dir='ltr'><strong>legationem</strong></span> <span class='ocrx_word' id='word_1_540' title='bbox 2442 3858 2497 3913; x_wconf 92' lang='lat' dir='ltr'><strong>in</strong></span> <span class='ocrx_word' id='word_1_541' title='bbox 2530 3858 2791 3914; x_wconf 84' lang='lat' dir='ltr'><strong>Graeciam</strong></span> <span class='ocrx_word' id='word_1_542' title='bbox 2815 3858 2883 3913; x_wconf 88' lang='lat' dir='ltr'><strong>ab</strong></span> <span class='ocrx_word' id='word_1_543' title='bbox 2913 3857 3115 3915; x_wconf 73' lang='lat' dir='ltr'><strong>eodem</strong></span> <span class='ocrx_word' id='word_1_544' title='bbox 3142 3856 3479 3927; x_wconf 90' lang='lat' dir='ltr'><strong>imperatore</strong></span> 
     </span>
    </p>
   </div>
   <div class='ocr_carea' id='block_1_79' title="bbox 1855 3944 3478 4021">
    <p class='ocr_par' dir='ltr' id='par_1_79' title="bbox 1855 3944 3478 4021">
     <span class='ocr_line' id='line_1_79' title="bbox 1855 3944 3478 4021; baseline -0.005 -16"><span class='ocrx_word' id='word_1_545' title='bbox 1855 3950 1959 4005; x_wconf 91' lang='lat' dir='ltr'><strong>sibi</strong></span> <span class='ocrx_word' id='word_1_546' title='bbox 1990 3951 2339 4007; x_wconf 91' lang='lat' dir='ltr'><strong>commissam</strong></span> <span class='ocrx_word' id='word_1_547' title='bbox 2372 3948 2599 4021; x_wconf 89' lang='lat' dir='ltr'><strong>exsequi</strong></span> <span class='ocrx_word' id='word_1_548' title='bbox 2638 3949 2985 4005; x_wconf 89' lang='lat' dir='ltr'><strong>detrectavit.</strong></span> <span class='ocrx_word' id='word_1_549' title='bbox 3019 3947 3282 4012; x_wconf 88' lang='lat' dir='ltr'><strong>Quocirca</strong></span> <span class='ocrx_word' id='word_1_550' title='bbox 3312 3944 3478 3998; x_wconf 90' lang='lat' dir='ltr'><strong>rebus</strong></span> 
     </span>
    </p>
   </div>
   <div class='ocr_carea' id='block_1_80' title="bbox 1854 4032 3476 4113">
    <p class='ocr_par' dir='ltr' id='par_1_80' title="bbox 1854 4032 3476 4113">
     <span class='ocr_line' id='line_1_80' title="bbox 1854 4032 3476 4113; baseline -0.006 -18"><span class='ocrx_word' id='word_1_551' title='bbox 1854 4041 1958 4096; x_wconf 90' lang='lat' dir='ltr'><strong>sibi</strong></span> <span class='ocrx_word' id='word_1_552' title='bbox 2008 4042 2078 4096; x_wconf 89' lang='lat' dir='ltr'><strong>ab</strong></span> <span class='ocrx_word' id='word_1_553' title='bbox 2132 4043 2464 4113; x_wconf 90' lang='lat' dir='ltr'><strong>imperatore</strong></span> <span class='ocrx_word' id='word_1_554' title='bbox 2494 4054 2617 4112; x_wconf 68' lang='lat' dir='ltr'><strong>quae</strong></span> <span class='ocrx_word' id='word_1_555' title='bbox 2675 4036 2815 4092; x_wconf 85' lang='lat' dir='ltr'><strong>datae</strong></span> <span class='ocrx_word' id='word_1_556' title='bbox 2884 4039 3105 4091; x_wconf 79' lang='lat' dir='ltr'><strong>fuerant</strong></span> <span class='ocrx_word' id='word_1_557' title='bbox 3156 4032 3375 4099; x_wconf 88' lang='lat' dir='ltr'><strong>ablatis,</strong></span> <span class='ocrx_word' id='word_1_558' title='bbox 3406 4032 3476 4086; x_wconf 91' lang='lat' dir='ltr'><strong>ad</strong></span> 
     </span>
    </p>
   </div>
   <div class='ocr_carea' id='block_1_81' title="bbox 1852 4121 3473 4202">
    <p class='ocr_par' dir='ltr' id='par_1_81' title="bbox 1852 4121 3473 4202">
     <span class='ocr_line' id='line_1_81' title="bbox 1852 4121 3473 4202; baseline -0.004 -20"><span class='ocrx_word' id='word_1_559' title='bbox 1852 4126 2187 4185; x_wconf 89' lang='lat' dir='ltr'><strong>Ludovicum</strong></span> <span class='ocrx_word' id='word_1_560' title='bbox 2232 4145 2419 4202; x_wconf 89' lang='lat' dir='ltr'><strong>regem</strong></span> <span class='ocrx_word' id='word_1_561' title='bbox 2470 4126 2777 4183; x_wconf 82' lang='lat' dir='ltr'><strong>Germaniae</strong></span> <span class='ocrx_word' id='word_1_562' title='bbox 2825 4122 3169 4200; x_wconf 87' lang='lat' dir='ltr'><strong>demigravit.</strong></span> <span class='ocrx_word' id='word_1_563' title='bbox 3206 4124 3247 4176; x_wconf 82' lang='lat' dir='ltr'><strong>A</strong></span> <span class='ocrx_word' id='word_1_564' title='bbox 3275 4136 3387 4193; x_wconf 88' lang='lat' dir='ltr'><strong>quo</strong></span> <span class='ocrx_word' id='word_1_565' title='bbox 3416 4121 3473 4175; x_wconf 90' lang='lat' dir='ltr'><strong>in</strong></span> 
     </span>
    </p>
   </div>
   <div class='ocr_carea' id='block_1_82' title="bbox 1852 4213 3477 4293">
    <p class='ocr_par' dir='ltr' id='par_1_82' title="bbox 1852 4213 3477 4293">
     <span class='ocr_line' id='line_1_82' title="bbox 1852 4213 3477 4293; baseline -0.004 -19"><span class='ocrx_word' id='word_1_566' title='bbox 1852 4220 2081 4293; x_wconf 82' lang='lat' dir='ltr'><strong>regione</strong></span> <span class='ocrx_word' id='word_1_567' title='bbox 2115 4219 2365 4276; x_wconf 72' lang='lat' dir='ltr'><strong>Saxoniae</strong></span> <span class='ocrx_word' id='word_1_568' title='bbox 2423 4218 2701 4293; x_wconf 90' lang='lat' dir='ltr'><strong>quoddam</strong></span> <span class='ocrx_word' id='word_1_569' title='bbox 2751 4217 3094 4291; x_wconf 85' lang='lat' dir='ltr'><strong>episcOpium</strong></span> <span class='ocrx_word' id='word_1_570' title='bbox 3148 4213 3477 4288; x_wconf 87' lang='lat' dir='ltr'><strong>promeruit,</strong></span> 
     </span>
    </p>
   </div>
   <div class='ocr_carea' id='block_1_83' title="bbox 1852 4306 3479 4387">
    <p class='ocr_par' dir='ltr' id='par_1_83' title="bbox 1852 4306 3479 4387">
     <span class='ocr_line' id='line_1_83' title="bbox 1852 4306 3479 4387; baseline -0.003 -22"><span class='ocrx_word' id='word_1_571' title='bbox 1852 4311 1947 4366; x_wconf 89' lang='lat' dir='ltr'><strong>ubi</strong></span> <span class='ocrx_word' id='word_1_572' title='bbox 1992 4319 2048 4369; x_wconf 92' lang='lat' dir='ltr'><strong>et</strong></span> <span class='ocrx_word' id='word_1_573' title='bbox 2102 4312 2351 4387; x_wconf 91' lang='lat' dir='ltr'><strong>episcopi</strong></span> <span class='ocrx_word' id='word_1_574' title='bbox 2407 4312 2677 4385; x_wconf 90' lang='lat' dir='ltr'><strong>deinceps</strong></span> <span class='ocrx_word' id='word_1_575' title='bbox 2729 4310 3056 4384; x_wconf 87' lang='lat' dir='ltr'><strong>perfunctus</strong></span> <span class='ocrx_word' id='word_1_576' title='bbox 3085 4316 3169 4366; x_wconf 90' lang='lat' dir='ltr'><strong>est</strong></span> <span class='ocrx_word' id='word_1_577' title='bbox 3219 4306 3479 4363; x_wconf 90' lang='lat' dir='ltr'><strong>ministe-</strong></span> 
     </span>
    </p>
   </div>
   <div class='ocr_carea' id='block_1_84' title="bbox 1855 4418 1958 4460">
    <p class='ocr_par' dir='ltr' id='par_1_84' title="bbox 1855 4418 1958 4460">
     <span class='ocr_line' id='line_1_84' title="bbox 1855 4418 1958 4460; baseline 0.01 -1"><span class='ocrx_word' id='word_1_578' title='bbox 1855 4418 1958 4460; x_wconf 78' lang='grc'><strong>1⁸10.</strong></span> 
     </span>
    </p>
   </div>
   <div class='ocr_carea' id='block_1_85' title="bbox 151 4568 3470 4598">
    <p class='ocr_par' dir='ltr' id='par_1_85' title="bbox 151 4568 3470 4598">
     <span class='ocr_line' id='line_1_85' title="bbox 151 4568 3470 4598; baseline 0.005 -16"><span class='ocrx_word' id='word_1_579' title='bbox 151 4568 3470 4598; x_wconf 45' lang='lat' dir='ltr'><strong>mm</strong></span> 
     </span>
    </p>
   </div>
   <div class='ocr_carea' id='block_1_86' title="bbox 1268 4674 2385 4790">
    <p class='ocr_par' dir='ltr' id='par_1_86' title="bbox 1268 4674 2385 4790">
     <span class='ocr_line' id='line_1_86' title="bbox 1268 4674 2385 4790; baseline 0.003 -3"><span class='ocrx_word' id='word_1_580' title='bbox 1268 4700 1668 4789; x_wconf 83' lang='lat' dir='ltr'><strong>LIBER</strong></span> <span class='ocrx_word' id='word_1_581' title='bbox 1742 4674 2385 4790; x_wconf 30' lang='lat' dir='ltr'><strong>TERTIUS“</strong></span> 
     </span>
    </p>
   </div>
   <div class='ocr_carea' id='block_1_87' title="bbox 658 4999 1205 5059">
    <p class='ocr_par' dir='ltr' id='par_1_87' title="bbox 658 4999 1205 5059">
     <span class='ocr_line' id='line_1_87' title="bbox 658 4999 1205 5059; baseline 0.007 -4"><span class='ocrx_word' id='word_1_582' title='bbox 658 4999 868 5057; x_wconf 84' lang='lat' dir='ltr'><strong>CAPUT</strong></span> <span class='ocrx_word' id='word_1_583' title='bbox 920 5001 1205 5059; x_wconf 80' lang='lat' dir='ltr'><strong>PRIMUM.</strong></span> 
     </span>
    </p>
   </div>
   <div class='ocr_carea' id='block_1_88' title="bbox 356 5090 1493 5153">
    <p class='ocr_par' dir='ltr' id='par_1_88' title="bbox 356 5090 1493 5153">
     <span class='ocr_line' id='line_1_88' title="bbox 356 5090 1493 5153; baseline 0.008 -9"><span class='ocrx_word' id='word_1_584' title='bbox 356 5090 433 5145; x_wconf 87' lang='lat' dir='ltr'><strong>De</strong></span> <span class='ocrx_word' id='word_1_585' title='bbox 453 5091 704 5148; x_wconf 77' lang='lat' dir='ltr'><strong>electione</strong></span> <span class='ocrx_word' id='word_1_586' title='bbox 719 5095 801 5149; x_wconf 78' lang='lat' dir='ltr'><strong>vel</strong></span> <span class='ocrx_word' id='word_1_587' title='bbox 819 5096 1165 5152; x_wconf 77' lang='lat' dir='ltr'><strong>ordinatione</strong></span> <span class='ocrx_word' id='word_1_588' title='bbox 1189 5095 1493 5153; x_wconf 76' lang='lat' dir='ltr'><strong>Hincmari.</strong></span> 
     </span>
    </p>
   </div>
   <div class='ocr_carea' id='block_1_89' title="bbox 199 5178 1736 5255">
    <p class='ocr_par' dir='ltr' id='par_1_89' title="bbox 199 5178 1736 5255">
     <span class='ocr_line' id='line_1_89' title="bbox 199 5178 1736 5255; baseline 0.008 -25"><span class='ocrx_word' id='word_1_589' title='bbox 199 5178 349 5236; x_wconf 82' lang='lat' dir='ltr'><strong>Anno</strong></span> <span class='ocrx_word' id='word_1_590' title='bbox 378 5181 624 5255; x_wconf 90' lang='lat' dir='ltr'><strong>denique</strong></span> <span class='ocrx_word' id='word_1_591' title='bbox 653 5185 951 5241; x_wconf 84' lang='lat' dir='ltr'><strong>Dominicae</strong></span> <span class='ocrx_word' id='word_1_592' title='bbox 981 5184 1380 5240; x_wconf 88' lang='lat' dir='ltr'><strong>incarnationis</strong></span> <span class='ocrx_word' id='word_1_593' title='bbox 1409 5184 1536 5255; x_wconf 77' lang='grc'><strong>845,</strong></span> <span class='ocrx_word' id='word_1_594' title='bbox 1564 5184 1736 5243; x_wconf 84' lang='lat' dir='ltr'><strong>Karo—</strong></span> 
     </span>
    </p>
   </div>
   <div class='ocr_carea' id='block_1_90' title="bbox 139 5258 1736 5348">
    <p class='ocr_par' dir='ltr' id='par_1_90' title="bbox 139 5258 1736 5348">
     <span class='ocr_line' id='line_1_90' title="bbox 139 5258 1736 5348; baseline 0.011 -35"><span class='ocrx_word' id='word_1_595' title='bbox 139 5258 215 5316; x_wconf 90' lang='lat' dir='ltr'><strong>lus</strong></span> <span class='ocrx_word' id='word_1_596' title='bbox 242 5268 471 5343; x_wconf 74' lang='lat' dir='ltr'><strong>(Calvus)</strong></span> <span class='ocrx_word' id='word_1_597' title='bbox 499 5273 771 5343; x_wconf 90' lang='lat' dir='ltr'><strong>synodum</strong></span> <span class='ocrx_word' id='word_1_598' title='bbox 827 5273 1214 5346; x_wconf 90' lang='lat' dir='ltr'><strong>episcoporum</strong></span> <span class='ocrx_word' id='word_1_599' title='bbox 1258 5274 1417 5347; x_wconf 85' lang='lat' dir='ltr'><strong>regni</strong></span> <span class='ocrx_word' id='word_1_600' title='bbox 1472 5276 1557 5330; x_wconf 91' lang='lat' dir='ltr'><strong>sui</strong></span> <span class='ocrx_word' id='word_1_601' title='bbox 1587 5274 1736 5348; x_wconf 90' lang='lat' dir='ltr'><strong>apud</strong></span> 
     </span>
    </p>
   </div>
   <div class='ocr_carea' id='block_1_91' title="bbox 137 5348 1737 5435">
    <p class='ocr_par' dir='ltr' id='par_1_91' title="bbox 137 5348 1737 5435">
     <span class='ocr_line' id='line_1_91' title="bbox 137 5348 1737 5435; baseline 0.011 -32"><span class='ocrx_word' id='word_1_602' title='bbox 137 5348 467 5433; x_wconf 87' lang='lat' dir='ltr'><strong>Bellovagum</strong></span> <span class='ocrx_word' id='word_1_603' title='bbox 498 5362 772 5418; x_wconf 90' lang='lat' dir='ltr'><strong>civitatem</strong></span> <span class='ocrx_word' id='word_1_604' title='bbox 816 5362 1108 5419; x_wconf 86' lang='lat' dir='ltr'><strong>Remensis</strong></span> <span class='ocrx_word' id='word_1_605' title='bbox 1136 5364 1436 5435; x_wconf 66' lang='lat' dir='ltr'><strong>provinciae</strong></span> <span class='ocrx_word' id='word_1_606' title='bbox 1462 5379 1737 5422; x_wconf 89' lang='lat' dir='ltr'><strong>convoca-</strong></span> 
     </span>
    </p>
   </div>
   <div class='ocr_carea' id='block_1_92' title="bbox 134 5443 1735 5534">
    <p class='ocr_par' dir='ltr' id='par_1_92' title="bbox 134 5443 1735 5534">
     <span class='ocr_line' id='line_1_92' title="bbox 134 5443 1735 5534; baseline 0.012 -37"><span class='ocrx_word' id='word_1_607' title='bbox 134 5443 223 5534; x_wconf 69' lang='lat' dir='ltr'><strong>vit.</strong></span> <span class='ocrx_word' id='word_1_608' title='bbox 256 5448 349 5505; x_wconf 91' lang='lat' dir='ltr'><strong>Ubi</strong></span> <span class='ocrx_word' id='word_1_609' title='bbox 380 5452 524 5508; x_wconf 90' lang='lat' dir='ltr'><strong>inter</strong></span> <span class='ocrx_word' id='word_1_610' title='bbox 551 5462 752 5512; x_wconf 68' lang='lat' dir='ltr'><strong>caetera</strong></span> <span class='ocrx_word' id='word_1_611' title='bbox 796 5457 1053 5515; x_wconf 74' lang='lat' dir='ltr'><strong>Ecclesiae</strong></span> <span class='ocrx_word' id='word_1_612' title='bbox 1088 5459 1353 5533; x_wconf 90' lang='lat' dir='ltr'><strong>regnique</strong></span> <span class='ocrx_word' id='word_1_613' title='bbox 1383 5461 1628 5534; x_wconf 82' lang='lat' dir='ltr'><strong>negotia,</strong></span> <span class='ocrx_word' id='word_1_614' title='bbox 1665 5460 1735 5516; x_wconf 90' lang='lat' dir='ltr'><strong>de</strong></span> 
     </span>
    </p>
   </div>
   <div class='ocr_carea' id='block_1_93' title="bbox 136 5532 1739 5626">
    <p class='ocr_par' dir='ltr' id='par_1_93' title="bbox 136 5532 1739 5626">
     <span class='ocr_line' id='line_1_93' title="bbox 136 5532 1739 5626; baseline 0.011 -35"><span class='ocrx_word' id='word_1_615' title='bbox 136 5532 401 5601; x_wconf 82' lang='lat' dir='ltr'><strong>Remensis</strong></span> <span class='ocrx_word' id='word_1_616' title='bbox 430 5548 677 5606; x_wconf 81' lang='lat' dir='ltr'><strong>ecclesiae</strong></span> <span class='ocrx_word' id='word_1_617' title='bbox 698 5550 1063 5619; x_wconf 87' lang='lat' dir='ltr'><strong>desolatione,</strong></span> <span class='ocrx_word' id='word_1_618' title='bbox 1092 5568 1214 5623; x_wconf 85' lang='lat' dir='ltr'><strong>quae</strong></span> <span class='ocrx_word' id='word_1_619' title='bbox 1237 5532 1486 5609; x_wconf 26' lang='lat' dir='ltr'><strong>Fulcone&#39;</strong></span> <span class='ocrx_word' id='word_1_620' title='bbox 1504 5553 1739 5626; x_wconf 82' lang='lat' dir='ltr'><strong>presby-</strong></span> 
     </span>
    </p>
   </div>
   <div class='ocr_carea' id='block_1_94' title="bbox 134 5629 1739 5711">
    <p class='ocr_par' dir='ltr' id='par_1_94' title="bbox 134 5629 1739 5711">
     <span class='ocr_line' id='line_1_94' title="bbox 134 5629 1739 5711; baseline 0.011 -29"><span class='ocrx_word' id='word_1_621' title='bbox 134 5629 238 5683; x_wconf 82' lang='lat' dir='ltr'><strong>tero</strong></span> <span class='ocrx_word' id='word_1_622' title='bbox 266 5631 408 5691; x_wconf 91' lang='lat' dir='ltr'><strong>illam</strong></span> <span class='ocrx_word' id='word_1_623' title='bbox 436 5638 533 5694; x_wconf 92' lang='lat' dir='ltr'><strong>diu</strong></span> <span class='ocrx_word' id='word_1_624' title='bbox 572 5648 819 5711; x_wconf 91' lang='lat' dir='ltr'><strong>tenente,</strong></span> <span class='ocrx_word' id='word_1_625' title='bbox 878 5650 934 5698; x_wconf 92' lang='lat' dir='ltr'><strong>et</strong></span> <span class='ocrx_word' id='word_1_626' title='bbox 961 5644 1217 5701; x_wconf 89' lang='lat' dir='ltr'><strong>Nothone</strong></span> <span class='ocrx_word' id='word_1_627' title='bbox 1240 5642 1295 5698; x_wconf 91' lang='lat' dir='ltr'><strong>in</strong></span> <span class='ocrx_word' id='word_1_628' title='bbox 1327 5658 1392 5698; x_wconf 91' lang='lat' dir='ltr'><strong>ea</strong></span> <span class='ocrx_word' id='word_1_629' title='bbox 1410 5642 1515 5698; x_wconf 88' lang='lat' dir='ltr'><strong>sibi</strong></span> <span class='ocrx_word' id='word_1_630' title='bbox 1544 5658 1739 5699; x_wconf 90' lang='lat' dir='ltr'><strong>succe-</strong></span> 
     </span>
    </p>
   </div>
   <div class='ocr_carea' id='block_1_95' title="bbox 130 5714 1735 5813">
    <p class='ocr_par' dir='ltr' id='par_1_95' title="bbox 130 5714 1735 5813">
     <span class='ocr_line' id='line_1_95' title="bbox 130 5714 1735 5813; baseline 0.01 -38"><span class='ocrx_word' id='word_1_631' title='bbox 130 5714 302 5813; x_wconf 58' lang='lat' dir='ltr'><strong>dente,</strong></span> <span class='ocrx_word' id='word_1_632' title='bbox 340 5734 491 5787; x_wconf 87' lang='lat' dir='ltr'><strong>tanto</strong></span> <span class='ocrx_word' id='word_1_633' title='bbox 519 5749 715 5790; x_wconf 90' lang='lat' dir='ltr'><strong>vacare</strong></span> <span class='ocrx_word' id='word_1_634' title='bbox 742 5742 963 5808; x_wconf 87' lang='lat' dir='ltr'><strong>pastore</strong></span> <span class='ocrx_word' id='word_1_635' title='bbox 992 5736 1282 5793; x_wconf 90' lang='lat' dir='ltr'><strong>videbatur</strong></span> <span class='ocrx_word' id='word_1_636' title='bbox 1310 5742 1579 5808; x_wconf 89' lang='lat' dir='ltr'><strong>tempore,</strong></span> <span class='ocrx_word' id='word_1_637' title='bbox 1611 5751 1735 5792; x_wconf 91' lang='lat' dir='ltr'><strong>cum</strong></span> 
     </span>
    </p>
   </div>
   <div class='ocr_carea' id='block_1_96' title="bbox 130 5808 1740 5898">
    <p class='ocr_par' dir='ltr' id='par_1_96' title="bbox 130 5808 1740 5898">
     <span class='ocr_line' id='line_1_96' title="bbox 130 5808 1740 5898; baseline 0.012 -35"><span class='ocrx_word' id='word_1_638' title='bbox 130 5808 321 5868; x_wconf 81' lang='lat' dir='ltr'><strong>eisdem</strong></span> <span class='ocrx_word' id='word_1_639' title='bbox 350 5819 625 5894; x_wconf 81' lang='lat' dir='ltr'><strong>episcopis</strong></span> <span class='ocrx_word' id='word_1_640' title='bbox 653 5825 822 5898; x_wconf 69' lang='lat' dir='ltr'><strong>coapit</strong></span> <span class='ocrx_word' id='word_1_641' title='bbox 870 5832 1125 5883; x_wconf 87' lang='lat' dir='ltr'><strong>tractare.</strong></span> <span class='ocrx_word' id='word_1_642' title='bbox 1154 5824 1255 5891; x_wconf 92' lang='lat' dir='ltr'><strong>Qui</strong></span> <span class='ocrx_word' id='word_1_643' title='bbox 1288 5824 1447 5882; x_wconf 90' lang='lat' dir='ltr'><strong>sicuti</strong></span> <span class='ocrx_word' id='word_1_644' title='bbox 1483 5824 1740 5882; x_wconf 89' lang='lat' dir='ltr'><strong>viderant</strong></span> 
     </span>
    </p>
   </div>
   <div class='ocr_carea' id='block_1_97' title="bbox 409 5928 1106 5999">
    <p class='ocr_par' dir='ltr' id='par_1_97' title="bbox 409 5928 1106 5999">
     <span class='ocr_line' id='line_1_97' title="bbox 409 5928 1106 5999; baseline 0.006 -9"><span class='ocrx_word' id='word_1_645' title='bbox 409 5928 713 5997; x_wconf 75' lang='lat' dir='ltr'><strong>PATROL.</strong></span> <span class='ocrx_word' id='word_1_646' title='bbox 767 5932 1106 5999; x_wconf 86' lang='lat' dir='ltr'><strong>CXXXV.</strong></span> 
     </span>
    </p>
   </div>
   <div class='ocr_carea' id='block_1_98' title="bbox 1760 5003 3465 5086">
    <p class='ocr_par' dir='ltr' id='par_1_98' title="bbox 1760 5003 3465 5086">
     <span class='ocr_line' id='line_1_98' title="bbox 1760 5003 3465 5086; baseline 0.001 -24"><span class='ocrx_word' id='word_1_647' title='bbox 1760 5004 1931 5086; x_wconf 84' lang='lat' dir='ltr'><strong>Dvel</strong></span> <span class='ocrx_word' id='word_1_648' title='bbox 1976 5003 2289 5077; x_wconf 89' lang='lat' dir='ltr'><strong>audierant,</strong></span> <span class='ocrx_word' id='word_1_649' title='bbox 2344 5004 2752 5078; x_wconf 89' lang='lat' dir='ltr'><strong>depositionem</strong></span> <span class='ocrx_word' id='word_1_650' title='bbox 2804 5011 3095 5063; x_wconf 88' lang='lat' dir='ltr'><strong>narrantes</strong></span> <span class='ocrx_word' id='word_1_651' title='bbox 3148 5004 3378 5076; x_wconf 86' lang='lat' dir='ltr'><strong>Ebonis,</strong></span> <span class='ocrx_word' id='word_1_652' title='bbox 3410 5017 3465 5063; x_wconf 90' lang='lat' dir='ltr'><strong>et</strong></span> 
     </span>
    </p>
   </div>
   <div class='ocr_carea' id='block_1_99' title="bbox 1838 5096 3462 5169">
    <p class='ocr_par' dir='ltr' id='par_1_99' title="bbox 1838 5096 3462 5169">
     <span class='ocr_line' id='line_1_99' title="bbox 1838 5096 3462 5169; baseline 0.002 -18"><span class='ocrx_word' id='word_1_653' title='bbox 1838 5097 2219 5154; x_wconf 90' lang='lat' dir='ltr'><strong>auctoritatem</strong></span> <span class='ocrx_word' id='word_1_654' title='bbox 2274 5107 2595 5156; x_wconf 87' lang='lat' dir='ltr'><strong>sanctorum</strong></span> <span class='ocrx_word' id='word_1_655' title='bbox 2655 5098 2875 5153; x_wconf 89' lang='lat' dir='ltr'><strong>Patrum</strong></span> <span class='ocrx_word' id='word_1_656' title='bbox 2930 5110 3099 5168; x_wconf 89' lang='lat' dir='ltr'><strong>super</strong></span> <span class='ocrx_word' id='word_1_657' title='bbox 3142 5096 3462 5169; x_wconf 89' lang='lat' dir='ltr'><strong>hujusmodi</strong></span> 
     </span>
    </p>
   </div>
   <div class='ocr_carea' id='block_1_100' title="bbox 1838 5187 3464 5260">
    <p class='ocr_par' dir='ltr' id='par_1_100' title="bbox 1838 5187 3464 5260">
     <span class='ocr_line' id='line_1_100' title="bbox 1838 5187 3464 5260; baseline 0.004 -21"><span class='ocrx_word' id='word_1_658' title='bbox 1838 5187 2078 5260; x_wconf 88' lang='lat' dir='ltr'><strong>negotiis</strong></span> <span class='ocrx_word' id='word_1_659' title='bbox 2103 5187 2173 5243; x_wconf 91' lang='lat' dir='ltr'><strong>ad</strong></span> <span class='ocrx_word' id='word_1_660' title='bbox 2217 5188 2540 5245; x_wconf 90' lang='lat' dir='ltr'><strong>memoriam</strong></span> <span class='ocrx_word' id='word_1_661' title='bbox 2572 5195 2919 5254; x_wconf 89' lang='lat' dir='ltr'><strong>revocantes,</strong></span> <span class='ocrx_word' id='word_1_662' title='bbox 2949 5192 3187 5260; x_wconf 83' lang='lat' dir='ltr'><strong>cogente</strong></span> <span class='ocrx_word' id='word_1_663' title='bbox 3216 5190 3464 5245; x_wconf 86' lang='lat' dir='ltr'><strong>necessi-</strong></span> 
     </span>
    </p>
   </div>
   <div class='ocr_carea' id='block_1_101' title="bbox 1836 5276 3463 5349">
    <p class='ocr_par' dir='ltr' id='par_1_101' title="bbox 1836 5276 3463 5349">
     <span class='ocr_line' id='line_1_101' title="bbox 1836 5276 3463 5349; baseline 0.002 -18"><span class='ocrx_word' id='word_1_664' title='bbox 1836 5280 1948 5331; x_wconf 90' lang='lat' dir='ltr'><strong>tate</strong></span> <span class='ocrx_word' id='word_1_665' title='bbox 1965 5282 2132 5349; x_wconf 88' lang='lat' dir='ltr'><strong>atque</strong></span> <span class='ocrx_word' id='word_1_666' title='bbox 2158 5276 2430 5333; x_wconf 91' lang='lat' dir='ltr'><strong>suadente</strong></span> <span class='ocrx_word' id='word_1_667' title='bbox 2465 5277 2812 5344; x_wconf 88' lang='lat' dir='ltr'><strong>auctoritate,</strong></span> <span class='ocrx_word' id='word_1_668' title='bbox 2852 5276 3135 5332; x_wconf 91' lang='lat' dir='ltr'><strong>communi</strong></span> <span class='ocrx_word' id='word_1_669' title='bbox 3164 5276 3463 5337; x_wconf 88' lang='lat' dir='ltr'><strong>decrevere</strong></span> 
     </span>
    </p>
   </div>
   <div class='ocr_carea' id='block_1_102' title="bbox 1837 5367 3463 5443">
    <p class='ocr_par' dir='ltr' id='par_1_102' title="bbox 1837 5367 3463 5443">
     <span class='ocr_line' id='line_1_102' title="bbox 1837 5367 3463 5443; baseline 0.001 -19"><span class='ocrx_word' id='word_1_670' title='bbox 1837 5382 2136 5437; x_wconf 89' lang='lat' dir='ltr'><strong>consensu,</strong></span> <span class='ocrx_word' id='word_1_671' title='bbox 2168 5384 2278 5442; x_wconf 93' lang='lat' dir='ltr'><strong>quo</strong></span> <span class='ocrx_word' id='word_1_672' title='bbox 2310 5370 2533 5425; x_wconf 87' lang='lat' dir='ltr'><strong>tandem</strong></span> <span class='ocrx_word' id='word_1_673' title='bbox 2573 5376 2700 5442; x_wconf 86' lang='lat' dir='ltr'><strong>post</strong></span> <span class='ocrx_word' id='word_1_674' title='bbox 2727 5367 3065 5425; x_wconf 89' lang='lat' dir='ltr'><strong>decennium</strong></span> <span class='ocrx_word' id='word_1_675' title='bbox 3095 5368 3463 5443; x_wconf 89' lang='lat' dir='ltr'><strong>depositionis</strong></span> 
     </span>
    </p>
   </div>
   <div class='ocr_carea' id='block_1_103' title="bbox 1835 5455 3459 5533">
    <p class='ocr_par' dir='ltr' id='par_1_103' title="bbox 1835 5455 3459 5533">
     <span class='ocr_line' id='line_1_103' title="bbox 1835 5455 3459 5533; baseline 0.004 -23"><span class='ocrx_word' id='word_1_676' title='bbox 1835 5455 2041 5513; x_wconf 89' lang='lat' dir='ltr'><strong>Ebonis</strong></span> <span class='ocrx_word' id='word_1_677' title='bbox 2097 5457 2151 5512; x_wconf 92' lang='lat' dir='ltr'><strong>in</strong></span> <span class='ocrx_word' id='word_1_678' title='bbox 2221 5458 2454 5514; x_wconf 91' lang='lat' dir='ltr'><strong>ecclesia</strong></span> <span class='ocrx_word' id='word_1_679' title='bbox 2496 5457 2691 5513; x_wconf 91' lang='lat' dir='ltr'><strong>eadem</strong></span> <span class='ocrx_word' id='word_1_680' title='bbox 2749 5457 3104 5516; x_wconf 75' lang='lat' dir='ltr'><strong>ordinaretur</strong></span> <span class='ocrx_word' id='word_1_681' title='bbox 3143 5460 3459 5533; x_wconf 85' lang='lat' dir='ltr'><strong>episcopus.</strong></span> 
     </span>
    </p>
   </div>
   <div class='ocr_carea' id='block_1_104' title="bbox 1839 5548 3460 5625">
    <p class='ocr_par' dir='ltr' id='par_1_104' title="bbox 1839 5548 3460 5625">
     <span class='ocr_line' id='line_1_104' title="bbox 1839 5548 3460 5625; baseline 0.004 -22"><span class='ocrx_word' id='word_1_682' title='bbox 1839 5548 2006 5623; x_wconf 87' lang='lat' dir='ltr'><strong>Igitur</strong></span> <span class='ocrx_word' id='word_1_683' title='bbox 2035 5565 2068 5605; x_wconf 91' lang='lat' dir='ltr'><strong>a</strong></span> <span class='ocrx_word' id='word_1_684' title='bbox 2097 5550 2245 5608; x_wconf 92' lang='lat' dir='ltr'><strong>clero</strong></span> <span class='ocrx_word' id='word_1_685' title='bbox 2275 5558 2329 5608; x_wconf 90' lang='lat' dir='ltr'><strong>et</strong></span> <span class='ocrx_word' id='word_1_686' title='bbox 2361 5566 2391 5605; x_wconf 91' lang='lat' dir='ltr'><strong>a</strong></span> <span class='ocrx_word' id='word_1_687' title='bbox 2430 5551 2593 5624; x_wconf 89' lang='lat' dir='ltr'><strong>plebe</strong></span> <span class='ocrx_word' id='word_1_688' title='bbox 2642 5551 2815 5623; x_wconf 91' lang='lat' dir='ltr'><strong>ipsius</strong></span> <span class='ocrx_word' id='word_1_689' title='bbox 2842 5553 3194 5625; x_wconf 89' lang='lat' dir='ltr'><strong>metropolis,</strong></span> <span class='ocrx_word' id='word_1_690' title='bbox 3240 5568 3460 5611; x_wconf 91' lang='lat' dir='ltr'><strong>necnon</strong></span> 
     </span>
    </p>
   </div>
   <div class='ocr_carea' id='block_1_105' title="bbox 1838 5644 3464 5720">
    <p class='ocr_par' dir='ltr' id='par_1_105' title="bbox 1838 5644 3464 5720">
     <span class='ocr_line' id='line_1_105' title="bbox 1838 5644 3464 5720; baseline 0.002 -21"><span class='ocrx_word' id='word_1_691' title='bbox 1838 5644 1906 5699; x_wconf 89' lang='lat' dir='ltr'><strong>ab</strong></span> <span class='ocrx_word' id='word_1_692' title='bbox 1934 5644 2212 5716; x_wconf 92' lang='lat' dir='ltr'><strong>episcopis</strong></span> <span class='ocrx_word' id='word_1_693' title='bbox 2242 5644 2490 5714; x_wconf 92' lang='lat' dir='ltr'><strong>ejusdem</strong></span> <span class='ocrx_word' id='word_1_694' title='bbox 2521 5644 2841 5718; x_wconf 84' lang='lat' dir='ltr'><strong>provinciae,</strong></span> <span class='ocrx_word' id='word_1_695' title='bbox 2874 5646 3293 5720; x_wconf 90' lang='lat' dir='ltr'><strong>archiepiscopo</strong></span> <span class='ocrx_word' id='word_1_696' title='bbox 3321 5647 3464 5703; x_wconf 87' lang='lat' dir='ltr'><strong>Sen-</strong></span> 
     </span>
    </p>
   </div>
   <div class='ocr_carea' id='block_1_106' title="bbox 1838 5737 3462 5815">
    <p class='ocr_par' dir='ltr' id='par_1_106' title="bbox 1838 5737 3462 5815">
     <span class='ocr_line' id='line_1_106' title="bbox 1838 5737 3462 5815; baseline 0.002 -23"><span class='ocrx_word' id='word_1_697' title='bbox 1838 5737 2029 5793; x_wconf 91' lang='lat' dir='ltr'><strong>nensis</strong></span> <span class='ocrx_word' id='word_1_698' title='bbox 2066 5737 2324 5794; x_wconf 72' lang='lat' dir='ltr'><strong>Ecclesia:</strong></span> <span class='ocrx_word' id='word_1_699' title='bbox 2347 5737 2641 5797; x_wconf 89' lang='lat' dir='ltr'><strong>Wenilone</strong></span> <span class='ocrx_word' id='word_1_700' title='bbox 2671 5747 2837 5815; x_wconf 87' lang='lat' dir='ltr'><strong>atque</strong></span> <span class='ocrx_word' id='word_1_701' title='bbox 2865 5742 3197 5799; x_wconf 87' lang='lat' dir='ltr'><strong>Ercamrado</strong></span> <span class='ocrx_word' id='word_1_702' title='bbox 3227 5741 3462 5798; x_wconf 84' lang='lat' dir='ltr'><strong>Parisio-</strong></span> 
     </span>
    </p>
   </div>
   <div class='ocr_carea' id='block_1_107' title="bbox 1840 5826 3456 5901">
    <p class='ocr_par' dir='ltr' id='par_1_107' title="bbox 1840 5826 3456 5901">
     <span class='ocr_line' id='line_1_107' title="bbox 1840 5826 3456 5901; baseline -0.002 -19"><span class='ocrx_word' id='word_1_703' title='bbox 1840 5841 2024 5884; x_wconf 90' lang='lat' dir='ltr'><strong>sorum</strong></span> <span class='ocrx_word' id='word_1_704' title='bbox 2057 5826 2323 5900; x_wconf 86' lang='lat' dir='ltr'><strong>episcOpo</strong></span> <span class='ocrx_word' id='word_1_705' title='bbox 2345 5837 2652 5901; x_wconf 90' lang='lat' dir='ltr'><strong>annuente,</strong></span> <span class='ocrx_word' id='word_1_706' title='bbox 2691 5846 2815 5887; x_wconf 91' lang='lat' dir='ltr'><strong>cum</strong></span> <span class='ocrx_word' id='word_1_707' title='bbox 2843 5845 3121 5890; x_wconf 84' lang='lat' dir='ltr'><strong>consensu</strong></span> <span class='ocrx_word' id='word_1_708' title='bbox 3143 5829 3354 5886; x_wconf 84' lang='lat' dir='ltr'><strong>abbatis</strong></span> <span class='ocrx_word' id='word_1_709' title='bbox 3373 5826 3456 5882; x_wconf 90' lang='lat' dir='ltr'><strong>sui</strong></span> 
     </span>
    </p>
   </div>
   <div class='ocr_carea' id='block_1_108' title="bbox 3125 5938 3164 5997">
    <p class='ocr_par' dir='ltr' id='par_1_108' title="bbox 3125 5938 3164 5997">
     <span class='ocr_line' id='line_1_108' title="bbox 3125 5938 3164 5997; baseline 0 0"><span class='ocrx_word' id='word_1_710' title='bbox 3125 5938 3164 5997; x_wconf 88' lang='lat'>5</span> 
     </span>
    </p>
   </div>
  </div>
