  <div class='ocr_page' id='page_1' title='image "/cluster/home/n/w/nwhite01/storage/ocr_20150623/134-135/uc1.31175013627537/589.png"; bbox 0 0 3884 6424; ppageno 0'>
   <div class='ocr_carea' id='block_1_1' title="bbox 373 360 3725 429">
    <p class='ocr_par' dir='ltr' id='par_1_1' title="bbox 373 360 3725 429">
     <span class='ocr_line' id='line_1_1' title="bbox 373 360 3725 429; baseline 0 -9"><span class='ocrx_word' id='word_1_1' title='bbox 373 373 481 429; x_wconf 72' lang='grc'><strong>139</strong></span> <span class='ocrx_word' id='word_1_2' title='bbox 1506 363 1875 420; x_wconf 81' lang='lat' dir='ltr'><strong>FLODOABDI</strong></span> <span class='ocrx_word' id='word_1_3' title='bbox 1916 360 2221 419; x_wconf 83' lang='lat' dir='ltr'><strong>CANONICI</strong></span> <span class='ocrx_word' id='word_1_4' title='bbox 2260 364 2592 420; x_wconf 77' lang='lat' dir='ltr'><strong>REMENSlS</strong></span> <span class='ocrx_word' id='word_1_5' title='bbox 3617 366 3725 422; x_wconf 73' lang='grc'><strong>140</strong></span> 
     </span>
    </p>
   </div>
   <div class='ocr_carea' id='block_1_2' title="bbox 379 500 3726 574">
    <p class='ocr_par' dir='ltr' id='par_1_2' title="bbox 379 500 3726 574">
     <span class='ocr_line' id='line_1_2' title="bbox 379 500 3726 574; baseline -0.001 -9"><span class='ocrx_word' id='word_1_6' title='bbox 379 516 436 565; x_wconf 89' lang='lat' dir='ltr'><strong>et</strong></span> <span class='ocrx_word' id='word_1_7' title='bbox 472 508 701 565; x_wconf 99' lang='lat' dir='ltr'><strong>fratrum</strong></span> <span class='ocrx_word' id='word_1_8' title='bbox 727 503 1052 562; x_wconf 76' lang='lat' dir='ltr'><strong>monasterii</strong></span> <span class='ocrx_word' id='word_1_9' title='bbox 1081 505 1255 560; x_wconf 78' lang='lat' dir='ltr'><strong>sancti</strong></span> <span class='ocrx_word' id='word_1_10' title='bbox 1283 503 1549 574; x_wconf 83' lang='lat' dir='ltr'><strong>Dionysii,</strong></span> <span class='ocrx_word' id='word_1_11' title='bbox 1580 502 1637 556; x_wconf 92' lang='lat' dir='ltr'><strong>in</strong></span> <span class='ocrx_word' id='word_1_12' title='bbox 1676 517 1788 573; x_wconf 92' lang='lat' dir='ltr'><strong>quo</strong></span> <span class='ocrx_word' id='word_1_13' title='bbox 1829 500 1996 573; x_wconf 76' lang='lat' dir='ltr'><strong>(lege-</strong></span> <span class='ocrx_word' id='word_1_14' title='bbox 2019 505 2077 574; x_wconf 80' lang='grc' dir='ltr'><strong>Α</strong></span> <span class='ocrx_word' id='word_1_15' title='bbox 2104 500 2334 559; x_wconf 86' lang='lat' dir='ltr'><strong>faceret.</strong></span> <span class='ocrx_word' id='word_1_16' title='bbox 2387 503 2508 573; x_wconf 93' lang='lat' dir='ltr'><strong>lpse</strong></span> <span class='ocrx_word' id='word_1_17' title='bbox 2557 517 2778 574; x_wconf 89' lang='lat' dir='ltr'><strong>quoque</strong></span> <span class='ocrx_word' id='word_1_18' title='bbox 2831 501 3146 558; x_wconf 89' lang='lat' dir='ltr'><strong>Guntholdo</strong></span> <span class='ocrx_word' id='word_1_19' title='bbox 3196 502 3392 559; x_wconf 78' lang='lat' dir='ltr'><strong>litteris</strong></span> <span class='ocrx_word' id='word_1_20' title='bbox 3421 507 3726 570; x_wconf 90' lang='lat' dir='ltr'><strong>mandavit,</strong></span> 
     </span>
    </p>
   </div>
   <div class='ocr_carea' id='block_1_3' title="bbox 381 592 3729 672">
    <p class='ocr_par' dir='ltr' id='par_1_3' title="bbox 381 592 3729 672">
     <span class='ocr_line' id='line_1_3' title="bbox 381 592 3729 672; baseline -0.003 -13"><span class='ocrx_word' id='word_1_21' title='bbox 381 603 497 672; x_wconf 86' lang='lat' dir='ltr'><strong>bat,</strong></span> <span class='ocrx_word' id='word_1_22' title='bbox 539 604 757 659; x_wconf 84' lang='lat' dir='ltr'><strong>favente</strong></span> <span class='ocrx_word' id='word_1_23' title='bbox 787 615 1008 672; x_wconf 91' lang='lat' dir='ltr'><strong>quoque</strong></span> <span class='ocrx_word' id='word_1_24' title='bbox 1041 599 1237 654; x_wconf 85' lang='lat' dir='ltr'><strong>Karolo</strong></span> <span class='ocrx_word' id='word_1_25' title='bbox 1265 613 1416 669; x_wconf 82' lang='lat' dir='ltr'><strong>rege,</strong></span> <span class='ocrx_word' id='word_1_26' title='bbox 1441 593 1766 650; x_wconf 86' lang='lat' dir='ltr'><strong>Hincmarus</strong></span> <span class='ocrx_word' id='word_1_27' title='bbox 1786 593 2000 646; x_wconf 87' lang='lat' dir='ltr'><strong>electus</strong></span> <span class='ocrx_word' id='word_1_28' title='bbox 2105 603 2166 652; x_wconf 88' lang='lat' dir='ltr'><strong>ut</strong></span> <span class='ocrx_word' id='word_1_29' title='bbox 2194 611 2317 650; x_wconf 91' lang='lat' dir='ltr'><strong>cum</strong></span> <span class='ocrx_word' id='word_1_30' title='bbox 2351 593 2636 665; x_wconf 88' lang='lat' dir='ltr'><strong>postdiem</strong></span> <span class='ocrx_word' id='word_1_31' title='bbox 2667 597 2872 647; x_wconf 74' lang='lat' dir='ltr'><strong>sanctae</strong></span> <span class='ocrx_word' id='word_1_32' title='bbox 2903 592 3120 647; x_wconf 90' lang='lat' dir='ltr'><strong>Domini</strong></span> <span class='ocrx_word' id='word_1_33' title='bbox 3152 595 3572 649; x_wconf 87' lang='lat' dir='ltr'><strong>resurrectionis</strong></span> <span class='ocrx_word' id='word_1_34' title='bbox 3600 596 3729 650; x_wconf 90' lang='lat' dir='ltr'><strong>mis-</strong></span> 
     </span>
    </p>
   </div>
   <div class='ocr_carea' id='block_1_4' title="bbox 382 682 3723 763">
    <p class='ocr_par' dir='ltr' id='par_1_4' title="bbox 382 682 3723 763">
     <span class='ocr_line' id='line_1_4' title="bbox 382 682 3723 763; baseline -0.004 -15"><span class='ocrx_word' id='word_1_35' title='bbox 382 700 485 748; x_wconf 90' lang='lat' dir='ltr'><strong>est.</strong></span> <span class='ocrx_word' id='word_1_36' title='bbox 509 693 710 763; x_wconf 87' lang='lat' dir='ltr'><strong>Sicque</strong></span> <span class='ocrx_word' id='word_1_37' title='bbox 758 689 983 746; x_wconf 91' lang='lat' dir='ltr'><strong>decreto</strong></span> <span class='ocrx_word' id='word_1_38' title='bbox 1023 696 1244 759; x_wconf 88' lang='lat' dir='ltr'><strong>peracto</strong></span> <span class='ocrx_word' id='word_1_39' title='bbox 1283 687 1720 760; x_wconf 86' lang='lat' dir='ltr'><strong>eligentiumque</strong></span> <span class='ocrx_word' id='word_1_40' title='bbox 1750 682 2008 736; x_wconf 89' lang='lat' dir='ltr'><strong>manibus</strong></span> <span class='ocrx_word' id='word_1_41' title='bbox 2107 702 2198 741; x_wconf 92' lang='lat' dir='ltr'><strong>sos</strong></span> <span class='ocrx_word' id='word_1_42' title='bbox 2221 699 2350 738; x_wconf 90' lang='lat' dir='ltr'><strong>suos</strong></span> <span class='ocrx_word' id='word_1_43' title='bbox 2378 683 2434 736; x_wconf 88' lang='lat' dir='ltr'><strong>in</strong></span> <span class='ocrx_word' id='word_1_44' title='bbox 2451 683 2734 737; x_wconf 83' lang='lat' dir='ltr'><strong>servitium</strong></span> <span class='ocrx_word' id='word_1_45' title='bbox 2779 682 3127 753; x_wconf 83' lang='lat' dir='ltr'><strong>imperatoris</strong></span> <span class='ocrx_word' id='word_1_46' title='bbox 3153 683 3414 748; x_wconf 83' lang='lat' dir='ltr'><strong>mitteret,</strong></span> <span class='ocrx_word' id='word_1_47' title='bbox 3451 683 3567 753; x_wconf 92' lang='lat' dir='ltr'><strong>ipse</strong></span> <span class='ocrx_word' id='word_1_48' title='bbox 3599 700 3723 738; x_wconf 92' lang='lat' dir='ltr'><strong>cum</strong></span> 
     </span>
    </p>
   </div>
   <div class='ocr_carea' id='block_1_5' title="bbox 385 772 3724 848">
    <p class='ocr_par' dir='ltr' id='par_1_5' title="bbox 385 772 3724 848">
     <span class='ocr_line' id='line_1_5' title="bbox 385 772 3724 848; baseline -0.001 -12"><span class='ocrx_word' id='word_1_49' title='bbox 385 781 663 848; x_wconf 86' lang='lat' dir='ltr'><strong>roborato,</strong></span> <span class='ocrx_word' id='word_1_50' title='bbox 700 778 955 834; x_wconf 67' lang='lat' dir='ltr'><strong>Ecclesia:</strong></span> <span class='ocrx_word' id='word_1_51' title='bbox 1019 776 1308 830; x_wconf 78' lang='lat' dir='ltr'><strong>Bernensis</strong></span> <span class='ocrx_word' id='word_1_52' title='bbox 1351 775 1639 830; x_wconf 90' lang='lat' dir='ltr'><strong>ordinatur</strong></span> <span class='ocrx_word' id='word_1_53' title='bbox 1687 772 2002 842; x_wconf 89' lang='lat' dir='ltr'><strong>episcopus.</strong></span> <span class='ocrx_word' id='word_1_54' title='bbox 2109 772 2386 845; x_wconf 82' lang='lat' dir='ltr'><strong>episcopis</strong></span> <span class='ocrx_word' id='word_1_55' title='bbox 2415 772 2734 842; x_wconf 72' lang='lat' dir='ltr'><strong>praedictum</strong></span> <span class='ocrx_word' id='word_1_56' title='bbox 2750 773 3337 839; x_wconf 88' lang='lat' dir='ltr'><strong>locum,hanccausam</strong></span> <span class='ocrx_word' id='word_1_57' title='bbox 3361 774 3724 842; x_wconf 83' lang='lat' dir='ltr'><strong>difﬁniturus,</strong></span> 
     </span>
    </p>
   </div>
   <div class='ocr_carea' id='block_1_6' title="bbox 387 863 3723 944">
    <p class='ocr_par' dir='ltr' id='par_1_6' title="bbox 387 863 3723 944">
     <span class='ocr_line' id='line_1_6' title="bbox 387 863 3723 944; baseline -0.001 -17"><span class='ocrx_word' id='word_1_58' title='bbox 387 874 438 928; x_wconf 88' lang='lat' dir='ltr'><em>Is</em></span> <span class='ocrx_word' id='word_1_59' title='bbox 464 870 738 944; x_wconf 88' lang='lat' dir='ltr'><strong>siquidem</strong></span> <span class='ocrx_word' id='word_1_60' title='bbox 798 870 1140 933; x_wconf 87' lang='lat' dir='ltr'><strong>Hincmarus,</strong></span> <span class='ocrx_word' id='word_1_61' title='bbox 1189 883 1220 920; x_wconf 91' lang='lat' dir='ltr'><strong>a</strong></span> <span class='ocrx_word' id='word_1_62' title='bbox 1268 866 1505 937; x_wconf 85' lang='lat' dir='ltr'><strong>pueritia</strong></span> <span class='ocrx_word' id='word_1_63' title='bbox 1555 865 1609 918; x_wconf 89' lang='lat' dir='ltr'><strong>in</strong></span> <span class='ocrx_word' id='word_1_64' title='bbox 1667 863 2004 920; x_wconf 90' lang='lat' dir='ltr'><strong>monasterio</strong></span> <span class='ocrx_word' id='word_1_65' title='bbox 2108 867 2302 921; x_wconf 90' lang='lat' dir='ltr'><strong>adiret.</strong></span> <span class='ocrx_word' id='word_1_66' title='bbox 2361 865 2467 918; x_wconf 89' lang='lat' dir='ltr'><strong>Sed</strong></span> <span class='ocrx_word' id='word_1_67' title='bbox 2521 873 2576 919; x_wconf 87' lang='lat' dir='ltr'><strong>et</strong></span> <span class='ocrx_word' id='word_1_68' title='bbox 2642 865 2743 935; x_wconf 86' lang='lat' dir='ltr'><strong>ipsi</strong></span> <span class='ocrx_word' id='word_1_69' title='bbox 2800 865 3089 922; x_wconf 87' lang='lat' dir='ltr'><strong>Hincmaro</strong></span> <span class='ocrx_word' id='word_1_70' title='bbox 3148 867 3356 921; x_wconf 88' lang='lat' dir='ltr'><strong>litteras</strong></span> <span class='ocrx_word' id='word_1_71' title='bbox 3395 867 3543 923; x_wconf 89' lang='lat' dir='ltr'><strong>misit</strong></span> <span class='ocrx_word' id='word_1_72' title='bbox 3570 876 3630 923; x_wconf 90' lang='lat' dir='ltr'><strong>ut</strong></span> <span class='ocrx_word' id='word_1_73' title='bbox 3654 870 3723 923; x_wconf 91' lang='lat' dir='ltr'><strong>ad</strong></span> 
     </span>
    </p>
   </div>
   <div class='ocr_carea' id='block_1_7' title="bbox 383 955 3723 1035">
    <p class='ocr_par' dir='ltr' id='par_1_7' title="bbox 383 955 3723 1035">
     <span class='ocr_line' id='line_1_7' title="bbox 383 955 3723 1035; baseline -0.002 -13"><span class='ocrx_word' id='word_1_74' title='bbox 383 967 560 1022; x_wconf 85' lang='lat' dir='ltr'><strong>sancti</strong></span> <span class='ocrx_word' id='word_1_75' title='bbox 605 965 870 1035; x_wconf 82' lang='lat' dir='ltr'><strong>Dionysii,</strong></span> <span class='ocrx_word' id='word_1_76' title='bbox 929 962 1032 1018; x_wconf 91' lang='lat' dir='ltr'><strong>sub</strong></span> <span class='ocrx_word' id='word_1_77' title='bbox 1086 960 1348 1016; x_wconf 81' lang='lat' dir='ltr'><strong>Hilduino</strong></span> <span class='ocrx_word' id='word_1_78' title='bbox 1397 962 1595 1016; x_wconf 89' lang='lat' dir='ltr'><strong>abbate</strong></span> <span class='ocrx_word' id='word_1_79' title='bbox 1628 959 2006 1014; x_wconf 89' lang='lat' dir='ltr'><strong>monasteriali</strong></span> <span class='ocrx_word' id='word_1_80' title='bbox 2110 957 2256 1012; x_wconf 89' lang='lat' dir='ltr'><strong>idem</strong></span> <span class='ocrx_word' id='word_1_81' title='bbox 2279 955 2493 1010; x_wconf 82' lang='lat' dir='ltr'><strong>veniret</strong></span> <span class='ocrx_word' id='word_1_82' title='bbox 2541 955 2858 1010; x_wconf 89' lang='lat' dir='ltr'><strong>concilium.</strong></span> <span class='ocrx_word' id='word_1_83' title='bbox 2897 956 3110 1031; x_wconf 81' lang='lat' dir='ltr'><strong>Legatis</strong></span> <span class='ocrx_word' id='word_1_84' title='bbox 3149 957 3336 1029; x_wconf 50' lang='lat' dir='ltr'><strong>itque</strong></span> <span class='ocrx_word' id='word_1_85' title='bbox 3358 958 3534 1033; x_wconf 89' lang='lat' dir='ltr'><strong>Sergii</strong></span> <span class='ocrx_word' id='word_1_86' title='bbox 3566 976 3723 1030; x_wconf 65' lang='lat' dir='ltr'><strong>papae</strong></span> 
     </span>
    </p>
   </div>
   <div class='ocr_carea' id='block_1_8' title="bbox 385 1046 3732 1132">
    <p class='ocr_par' dir='ltr' id='par_1_8' title="bbox 385 1046 3732 1132">
     <span class='ocr_line' id='line_1_8' title="bbox 385 1046 3732 1132; baseline -0.004 -16"><span class='ocrx_word' id='word_1_87' title='bbox 385 1060 655 1132; x_wconf 76' lang='lat' dir='ltr'><strong>religione</strong></span> <span class='ocrx_word' id='word_1_88' title='bbox 683 1057 918 1112; x_wconf 90' lang='lat' dir='ltr'><strong>nutritus</strong></span> <span class='ocrx_word' id='word_1_89' title='bbox 947 1066 1003 1112; x_wconf 91' lang='lat' dir='ltr'><strong>et</strong></span> <span class='ocrx_word' id='word_1_90' title='bbox 1031 1055 1227 1110; x_wconf 90' lang='lat' dir='ltr'><strong>studiis</strong></span> <span class='ocrx_word' id='word_1_91' title='bbox 1280 1054 1586 1110; x_wconf 90' lang='lat' dir='ltr'><strong>litterarum</strong></span> <span class='ocrx_word' id='word_1_92' title='bbox 1620 1053 1882 1119; x_wconf 90' lang='lat' dir='ltr'><strong>imbutus,</strong></span> <span class='ocrx_word' id='word_1_93' title='bbox 1917 1053 2006 1106; x_wconf 91' lang='lat' dir='ltr'><strong>in-</strong></span> <span class='ocrx_word' id='word_1_94' title='bbox 2103 1048 2259 1116; x_wconf 86' lang='lat' dir='ltr'><strong>juxta</strong></span> <span class='ocrx_word' id='word_1_95' title='bbox 2311 1046 2623 1104; x_wconf 89' lang='lat' dir='ltr'><strong>condictum</strong></span> <span class='ocrx_word' id='word_1_96' title='bbox 2656 1064 2768 1103; x_wconf 92' lang='lat' dir='ltr'><strong>non</strong></span> <span class='ocrx_word' id='word_1_97' title='bbox 2825 1047 3198 1114; x_wconf 89' lang='lat' dir='ltr'><strong>venientibus,</strong></span> <span class='ocrx_word' id='word_1_98' title='bbox 3230 1049 3598 1115; x_wconf 87' lang='lat' dir='ltr'><strong>Guntboldus,</strong></span> <span class='ocrx_word' id='word_1_99' title='bbox 3627 1067 3732 1104; x_wconf 85' lang='lat' dir='ltr'><strong>an-</strong></span> 
     </span>
    </p>
   </div>
   <div class='ocr_carea' id='block_1_9' title="bbox 385 1137 3732 1221">
    <p class='ocr_par' dir='ltr' id='par_1_9' title="bbox 385 1137 3732 1221">
     <span class='ocr_line' id='line_1_9' title="bbox 385 1137 3732 1221; baseline -0.002 -17"><span class='ocrx_word' id='word_1_100' title='bbox 385 1150 568 1221; x_wconf 89' lang='lat' dir='ltr'><strong>deque</strong></span> <span class='ocrx_word' id='word_1_101' title='bbox 598 1160 698 1216; x_wconf 90' lang='lat' dir='ltr'><strong>pro</strong></span> <span class='ocrx_word' id='word_1_102' title='bbox 727 1145 811 1199; x_wconf 90' lang='lat' dir='ltr'><strong>sui</strong></span> <span class='ocrx_word' id='word_1_103' title='bbox 852 1152 961 1199; x_wconf 88' lang='lat' dir='ltr'><strong>tam</strong></span> <span class='ocrx_word' id='word_1_104' title='bbox 1001 1143 1224 1218; x_wconf 78' lang='lat' dir='ltr'><strong>generis</strong></span> <span class='ocrx_word' id='word_1_105' title='bbox 1254 1159 1417 1215; x_wconf 91' lang='lat' dir='ltr'><strong>quam</strong></span> <span class='ocrx_word' id='word_1_106' title='bbox 1461 1158 1661 1197; x_wconf 87' lang='lat' dir='ltr'><strong>sensus</strong></span> <span class='ocrx_word' id='word_1_107' title='bbox 1694 1141 2002 1207; x_wconf 88' lang='lat' dir='ltr'><strong>nobilitate,</strong></span> <span class='ocrx_word' id='word_1_108' title='bbox 2109 1145 2315 1192; x_wconf 86' lang='lat' dir='ltr'><strong>nuente</strong></span> <span class='ocrx_word' id='word_1_109' title='bbox 2360 1138 2418 1208; x_wconf 84' lang='lat' dir='ltr'><strong>[i,</strong></span> <span class='ocrx_word' id='word_1_110' title='bbox 2453 1139 2766 1207; x_wconf 90' lang='lat' dir='ltr'><strong>annitente]</strong></span> <span class='ocrx_word' id='word_1_111' title='bbox 2826 1153 2955 1211; x_wconf 90' lang='lat' dir='ltr'><strong>rege</strong></span> <span class='ocrx_word' id='word_1_112' title='bbox 3013 1137 3233 1206; x_wconf 88' lang='lat' dir='ltr'><strong>Karolo,</strong></span> <span class='ocrx_word' id='word_1_113' title='bbox 3293 1155 3420 1194; x_wconf 91' lang='lat' dir='ltr'><strong>cum</strong></span> <span class='ocrx_word' id='word_1_114' title='bbox 3451 1142 3732 1213; x_wconf 84' lang='lat' dir='ltr'><strong>episcOpis</strong></span> 
     </span>
    </p>
   </div>
   <div class='ocr_carea' id='block_1_10' title="bbox 387 1228 3732 1312">
    <p class='ocr_par' dir='ltr' id='par_1_10' title="bbox 387 1228 3732 1312">
     <span class='ocr_line' id='line_1_10' title="bbox 387 1228 3732 1312; baseline -0.003 -17"><span class='ocrx_word' id='word_1_115' title='bbox 387 1242 443 1295; x_wconf 91' lang='lat' dir='ltr'><strong>in</strong></span> <span class='ocrx_word' id='word_1_116' title='bbox 467 1239 726 1312; x_wconf 85' lang='lat' dir='ltr'><strong>palatium</strong></span> <span class='ocrx_word' id='word_1_117' title='bbox 761 1236 1020 1292; x_wconf 87' lang='lat' dir='ltr'><strong>Ludovici</strong></span> <span class='ocrx_word' id='word_1_118' title='bbox 1071 1235 1419 1306; x_wconf 90' lang='lat' dir='ltr'><strong>imperatoris</strong></span> <span class='ocrx_word' id='word_1_119' title='bbox 1444 1234 1736 1299; x_wconf 90' lang='lat' dir='ltr'><strong>deductus,</strong></span> <span class='ocrx_word' id='word_1_120' title='bbox 1769 1241 1824 1288; x_wconf 86' lang='lat' dir='ltr'><strong>et</strong></span> <span class='ocrx_word' id='word_1_121' title='bbox 1841 1231 2001 1287; x_wconf 86' lang='lat' dir='ltr'><strong>fami-</strong></span> <span class='ocrx_word' id='word_1_122' title='bbox 2107 1228 2379 1297; x_wconf 87' lang='lat' dir='ltr'><strong>synodum</strong></span> <span class='ocrx_word' id='word_1_123' title='bbox 2407 1230 2692 1296; x_wconf 85' lang='lat' dir='ltr'><strong>conduxit,</strong></span> <span class='ocrx_word' id='word_1_124' title='bbox 2721 1228 2788 1282; x_wconf 87' lang='lat' dir='ltr'><strong>ad</strong></span> <span class='ocrx_word' id='word_1_125' title='bbox 2839 1244 3002 1299; x_wconf 87' lang='lat' dir='ltr'><strong>quam</strong></span> <span class='ocrx_word' id='word_1_126' title='bbox 3032 1229 3277 1284; x_wconf 85' lang='lat' dir='ltr'><strong>Ebonem</strong></span> <span class='ocrx_word' id='word_1_127' title='bbox 3307 1248 3408 1301; x_wconf 90' lang='lat' dir='ltr'><strong>per</strong></span> <span class='ocrx_word' id='word_1_128' title='bbox 3437 1231 3648 1287; x_wconf 79' lang='lat' dir='ltr'><strong>litteras</strong></span> <span class='ocrx_word' id='word_1_129' title='bbox 3678 1244 3732 1288; x_wconf 87' lang='lat' dir='ltr'><strong>et</strong></span> 
     </span>
    </p>
   </div>
   <div class='ocr_carea' id='block_1_11' title="bbox 387 1313 3729 1398">
    <p class='ocr_par' dir='ltr' id='par_1_11' title="bbox 387 1313 3729 1398">
     <span class='ocr_line' id='line_1_11' title="bbox 387 1313 3729 1398; baseline -0.002 -14"><span class='ocrx_word' id='word_1_130' title='bbox 387 1331 578 1385; x_wconf 89' lang='lat' dir='ltr'><strong>liarem</strong></span> <span class='ocrx_word' id='word_1_131' title='bbox 599 1329 774 1398; x_wconf 90' lang='lat' dir='ltr'><strong>ipsius</strong></span> <span class='ocrx_word' id='word_1_132' title='bbox 805 1327 1058 1382; x_wconf 88' lang='lat' dir='ltr'><strong>notitiam</strong></span> <span class='ocrx_word' id='word_1_133' title='bbox 1089 1325 1325 1397; x_wconf 89' lang='lat' dir='ltr'><strong>adeptus</strong></span> <span class='ocrx_word' id='word_1_134' title='bbox 1352 1325 1569 1389; x_wconf 86' lang='lat' dir='ltr'><strong>fuerat;</strong></span> <span class='ocrx_word' id='word_1_135' title='bbox 1604 1325 1810 1395; x_wconf 90' lang='lat' dir='ltr'><strong>ibique,</strong></span> <span class='ocrx_word' id='word_1_136' title='bbox 1844 1329 2005 1393; x_wconf 86' lang='lat' dir='ltr'><strong>prout</strong></span> <span class='ocrx_word' id='word_1_137' title='bbox 2108 1313 2320 1389; x_wconf 84' lang='lat' dir='ltr'><strong>legatos</strong></span> <span class='ocrx_word' id='word_1_138' title='bbox 2375 1337 2441 1375; x_wconf 87' lang='lat' dir='ltr'><strong>ex</strong></span> <span class='ocrx_word' id='word_1_139' title='bbox 2498 1321 2822 1376; x_wconf 89' lang='lat' dir='ltr'><strong>auctoritate</strong></span> <span class='ocrx_word' id='word_1_140' title='bbox 2873 1320 3121 1392; x_wconf 70' lang='lat' dir='ltr'><strong>praedicti</strong></span> <span class='ocrx_word' id='word_1_141' title='bbox 3178 1335 3334 1392; x_wconf 56' lang='lat' dir='ltr'><strong>papa</strong></span> <span class='ocrx_word' id='word_1_142' title='bbox 3385 1324 3729 1378; x_wconf 88' lang='lat' dir='ltr'><strong>convocavit.</strong></span> 
     </span>
    </p>
   </div>
   <div class='ocr_carea' id='block_1_12' title="bbox 387 1404 3732 1492">
    <p class='ocr_par' dir='ltr' id='par_1_12' title="bbox 387 1404 3732 1492">
     <span class='ocr_line' id='line_1_12' title="bbox 387 1404 3732 1492; baseline -0.002 -18"><span class='ocrx_word' id='word_1_143' title='bbox 387 1420 586 1492; x_wconf 89' lang='lat' dir='ltr'><strong>potuit,</strong></span> <span class='ocrx_word' id='word_1_144' title='bbox 618 1434 742 1473; x_wconf 92' lang='lat' dir='ltr'><strong>cum</strong></span> <span class='ocrx_word' id='word_1_145' title='bbox 774 1417 1108 1486; x_wconf 88' lang='lat' dir='ltr'><strong>imperatore</strong></span> <span class='ocrx_word' id='word_1_146' title='bbox 1139 1419 1194 1468; x_wconf 90' lang='lat' dir='ltr'><strong>et</strong></span> <span class='ocrx_word' id='word_1_147' title='bbox 1243 1411 1469 1483; x_wconf 66' lang='lat' dir='ltr'><strong>praefato</strong></span> <span class='ocrx_word' id='word_1_148' title='bbox 1535 1411 1733 1466; x_wconf 90' lang='lat' dir='ltr'><strong>abbate</strong></span> <span class='ocrx_word' id='word_1_149' title='bbox 1762 1411 1865 1464; x_wconf 91' lang='lat' dir='ltr'><strong>sub</strong></span> <span class='ocrx_word' id='word_1_150' title='bbox 1891 1410 2011 1480; x_wconf 90' lang='lat' dir='ltr'><strong>epi-</strong></span> <span class='ocrx_word' id='word_1_151' title='bbox 2111 1404 2226 1468; x_wconf 88' lang='lat' dir='ltr'><strong>Quo</strong></span> <span class='ocrx_word' id='word_1_152' title='bbox 2257 1413 2439 1486; x_wconf 76' lang='lat' dir='ltr'><strong>tamen</strong></span> <span class='ocrx_word' id='word_1_153' title='bbox 2465 1411 2576 1466; x_wconf 85' lang='lat' dir='ltr'><strong>Ebo</strong></span> <span class='ocrx_word' id='word_1_154' title='bbox 2609 1426 2789 1482; x_wconf 90' lang='lat' dir='ltr'><strong>neque</strong></span> <span class='ocrx_word' id='word_1_155' title='bbox 2845 1409 3086 1476; x_wconf 88' lang='lat' dir='ltr'><strong>venisse,</strong></span> <span class='ocrx_word' id='word_1_156' title='bbox 3133 1425 3315 1480; x_wconf 90' lang='lat' dir='ltr'><strong>neque</strong></span> <span class='ocrx_word' id='word_1_157' title='bbox 3341 1411 3602 1466; x_wconf 88' lang='lat' dir='ltr'><strong>vicariam</strong></span> <span class='ocrx_word' id='word_1_158' title='bbox 3631 1429 3732 1484; x_wconf 91' lang='lat' dir='ltr'><strong>pro</strong></span> 
     </span>
    </p>
   </div>
   <div class='ocr_carea' id='block_1_13' title="bbox 386 1501 3725 1583">
    <p class='ocr_par' dir='ltr' id='par_1_13' title="bbox 386 1501 3725 1583">
     <span class='ocr_line' id='line_1_13' title="bbox 386 1501 3725 1583; baseline -0.004 -17"><span class='ocrx_word' id='word_1_159' title='bbox 386 1527 679 1583; x_wconf 80' lang='lat' dir='ltr'><strong>scaporum</strong></span> <span class='ocrx_word' id='word_1_160' title='bbox 711 1509 1039 1565; x_wconf 87' lang='lat' dir='ltr'><strong>auctoritate</strong></span> <span class='ocrx_word' id='word_1_161' title='bbox 1083 1505 1369 1573; x_wconf 86' lang='lat' dir='ltr'><strong>laboravit,</strong></span> <span class='ocrx_word' id='word_1_162' title='bbox 1421 1511 1480 1560; x_wconf 93' lang='lat' dir='ltr'><strong>ut</strong></span> <span class='ocrx_word' id='word_1_163' title='bbox 1509 1505 1645 1560; x_wconf 88' lang='lat' dir='ltr'><strong>ordo</strong></span> <span class='ocrx_word' id='word_1_164' title='bbox 1675 1502 2012 1557; x_wconf 89' lang='lat' dir='ltr'><strong>monasticus</strong></span> <span class='ocrx_word' id='word_1_165' title='bbox 2110 1511 2170 1550; x_wconf 91' lang='lat' dir='ltr'><strong>se</strong></span> <span class='ocrx_word' id='word_1_166' title='bbox 2201 1514 2518 1567; x_wconf 86' lang='lat' dir='ltr'><strong>personam,</strong></span> <span class='ocrx_word' id='word_1_167' title='bbox 2550 1501 2636 1555; x_wconf 88' lang='lat' dir='ltr'><strong>vel</strong></span> <span class='ocrx_word' id='word_1_168' title='bbox 2666 1501 2876 1556; x_wconf 88' lang='lat' dir='ltr'><strong>litteras</strong></span> <span class='ocrx_word' id='word_1_169' title='bbox 2905 1501 3202 1556; x_wconf 89' lang='lat' dir='ltr'><strong>canonicas</strong></span> <span class='ocrx_word' id='word_1_170' title='bbox 3221 1501 3438 1557; x_wconf 90' lang='lat' dir='ltr'><strong>misisse</strong></span> <span class='ocrx_word' id='word_1_171' title='bbox 3466 1501 3725 1556; x_wconf 87' lang='lat' dir='ltr'><strong>traditur.</strong></span> 
     </span>
    </p>
   </div>
   <div class='ocr_carea' id='block_1_14' title="bbox 391 1584 3731 1675">
    <p class='ocr_par' dir='ltr' id='par_1_14' title="bbox 391 1584 3731 1675">
     <span class='ocr_line' id='line_1_14' title="bbox 391 1584 3731 1675; baseline -0.005 -17"><span class='ocrx_word' id='word_1_172' title='bbox 391 1605 445 1659; x_wconf 92' lang='lat' dir='ltr'><strong>in</strong></span> <span class='ocrx_word' id='word_1_173' title='bbox 504 1603 769 1675; x_wconf 72' lang='lat' dir='ltr'><strong>praadicto</strong></span> <span class='ocrx_word' id='word_1_174' title='bbox 826 1600 1186 1665; x_wconf 87' lang='lat' dir='ltr'><strong>monasterio,</strong></span> <span class='ocrx_word' id='word_1_175' title='bbox 1264 1597 1632 1671; x_wconf 89' lang='lat' dir='ltr'><strong>quorumdam</strong></span> <span class='ocrx_word' id='word_1_176' title='bbox 1682 1597 2009 1668; x_wconf 68' lang='lat' dir='ltr'><strong>voluptuosa</strong></span> <span class='ocrx_word' id='word_1_177' title='bbox 2112 1584 2456 1643; x_wconf 89' lang='lat' dir='ltr'><strong>Guntboldus</strong></span> <span class='ocrx_word' id='word_1_178' title='bbox 2485 1599 2665 1644; x_wconf 88' lang='lat' dir='ltr'><strong>tamen</strong></span> <span class='ocrx_word' id='word_1_179' title='bbox 2712 1598 2766 1646; x_wconf 90' lang='lat' dir='ltr'><strong>et</strong></span> <span class='ocrx_word' id='word_1_180' title='bbox 2804 1591 2988 1646; x_wconf 67' lang='lat' dir='ltr'><strong>czeteri</strong></span> <span class='ocrx_word' id='word_1_181' title='bbox 3027 1591 3297 1661; x_wconf 84' lang='lat' dir='ltr'><strong>episcOpi,</strong></span> <span class='ocrx_word' id='word_1_182' title='bbox 3327 1592 3421 1662; x_wconf 92' lang='lat' dir='ltr'><strong>qui</strong></span> <span class='ocrx_word' id='word_1_183' title='bbox 3455 1591 3601 1662; x_wconf 91' lang='lat' dir='ltr'><strong>apud</strong></span> <span class='ocrx_word' id='word_1_184' title='bbox 3629 1591 3731 1675; x_wconf 64' lang='lat' dir='ltr'><strong>Pa:</strong></span> 
     </span>
    </p>
   </div>
   <div class='ocr_carea' id='block_1_15' title="bbox 391 1665 3732 1761">
    <p class='ocr_par' dir='ltr' id='par_1_15' title="bbox 391 1665 3732 1761">
     <span class='ocr_line' id='line_1_15' title="bbox 391 1665 3732 1761; baseline -0.001 -25"><span class='ocrx_word' id='word_1_185' title='bbox 391 1665 629 1748; x_wconf 75' lang='lat' dir='ltr'><strong>factione</strong></span> <span class='ocrx_word' id='word_1_186' title='bbox 682 1691 775 1746; x_wconf 77' lang='lat' dir='ltr'><strong>diu</strong></span> <span class='ocrx_word' id='word_1_187' title='bbox 829 1691 1111 1761; x_wconf 65' lang='lat' dir='ltr'><strong>delapsus,</strong></span> <span class='ocrx_word' id='word_1_188' title='bbox 1169 1665 1589 1744; x_wconf 67' lang='grc' dir='ltr'><strong>τρειξωιιειι-θιυιο,</strong></span> <span class='ocrx_word' id='word_1_189' title='bbox 1646 1685 1708 1739; x_wconf 81' lang='lat' dir='ltr'><strong>Et</strong></span> <span class='ocrx_word' id='word_1_190' title='bbox 1751 1665 2010 1755; x_wconf 29' lang='lat' dir='ltr'><strong>utvopere</strong></span> <span class='ocrx_word' id='word_1_191' title='bbox 2111 1675 2271 1731; x_wconf 91' lang='lat' dir='ltr'><strong>risios</strong></span> <span class='ocrx_word' id='word_1_192' title='bbox 2300 1687 2431 1732; x_wconf 92' lang='lat' dir='ltr'><strong>tunc</strong></span> <span class='ocrx_word' id='word_1_193' title='bbox 2486 1688 2865 1734; x_wconf 88' lang='lat' dir='ltr'><strong>convenerant</strong></span> <span class='ocrx_word' id='word_1_194' title='bbox 2921 1679 3028 1749; x_wconf 83' lang='lat' dir='ltr'><strong>(an.</strong></span> <span class='ocrx_word' id='word_1_195' title='bbox 3081 1680 3226 1749; x_wconf 78' lang='grc'><strong>847).</strong></span> <span class='ocrx_word' id='word_1_196' title='bbox 3270 1679 3488 1736; x_wconf 85' lang='lat' dir='ltr'><strong>Wenilo</strong></span> <span class='ocrx_word' id='word_1_197' title='bbox 3518 1665 3732 1735; x_wconf 69' lang='lat' dir='ltr'><strong>scilicei</strong></span> 
     </span>
    </p>
   </div>
   <div class='ocr_carea' id='block_1_16' title="bbox 389 1766 3733 1852">
    <p class='ocr_par' dir='ltr' id='par_1_16' title="bbox 389 1766 3733 1852">
     <span class='ocr_line' id='line_1_16' title="bbox 389 1766 3733 1852; baseline -0.004 -14"><span class='ocrx_word' id='word_1_198' title='bbox 389 1796 611 1852; x_wconf 89' lang='lat' dir='ltr'><strong>quoque</strong></span> <span class='ocrx_word' id='word_1_199' title='bbox 669 1781 1001 1852; x_wconf 87' lang='lat' dir='ltr'><strong>adimpleret</strong></span> <span class='ocrx_word' id='word_1_200' title='bbox 1053 1779 1202 1851; x_wconf 93' lang='lat' dir='ltr'><strong>quod</strong></span> <span class='ocrx_word' id='word_1_201' title='bbox 1233 1795 1490 1835; x_wconf 86' lang='lat' dir='ltr'><strong>sermone</strong></span> <span class='ocrx_word' id='word_1_202' title='bbox 1520 1775 1809 1842; x_wconf 89' lang='lat' dir='ltr'><strong>suadebat,</strong></span> <span class='ocrx_word' id='word_1_203' title='bbox 1842 1775 2005 1829; x_wconf 89' lang='lat' dir='ltr'><strong>etiam</strong></span> <span class='ocrx_word' id='word_1_204' title='bbox 2042 1827 2086 1852; x_wconf 57' lang='grc' dir='ltr'>ῃ</span> <span class='ocrx_word' id='word_1_205' title='bbox 2111 1766 2368 1822; x_wconf 71' lang='lat' dir='ltr'><strong>Ecclesize</strong></span> <span class='ocrx_word' id='word_1_206' title='bbox 2413 1769 2698 1826; x_wconf 81' lang='lat' dir='ltr'><strong>Senonicae</strong></span> <span class='ocrx_word' id='word_1_207' title='bbox 2755 1771 3214 1842; x_wconf 86' lang='lat' dir='ltr'><strong>metrOpolitanus</strong></span> <span class='ocrx_word' id='word_1_208' title='bbox 3242 1788 3366 1828; x_wconf 91' lang='lat' dir='ltr'><strong>cum</strong></span> <span class='ocrx_word' id='word_1_209' title='bbox 3398 1772 3733 1826; x_wconf 73' lang='lat' dir='ltr'><strong>dicecesanis</strong></span> 
     </span>
    </p>
   </div>
   <div class='ocr_carea' id='block_1_17' title="bbox 391 1827 3734 1948">
    <p class='ocr_par' dir='ltr' id='par_1_17' title="bbox 391 1827 3734 1948">
     <span class='ocr_line' id='line_1_17' title="bbox 391 1827 3261 1852; baseline -0.006 1"><span class='ocrx_word' id='word_1_210' title='bbox 391 1827 610 1852; x_wconf 60' lang='lat'><strong>‘1“1‘”</strong></span> <span class='ocrx_word' id='word_1_211' title='bbox 669 1827 1000 1852; x_wconf 70' lang='grc' dir='ltr'><strong>--η--ιηνυσ-</strong></span> <span class='ocrx_word' id='word_1_212' title='bbox 1055 1827 1202 1851; x_wconf 69' lang='grc' dir='ltr'><strong>-ι--ν-</strong></span> <span class='ocrx_word' id='word_1_213' title='bbox 1233 1827 1489 1835; x_wconf 67' lang='grc' dir='ltr'><strong>-ν--ην--ν</strong></span> <span class='ocrx_word' id='word_1_214' title='bbox 1520 1827 1808 1842; x_wconf 32' lang='lat' dir='ltr'><strong>&quot;mw-&quot;Mr</strong></span> <span class='ocrx_word' id='word_1_215' title='bbox 1853 1827 1891 1829; x_wconf 49' lang='grc' dir='ltr'>ν</span> <span class='ocrx_word' id='word_1_216' title='bbox 1942 1827 1947 1828; x_wconf 37' lang='grc' dir='ltr'><em>γ</em></span> <span class='ocrx_word' id='word_1_217' title='bbox 2935 1827 2949 1842; x_wconf 83' lang='grc' dir='ltr'>ι</span> <span class='ocrx_word' id='word_1_218' title='bbox 3253 1827 3261 1828; x_wconf 44' lang='grc' dir='ltr'><em>κ</em></span> 
     </span>
     <span class='ocr_line' id='line_1_18' title="bbox 391 1827 3734 1948; baseline -0.002 -21"><span class='ocrx_word' id='word_1_219' title='bbox 391 1875 510 1944; x_wconf 90' lang='lat' dir='ltr'><strong>ipse</strong></span> <span class='ocrx_word' id='word_1_220' title='bbox 541 1873 814 1948; x_wconf 62' lang='lat' dir='ltr'><strong>religiosae</strong></span> <span class='ocrx_word' id='word_1_221' title='bbox 869 1873 1276 1929; x_wconf 87' lang='lat' dir='ltr'><strong>conversationi</strong></span> <span class='ocrx_word' id='word_1_222' title='bbox 1335 1888 1459 1926; x_wconf 91' lang='lat' dir='ltr'><strong>cum</strong></span> <span class='ocrx_word' id='word_1_223' title='bbox 1490 1871 1614 1924; x_wconf 91' lang='lat' dir='ltr'><strong>aliis</strong></span> <span class='ocrx_word' id='word_1_224' title='bbox 1652 1885 1713 1923; x_wconf 91' lang='lat' dir='ltr'><strong>se</strong></span> <span class='ocrx_word' id='word_1_225' title='bbox 1742 1867 2010 1932; x_wconf 83' lang='lat' dir='ltr'><strong>subdidit,</strong></span> <span class='ocrx_word' id='word_1_226' title='bbox 2041 1827 2087 1894; x_wconf 72' lang='grc' dir='ltr'>Β</span> <span class='ocrx_word' id='word_1_227' title='bbox 2113 1859 2249 1924; x_wconf 86' lang='lat' dir='ltr'><strong>SuiS,</strong></span> <span class='ocrx_word' id='word_1_228' title='bbox 2282 1860 2627 1916; x_wconf 79' lang='lat' dir='ltr'><strong>Lantrannus</strong></span> <span class='ocrx_word' id='word_1_229' title='bbox 2685 1863 2758 1934; x_wconf 83' lang='lat' dir='ltr'><strong>[al</strong></span> <span class='ocrx_word' id='word_1_230' title='bbox 2790 1907 2804 1931; x_wconf 91' lang='lat'><strong>,</strong></span> <span class='ocrx_word' id='word_1_231' title='bbox 2839 1863 3202 1936; x_wconf 89' lang='lat' dir='ltr'><strong>Lanfrannus]</strong></span> <span class='ocrx_word' id='word_1_232' title='bbox 3241 1866 3580 1922; x_wconf 85' lang='lat' dir='ltr'><strong>Turonensis</strong></span> <span class='ocrx_word' id='word_1_233' title='bbox 3606 1882 3734 1921; x_wconf 91' lang='lat' dir='ltr'><strong>cum</strong></span> 
     </span>
    </p>
   </div>
   <div class='ocr_carea' id='block_1_18' title="bbox 389 1951 3734 2037">
    <p class='ocr_par' dir='ltr' id='par_1_18' title="bbox 389 1951 3734 2037">
     <span class='ocr_line' id='line_1_19' title="bbox 389 1951 3734 2037; baseline -0.002 -19"><span class='ocrx_word' id='word_1_234' title='bbox 389 1963 666 2037; x_wconf 83' lang='lat' dir='ltr'><strong>castigans</strong></span> <span class='ocrx_word' id='word_1_235' title='bbox 689 1977 892 2033; x_wconf 92' lang='lat' dir='ltr'><strong>corpus</strong></span> <span class='ocrx_word' id='word_1_236' title='bbox 919 1979 1104 2030; x_wconf 91' lang='lat' dir='ltr'><strong>suum,</strong></span> <span class='ocrx_word' id='word_1_237' title='bbox 1160 1971 1215 2018; x_wconf 91' lang='lat' dir='ltr'><strong>et</strong></span> <span class='ocrx_word' id='word_1_238' title='bbox 1241 1961 1474 2032; x_wconf 88' lang='lat' dir='ltr'><strong>spiritali</strong></span> <span class='ocrx_word' id='word_1_239' title='bbox 1505 1958 1806 2027; x_wconf 86' lang='lat' dir='ltr'><strong>subjiciens</strong></span> <span class='ocrx_word' id='word_1_240' title='bbox 1836 1955 2012 2010; x_wconf 85' lang='lat' dir='ltr'><strong>servi-</strong></span> <span class='ocrx_word' id='word_1_241' title='bbox 2113 1951 2475 2028; x_wconf 63' lang='lat' dir='ltr'><strong>suﬂ&#39;raganeis</strong></span> <span class='ocrx_word' id='word_1_242' title='bbox 2529 1957 2666 2023; x_wconf 89' lang='lat' dir='ltr'><strong>suis,</strong></span> <span class='ocrx_word' id='word_1_243' title='bbox 2748 1966 2803 2011; x_wconf 87' lang='lat' dir='ltr'><strong>et</strong></span> <span class='ocrx_word' id='word_1_244' title='bbox 2858 1957 3177 2027; x_wconf 89' lang='lat' dir='ltr'><strong>specialiter</strong></span> <span class='ocrx_word' id='word_1_245' title='bbox 3225 1958 3552 2014; x_wconf 79' lang='lat' dir='ltr'><strong>Hincmarus</strong></span> <span class='ocrx_word' id='word_1_246' title='bbox 3607 1973 3734 2011; x_wconf 91' lang='lat' dir='ltr'><strong>cum</strong></span> 
     </span>
    </p>
   </div>
   <div class='ocr_carea' id='block_1_19' title="bbox 394 2046 3746 2124">
    <p class='ocr_par' dir='ltr' id='par_1_19' title="bbox 394 2046 3746 2124">
     <span class='ocr_line' id='line_1_20' title="bbox 394 2046 3746 2124; baseline -0.004 -14"><span class='ocrx_word' id='word_1_247' title='bbox 394 2055 518 2111; x_wconf 88' lang='lat' dir='ltr'><strong>tuti.</strong></span> <span class='ocrx_word' id='word_1_248' title='bbox 549 2054 825 2108; x_wconf 85' lang='lat' dir='ltr'><strong>Processu-</strong></span> <span class='ocrx_word' id='word_1_249' title='bbox 851 2067 983 2107; x_wconf 91' lang='lat' dir='ltr'><strong>vero</strong></span> <span class='ocrx_word' id='word_1_250' title='bbox 1036 2053 1326 2124; x_wconf 91' lang='lat' dir='ltr'><strong>temporis,</strong></span> <span class='ocrx_word' id='word_1_251' title='bbox 1385 2067 1510 2106; x_wconf 87' lang='lat' dir='ltr'><strong>cum</strong></span> <span class='ocrx_word' id='word_1_252' title='bbox 1555 2053 2013 2120; x_wconf 73' lang='lat' dir='ltr'><strong>praememoratus</strong></span> <span class='ocrx_word' id='word_1_253' title='bbox 2113 2047 2372 2101; x_wconf 91' lang='lat' dir='ltr'><strong>omnibus</strong></span> <span class='ocrx_word' id='word_1_254' title='bbox 2428 2047 2716 2102; x_wconf 83' lang='lat' dir='ltr'><strong>Remensis</strong></span> <span class='ocrx_word' id='word_1_255' title='bbox 2758 2046 3058 2102; x_wconf 74' lang='lat' dir='ltr'><strong>diaeceseos</strong></span> <span class='ocrx_word' id='word_1_256' title='bbox 3105 2048 3466 2119; x_wconf 85' lang='lat' dir='ltr'><strong>coepiscOpis,</strong></span> <span class='ocrx_word' id='word_1_257' title='bbox 3526 2048 3746 2102; x_wconf 83' lang='lat' dir='ltr'><strong>litteras</strong></span> 
     </span>
    </p>
   </div>
   <div class='ocr_carea' id='block_1_20' title="bbox 397 2140 3746 2218">
    <p class='ocr_par' dir='ltr' id='par_1_20' title="bbox 397 2140 3746 2218">
     <span class='ocr_line' id='line_1_21' title="bbox 397 2140 3746 2218; baseline -0.002 -15"><span class='ocrx_word' id='word_1_258' title='bbox 397 2140 2010 2218; x_wconf 83' lang='lat' dir='ltr'><strong>HilduinusabbasimperatorisLudoviciarchicapellanus,</strong></span> <span class='ocrx_word' id='word_1_259' title='bbox 2113 2157 2240 2196; x_wconf 91' lang='lat' dir='ltr'><strong>suas</strong></span> <span class='ocrx_word' id='word_1_260' title='bbox 2264 2143 2332 2196; x_wconf 90' lang='lat' dir='ltr'><strong>ad</strong></span> <span class='ocrx_word' id='word_1_261' title='bbox 2363 2158 2489 2198; x_wconf 91' lang='lat' dir='ltr'><strong>eum</strong></span> <span class='ocrx_word' id='word_1_262' title='bbox 2518 2143 2809 2210; x_wconf 90' lang='lat' dir='ltr'><strong>miserunt,</strong></span> <span class='ocrx_word' id='word_1_263' title='bbox 2859 2150 2914 2198; x_wconf 89' lang='lat' dir='ltr'><strong>et</strong></span> <span class='ocrx_word' id='word_1_264' title='bbox 2953 2144 3237 2200; x_wconf 79' lang='lat' dir='ltr'><strong>dioecesim</strong></span> <span class='ocrx_word' id='word_1_265' title='bbox 3287 2145 3620 2199; x_wconf 86' lang='lat' dir='ltr'><strong>Remensem</strong></span> <span class='ocrx_word' id='word_1_266' title='bbox 3655 2145 3746 2198; x_wconf 93' lang='lat' dir='ltr'><strong>in-</strong></span> 
     </span>
    </p>
   </div>
   <div class='ocr_carea' id='block_1_21' title="bbox 395 2221 3742 2310">
    <p class='ocr_par' dir='ltr' id='par_1_21' title="bbox 395 2221 3742 2310">
     <span class='ocr_line' id='line_1_22' title="bbox 395 2221 3742 2310; baseline -0.003 -14"><span class='ocrx_word' id='word_1_267' title='bbox 395 2239 662 2298; x_wconf 77' lang='lat' dir='ltr'><strong>offensam</strong></span> <span class='ocrx_word' id='word_1_268' title='bbox 695 2238 870 2309; x_wconf 91' lang='lat' dir='ltr'><strong>ipsius</strong></span> <span class='ocrx_word' id='word_1_269' title='bbox 898 2237 1127 2310; x_wconf 80' lang='lat' dir='ltr'><strong>Augusti</strong></span> <span class='ocrx_word' id='word_1_270' title='bbox 1153 2237 1292 2292; x_wconf 88' lang='lat' dir='ltr'><strong>adeo</strong></span> <span class='ocrx_word' id='word_1_271' title='bbox 1319 2251 1442 2292; x_wconf 93' lang='lat' dir='ltr'><strong>cum</strong></span> <span class='ocrx_word' id='word_1_272' title='bbox 1474 2233 1596 2288; x_wconf 90' lang='lat' dir='ltr'><strong>aliis</strong></span> <span class='ocrx_word' id='word_1_273' title='bbox 1627 2230 1786 2305; x_wconf 82' lang='lat' dir='ltr'><strong>regni</strong></span> <span class='ocrx_word' id='word_1_274' title='bbox 1813 2229 2014 2299; x_wconf 91' lang='lat' dir='ltr'><strong>primo-</strong></span> <span class='ocrx_word' id='word_1_275' title='bbox 2115 2221 2468 2295; x_wconf 78' lang='lat' dir='ltr'><strong>terdicentes,</strong></span> <span class='ocrx_word' id='word_1_276' title='bbox 2504 2240 2564 2288; x_wconf 92' lang='lat' dir='ltr'><strong>ut</strong></span> <span class='ocrx_word' id='word_1_277' title='bbox 2596 2249 2705 2288; x_wconf 93' lang='lat' dir='ltr'><strong>non</strong></span> <span class='ocrx_word' id='word_1_278' title='bbox 2763 2234 2990 2288; x_wconf 88' lang='lat' dir='ltr'><strong>haberet</strong></span> <span class='ocrx_word' id='word_1_279' title='bbox 3010 2233 3277 2304; x_wconf 90' lang='lat' dir='ltr'><strong>deinceps</strong></span> <span class='ocrx_word' id='word_1_280' title='bbox 3324 2233 3547 2288; x_wconf 90' lang='lat' dir='ltr'><strong>licentia</strong></span> <span class='ocrx_word' id='word_1_281' title='bbox 3574 2251 3644 2289; x_wconf 83' lang='lat' dir='ltr'><strong>ex</strong></span> <span class='ocrx_word' id='word_1_282' title='bbox 3677 2251 3742 2288; x_wconf 88' lang='lat' dir='ltr'><strong>ea</strong></span> 
     </span>
    </p>
   </div>
   <div class='ocr_carea' id='block_1_22' title="bbox 396 2319 3743 2395">
    <p class='ocr_par' dir='ltr' id='par_1_22' title="bbox 396 2319 3743 2395">
     <span class='ocr_line' id='line_1_23' title="bbox 396 2319 3743 2395; baseline -0.002 -10"><span class='ocrx_word' id='word_1_283' title='bbox 396 2331 548 2385; x_wconf 90' lang='lat' dir='ltr'><strong>ribus</strong></span> <span class='ocrx_word' id='word_1_284' title='bbox 573 2329 916 2392; x_wconf 88' lang='lat' dir='ltr'><strong>incurrisset,</strong></span> <span class='ocrx_word' id='word_1_285' title='bbox 949 2335 1008 2382; x_wconf 93' lang='lat' dir='ltr'><strong>ut</strong></span> <span class='ocrx_word' id='word_1_286' title='bbox 1062 2327 1260 2382; x_wconf 90' lang='lat' dir='ltr'><strong>ablatis</strong></span> <span class='ocrx_word' id='word_1_287' title='bbox 1311 2326 1415 2381; x_wconf 89' lang='lat' dir='ltr'><strong>sibi</strong></span> <span class='ocrx_word' id='word_1_288' title='bbox 1471 2322 1729 2388; x_wconf 88' lang='lat' dir='ltr'><strong>abbatiis,</strong></span> <span class='ocrx_word' id='word_1_289' title='bbox 1761 2321 1815 2374; x_wconf 90' lang='lat' dir='ltr'><strong>in</strong></span> <span class='ocrx_word' id='word_1_290' title='bbox 1851 2319 2015 2373; x_wconf 84' lang='lat' dir='ltr'><strong>Saxo—</strong></span> <span class='ocrx_word' id='word_1_291' title='bbox 2115 2323 2432 2394; x_wconf 91' lang='lat' dir='ltr'><strong>quempiam</strong></span> <span class='ocrx_word' id='word_1_292' title='bbox 2481 2324 2800 2390; x_wconf 89' lang='lat' dir='ltr'><strong>sollicitare,</strong></span> <span class='ocrx_word' id='word_1_293' title='bbox 2861 2340 2966 2379; x_wconf 92' lang='lat' dir='ltr'><strong>nec</strong></span> <span class='ocrx_word' id='word_1_294' title='bbox 3018 2325 3243 2395; x_wconf 89' lang='lat' dir='ltr'><strong>scripto,</strong></span> <span class='ocrx_word' id='word_1_295' title='bbox 3285 2340 3388 2380; x_wconf 88' lang='lat' dir='ltr'><strong>nec</strong></span> <span class='ocrx_word' id='word_1_296' title='bbox 3415 2325 3608 2391; x_wconf 90' lang='lat' dir='ltr'><strong>verbo,</strong></span> <span class='ocrx_word' id='word_1_297' title='bbox 3634 2342 3743 2379; x_wconf 89' lang='lat' dir='ltr'><strong>nec</strong></span> 
     </span>
    </p>
   </div>
   <div class='ocr_carea' id='block_1_23' title="bbox 396 2410 3736 2491">
    <p class='ocr_par' dir='ltr' id='par_1_23' title="bbox 396 2410 3736 2491">
     <span class='ocr_line' id='line_1_24' title="bbox 396 2410 3736 2491; baseline -0.002 -17"><span class='ocrx_word' id='word_1_298' title='bbox 396 2421 543 2475; x_wconf 91' lang='lat' dir='ltr'><strong>niam</strong></span> <span class='ocrx_word' id='word_1_299' title='bbox 575 2419 742 2474; x_wconf 89' lang='lat' dir='ltr'><strong>fuerit</strong></span> <span class='ocrx_word' id='word_1_300' title='bbox 765 2417 956 2472; x_wconf 86' lang='lat' dir='ltr'><strong>exsilio</strong></span> <span class='ocrx_word' id='word_1_301' title='bbox 988 2417 1288 2490; x_wconf 80' lang='lat' dir='ltr'><strong>relegatus,</strong></span> <span class='ocrx_word' id='word_1_302' title='bbox 1320 2417 1423 2471; x_wconf 89' lang='lat' dir='ltr'><strong>iste</strong></span> <span class='ocrx_word' id='word_1_303' title='bbox 1454 2430 1553 2486; x_wconf 89' lang='lat' dir='ltr'><strong>per</strong></span> <span class='ocrx_word' id='word_1_304' title='bbox 1583 2410 1861 2466; x_wconf 88' lang='lat' dir='ltr'><strong>licentiam</strong></span> <span class='ocrx_word' id='word_1_305' title='bbox 1891 2420 2014 2476; x_wconf 90' lang='lat' dir='ltr'><strong>pro-</strong></span> <span class='ocrx_word' id='word_1_306' title='bbox 2115 2413 2282 2467; x_wconf 86' lang='lat' dir='ltr'><strong>misso</strong></span> <span class='ocrx_word' id='word_1_307' title='bbox 2330 2413 2537 2484; x_wconf 88' lang='lat' dir='ltr'><strong>aliquo,</strong></span> <span class='ocrx_word' id='word_1_308' title='bbox 2597 2413 2776 2491; x_wconf 67' lang='lat' dir='ltr'><strong>donec</strong></span> <span class='ocrx_word' id='word_1_309' title='bbox 2832 2414 3137 2469; x_wconf 90' lang='lat' dir='ltr'><strong>secundum</strong></span> <span class='ocrx_word' id='word_1_310' title='bbox 3183 2415 3493 2482; x_wconf 89' lang='lat' dir='ltr'><strong>jussionem</strong></span> <span class='ocrx_word' id='word_1_311' title='bbox 3555 2415 3736 2486; x_wconf 83' lang='lat' dir='ltr'><strong>Sergii</strong></span> 
     </span>
    </p>
   </div>
   <div class='ocr_carea' id='block_1_24' title="bbox 395 2499 3743 2580">
    <p class='ocr_par' dir='ltr' id='par_1_24' title="bbox 395 2499 3743 2580">
     <span class='ocr_line' id='line_1_25' title="bbox 395 2499 3743 2580; baseline -0.004 -18"><span class='ocrx_word' id='word_1_312' title='bbox 395 2509 500 2580; x_wconf 89' lang='lat' dir='ltr'><strong>prii</strong></span> <span class='ocrx_word' id='word_1_313' title='bbox 531 2508 778 2580; x_wconf 90' lang='lat' dir='ltr'><strong>episcopi</strong></span> <span class='ocrx_word' id='word_1_314' title='bbox 807 2524 931 2562; x_wconf 91' lang='lat' dir='ltr'><strong>cum</strong></span> <span class='ocrx_word' id='word_1_315' title='bbox 991 2507 1384 2562; x_wconf 87' lang='lat' dir='ltr'><strong>benedictione</strong></span> <span class='ocrx_word' id='word_1_316' title='bbox 1425 2505 1650 2560; x_wconf 84' lang='lat' dir='ltr'><strong>fratrum</strong></span> <span class='ocrx_word' id='word_1_317' title='bbox 1683 2499 1836 2554; x_wconf 90' lang='lat' dir='ltr'><strong>illum</strong></span> <span class='ocrx_word' id='word_1_318' title='bbox 1860 2511 2016 2550; x_wconf 89' lang='lat' dir='ltr'><strong>secu-</strong></span> <span class='ocrx_word' id='word_1_319' title='bbox 2117 2519 2271 2574; x_wconf 74' lang='lat' dir='ltr'><strong>papae</strong></span> <span class='ocrx_word' id='word_1_320' title='bbox 2303 2503 2436 2572; x_wconf 69' lang='lat' dir='ltr'><strong>ipsis</strong></span> <span class='ocrx_word' id='word_1_321' title='bbox 2465 2510 2802 2569; x_wconf 63' lang='lat' dir='ltr'><strong>occurreret,</strong></span> <span class='ocrx_word' id='word_1_322' title='bbox 2833 2511 2888 2558; x_wconf 78' lang='lat' dir='ltr'><strong>et</strong></span> <span class='ocrx_word' id='word_1_323' title='bbox 2933 2504 3088 2572; x_wconf 72' lang='lat' dir='ltr'><strong>juxta</strong></span> <span class='ocrx_word' id='word_1_324' title='bbox 3141 2505 3412 2559; x_wconf 73' lang='lat' dir='ltr'><strong>canonica</strong></span> <span class='ocrx_word' id='word_1_325' title='bbox 3442 2511 3498 2559; x_wconf 78' lang='lat' dir='ltr'><strong>et</strong></span> <span class='ocrx_word' id='word_1_326' title='bbox 3513 2513 3743 2576; x_wconf 72' lang='lat' dir='ltr'><strong>aposio-</strong></span> 
     </span>
    </p>
   </div>
   <div class='ocr_carea' id='block_1_25' title="bbox 396 2586 3740 2668">
    <p class='ocr_par' dir='ltr' id='par_1_25' title="bbox 396 2586 3740 2668">
     <span class='ocr_line' id='line_1_26' title="bbox 396 2586 3740 2668; baseline -0.006 -14"><span class='ocrx_word' id='word_1_327' title='bbox 396 2608 484 2655; x_wconf 89' lang='lat' dir='ltr'><strong>tus</strong></span> <span class='ocrx_word' id='word_1_328' title='bbox 521 2600 688 2655; x_wconf 91' lang='lat' dir='ltr'><strong>estin</strong></span> <span class='ocrx_word' id='word_1_329' title='bbox 741 2599 1017 2655; x_wconf 82' lang='lat' dir='ltr'><strong>exsilium.</strong></span> <span class='ocrx_word' id='word_1_330' title='bbox 1076 2599 1172 2654; x_wconf 86' lang='lat' dir='ltr'><strong>Cui</strong></span> <span class='ocrx_word' id='word_1_331' title='bbox 1203 2612 1302 2668; x_wconf 93' lang='lat' dir='ltr'><strong>pro</strong></span> <span class='ocrx_word' id='word_1_332' title='bbox 1332 2591 1723 2649; x_wconf 87' lang='lat' dir='ltr'><strong>familiaritatis</strong></span> <span class='ocrx_word' id='word_1_333' title='bbox 1756 2586 2014 2659; x_wconf 88' lang='lat' dir='ltr'><strong>pr0piorc</strong></span> <span class='ocrx_word' id='word_1_334' title='bbox 2117 2594 2438 2648; x_wconf 75' lang='lat' dir='ltr'><strong>iicastatuta</strong></span> <span class='ocrx_word' id='word_1_335' title='bbox 2497 2591 2838 2648; x_wconf 79' lang='lat' dir='ltr'><strong>deﬁnitionis</strong></span> <span class='ocrx_word' id='word_1_336' title='bbox 2883 2595 3214 2650; x_wconf 62' lang='lat' dir='ltr'><strong>sententiam</strong></span> <span class='ocrx_word' id='word_1_337' title='bbox 3269 2596 3338 2649; x_wconf 73' lang='lat' dir='ltr'><strong>ab</strong></span> <span class='ocrx_word' id='word_1_338' title='bbox 3386 2595 3519 2666; x_wconf 68' lang='lat' dir='ltr'><strong>ipsis</strong></span> <span class='ocrx_word' id='word_1_339' title='bbox 3555 2611 3740 2650; x_wconf 66' lang='lat' dir='ltr'>coram</span> 
     </span>
    </p>
   </div>
   <div class='ocr_carea' id='block_1_26' title="bbox 399 2677 3739 2759">
    <p class='ocr_par' dir='ltr' id='par_1_26' title="bbox 399 2677 3739 2759">
     <span class='ocr_line' id='line_1_27' title="bbox 399 2677 3739 2759; baseline -0.002 -17"><span class='ocrx_word' id='word_1_340' title='bbox 399 2688 520 2759; x_wconf 77' lang='lat' dir='ltr'><strong>[al.,</strong></span> <span class='ocrx_word' id='word_1_341' title='bbox 551 2688 754 2759; x_wconf 88' lang='lat' dir='ltr'><strong>priore]</strong></span> <span class='ocrx_word' id='word_1_342' title='bbox 807 2688 1024 2755; x_wconf 89' lang='lat' dir='ltr'><strong>notitia,</strong></span> <span class='ocrx_word' id='word_1_343' title='bbox 1072 2694 1280 2742; x_wconf 89' lang='lat' dir='ltr'><strong>tantam</strong></span> <span class='ocrx_word' id='word_1_344' title='bbox 1315 2685 1580 2742; x_wconf 88' lang='lat' dir='ltr'><strong>Dominus</strong></span> <span class='ocrx_word' id='word_1_345' title='bbox 1607 2677 1754 2751; x_wconf 89' lang='lat' dir='ltr'><strong>apud</strong></span> <span class='ocrx_word' id='word_1_346' title='bbox 1781 2677 2018 2746; x_wconf 89' lang='lat' dir='ltr'><strong>impera-</strong></span> <span class='ocrx_word' id='word_1_347' title='bbox 2089 2682 2362 2755; x_wconf 79' lang='lat' dir='ltr'><strong>generali</strong></span> <span class='ocrx_word' id='word_1_348' title='bbox 2406 2691 2682 2738; x_wconf 88' lang='lat' dir='ltr'><strong>conventu</strong></span> <span class='ocrx_word' id='word_1_349' title='bbox 2741 2685 3071 2756; x_wconf 89' lang='lat' dir='ltr'><strong>perciperet.</strong></span> <span class='ocrx_word' id='word_1_350' title='bbox 3131 2685 3240 2739; x_wconf 85' lang='lat' dir='ltr'><strong>Sed</strong></span> <span class='ocrx_word' id='word_1_351' title='bbox 3289 2684 3383 2739; x_wconf 92' lang='lat' dir='ltr'><strong>ille</strong></span> <span class='ocrx_word' id='word_1_352' title='bbox 3433 2684 3503 2738; x_wconf 88' lang='lat' dir='ltr'><strong>ad</strong></span> <span class='ocrx_word' id='word_1_353' title='bbox 3532 2685 3739 2738; x_wconf 90' lang='lat' dir='ltr'><strong>nullam</strong></span> 
     </span>
    </p>
   </div>
   <div class='ocr_carea' id='block_1_27' title="bbox 396 2770 3740 2852">
    <p class='ocr_par' dir='ltr' id='par_1_27' title="bbox 396 2770 3740 2852">
     <span class='ocr_line' id='line_1_28' title="bbox 396 2770 3740 2852; baseline -0.003 -15"><span class='ocrx_word' id='word_1_354' title='bbox 396 2789 598 2849; x_wconf 88' lang='lat' dir='ltr'><strong>torem,</strong></span> <span class='ocrx_word' id='word_1_355' title='bbox 630 2795 1002 2852; x_wconf 86' lang='lat' dir='ltr'><strong>proceresque</strong></span> <span class='ocrx_word' id='word_1_356' title='bbox 1032 2779 1264 2835; x_wconf 87' lang='lat' dir='ltr'><strong>contulit</strong></span> <span class='ocrx_word' id='word_1_357' title='bbox 1289 2778 1543 2852; x_wconf 84' lang='lat' dir='ltr'><strong>gratiam,</strong></span> <span class='ocrx_word' id='word_1_358' title='bbox 1579 2783 1640 2828; x_wconf 90' lang='lat' dir='ltr'><strong>ut</strong></span> <span class='ocrx_word' id='word_1_359' title='bbox 1668 2770 1894 2827; x_wconf 87' lang='lat' dir='ltr'><strong>studere</strong></span> <span class='ocrx_word' id='word_1_360' title='bbox 1918 2780 2015 2836; x_wconf 90' lang='lat' dir='ltr'><strong>pro</strong></span> <span class='ocrx_word' id='word_1_361' title='bbox 2117 2774 2414 2845; x_wconf 84' lang='lat' dir='ltr'><strong>synodum,</strong></span> <span class='ocrx_word' id='word_1_362' title='bbox 2448 2776 2533 2830; x_wconf 92' lang='lat' dir='ltr'><strong>vel</strong></span> <span class='ocrx_word' id='word_1_363' title='bbox 2581 2777 2650 2830; x_wconf 88' lang='lat' dir='ltr'><strong>ad</strong></span> <span class='ocrx_word' id='word_1_364' title='bbox 2679 2778 2868 2832; x_wconf 89' lang='lat' dir='ltr'><strong>sedem</strong></span> <span class='ocrx_word' id='word_1_365' title='bbox 2920 2778 3300 2848; x_wconf 88' lang='lat' dir='ltr'><strong>apostolicam,</strong></span> <span class='ocrx_word' id='word_1_366' title='bbox 3327 2791 3522 2833; x_wconf 85' lang='lat' dir='ltr'><strong>vocem</strong></span> <span class='ocrx_word' id='word_1_367' title='bbox 3550 2785 3740 2847; x_wconf 85' lang='lat' dir='ltr'><strong>postea</strong></span> 
     </span>
    </p>
   </div>
   <div class='ocr_carea' id='block_1_28' title="bbox 395 2865 3746 2947">
    <p class='ocr_par' dir='ltr' id='par_1_28' title="bbox 395 2865 3746 2947">
     <span class='ocr_line' id='line_1_29' title="bbox 395 2865 3746 2947; baseline -0.004 -17"><span class='ocrx_word' id='word_1_368' title='bbox 395 2891 500 2932; x_wconf 90' lang='lat' dir='ltr'><strong>suo</strong></span> <span class='ocrx_word' id='word_1_369' title='bbox 541 2877 810 2932; x_wconf 88' lang='lat' dir='ltr'><strong>nutritore</strong></span> <span class='ocrx_word' id='word_1_370' title='bbox 865 2875 1125 2947; x_wconf 87' lang='lat' dir='ltr'><strong>quiverit,</strong></span> <span class='ocrx_word' id='word_1_371' title='bbox 1171 2873 1352 2928; x_wconf 88' lang='lat' dir='ltr'><strong>donec</strong></span> <span class='ocrx_word' id='word_1_372' title='bbox 1393 2870 1462 2924; x_wconf 87' lang='lat' dir='ltr'><strong>ab</strong></span> <span class='ocrx_word' id='word_1_373' title='bbox 1502 2865 1695 2931; x_wconf 70' lang='lat' dir='ltr'><strong>exsilio</strong></span> <span class='ocrx_word' id='word_1_374' title='bbox 1727 2866 2017 2917; x_wconf 59' lang='lat' dir='ltr'><strong>revocatus</strong></span> <span class='ocrx_word' id='word_1_375' title='bbox 2118 2866 2528 2923; x_wconf 79' lang='lat' dir='ltr'><strong>reclamationis</strong></span> <span class='ocrx_word' id='word_1_376' title='bbox 2557 2868 2643 2923; x_wconf 91' lang='lat' dir='ltr'><strong>vcl</strong></span> <span class='ocrx_word' id='word_1_377' title='bbox 2692 2869 3041 2940; x_wconf 88' lang='lat' dir='ltr'><strong>repetitionis</strong></span> <span class='ocrx_word' id='word_1_378' title='bbox 3071 2869 3138 2924; x_wconf 91' lang='lat' dir='ltr'><strong>de</strong></span> <span class='ocrx_word' id='word_1_379' title='bbox 3170 2869 3306 2924; x_wconf 90' lang='lat' dir='ltr'><strong>sede</strong></span> <span class='ocrx_word' id='word_1_380' title='bbox 3338 2867 3622 2932; x_wconf 82' lang='lat' dir='ltr'><strong>Remensi,</strong></span> <span class='ocrx_word' id='word_1_381' title='bbox 3649 2874 3746 2919; x_wconf 90' lang='lat' dir='ltr'><strong>aut</strong></span> 
     </span>
    </p>
   </div>
   <div class='ocr_carea' id='block_1_29' title="bbox 395 2953 3744 3034">
    <p class='ocr_par' dir='ltr' id='par_1_29' title="bbox 395 2953 3744 3034">
     <span class='ocr_line' id='line_1_30' title="bbox 395 2953 3744 3034; baseline -0.008 -11"><span class='ocrx_word' id='word_1_382' title='bbox 395 2969 631 3023; x_wconf 90' lang='lat' dir='ltr'><strong>duarum</strong></span> <span class='ocrx_word' id='word_1_383' title='bbox 686 2967 853 3022; x_wconf 89' lang='lat' dir='ltr'><strong>fuerit</strong></span> <span class='ocrx_word' id='word_1_384' title='bbox 923 2965 1265 3021; x_wconf 88' lang='lat' dir='ltr'><strong>abhatiarum</strong></span> <span class='ocrx_word' id='word_1_385' title='bbox 1329 2959 1640 3034; x_wconf 65' lang='lat' dir='ltr'><strong>praelationi</strong></span> <span class='ocrx_word' id='word_1_386' title='bbox 1707 2953 2015 3010; x_wconf 90' lang='lat' dir='ltr'><strong>restitutus.</strong></span> <span class='ocrx_word' id='word_1_387' title='bbox 2121 2957 2190 3012; x_wconf 76' lang='lat' dir='ltr'><strong>de</strong></span> <span class='ocrx_word' id='word_1_388' title='bbox 2221 2959 2418 3013; x_wconf 76' lang='lat' dir='ltr'><strong>ordine</strong></span> <span class='ocrx_word' id='word_1_389' title='bbox 2444 2973 2543 3014; x_wconf 79' lang='lat' dir='ltr'><strong>suo</strong></span> <span class='ocrx_word' id='word_1_390' title='bbox 2573 2959 2775 3014; x_wconf 66' lang='lat' dir='ltr'><strong>emisit,</strong></span> <span class='ocrx_word' id='word_1_391' title='bbox 2806 2960 2906 3024; x_wconf 78' lang='lat' dir='ltr'><strong>Qui</strong></span> <span class='ocrx_word' id='word_1_392' title='bbox 2946 2959 3110 3015; x_wconf 69' lang='lat' dir='ltr'><strong>etiam</strong></span> <span class='ocrx_word' id='word_1_393' title='bbox 3160 2960 3470 3029; x_wconf 69' lang='lat' dir='ltr'><strong>(postquam</strong></span> <span class='ocrx_word' id='word_1_394' title='bbox 3514 2973 3604 3010; x_wconf 64' lang='lat' dir='ltr'><strong>res</strong></span> <span class='ocrx_word' id='word_1_395' title='bbox 3637 2972 3744 3030; x_wconf 73' lang='lat' dir='ltr'><strong>ge-</strong></span> 
     </span>
    </p>
   </div>
   <div class='ocr_carea' id='block_1_30' title="bbox 396 3038 3744 3128">
    <p class='ocr_par' dir='ltr' id='par_1_30' title="bbox 396 3038 3744 3128">
     <span class='ocr_line' id='line_1_31' title="bbox 396 3038 3744 3128; baseline -0.003 -18"><span class='ocrx_word' id='word_1_396' title='bbox 396 3055 607 3111; x_wconf 90' lang='lat' dir='ltr'><strong>Deinde</strong></span> <span class='ocrx_word' id='word_1_397' title='bbox 633 3055 856 3128; x_wconf 91' lang='lat' dir='ltr'><strong>quando</strong></span> <span class='ocrx_word' id='word_1_398' title='bbox 901 3054 1196 3128; x_wconf 79' lang='lat' dir='ltr'><strong>Gregorius</strong></span> <span class='ocrx_word' id='word_1_399' title='bbox 1219 3053 1396 3119; x_wconf 70' lang='grc' dir='ltr'><strong>(ϐνθα-</strong></span> <span class='ocrx_word' id='word_1_400' title='bbox 1429 3053 1527 3117; x_wconf 71' lang='lat' dir='ltr'><strong>1V)</strong></span> <span class='ocrx_word' id='word_1_401' title='bbox 1558 3061 1699 3119; x_wconf 66' lang='lat' dir='ltr'><strong>Papa</strong></span> <span class='ocrx_word' id='word_1_402' title='bbox 1751 3043 1804 3097; x_wconf 70' lang='lat' dir='ltr'><strong>in</strong></span> <span class='ocrx_word' id='word_1_403' title='bbox 1835 3038 2019 3094; x_wconf 63' lang='grc' dir='ltr'><strong>δδιιίεθ</strong></span> <span class='ocrx_word' id='word_1_404' title='bbox 2119 3059 2230 3106; x_wconf 88' lang='lat' dir='ltr'><strong>stas</strong></span> <span class='ocrx_word' id='word_1_405' title='bbox 2262 3051 2427 3108; x_wconf 86' lang='lat' dir='ltr'><strong>Leoni</strong></span> <span class='ocrx_word' id='word_1_406' title='bbox 2472 3052 2655 3123; x_wconf 81' lang='lat' dir='ltr'><strong>(Leoni</strong></span> <span class='ocrx_word' id='word_1_407' title='bbox 2677 3054 2778 3122; x_wconf 85' lang='lat' dir='ltr'><em>IV)</em></span> <span class='ocrx_word' id='word_1_408' title='bbox 2828 3068 2983 3123; x_wconf 82' lang='lat' dir='ltr'><strong>papae</strong></span> <span class='ocrx_word' id='word_1_409' title='bbox 3042 3051 3408 3107; x_wconf 89' lang='lat' dir='ltr'><strong>referentibus</strong></span> <span class='ocrx_word' id='word_1_410' title='bbox 3439 3049 3744 3121; x_wconf 89' lang='lat' dir='ltr'><strong>episc0pis,</strong></span> 
     </span>
    </p>
   </div>
   <div class='ocr_carea' id='block_1_31' title="bbox 395 3131 3743 3223">
    <p class='ocr_par' dir='ltr' id='par_1_31' title="bbox 395 3131 3743 3223">
     <span class='ocr_line' id='line_1_32' title="bbox 395 3131 3743 3223; baseline -0.002 -20"><span class='ocrx_word' id='word_1_411' title='bbox 395 3149 548 3203; x_wconf 89' lang='lat' dir='ltr'><strong>venit</strong></span> <span class='ocrx_word' id='word_1_412' title='bbox 588 3149 869 3223; x_wconf 88' lang='lat' dir='ltr'><strong>regiones,</strong></span> <span class='ocrx_word' id='word_1_413' title='bbox 923 3154 980 3203; x_wconf 87' lang='lat' dir='ltr'><strong>et</strong></span> <span class='ocrx_word' id='word_1_414' title='bbox 1035 3161 1267 3221; x_wconf 85' lang='lat' dir='ltr'><strong>regnum</strong></span> <span class='ocrx_word' id='word_1_415' title='bbox 1319 3144 1654 3198; x_wconf 87' lang='lat' dir='ltr'><strong>Francorum</strong></span> <span class='ocrx_word' id='word_1_416' title='bbox 1708 3153 1739 3190; x_wconf 85' lang='lat' dir='ltr'><strong>a</strong></span> <span class='ocrx_word' id='word_1_417' title='bbox 1793 3131 2019 3206; x_wconf 67' lang='grc' dir='ltr'><strong>ριέθῑθῐο</strong></span> <span class='ocrx_word' id='word_1_418' title='bbox 2046 3195 2091 3223; x_wconf 58' lang='grc' dir='ltr'>η</span> <span class='ocrx_word' id='word_1_419' title='bbox 2121 3151 2177 3198; x_wconf 90' lang='lat' dir='ltr'><strong>et</strong></span> <span class='ocrx_word' id='word_1_420' title='bbox 2203 3147 2481 3220; x_wconf 88' lang='lat' dir='ltr'><strong>regalibus</strong></span> <span class='ocrx_word' id='word_1_421' title='bbox 2510 3147 2737 3217; x_wconf 90' lang='lat' dir='ltr'><strong>insuper</strong></span> <span class='ocrx_word' id='word_1_422' title='bbox 2787 3145 3056 3216; x_wconf 90' lang='lat' dir='ltr'><strong>epistolis,</strong></span> <span class='ocrx_word' id='word_1_423' title='bbox 3110 3144 3386 3202; x_wconf 89' lang='lat' dir='ltr'><strong>ordinatio</strong></span> <span class='ocrx_word' id='word_1_424' title='bbox 3436 3143 3743 3204; x_wconf 83' lang='lat' dir='ltr'><strong>Hinemari,</strong></span> 
     </span>
    </p>
   </div>
   <div class='ocr_carea' id='block_1_32' title="bbox 396 3195 3748 3310">
    <p class='ocr_par' dir='ltr' id='par_1_32' title="bbox 396 3195 3748 3310">
     <span class='ocr_line' id='line_1_33' title="bbox 408 3195 3743 3221; baseline -0.002 -9"><span class='ocrx_word' id='word_1_425' title='bbox 408 3195 548 3203; x_wconf 73' lang='grc' dir='ltr'><strong>νν---ν</strong></span> <span class='ocrx_word' id='word_1_426' title='bbox 589 3195 647 3203; x_wconf 74' lang='grc' dir='ltr'><strong>-ν</strong></span> <span class='ocrx_word' id='word_1_427' title='bbox 693 3195 869 3216; x_wconf 69' lang='grc' dir='ltr'><strong>-ν--ν-σ,</strong></span> <span class='ocrx_word' id='word_1_428' title='bbox 928 3195 979 3203; x_wconf 67' lang='grc' dir='ltr'><strong>ν-</strong></span> <span class='ocrx_word' id='word_1_429' title='bbox 1036 3195 1267 3221; x_wconf 66' lang='grc' dir='ltr'><strong>--ο---η-</strong></span> <span class='ocrx_word' id='word_1_430' title='bbox 1319 3195 1338 3198; x_wconf 96' lang='grc'><strong><em>-</em></strong></span> <span class='ocrx_word' id='word_1_431' title='bbox 1364 3195 1580 3198; x_wconf 47' lang='grc' dir='ltr'><strong>η--η-κκ</strong></span> <span class='ocrx_word' id='word_1_432' title='bbox 1795 3195 1809 3206; x_wconf 79' lang='grc' dir='ltr'>ι</span> <span class='ocrx_word' id='word_1_433' title='bbox 2129 3195 2175 3198; x_wconf 92' lang='grc'><strong>--</strong></span> <span class='ocrx_word' id='word_1_434' title='bbox 2206 3195 2479 3220; x_wconf 60' lang='grc' dir='ltr'><strong>-νο-η--τ</strong></span> <span class='ocrx_word' id='word_1_435' title='bbox 2510 3195 2725 3217; x_wconf 55' lang='grc' dir='ltr'><strong>-π-τινν-</strong></span> <span class='ocrx_word' id='word_1_436' title='bbox 2792 3195 3056 3216; x_wconf 59' lang='grc' dir='ltr'><strong>Ἷ--τ-ν---γ</strong></span> <span class='ocrx_word' id='word_1_437' title='bbox 3115 3195 3381 3202; x_wconf 52' lang='grc' dir='ltr'><strong>ν-τ---ηνη</strong></span> <span class='ocrx_word' id='word_1_438' title='bbox 3436 3195 3629 3198; x_wconf 45' lang='lat' dir='ltr'><strong>“num</strong></span> 
     </span>
     <span class='ocr_line' id='line_1_34' title="bbox 396 3195 3748 3310; baseline -0.004 -18"><span class='ocrx_word' id='word_1_439' title='bbox 396 3236 602 3293; x_wconf 86' lang='lat' dir='ltr'><strong>defecit</strong></span> <span class='ocrx_word' id='word_1_440' title='bbox 630 3195 984 3308; x_wconf 43' lang='lat' dir='ltr'><strong>imperatore,</strong></span> <span class='ocrx_word' id='word_1_441' title='bbox 1010 3235 1184 3292; x_wconf 79' lang='grc' dir='ltr'><strong>νοΙιιὶῐ</strong></span> <span class='ocrx_word' id='word_1_442' title='bbox 1214 3251 1340 3291; x_wconf 90' lang='lat' dir='ltr'><strong>eum</strong></span> <span class='ocrx_word' id='word_1_443' title='bbox 1372 3237 1824 3305; x_wconf 73' lang='lat' dir='ltr'><strong>prazmemoratus</strong></span> <span class='ocrx_word' id='word_1_444' title='bbox 1853 3225 2023 3280; x_wconf 82' lang='lat' dir='ltr'><strong>abbas</strong></span> <span class='ocrx_word' id='word_1_445' title='bbox 2044 3195 2093 3265; x_wconf 66' lang='grc' dir='ltr'>Ο</span> <span class='ocrx_word' id='word_1_446' title='bbox 2118 3237 2343 3308; x_wconf 80' lang='lat' dir='ltr'><strong>quando</strong></span> <span class='ocrx_word' id='word_1_447' title='bbox 2532 3253 2755 3310; x_wconf 78' lang='lat' dir='ltr'><strong>quoque</strong></span> <span class='ocrx_word' id='word_1_448' title='bbox 2785 3254 2898 3293; x_wconf 57' lang='lat' dir='ltr'><strong>sua;</strong></span> <span class='ocrx_word' id='word_1_449' title='bbox 2927 3245 3176 3294; x_wconf 63' lang='lat' dir='ltr'><strong>tenorem</strong></span> <span class='ocrx_word' id='word_1_450' title='bbox 3204 3239 3430 3293; x_wconf 75' lang='lat' dir='ltr'><strong>Romam</strong></span> <span class='ocrx_word' id='word_1_451' title='bbox 3449 3236 3601 3290; x_wconf 64' lang='lat' dir='ltr'><strong>misit</strong></span> <span class='ocrx_word' id='word_1_452' title='bbox 3629 3243 3748 3290; x_wconf 64' lang='lat' dir='ltr'><strong>rata</strong></span> 
     </span>
    </p>
   </div>
   <div class='ocr_carea' id='block_1_33' title="bbox 395 3323 3752 3402">
    <p class='ocr_par' dir='ltr' id='par_1_33' title="bbox 395 3323 3752 3402">
     <span class='ocr_line' id='line_1_35' title="bbox 395 3323 3752 3402; baseline -0.002 -18"><span class='ocrx_word' id='word_1_453' title='bbox 395 3346 530 3386; x_wconf 88' lang='lat' dir='ltr'><strong>suus</strong></span> <span class='ocrx_word' id='word_1_454' title='bbox 554 3330 608 3384; x_wconf 90' lang='lat' dir='ltr'><strong>in</strong></span> <span class='ocrx_word' id='word_1_455' title='bbox 641 3329 969 3401; x_wconf 87' lang='lat' dir='ltr'><strong>obsequium</strong></span> <span class='ocrx_word' id='word_1_456' title='bbox 995 3344 1156 3384; x_wconf 91' lang='lat' dir='ltr'><strong>suum</strong></span> <span class='ocrx_word' id='word_1_457' title='bbox 1188 3335 1382 3382; x_wconf 87' lang='lat' dir='ltr'><strong>contra</strong></span> <span class='ocrx_word' id='word_1_458' title='bbox 1423 3326 1743 3381; x_wconf 88' lang='lat' dir='ltr'><strong>fidelitatem</strong></span> <span class='ocrx_word' id='word_1_459' title='bbox 1777 3323 2019 3392; x_wconf 82' lang='lat' dir='ltr'><strong>impera-</strong></span> <span class='ocrx_word' id='word_1_460' title='bbox 2117 3338 2201 3382; x_wconf 90' lang='lat' dir='ltr'><strong>est</strong></span> <span class='ocrx_word' id='word_1_461' title='bbox 2228 3345 2353 3383; x_wconf 91' lang='lat' dir='ltr'><strong>cum</strong></span> <span class='ocrx_word' id='word_1_462' title='bbox 2415 3329 2705 3402; x_wconf 87' lang='lat' dir='ltr'><strong>largitione</strong></span> <span class='ocrx_word' id='word_1_463' title='bbox 2763 3328 2914 3399; x_wconf 90' lang='lat' dir='ltr'><strong>pallii</strong></span> <span class='ocrx_word' id='word_1_464' title='bbox 2963 3327 3340 3397; x_wconf 87' lang='lat' dir='ltr'><strong>comprobata)</strong></span> <span class='ocrx_word' id='word_1_465' title='bbox 3367 3343 3469 3397; x_wconf 89' lang='lat' dir='ltr'><strong>per</strong></span> <span class='ocrx_word' id='word_1_466' title='bbox 3497 3325 3752 3397; x_wconf 88' lang='lat' dir='ltr'><strong>quinque</strong></span> 
     </span>
    </p>
   </div>
   <div class='ocr_carea' id='block_1_34' title="bbox 393 3410 1927 3489">
    <p class='ocr_par' dir='ltr' id='par_1_34' title="bbox 393 3410 1927 3489">
     <span class='ocr_line' id='line_1_36' title="bbox 393 3410 1927 3489; baseline -0.007 -16"><span class='ocrx_word' id='word_1_467' title='bbox 393 3418 529 3473; x_wconf 85' lang='lat' dir='ltr'><strong>toris</strong></span> <span class='ocrx_word' id='word_1_468' title='bbox 553 3417 756 3472; x_wconf 90' lang='lat' dir='ltr'><strong>ducere</strong></span> <span class='ocrx_word' id='word_1_469' title='bbox 782 3435 796 3483; x_wconf 91' lang='lat'><strong>;</strong></span> <span class='ocrx_word' id='word_1_470' title='bbox 829 3417 979 3489; x_wconf 91' lang='lat' dir='ltr'><strong>quod</strong></span> <span class='ocrx_word' id='word_1_471' title='bbox 1011 3431 1362 3488; x_wconf 90' lang='lat' dir='ltr'><strong>nequaquam</strong></span> <span class='ocrx_word' id='word_1_472' title='bbox 1377 3414 1554 3486; x_wconf 90' lang='lat' dir='ltr'><strong>potuit</strong></span> <span class='ocrx_word' id='word_1_473' title='bbox 1582 3413 1650 3466; x_wconf 92' lang='lat' dir='ltr'><strong>ab</strong></span> <span class='ocrx_word' id='word_1_474' title='bbox 1674 3426 1740 3466; x_wconf 93' lang='lat' dir='ltr'><strong>eo</strong></span> <span class='ocrx_word' id='word_1_475' title='bbox 1772 3410 1927 3482; x_wconf 85' lang='lat' dir='ltr'><strong>exige</strong></span> 
     </span>
    </p>
   </div>
   <div class='ocr_carea' id='block_1_35' title="bbox 2215 3410 3749 3489">
    <p class='ocr_par' dir='ltr' id='par_1_35' title="bbox 2215 3416 3749 3488">
     <span class='ocr_line' id='line_1_37' title="bbox 2215 3416 3749 3488; baseline -0.001 -17"><span class='ocrx_word' id='word_1_476' title='bbox 2215 3418 2339 3471; x_wconf 81' lang='lat' dir='ltr'><strong>:iter</strong></span> <span class='ocrx_word' id='word_1_477' title='bbox 2399 3433 2670 3473; x_wconf 88' lang='lat' dir='ltr'><strong>annorum</strong></span> <span class='ocrx_word' id='word_1_478' title='bbox 2731 3417 3002 3472; x_wconf 90' lang='lat' dir='ltr'><strong>curricula</strong></span> <span class='ocrx_word' id='word_1_479' title='bbox 3056 3416 3425 3488; x_wconf 83' lang='lat' dir='ltr'><strong>supervixisse</strong></span> <span class='ocrx_word' id='word_1_480' title='bbox 3484 3416 3663 3471; x_wconf 89' lang='lat' dir='ltr'><strong>fertur</strong></span> <span class='ocrx_word' id='word_1_481' title='bbox 3695 3418 3749 3471; x_wconf 90' lang='lat' dir='ltr'><strong>in</strong></span> 
     </span>
    </p>
   </div>
   <div class='ocr_carea' id='block_1_36' title="bbox 397 3499 3755 3580">
    <p class='ocr_par' dir='ltr' id='par_1_36' title="bbox 397 3499 3755 3580">
     <span class='ocr_line' id='line_1_38' title="bbox 397 3499 3755 3580; baseline -0.002 -20"><span class='ocrx_word' id='word_1_482' title='bbox 397 3505 668 3560; x_wconf 84' lang='lat' dir='ltr'><strong>Restituto</strong></span> <span class='ocrx_word' id='word_1_483' title='bbox 697 3512 892 3576; x_wconf 90' lang='lat' dir='ltr'><strong>postea</strong></span> <span class='ocrx_word' id='word_1_484' title='bbox 923 3503 1278 3574; x_wconf 88' lang='lat' dir='ltr'><strong>imperatore,</strong></span> <span class='ocrx_word' id='word_1_485' title='bbox 1311 3511 1474 3575; x_wconf 92' lang='lat' dir='ltr'><strong>prout</strong></span> <span class='ocrx_word' id='word_1_486' title='bbox 1503 3502 1683 3574; x_wconf 90' lang='lat' dir='ltr'><strong>potuit</strong></span> <span class='ocrx_word' id='word_1_487' title='bbox 1712 3499 1895 3556; x_wconf 90' lang='lat' dir='ltr'><strong>abbati</strong></span> <span class='ocrx_word' id='word_1_488' title='bbox 1914 3513 2015 3553; x_wconf 91' lang='lat' dir='ltr'><strong>suo</strong></span> <span class='ocrx_word' id='word_1_489' title='bbox 2116 3524 2369 3580; x_wconf 67' lang='lat' dir='ltr'><strong>corpore,</strong></span> <span class='ocrx_word' id='word_1_490' title='bbox 2429 3523 2604 3578; x_wconf 81' lang='lat' dir='ltr'><strong>usque</strong></span> <span class='ocrx_word' id='word_1_491' title='bbox 2657 3507 2725 3561; x_wconf 76' lang='lat' dir='ltr'>ad</span> <span class='ocrx_word' id='word_1_492' title='bbox 2767 3523 2974 3562; x_wconf 75' lang='lat' dir='ltr'><strong>annum</strong></span> <span class='ocrx_word' id='word_1_493' title='bbox 3033 3507 3293 3562; x_wconf 76' lang='lat' dir='ltr'><strong>videlicet</strong></span> <span class='ocrx_word' id='word_1_494' title='bbox 3344 3505 3755 3560; x_wconf 73' lang='lat' dir='ltr'><strong>incarnationis</strong></span> 
     </span>
    </p>
   </div>
   <div class='ocr_carea' id='block_1_37' title="bbox 393 3592 3760 3670">
    <p class='ocr_par' dir='ltr' id='par_1_37' title="bbox 393 3592 3760 3670">
     <span class='ocr_line' id='line_1_39' title="bbox 393 3592 3760 3670; baseline -0.001 -19"><span class='ocrx_word' id='word_1_495' title='bbox 393 3599 661 3669; x_wconf 90' lang='lat' dir='ltr'><strong>prodesse</strong></span> <span class='ocrx_word' id='word_1_496' title='bbox 688 3596 917 3653; x_wconf 90' lang='lat' dir='ltr'><strong>studuit.</strong></span> <span class='ocrx_word' id='word_1_497' title='bbox 948 3596 1146 3669; x_wconf 90' lang='lat' dir='ltr'><strong>Sicque</strong></span> <span class='ocrx_word' id='word_1_498' title='bbox 1169 3595 1506 3668; x_wconf 90' lang='lat' dir='ltr'><strong>deincepsin</strong></span> <span class='ocrx_word' id='word_1_499' title='bbox 1530 3593 1870 3651; x_wconf 89' lang='lat' dir='ltr'><strong>monasterio</strong></span> <span class='ocrx_word' id='word_1_500' title='bbox 1891 3592 2016 3646; x_wconf 91' lang='lat' dir='ltr'><strong>sine</strong></span> <span class='ocrx_word' id='word_1_501' title='bbox 2116 3596 2415 3652; x_wconf 76' lang='lat' dir='ltr'><strong>Dominicae</strong></span> <span class='ocrx_word' id='word_1_502' title='bbox 2471 3595 2992 3670; x_wconf 84' lang='lat' dir='ltr'><strong>octingentesimum</strong></span> <span class='ocrx_word' id='word_1_503' title='bbox 3058 3594 3581 3668; x_wconf 86' lang='lat' dir='ltr'><strong>quinquagesimum</strong></span> <span class='ocrx_word' id='word_1_504' title='bbox 3637 3596 3760 3666; x_wconf 91' lang='lat' dir='ltr'><strong>pri-</strong></span> 
     </span>
    </p>
   </div>
   <div class='ocr_carea' id='block_1_38' title="bbox 395 3685 2292 3761">
    <p class='ocr_par' dir='ltr' id='par_1_38' title="bbox 395 3685 2292 3761">
     <span class='ocr_line' id='line_1_40' title="bbox 395 3685 2292 3761; baseline -0.001 -17"><span class='ocrx_word' id='word_1_505' title='bbox 395 3691 626 3761; x_wconf 90' lang='lat' dir='ltr'><strong>querela</strong></span> <span class='ocrx_word' id='word_1_506' title='bbox 677 3696 864 3746; x_wconf 90' lang='lat' dir='ltr'><strong>custos</strong></span> <span class='ocrx_word' id='word_1_507' title='bbox 925 3704 1208 3744; x_wconf 89' lang='lat' dir='ltr'><strong>sacrorum</strong></span> <span class='ocrx_word' id='word_1_508' title='bbox 1276 3689 1594 3761; x_wconf 82' lang='lat' dir='ltr'><strong>pignorum,</strong></span> <span class='ocrx_word' id='word_1_509' title='bbox 1655 3685 2019 3755; x_wconf 78' lang='lat' dir='ltr'><strong>ecclesiaeque</strong></span> <span class='ocrx_word' id='word_1_510' title='bbox 2121 3704 2292 3742; x_wconf 92' lang='lat' dir='ltr'><strong>mum.</strong></span> 
     </span>
    </p>
   </div>
   <div class='ocr_carea' id='block_1_39' title="bbox 393 3759 3096 3848">
    <p class='ocr_par' dir='ltr' id='par_1_39' title="bbox 393 3759 3096 3848">
     <span class='ocr_line' id='line_1_41' title="bbox 393 3759 3096 3848; baseline -0.005 -15"><span class='ocrx_word' id='word_1_511' title='bbox 393 3759 707 3835; x_wconf 75' lang='lat' dir='ltr'><strong>sanctorum</strong></span> <span class='ocrx_word' id='word_1_512' title='bbox 739 3785 1040 3848; x_wconf 89' lang='lat' dir='ltr'><strong>martyrum</strong></span> <span class='ocrx_word' id='word_1_513' title='bbox 1097 3759 1455 3833; x_wconf 76' lang='lat' dir='ltr'><strong>conversatus</strong></span> <span class='ocrx_word' id='word_1_514' title='bbox 1493 3775 1805 3842; x_wconf 81' lang='lat' dir='ltr'><strong>exstiterat,</strong></span> <span class='ocrx_word' id='word_1_515' title='bbox 1838 3774 2021 3830; x_wconf 92' lang='lat' dir='ltr'><strong>donec</strong></span> <span class='ocrx_word' id='word_1_516' title='bbox 2763 3759 2974 3816; x_wconf 72' lang='lat' dir='ltr'><strong>CAPUT</strong></span> <span class='ocrx_word' id='word_1_517' title='bbox 3006 3761 3096 3815; x_wconf 86' lang='grc' dir='ltr'><strong>ΙΙΙ.</strong></span> 
     </span>
    </p>
   </div>
   <div class='ocr_carea' id='block_1_40' title="bbox 397 3849 1931 3945">
    <p class='ocr_par' dir='ltr' id='par_1_40' title="bbox 397 3868 1931 3945">
     <span class='ocr_line' id='line_1_42' title="bbox 397 3868 1931 3945; baseline -0.003 -20"><span class='ocrx_word' id='word_1_518' title='bbox 397 3873 563 3945; x_wconf 88' lang='lat' dir='ltr'><strong>regiis</strong></span> <span class='ocrx_word' id='word_1_519' title='bbox 588 3872 791 3927; x_wconf 91' lang='lat' dir='ltr'><strong>ascitus</strong></span> <span class='ocrx_word' id='word_1_520' title='bbox 819 3870 1104 3942; x_wconf 89' lang='lat' dir='ltr'><strong>obsequiis</strong></span> <span class='ocrx_word' id='word_1_521' title='bbox 1135 3871 1384 3943; x_wconf 86' lang='lat' dir='ltr'><strong>regimen</strong></span> <span class='ocrx_word' id='word_1_522' title='bbox 1438 3868 1788 3925; x_wconf 89' lang='lat' dir='ltr'><strong>monasteriis</strong></span> <span class='ocrx_word' id='word_1_523' title='bbox 1814 3883 1931 3922; x_wconf 82' lang='lat' dir='ltr'><strong>sant</strong></span> 
     </span>
    </p>
   </div>
   <div class='ocr_carea' id='block_1_41' title="bbox 1851 3849 3385 3945">
    <p class='ocr_par' dir='ltr' id='par_1_41' title="bbox 1851 3849 3385 3923">
     <span class='ocr_line' id='line_1_43' title="bbox 1851 3849 3385 3923; baseline -0.007 -10"><span class='ocrx_word' id='word_1_524' title='bbox 1851 3874 2018 3923; x_wconf 52' lang='lat' dir='ltr'><strong>anet-,9</strong></span> <span class='ocrx_word' id='word_1_525' title='bbox 2482 3853 2557 3905; x_wconf 90' lang='lat' dir='ltr'><strong>De</strong></span> <span class='ocrx_word' id='word_1_526' title='bbox 2608 3854 2815 3907; x_wconf 78' lang='lat' dir='ltr'><strong>visio-ne</strong></span> <span class='ocrx_word' id='word_1_527' title='bbox 2845 3853 3081 3921; x_wconf 84' lang='lat' dir='ltr'><strong>ejusdem</strong></span> <span class='ocrx_word' id='word_1_528' title='bbox 3112 3849 3385 3906; x_wconf 81' lang='lat' dir='ltr'><strong>Bemoldi.</strong></span> 
     </span>
    </p>
   </div>
   <div class='ocr_carea' id='block_1_42' title="bbox 394 3955 3757 4035">
    <p class='ocr_par' dir='ltr' id='par_1_42' title="bbox 394 3955 3757 4035">
     <span class='ocr_line' id='line_1_44' title="bbox 394 3955 3757 4035; baseline -0.001 -21"><span class='ocrx_word' id='word_1_529' title='bbox 394 3960 490 4015; x_wconf 91' lang='lat' dir='ltr'><strong>Dei</strong></span> <span class='ocrx_word' id='word_1_530' title='bbox 511 3960 796 4035; x_wconf 87' lang='lat' dir='ltr'><strong>genitricis</strong></span> <span class='ocrx_word' id='word_1_531' title='bbox 851 3959 1052 4026; x_wconf 62' lang='lat' dir='ltr'><strong>Marias,</strong></span> <span class='ocrx_word' id='word_1_532' title='bbox 1113 3966 1167 4014; x_wconf 91' lang='lat' dir='ltr'><strong>et</strong></span> <span class='ocrx_word' id='word_1_533' title='bbox 1222 3959 1399 4014; x_wconf 85' lang='lat' dir='ltr'><strong>sancti</strong></span> <span class='ocrx_word' id='word_1_534' title='bbox 1455 3959 1710 4016; x_wconf 88' lang='lat' dir='ltr'><strong>Germani</strong></span> <span class='ocrx_word' id='word_1_535' title='bbox 1769 3955 1941 4031; x_wconf 88' lang='lat' dir='ltr'><strong>regali</strong></span> <span class='ocrx_word' id='word_1_536' title='bbox 1968 3962 2022 4009; x_wconf 87' lang='lat' dir='ltr'><strong>et</strong></span> <span class='ocrx_word' id='word_1_537' title='bbox 2193 3955 2270 4010; x_wconf 92' lang='lat' dir='ltr'><strong>De</strong></span> <span class='ocrx_word' id='word_1_538' title='bbox 2309 3973 2418 4028; x_wconf 92' lang='lat' dir='ltr'><strong>quo</strong></span> <span class='ocrx_word' id='word_1_539' title='bbox 2453 3961 2804 4029; x_wconf 88' lang='lat' dir='ltr'><strong>postmodum</strong></span> <span class='ocrx_word' id='word_1_540' title='bbox 2835 3961 2961 4016; x_wconf 87' lang='lat' dir='ltr'><strong>talis</strong></span> <span class='ocrx_word' id='word_1_541' title='bbox 2991 3967 3212 4016; x_wconf 89' lang='lat' dir='ltr'><strong>ostensa</strong></span> <span class='ocrx_word' id='word_1_542' title='bbox 3241 3969 3326 4016; x_wconf 89' lang='lat' dir='ltr'><strong>est</strong></span> <span class='ocrx_word' id='word_1_543' title='bbox 3342 3959 3603 4015; x_wconf 89' lang='lat' dir='ltr'><strong>revelatio</strong></span> <span class='ocrx_word' id='word_1_544' title='bbox 3624 3959 3757 4014; x_wconf 92' lang='lat' dir='ltr'><strong>cui-</strong></span> 
     </span>
    </p>
   </div>
   <div class='ocr_carea' id='block_1_43' title="bbox 394 4047 3749 4122">
    <p class='ocr_par' dir='ltr' id='par_1_43' title="bbox 394 4047 3749 4122">
     <span class='ocr_line' id='line_1_45' title="bbox 394 4047 3749 4122; baseline 0.001 -19"><span class='ocrx_word' id='word_1_545' title='bbox 394 4048 717 4119; x_wconf 88' lang='lat' dir='ltr'><strong>episc0pali,</strong></span> <span class='ocrx_word' id='word_1_546' title='bbox 774 4056 939 4120; x_wconf 90' lang='lat' dir='ltr'><strong>atque</strong></span> <span class='ocrx_word' id='word_1_547' title='bbox 991 4047 1206 4102; x_wconf 90' lang='lat' dir='ltr'><strong>abbatis</strong></span> <span class='ocrx_word' id='word_1_548' title='bbox 1256 4049 1342 4104; x_wconf 91' lang='lat' dir='ltr'><strong>sui</strong></span> <span class='ocrx_word' id='word_1_549' title='bbox 1372 4049 1633 4106; x_wconf 90' lang='lat' dir='ltr'><strong>Ludovici</strong></span> <span class='ocrx_word' id='word_1_550' title='bbox 1665 4050 1882 4105; x_wconf 90' lang='lat' dir='ltr'><strong>diaconi</strong></span> <span class='ocrx_word' id='word_1_551' title='bbox 1908 4048 2022 4117; x_wconf 84' lang='lat' dir='ltr'><strong>jus-</strong></span> <span class='ocrx_word' id='word_1_552' title='bbox 2123 4047 2248 4103; x_wconf 88' lang='lat' dir='ltr'><strong>dam</strong></span> <span class='ocrx_word' id='word_1_553' title='bbox 2283 4049 2493 4106; x_wconf 90' lang='lat' dir='ltr'><strong>homini</strong></span> <span class='ocrx_word' id='word_1_554' title='bbox 2525 4051 2814 4106; x_wconf 85' lang='lat' dir='ltr'><strong>Remensis</strong></span> <span class='ocrx_word' id='word_1_555' title='bbox 2845 4053 3142 4122; x_wconf 53' lang='lat' dir='ltr'><strong>parochias,</strong></span> <span class='ocrx_word' id='word_1_556' title='bbox 3175 4053 3404 4110; x_wconf 89' lang='lat' dir='ltr'><strong>nomine</strong></span> <span class='ocrx_word' id='word_1_557' title='bbox 3439 4051 3749 4117; x_wconf 84' lang='lat' dir='ltr'><strong>Bernoldo,</strong></span> 
     </span>
    </p>
   </div>
   <div class='ocr_carea' id='block_1_44' title="bbox 395 4137 3751 4220">
    <p class='ocr_par' dir='ltr' id='par_1_44' title="bbox 395 4137 3751 4220">
     <span class='ocr_line' id='line_1_46' title="bbox 395 4137 3751 4220; baseline -0.002 -15"><span class='ocrx_word' id='word_1_558' title='bbox 395 4138 554 4193; x_wconf 74' lang='grc' dir='ltr'><strong>δίοηθ</strong></span> <span class='ocrx_word' id='word_1_559' title='bbox 573 4137 856 4209; x_wconf 63' lang='lat' dir='ltr'><strong>suscepit;</strong></span> <span class='ocrx_word' id='word_1_560' title='bbox 897 4153 1081 4192; x_wconf 65' lang='lat' dir='ltr'><strong>rerum</strong></span> <span class='ocrx_word' id='word_1_561' title='bbox 1120 4152 1346 4209; x_wconf 84' lang='lat' dir='ltr'><strong>quoque</strong></span> <span class='ocrx_word' id='word_1_562' title='bbox 1377 4154 1439 4194; x_wconf 79' lang='lat' dir='ltr'><strong>ac</strong></span> <span class='ocrx_word' id='word_1_563' title='bbox 1464 4138 1868 4208; x_wconf 76' lang='lat' dir='ltr'><strong>maDCipiorum</strong></span> <span class='ocrx_word' id='word_1_564' title='bbox 1898 4152 2022 4207; x_wconf 79' lang='grc' dir='ltr'>ροε-</span> <span class='ocrx_word' id='word_1_565' title='bbox 2123 4143 2217 4215; x_wconf 92' lang='lat' dir='ltr'><strong>qui</strong></span> <span class='ocrx_word' id='word_1_566' title='bbox 2249 4145 2546 4216; x_wconf 86' lang='lat' dir='ltr'><strong>depressus</strong></span> <span class='ocrx_word' id='word_1_567' title='bbox 2571 4145 2912 4214; x_wconf 82' lang='lat' dir='ltr'><strong>infirmitate,</strong></span> <span class='ocrx_word' id='word_1_568' title='bbox 2963 4165 3107 4218; x_wconf 89' lang='lat' dir='ltr'><strong>pene</strong></span> <span class='ocrx_word' id='word_1_569' title='bbox 3153 4164 3329 4220; x_wconf 90' lang='lat' dir='ltr'><strong>usque</strong></span> <span class='ocrx_word' id='word_1_570' title='bbox 3384 4148 3452 4200; x_wconf 89' lang='lat' dir='ltr'><strong>ab</strong></span> <span class='ocrx_word' id='word_1_571' title='bbox 3505 4156 3751 4202; x_wconf 88' lang='lat' dir='ltr'><strong>mortem</strong></span> 
     </span>
    </p>
   </div>
   <div class='ocr_carea' id='block_1_45' title="bbox 395 4230 3756 4310">
    <p class='ocr_par' dir='ltr' id='par_1_45' title="bbox 395 4230 3756 4310">
     <span class='ocr_line' id='line_1_47' title="bbox 395 4230 3756 4310; baseline 0.002 -25"><span class='ocrx_word' id='word_1_572' title='bbox 395 4231 701 4287; x_wconf 81' lang='lat' dir='ltr'><strong>sessionem</strong></span> <span class='ocrx_word' id='word_1_573' title='bbox 775 4230 1071 4302; x_wconf 91' lang='lat' dir='ltr'><strong>quamdam</strong></span> <span class='ocrx_word' id='word_1_574' title='bbox 1157 4230 1309 4304; x_wconf 88' lang='lat' dir='ltr'><strong>regia</strong></span> <span class='ocrx_word' id='word_1_575' title='bbox 1359 4230 1686 4286; x_wconf 89' lang='lat' dir='ltr'><strong>liberalitate</strong></span> <span class='ocrx_word' id='word_1_576' title='bbox 1744 4231 2019 4302; x_wconf 85' lang='lat' dir='ltr'><strong>percepit,</strong></span> <span class='ocrx_word' id='word_1_577' title='bbox 2123 4236 2396 4305; x_wconf 87' lang='lat' dir='ltr'><strong>pervenit,</strong></span> <span class='ocrx_word' id='word_1_578' title='bbox 2423 4237 2493 4290; x_wconf 90' lang='lat' dir='ltr'><strong>ita</strong></span> <span class='ocrx_word' id='word_1_579' title='bbox 2515 4245 2571 4290; x_wconf 88' lang='lat' dir='ltr'><strong>ut</strong></span> <span class='ocrx_word' id='word_1_580' title='bbox 2604 4253 2703 4310; x_wconf 91' lang='lat' dir='ltr'><strong>per</strong></span> <span class='ocrx_word' id='word_1_581' title='bbox 2732 4247 2967 4310; x_wconf 89' lang='lat' dir='ltr'><strong>quatuor</strong></span> <span class='ocrx_word' id='word_1_582' title='bbox 2995 4239 3115 4294; x_wconf 92' lang='lat' dir='ltr'><strong>dies</strong></span> <span class='ocrx_word' id='word_1_583' title='bbox 3155 4255 3260 4294; x_wconf 92' lang='lat' dir='ltr'><strong>nec</strong></span> <span class='ocrx_word' id='word_1_584' title='bbox 3307 4239 3490 4293; x_wconf 89' lang='lat' dir='ltr'><strong>cibum</strong></span> <span class='ocrx_word' id='word_1_585' title='bbox 3515 4254 3624 4292; x_wconf 90' lang='lat' dir='ltr'><strong>nec</strong></span> <span class='ocrx_word' id='word_1_586' title='bbox 3650 4253 3756 4308; x_wconf 88' lang='lat' dir='ltr'><strong>po-</strong></span> 
     </span>
    </p>
   </div>
   <div class='ocr_carea' id='block_1_46' title="bbox 398 4322 3754 4403">
    <p class='ocr_par' dir='ltr' id='par_1_46' title="bbox 398 4322 3754 4403">
     <span class='ocr_line' id='line_1_48' title="bbox 398 4322 3754 4403; baseline -0.004 -10"><span class='ocrx_word' id='word_1_587' title='bbox 398 4341 562 4395; x_wconf 75' lang='lat' dir='ltr'><strong>quam</strong></span> <span class='ocrx_word' id='word_1_588' title='bbox 618 4331 973 4380; x_wconf 62' lang='lat' dir='ltr'><strong>consecratus</strong></span> <span class='ocrx_word' id='word_1_589' title='bbox 1023 4322 1137 4391; x_wconf 69' lang='lat' dir='ltr'><strong>jam</strong></span> <span class='ocrx_word' id='word_1_590' title='bbox 1212 4323 1413 4392; x_wconf 48' lang='lat' dir='ltr'><strong>P1195111</strong></span> <span class='ocrx_word' id='word_1_591' title='bbox 1464 4324 1802 4380; x_wconf 67' lang='lat' dir='ltr'><strong>monasterio</strong></span> <span class='ocrx_word' id='word_1_592' title='bbox 1844 4323 2020 4380; x_wconf 67' lang='lat' dir='ltr'><strong>sancti</strong></span> <span class='ocrx_word' id='word_1_593' title='bbox 2125 4340 2237 4387; x_wconf 87' lang='lat' dir='ltr'><strong>tum</strong></span> <span class='ocrx_word' id='word_1_594' title='bbox 2269 4346 2488 4403; x_wconf 91' lang='lat' dir='ltr'><strong>capere,</strong></span> <span class='ocrx_word' id='word_1_595' title='bbox 2520 4347 2624 4386; x_wconf 88' lang='lat' dir='ltr'><strong>nec</strong></span> <span class='ocrx_word' id='word_1_596' title='bbox 2653 4329 2804 4401; x_wconf 90' lang='lat' dir='ltr'><strong>loqui</strong></span> <span class='ocrx_word' id='word_1_597' title='bbox 2833 4332 3058 4386; x_wconf 87' lang='lat' dir='ltr'><strong>valeret.</strong></span> <span class='ocrx_word' id='word_1_598' title='bbox 3094 4331 3295 4396; x_wconf 83' lang='lat' dir='ltr'><strong>Quarto</strong></span> <span class='ocrx_word' id='word_1_599' title='bbox 3323 4345 3456 4386; x_wconf 87' lang='lat' dir='ltr'><strong>vero</strong></span> <span class='ocrx_word' id='word_1_600' title='bbox 3486 4328 3580 4382; x_wconf 90' lang='lat' dir='ltr'><strong>die</strong></span> <span class='ocrx_word' id='word_1_601' title='bbox 3611 4328 3754 4382; x_wconf 85' lang='lat' dir='ltr'><strong>hora</strong></span> 
     </span>
    </p>
   </div>
   <div class='ocr_carea' id='block_1_47' title="bbox 397 4415 3752 4498">
    <p class='ocr_par' dir='ltr' id='par_1_47' title="bbox 397 4415 3752 4498">
     <span class='ocr_line' id='line_1_49' title="bbox 397 4415 3752 4498; baseline 0.003 -28"><span class='ocrx_word' id='word_1_602' title='bbox 397 4417 663 4488; x_wconf 88' lang='lat' dir='ltr'><strong>Dionysii,</strong></span> <span class='ocrx_word' id='word_1_603' title='bbox 695 4417 788 4472; x_wconf 91' lang='lat' dir='ltr'><strong>ubi</strong></span> <span class='ocrx_word' id='word_1_604' title='bbox 819 4415 1034 4472; x_wconf 89' lang='lat' dir='ltr'><strong>Christo</strong></span> <span class='ocrx_word' id='word_1_605' title='bbox 1065 4415 1413 4486; x_wconf 83' lang='lat' dir='ltr'><strong>militaverat,</strong></span> <span class='ocrx_word' id='word_1_606' title='bbox 1446 4435 1546 4490; x_wconf 91' lang='lat' dir='ltr'><strong>per</strong></span> <span class='ocrx_word' id='word_1_607' title='bbox 1589 4419 1902 4478; x_wconf 88' lang='lat' dir='ltr'><strong>testamenti</strong></span> <span class='ocrx_word' id='word_1_608' title='bbox 1926 4437 2024 4491; x_wconf 94' lang='lat' dir='ltr'><strong>pa-</strong></span> <span class='ocrx_word' id='word_1_609' title='bbox 2126 4445 2294 4496; x_wconf 79' lang='lat' dir='ltr'><strong>nona,</strong></span> <span class='ocrx_word' id='word_1_610' title='bbox 2326 4429 2474 4484; x_wconf 83' lang='lat' dir='ltr'><strong>velut</strong></span> <span class='ocrx_word' id='word_1_611' title='bbox 2505 4428 2773 4483; x_wconf 87' lang='lat' dir='ltr'><strong>exanimis</strong></span> <span class='ocrx_word' id='word_1_612' title='bbox 2796 4428 2988 4496; x_wconf 89' lang='lat' dir='ltr'><strong>jacuit,</strong></span> <span class='ocrx_word' id='word_1_613' title='bbox 3037 4428 3176 4484; x_wconf 89' lang='lat' dir='ltr'><strong>adeo</strong></span> <span class='ocrx_word' id='word_1_614' title='bbox 3236 4435 3296 4484; x_wconf 93' lang='lat' dir='ltr'><strong>ut</strong></span> <span class='ocrx_word' id='word_1_615' title='bbox 3325 4443 3436 4484; x_wconf 92' lang='lat' dir='ltr'><strong>non</strong></span> <span class='ocrx_word' id='word_1_616' title='bbox 3470 4435 3665 4498; x_wconf 90' lang='lat' dir='ltr'><strong>posset</strong></span> <span class='ocrx_word' id='word_1_617' title='bbox 3696 4427 3752 4479; x_wconf 91' lang='lat' dir='ltr'><strong>in</strong></span> 
     </span>
    </p>
   </div>
   <div class='ocr_carea' id='block_1_48' title="bbox 398 4509 3752 4588">
    <p class='ocr_par' dir='ltr' id='par_1_48' title="bbox 398 4509 3752 4588">
     <span class='ocr_line' id='line_1_50' title="bbox 398 4509 3752 4588; baseline 0.002 -24"><span class='ocrx_word' id='word_1_618' title='bbox 398 4509 583 4583; x_wconf 89' lang='lat' dir='ltr'><strong>ginam</strong></span> <span class='ocrx_word' id='word_1_619' title='bbox 613 4512 862 4568; x_wconf 87' lang='lat' dir='ltr'><strong>tradidit.</strong></span> <span class='ocrx_word' id='word_1_620' title='bbox 1055 4585 1076 4588; x_wconf 83' lang='lat'><strong><em>_</em></strong></span> <span class='ocrx_word' id='word_1_621' title='bbox 1102 4587 1107 4588; x_wconf 79' lang='lat'><strong>7</strong></span> <span class='ocrx_word' id='word_1_622' title='bbox 1131 4586 1150 4588; x_wconf 15' lang='grc' dir='ltr'><em>ῃ</em></span> <span class='ocrx_word' id='word_1_623' title='bbox 1173 4586 1252 4588; x_wconf 27' lang='lat'><strong>777</strong></span> <span class='ocrx_word' id='word_1_624' title='bbox 1315 4587 1322 4588; x_wconf 85' lang='lat'><strong>7</strong></span> <span class='ocrx_word' id='word_1_625' title='bbox 1973 4573 1980 4580; x_wconf 88' lang='lat'>_</span> <span class='ocrx_word' id='word_1_626' title='bbox 2125 4535 2192 4575; x_wconf 92' lang='lat' dir='ltr'><strong>eo</strong></span> <span class='ocrx_word' id='word_1_627' title='bbox 2214 4520 2409 4575; x_wconf 89' lang='lat' dir='ltr'><strong>sentiri</strong></span> <span class='ocrx_word' id='word_1_628' title='bbox 2437 4519 2668 4574; x_wconf 86' lang='lat' dir='ltr'><strong>halitum</strong></span> <span class='ocrx_word' id='word_1_629' title='bbox 2701 4518 3052 4585; x_wconf 87' lang='lat' dir='ltr'><strong>remansisse,</strong></span> <span class='ocrx_word' id='word_1_630' title='bbox 3108 4517 3214 4572; x_wconf 91' lang='lat' dir='ltr'><strong>nisi</strong></span> <span class='ocrx_word' id='word_1_631' title='bbox 3271 4534 3371 4588; x_wconf 91' lang='lat' dir='ltr'><strong>per</strong></span> <span class='ocrx_word' id='word_1_632' title='bbox 3396 4517 3569 4583; x_wconf 89' lang='lat' dir='ltr'><strong>vices,</strong></span> <span class='ocrx_word' id='word_1_633' title='bbox 3612 4517 3752 4571; x_wconf 87' lang='lat' dir='ltr'><strong>dum</strong></span> 
     </span>
    </p>
   </div>
   <div class='ocr_carea' id='block_1_49' title="bbox 612 4585 3757 4684">
    <p class='ocr_par' dir='ltr' id='par_1_49' title="bbox 612 4585 3757 4684">
     <span class='ocr_line' id='line_1_51' title="bbox 612 4585 3757 4684; baseline 0.003 -32"><span class='ocrx_word' id='word_1_634' title='bbox 612 4595 624 4602; x_wconf 83' lang='grc'><em>’</em></span> <span class='ocrx_word' id='word_1_635' title='bbox 819 4677 854 4684; x_wconf 66' lang='lat'><strong>77</strong></span> <span class='ocrx_word' id='word_1_636' title='bbox 994 4676 1004 4684; x_wconf 77' lang='lat'>_</span> <span class='ocrx_word' id='word_1_637' title='bbox 1310 4587 1400 4684; x_wconf 42' lang='lat' dir='ltr'><strong>Il;</strong></span> <span class='ocrx_word' id='word_1_638' title='bbox 1467 4631 1504 4684; x_wconf 72' lang='lat'><em>:7</em></span> <span class='ocrx_word' id='word_1_639' title='bbox 1584 4680 1599 4684; x_wconf 88' lang='lat'>_</span> <span class='ocrx_word' id='word_1_640' title='bbox 1741 4683 1746 4684; x_wconf 78' lang='lat'><strong>7</strong></span> <span class='ocrx_word' id='word_1_641' title='bbox 1785 4680 1794 4684; x_wconf 88' lang='lat'><strong>_</strong></span> <span class='ocrx_word' id='word_1_642' title='bbox 2050 4612 2252 4684; x_wconf 85' lang='lat' dir='ltr'><strong>unis</strong></span> <span class='ocrx_word' id='word_1_643' title='bbox 2272 4626 2497 4665; x_wconf 90' lang='lat' dir='ltr'><strong>manum</strong></span> <span class='ocrx_word' id='word_1_644' title='bbox 2553 4609 2796 4664; x_wconf 89' lang='lat' dir='ltr'><strong>misisset</strong></span> <span class='ocrx_word' id='word_1_645' title='bbox 2837 4609 2905 4663; x_wconf 89' lang='lat' dir='ltr'><strong>ad</strong></span> <span class='ocrx_word' id='word_1_646' title='bbox 2954 4624 3016 4665; x_wconf 91' lang='lat' dir='ltr'><strong>os</strong></span> <span class='ocrx_word' id='word_1_647' title='bbox 3063 4608 3203 4677; x_wconf 87' lang='lat' dir='ltr'><strong>ejus,</strong></span> <span class='ocrx_word' id='word_1_648' title='bbox 3239 4585 3324 4662; x_wconf 78' lang='lat' dir='ltr'><strong>vel</strong></span> <span class='ocrx_word' id='word_1_649' title='bbox 3353 4623 3521 4678; x_wconf 89' lang='lat' dir='ltr'><strong>super</strong></span> <span class='ocrx_word' id='word_1_650' title='bbox 3553 4616 3757 4677; x_wconf 84' lang='lat' dir='ltr'><strong>pectus</strong></span> 
     </span>
    </p>
   </div>
   <div class='ocr_carea' id='block_1_50' title="bbox 505 4676 2039 4770">
    <p class='ocr_par' dir='ltr' id='par_1_50' title="bbox 505 4676 1911 4750">
     <span class='ocr_line' id='line_1_52' title="bbox 505 4676 1911 4750; baseline 0.005 -22"><span class='ocrx_word' id='word_1_651' title='bbox 505 4676 580 4728; x_wconf 87' lang='lat' dir='ltr'><strong>De</strong></span> <span class='ocrx_word' id='word_1_652' title='bbox 606 4677 952 4744; x_wconf 77' lang='lat' dir='ltr'><strong>reparatione</strong></span> <span class='ocrx_word' id='word_1_653' title='bbox 971 4676 1180 4746; x_wconf 78' lang='lat' dir='ltr'><strong>judicii</strong></span> <span class='ocrx_word' id='word_1_654' title='bbox 1199 4694 1302 4748; x_wconf 81' lang='lat' dir='ltr'><strong>pro</strong></span> <span class='ocrx_word' id='word_1_655' title='bbox 1332 4680 1532 4735; x_wconf 84' lang='lat' dir='ltr'><strong>Ebonis</strong></span> <span class='ocrx_word' id='word_1_656' title='bbox 1562 4680 1911 4750; x_wconf 71' lang='lat' dir='ltr'><strong>depositione.</strong></span> 
     </span>
    </p>
   </div>
   <div class='ocr_carea' id='block_1_51' title="bbox 2221 4676 3755 4770">
    <p class='ocr_par' dir='ltr' id='par_1_51' title="bbox 2221 4696 3755 4770">
     <span class='ocr_line' id='line_1_53' title="bbox 2221 4696 3755 4770; baseline -0.005 -12"><span class='ocrx_word' id='word_1_657' title='bbox 2221 4719 2294 4770; x_wconf 80' lang='lat' dir='ltr'><strong>us,</strong></span> <span class='ocrx_word' id='word_1_658' title='bbox 2325 4702 2412 4756; x_wconf 86' lang='lat' dir='ltr'><strong>vix</strong></span> <span class='ocrx_word' id='word_1_659' title='bbox 2444 4699 2720 4754; x_wconf 90' lang='lat' dir='ltr'><strong>sentiebat</strong></span> <span class='ocrx_word' id='word_1_660' title='bbox 2761 4699 2815 4752; x_wconf 92' lang='lat' dir='ltr'><strong>in</strong></span> <span class='ocrx_word' id='word_1_661' title='bbox 2849 4713 2915 4753; x_wconf 91' lang='lat' dir='ltr'><strong>eo</strong></span> <span class='ocrx_word' id='word_1_662' title='bbox 2971 4697 3151 4752; x_wconf 91' lang='lat' dir='ltr'><strong>adhuc</strong></span> <span class='ocrx_word' id='word_1_663' title='bbox 3181 4696 3433 4766; x_wconf 92' lang='lat' dir='ltr'><strong>spiritum</strong></span> <span class='ocrx_word' id='word_1_664' title='bbox 3456 4711 3600 4750; x_wconf 89' lang='lat' dir='ltr'><strong>esse.</strong></span> <span class='ocrx_word' id='word_1_665' title='bbox 3639 4696 3755 4750; x_wconf 84' lang='lat' dir='ltr'><strong>Ru-</strong></span> 
     </span>
    </p>
   </div>
   <div class='ocr_carea' id='block_1_52' title="bbox 473 4783 3757 4861">
    <p class='ocr_par' dir='ltr' id='par_1_52' title="bbox 473 4783 3757 4861">
     <span class='ocr_line' id='line_1_54' title="bbox 473 4783 3757 4861; baseline -0 -23"><span class='ocrx_word' id='word_1_666' title='bbox 473 4783 708 4840; x_wconf 86' lang='lat' dir='ltr'><strong>Emenso</strong></span> <span class='ocrx_word' id='word_1_667' title='bbox 731 4785 975 4856; x_wconf 89' lang='lat' dir='ltr'><strong>denique</strong></span> <span class='ocrx_word' id='word_1_668' title='bbox 1007 4801 1154 4843; x_wconf 90' lang='lat' dir='ltr'><strong>anno</strong></span> <span class='ocrx_word' id='word_1_669' title='bbox 1205 4795 1330 4858; x_wconf 89' lang='lat' dir='ltr'><strong>post</strong></span> <span class='ocrx_word' id='word_1_670' title='bbox 1357 4789 1531 4860; x_wconf 92' lang='lat' dir='ltr'><strong>ipsius</strong></span> <span class='ocrx_word' id='word_1_671' title='bbox 1564 4789 1840 4845; x_wconf 81' lang='lat' dir='ltr'><strong>Hincmari</strong></span> <span class='ocrx_word' id='word_1_672' title='bbox 1872 4791 2025 4846; x_wconf 87' lang='lat' dir='ltr'><strong>ordi-</strong></span> <span class='ocrx_word' id='word_1_673' title='bbox 2125 4795 2227 4850; x_wconf 91' lang='lat' dir='ltr'><strong>bor</strong></span> <span class='ocrx_word' id='word_1_674' title='bbox 2257 4793 2334 4847; x_wconf 93' lang='lat' dir='ltr'><strong>illi</strong></span> <span class='ocrx_word' id='word_1_675' title='bbox 2366 4799 2551 4846; x_wconf 89' lang='lat' dir='ltr'><strong>tamen</strong></span> <span class='ocrx_word' id='word_1_676' title='bbox 2611 4790 2665 4843; x_wconf 91' lang='lat' dir='ltr'><strong>in</strong></span> <span class='ocrx_word' id='word_1_677' title='bbox 2712 4787 2850 4843; x_wconf 87' lang='lat' dir='ltr'><strong>facie</strong></span> <span class='ocrx_word' id='word_1_678' title='bbox 2903 4803 3138 4861; x_wconf 88' lang='lat' dir='ltr'><strong>magnus</strong></span> <span class='ocrx_word' id='word_1_679' title='bbox 3193 4786 3521 4853; x_wconf 68' lang='lat' dir='ltr'><strong>videbatur,</strong></span> <span class='ocrx_word' id='word_1_680' title='bbox 3566 4796 3625 4840; x_wconf 88' lang='lat' dir='ltr'><strong>et</strong></span> <span class='ocrx_word' id='word_1_681' title='bbox 3675 4787 3757 4840; x_wconf 80' lang='lat' dir='ltr'><strong>sic</strong></span> 
     </span>
    </p>
   </div>
   <div class='ocr_carea' id='block_1_53' title="bbox 400 4873 3760 4953">
    <p class='ocr_par' dir='ltr' id='par_1_53' title="bbox 400 4873 3760 4953">
     <span class='ocr_line' id='line_1_55' title="bbox 400 4873 3760 4953; baseline -0.001 -23"><span class='ocrx_word' id='word_1_682' title='bbox 400 4876 707 4946; x_wconf 89' lang='lat' dir='ltr'><strong>nationem,</strong></span> <span class='ocrx_word' id='word_1_683' title='bbox 763 4878 1051 4934; x_wconf 87' lang='lat' dir='ltr'><strong>Lotharius</strong></span> <span class='ocrx_word' id='word_1_684' title='bbox 1110 4881 1408 4951; x_wconf 88' lang='lat' dir='ltr'><strong>imperator</strong></span> <span class='ocrx_word' id='word_1_685' title='bbox 1490 4898 1590 4953; x_wconf 92' lang='lat' dir='ltr'><strong>pro</strong></span> <span class='ocrx_word' id='word_1_686' title='bbox 1665 4885 2022 4940; x_wconf 89' lang='lat' dir='ltr'><strong>contentione</strong></span> <span class='ocrx_word' id='word_1_687' title='bbox 2119 4881 2294 4951; x_wconf 89' lang='lat' dir='ltr'><strong>jacuit</strong></span> <span class='ocrx_word' id='word_1_688' title='bbox 2324 4895 2500 4951; x_wconf 90' lang='lat' dir='ltr'><strong>usque</strong></span> <span class='ocrx_word' id='word_1_689' title='bbox 2531 4878 2598 4932; x_wconf 90' lang='lat' dir='ltr'><strong>ad</strong></span> <span class='ocrx_word' id='word_1_690' title='bbox 2624 4877 2864 4932; x_wconf 90' lang='lat' dir='ltr'><strong>mediam</strong></span> <span class='ocrx_word' id='word_1_691' title='bbox 2906 4883 3151 4931; x_wconf 87' lang='lat' dir='ltr'><strong>noctem.</strong></span> <span class='ocrx_word' id='word_1_692' title='bbox 3183 4876 3336 4930; x_wconf 90' lang='lat' dir='ltr'><strong>Tunc</strong></span> <span class='ocrx_word' id='word_1_693' title='bbox 3361 4873 3596 4930; x_wconf 89' lang='lat' dir='ltr'><strong>viriliter</strong></span> <span class='ocrx_word' id='word_1_694' title='bbox 3619 4888 3760 4929; x_wconf 84' lang='lat' dir='ltr'><strong>acu-</strong></span> 
     </span>
    </p>
   </div>
   <div class='ocr_carea' id='block_1_54' title="bbox 397 4965 3761 5044">
    <p class='ocr_par' dir='ltr' id='par_1_54' title="bbox 397 4965 3761 5044">
     <span class='ocr_line' id='line_1_56' title="bbox 397 4965 3761 5044; baseline 0 -26"><span class='ocrx_word' id='word_1_695' title='bbox 397 4965 556 5039; x_wconf 90' lang='lat' dir='ltr'><strong>regni</strong></span> <span class='ocrx_word' id='word_1_696' title='bbox 595 4981 758 5036; x_wconf 88' lang='lat' dir='ltr'><strong>quam</strong></span> <span class='ocrx_word' id='word_1_697' title='bbox 793 4983 923 5043; x_wconf 87' lang='lat' dir='ltr'><strong>erga</strong></span> <span class='ocrx_word' id='word_1_698' title='bbox 979 4967 1202 5025; x_wconf 88' lang='lat' dir='ltr'><strong>fratrem</strong></span> <span class='ocrx_word' id='word_1_699' title='bbox 1247 4986 1408 5026; x_wconf 91' lang='lat' dir='ltr'><strong>suum</strong></span> <span class='ocrx_word' id='word_1_700' title='bbox 1446 4971 1701 5028; x_wconf 78' lang='lat' dir='ltr'><strong>Karolum</strong></span> <span class='ocrx_word' id='word_1_701' title='bbox 1759 4974 2018 5042; x_wconf 90' lang='lat' dir='ltr'><strong>habebat,</strong></span> <span class='ocrx_word' id='word_1_702' title='bbox 2125 4975 2210 5030; x_wconf 71' lang='lat' dir='ltr'><strong>loc.</strong></span> <span class='ocrx_word' id='word_1_703' title='bbox 2237 4973 2514 5044; x_wconf 87' lang='lat' dir='ltr'><strong>aperiens,</strong></span> <span class='ocrx_word' id='word_1_704' title='bbox 2563 4979 2618 5026; x_wconf 91' lang='lat' dir='ltr'><strong>et</strong></span> <span class='ocrx_word' id='word_1_705' title='bbox 2666 4969 2861 5026; x_wconf 73' lang='lat' dir='ltr'><strong>affatus</strong></span> <span class='ocrx_word' id='word_1_706' title='bbox 2879 4985 3107 5024; x_wconf 83' lang='lat' dir='ltr'><strong>uxorem</strong></span> <span class='ocrx_word' id='word_1_707' title='bbox 3139 4985 3293 5025; x_wconf 87' lang='lat' dir='ltr'><strong>suam</strong></span> <span class='ocrx_word' id='word_1_708' title='bbox 3325 4977 3490 5039; x_wconf 91' lang='lat' dir='ltr'><strong>atque</strong></span> <span class='ocrx_word' id='word_1_709' title='bbox 3513 4966 3761 5021; x_wconf 85' lang='lat' dir='ltr'><strong>circum-</strong></span> 
     </span>
    </p>
   </div>
   <div class='ocr_carea' id='block_1_55' title="bbox 400 5053 3763 5132">
    <p class='ocr_par' dir='ltr' id='par_1_55' title="bbox 400 5053 3763 5132">
     <span class='ocr_line' id='line_1_57' title="bbox 400 5053 3763 5132; baseline 0.001 -26"><span class='ocrx_word' id='word_1_710' title='bbox 400 5053 561 5121; x_wconf 88' lang='lat' dir='ltr'><strong>cujus</strong></span> <span class='ocrx_word' id='word_1_711' title='bbox 605 5055 888 5128; x_wconf 88' lang='lat' dir='ltr'><strong>obsequiis</strong></span> <span class='ocrx_word' id='word_1_712' title='bbox 943 5059 1090 5114; x_wconf 87' lang='lat' dir='ltr'><strong>idem</strong></span> <span class='ocrx_word' id='word_1_713' title='bbox 1149 5063 1348 5132; x_wconf 68' lang='lat' dir='ltr'><strong>praesul</strong></span> <span class='ocrx_word' id='word_1_714' title='bbox 1393 5061 1634 5118; x_wconf 83' lang='lat' dir='ltr'><strong>ﬁdeliter</strong></span> <span class='ocrx_word' id='word_1_715' title='bbox 1685 5064 2022 5130; x_wconf 65' lang='lat' dir='ltr'><strong>adhaerebat,</strong></span> <span class='ocrx_word' id='word_1_716' title='bbox 2126 5073 2356 5130; x_wconf 86' lang='lat' dir='ltr'><strong>stantes,</strong></span> <span class='ocrx_word' id='word_1_717' title='bbox 2369 5061 2533 5131; x_wconf 89' lang='lat' dir='ltr'><strong>jussit</strong></span> <span class='ocrx_word' id='word_1_718' title='bbox 2562 5068 2621 5117; x_wconf 90' lang='lat' dir='ltr'><strong>ut</strong></span> <span class='ocrx_word' id='word_1_719' title='bbox 2675 5062 3005 5131; x_wconf 89' lang='lat' dir='ltr'><strong>quantocius</strong></span> <span class='ocrx_word' id='word_1_720' title='bbox 3035 5067 3343 5124; x_wconf 88' lang='lat' dir='ltr'><strong>currerent,</strong></span> <span class='ocrx_word' id='word_1_721' title='bbox 3374 5064 3430 5111; x_wconf 88' lang='lat' dir='ltr'><strong>et</strong></span> <span class='ocrx_word' id='word_1_722' title='bbox 3460 5056 3763 5126; x_wconf 77' lang='lat' dir='ltr'><strong>presbyte-</strong></span> 
     </span>
    </p>
   </div>
   <div class='ocr_carea' id='block_1_56' title="bbox 401 5150 3762 5230">
    <p class='ocr_par' dir='ltr' id='par_1_56' title="bbox 401 5150 3762 5230">
     <span class='ocr_line' id='line_1_58' title="bbox 401 5150 3762 5230; baseline 0.001 -32"><span class='ocrx_word' id='word_1_723' title='bbox 401 5151 594 5199; x_wconf 90' lang='lat' dir='ltr'><strong>contra</strong></span> <span class='ocrx_word' id='word_1_724' title='bbox 615 5161 740 5202; x_wconf 91' lang='lat' dir='ltr'><strong>eum</strong></span> <span class='ocrx_word' id='word_1_725' title='bbox 773 5158 1102 5221; x_wconf 89' lang='lat' dir='ltr'><strong>commotus,</strong></span> <span class='ocrx_word' id='word_1_726' title='bbox 1167 5154 1430 5225; x_wconf 87' lang='lat' dir='ltr'><strong>epistolas</strong></span> <span class='ocrx_word' id='word_1_727' title='bbox 1469 5170 1500 5209; x_wconf 93' lang='lat' dir='ltr'><strong>a</strong></span> <span class='ocrx_word' id='word_1_728' title='bbox 1527 5155 1720 5230; x_wconf 89' lang='lat' dir='ltr'><strong>Sergio</strong></span> <span class='ocrx_word' id='word_1_729' title='bbox 1754 5159 1923 5226; x_wconf 83' lang='lat' dir='ltr'><strong>(Serg.</strong></span> <span class='ocrx_word' id='word_1_730' title='bbox 1953 5155 2022 5227; x_wconf 87' lang='grc' dir='ltr'><strong>ΙΙ)</strong></span> <span class='ocrx_word' id='word_1_731' title='bbox 2129 5172 2249 5212; x_wconf 92' lang='lat' dir='ltr'><strong>rum</strong></span> <span class='ocrx_word' id='word_1_732' title='bbox 2281 5171 2440 5210; x_wconf 91' lang='lat' dir='ltr'><strong>suum</strong></span> <span class='ocrx_word' id='word_1_733' title='bbox 2478 5154 2744 5209; x_wconf 88' lang='lat' dir='ltr'><strong>velociter</strong></span> <span class='ocrx_word' id='word_1_734' title='bbox 2799 5155 2867 5209; x_wconf 87' lang='lat' dir='ltr'><strong>ad</strong></span> <span class='ocrx_word' id='word_1_735' title='bbox 2898 5171 2959 5209; x_wconf 90' lang='lat' dir='ltr'><strong>se</strong></span> <span class='ocrx_word' id='word_1_736' title='bbox 3006 5154 3196 5210; x_wconf 86' lang='lat' dir='ltr'><strong>venire</strong></span> <span class='ocrx_word' id='word_1_737' title='bbox 3240 5158 3520 5226; x_wconf 87' lang='lat' dir='ltr'><strong>rogarent.</strong></span> <span class='ocrx_word' id='word_1_738' title='bbox 3567 5150 3762 5202; x_wconf 82' lang='lat' dir='ltr'><strong>Accito</strong></span> 
     </span>
    </p>
   </div>
   <div class='ocr_carea' id='block_1_57' title="bbox 402 5241 3761 5324">
    <p class='ocr_par' dir='ltr' id='par_1_57' title="bbox 402 5241 3761 5324">
     <span class='ocr_line' id='line_1_59' title="bbox 402 5241 3761 5324; baseline 0 -31"><span class='ocrx_word' id='word_1_739' title='bbox 402 5255 546 5311; x_wconf 89' lang='lat' dir='ltr'><strong>papa</strong></span> <span class='ocrx_word' id='word_1_740' title='bbox 573 5243 754 5317; x_wconf 83' lang='lat' dir='ltr'><strong>exegit</strong></span> <span class='ocrx_word' id='word_1_741' title='bbox 779 5261 880 5315; x_wconf 91' lang='lat' dir='ltr'><strong>pro</strong></span> <span class='ocrx_word' id='word_1_742' title='bbox 910 5249 1216 5319; x_wconf 89' lang='lat' dir='ltr'><strong>reparando</strong></span> <span class='ocrx_word' id='word_1_743' title='bbox 1266 5249 1477 5318; x_wconf 92' lang='lat' dir='ltr'><strong>judicio</strong></span> <span class='ocrx_word' id='word_1_744' title='bbox 1532 5250 1602 5307; x_wconf 91' lang='lat' dir='ltr'><strong>de</strong></span> <span class='ocrx_word' id='word_1_745' title='bbox 1625 5250 1830 5308; x_wconf 84' lang='lat' dir='ltr'><strong>Ebonis</strong></span> <span class='ocrx_word' id='word_1_746' title='bbox 1858 5253 2026 5324; x_wconf 90' lang='lat' dir='ltr'><strong>depo—</strong></span> <span class='ocrx_word' id='word_1_747' title='bbox 2127 5257 2306 5304; x_wconf 88' lang='lat' dir='ltr'><strong>autem</strong></span> <span class='ocrx_word' id='word_1_748' title='bbox 2364 5249 2708 5320; x_wconf 89' lang='lat' dir='ltr'><strong>presbytero,</strong></span> <span class='ocrx_word' id='word_1_749' title='bbox 2758 5257 3053 5319; x_wconf 89' lang='lat' dir='ltr'><strong>antequam</strong></span> <span class='ocrx_word' id='word_1_750' title='bbox 3082 5247 3311 5301; x_wconf 90' lang='lat' dir='ltr'><strong>intraret</strong></span> <span class='ocrx_word' id='word_1_751' title='bbox 3354 5241 3448 5296; x_wconf 89' lang='lat' dir='ltr'><strong>ille</strong></span> <span class='ocrx_word' id='word_1_752' title='bbox 3498 5241 3761 5308; x_wconf 89' lang='lat' dir='ltr'><strong>domum,</strong></span> 
     </span>
    </p>
   </div>
   <div class='ocr_carea' id='block_1_58' title="bbox 403 5331 3767 5420">
    <p class='ocr_par' dir='ltr' id='par_1_58' title="bbox 403 5331 3767 5420">
     <span class='ocr_line' id='line_1_60' title="bbox 403 5331 3767 5420; baseline -0.001 -34"><span class='ocrx_word' id='word_1_753' title='bbox 403 5331 627 5387; x_wconf 92' lang='lat' dir='ltr'><strong>sitione.</strong></span> <span class='ocrx_word' id='word_1_754' title='bbox 647 5333 803 5391; x_wconf 90' lang='lat' dir='ltr'><strong>Unde</strong></span> <span class='ocrx_word' id='word_1_755' title='bbox 831 5337 976 5394; x_wconf 90' lang='lat' dir='ltr'><strong>idem</strong></span> <span class='ocrx_word' id='word_1_756' title='bbox 1010 5356 1153 5413; x_wconf 89' lang='lat' dir='ltr'><strong>papa</strong></span> <span class='ocrx_word' id='word_1_757' title='bbox 1175 5342 1390 5400; x_wconf 88' lang='lat' dir='ltr'><strong>litteras</strong></span> <span class='ocrx_word' id='word_1_758' title='bbox 1407 5344 1602 5401; x_wconf 86' lang='lat' dir='ltr'><strong>Karolo</strong></span> <span class='ocrx_word' id='word_1_759' title='bbox 1631 5344 1745 5420; x_wconf 88' lang='lat' dir='ltr'><strong>regi</strong></span> <span class='ocrx_word' id='word_1_760' title='bbox 1777 5346 2024 5414; x_wconf 85' lang='lat' dir='ltr'><strong>mittens,</strong></span> <span class='ocrx_word' id='word_1_761' title='bbox 2129 5338 2266 5393; x_wconf 79' lang='lat' dir='ltr'><strong>dixit</strong></span> <span class='ocrx_word' id='word_1_762' title='bbox 2292 5337 2544 5393; x_wconf 78' lang='lat' dir='ltr'><strong>infirmus</strong></span> <span class='ocrx_word' id='word_1_763' title='bbox 2575 5345 2635 5392; x_wconf 82' lang='lat' dir='ltr'><strong>ut</strong></span> <span class='ocrx_word' id='word_1_764' title='bbox 2664 5345 3012 5409; x_wconf 88' lang='lat' dir='ltr'><strong>apponerent</strong></span> <span class='ocrx_word' id='word_1_765' title='bbox 3045 5336 3260 5400; x_wconf 88' lang='lat' dir='ltr'><strong>sellam,</strong></span> <span class='ocrx_word' id='word_1_766' title='bbox 3292 5332 3421 5404; x_wconf 92' lang='lat' dir='ltr'><strong>quia</strong></span> <span class='ocrx_word' id='word_1_767' title='bbox 3463 5332 3767 5402; x_wconf 75' lang='lat' dir='ltr'><strong>presbyter</strong></span> 
     </span>
    </p>
   </div>
   <div class='ocr_carea' id='block_1_59' title="bbox 403 5421 3768 5508">
    <p class='ocr_par' dir='ltr' id='par_1_59' title="bbox 403 5421 3768 5508">
     <span class='ocr_line' id='line_1_61' title="bbox 403 5421 3768 5508; baseline 0.004 -36"><span class='ocrx_word' id='word_1_768' title='bbox 403 5421 668 5490; x_wconf 67' lang='lat' dir='ltr'><strong>praecepit</strong></span> <span class='ocrx_word' id='word_1_769' title='bbox 688 5430 747 5477; x_wconf 91' lang='lat' dir='ltr'><strong>ut</strong></span> <span class='ocrx_word' id='word_1_770' title='bbox 777 5423 1149 5484; x_wconf 86' lang='lat' dir='ltr'><strong>Guntboldum</strong></span> <span class='ocrx_word' id='word_1_771' title='bbox 1180 5431 1680 5508; x_wconf 83' lang='lat' dir='ltr'><strong>Rothomagensem</strong></span> <span class='ocrx_word' id='word_1_772' title='bbox 1701 5435 2024 5506; x_wconf 80' lang='lat' dir='ltr'><strong>epiSCOpum</strong></span> <span class='ocrx_word' id='word_1_773' title='bbox 2121 5435 2234 5503; x_wconf 90' lang='lat' dir='ltr'><strong>jam</strong></span> <span class='ocrx_word' id='word_1_774' title='bbox 2268 5434 2492 5489; x_wconf 91' lang='lat' dir='ltr'><strong>domum</strong></span> <span class='ocrx_word' id='word_1_775' title='bbox 2529 5435 2828 5489; x_wconf 90' lang='lat' dir='ltr'><strong>intraturus</strong></span> <span class='ocrx_word' id='word_1_776' title='bbox 2848 5441 3014 5489; x_wconf 91' lang='lat' dir='ltr'><strong>esset.</strong></span> <span class='ocrx_word' id='word_1_777' title='bbox 3043 5434 3140 5488; x_wconf 92' lang='lat' dir='ltr'><strong>Illo</strong></span> <span class='ocrx_word' id='word_1_778' title='bbox 3162 5429 3292 5488; x_wconf 77' lang='lat' dir='ltr'><strong>vero</strong></span> <span class='ocrx_word' id='word_1_779' title='bbox 3320 5432 3576 5505; x_wconf 83' lang='lat' dir='ltr'><strong>ingresso</strong></span> <span class='ocrx_word' id='word_1_780' title='bbox 3608 5441 3768 5501; x_wconf 58' lang='lat' dir='ltr'><strong>post-</strong></span> 
     </span>
    </p>
   </div>
   <div class='ocr_carea' id='block_1_60' title="bbox 403 5513 3772 5595">
    <p class='ocr_par' dir='ltr' id='par_1_60' title="bbox 403 5513 3772 5595">
     <span class='ocr_line' id='line_1_62' title="bbox 403 5513 3772 5595; baseline 0.004 -33"><span class='ocrx_word' id='word_1_781' title='bbox 403 5522 528 5562; x_wconf 91' lang='lat' dir='ltr'><strong>cum</strong></span> <span class='ocrx_word' id='word_1_782' title='bbox 583 5513 796 5566; x_wconf 62' lang='lat' dir='ltr'><strong>cmteris</strong></span> <span class='ocrx_word' id='word_1_783' title='bbox 853 5513 1128 5586; x_wconf 80' lang='lat' dir='ltr'><strong>epis00pis</strong></span> <span class='ocrx_word' id='word_1_784' title='bbox 1175 5521 1332 5595; x_wconf 88' lang='lat' dir='ltr'><strong>regni</strong></span> <span class='ocrx_word' id='word_1_785' title='bbox 1385 5521 1491 5587; x_wconf 89' lang='lat' dir='ltr'><strong>sui,</strong></span> <span class='ocrx_word' id='word_1_786' title='bbox 1543 5538 1683 5593; x_wconf 92' lang='lat' dir='ltr'><strong>quos</strong></span> <span class='ocrx_word' id='word_1_787' title='bbox 1707 5523 1823 5594; x_wconf 89' lang='lat' dir='ltr'><strong>ipse</strong></span> <span class='ocrx_word' id='word_1_788' title='bbox 1855 5523 2028 5578; x_wconf 89' lang='lat' dir='ltr'><strong>Gunt-</strong></span> <span class='ocrx_word' id='word_1_789' title='bbox 2128 5525 2623 5594; x_wconf 87' lang='lat' dir='ltr'><strong>quamorationem</strong></span> <span class='ocrx_word' id='word_1_790' title='bbox 2682 5540 2781 5594; x_wconf 92' lang='lat' dir='ltr'><strong>pro</strong></span> <span class='ocrx_word' id='word_1_791' title='bbox 2835 5540 2902 5580; x_wconf 89' lang='lat' dir='ltr'><strong>eo</strong></span> <span class='ocrx_word' id='word_1_792' title='bbox 2961 5523 3122 5589; x_wconf 87' lang='lat' dir='ltr'><strong>fudit,</strong></span> <span class='ocrx_word' id='word_1_793' title='bbox 3179 5522 3315 5576; x_wconf 82' lang='lat' dir='ltr'><strong>dixit</strong></span> <span class='ocrx_word' id='word_1_794' title='bbox 3343 5521 3396 5575; x_wconf 91' lang='lat' dir='ltr'><strong>ei</strong></span> <span class='ocrx_word' id='word_1_795' title='bbox 3449 5529 3511 5575; x_wconf 91' lang='lat' dir='ltr'><strong>ut</strong></span> <span class='ocrx_word' id='word_1_796' title='bbox 3539 5522 3772 5576; x_wconf 79' lang='lat' dir='ltr'><strong>sederet</strong></span> 
     </span>
    </p>
   </div>
   <div class='ocr_carea' id='block_1_61' title="bbox 404 5599 3768 5688">
    <p class='ocr_par' dir='ltr' id='par_1_61' title="bbox 404 5599 3768 5688">
     <span class='ocr_line' id='line_1_63' title="bbox 404 5599 3768 5688; baseline 0.004 -36"><span class='ocrx_word' id='word_1_797' title='bbox 404 5599 605 5655; x_wconf 91' lang='lat' dir='ltr'><strong>boldus</strong></span> <span class='ocrx_word' id='word_1_798' title='bbox 631 5602 698 5656; x_wconf 87' lang='lat' dir='ltr'><strong>ad</strong></span> <span class='ocrx_word' id='word_1_799' title='bbox 738 5604 845 5657; x_wconf 92' lang='lat' dir='ltr'><strong>hoc</strong></span> <span class='ocrx_word' id='word_1_800' title='bbox 873 5603 978 5658; x_wconf 87' lang='lat' dir='ltr'><strong>sibi</strong></span> <span class='ocrx_word' id='word_1_801' title='bbox 1005 5607 1254 5684; x_wconf 86' lang='lat' dir='ltr'><strong>eligeret,</strong></span> <span class='ocrx_word' id='word_1_802' title='bbox 1289 5613 1486 5686; x_wconf 88' lang='lat' dir='ltr'><strong>legatis</strong></span> <span class='ocrx_word' id='word_1_803' title='bbox 1503 5614 1623 5682; x_wconf 88' lang='lat' dir='ltr'><strong>ejus</strong></span> <span class='ocrx_word' id='word_1_804' title='bbox 1654 5615 1870 5671; x_wconf 88' lang='lat' dir='ltr'><strong>obviam</strong></span> <span class='ocrx_word' id='word_1_805' title='bbox 1902 5616 2026 5670; x_wconf 91' lang='lat' dir='ltr'><strong>Tre—</strong></span> <span class='ocrx_word' id='word_1_806' title='bbox 2120 5615 2276 5682; x_wconf 87' lang='lat' dir='ltr'><strong>juxta</strong></span> <span class='ocrx_word' id='word_1_807' title='bbox 2297 5631 2446 5682; x_wconf 90' lang='lat' dir='ltr'><strong>eum,</strong></span> <span class='ocrx_word' id='word_1_808' title='bbox 2497 5625 2553 5671; x_wconf 91' lang='lat' dir='ltr'><strong>et</strong></span> <span class='ocrx_word' id='word_1_809' title='bbox 2610 5617 2926 5672; x_wconf 86' lang='lat' dir='ltr'><strong>attenderet</strong></span> <span class='ocrx_word' id='word_1_810' title='bbox 2983 5632 3105 5688; x_wconf 71' lang='lat' dir='ltr'><strong>quae.</strong></span> <span class='ocrx_word' id='word_1_811' title='bbox 3149 5616 3401 5670; x_wconf 88' lang='lat' dir='ltr'><strong>dicturus</strong></span> <span class='ocrx_word' id='word_1_812' title='bbox 3433 5622 3579 5678; x_wconf 88' lang='lat' dir='ltr'><strong>erat,</strong></span> <span class='ocrx_word' id='word_1_813' title='bbox 3618 5623 3680 5667; x_wconf 91' lang='lat' dir='ltr'><strong>ut</strong></span> <span class='ocrx_word' id='word_1_814' title='bbox 3722 5617 3768 5665; x_wconf 75' lang='lat' dir='ltr'><strong>si</strong></span> 
     </span>
    </p>
   </div>
   <div class='ocr_carea' id='block_1_62' title="bbox 403 5689 3769 5788">
    <p class='ocr_par' dir='ltr' id='par_1_62' title="bbox 403 5689 3769 5788">
     <span class='ocr_line' id='line_1_64' title="bbox 403 5689 3769 5788; baseline -0.002 -23"><span class='ocrx_word' id='word_1_815' title='bbox 403 5689 549 5788; x_wconf 56' lang='grc' dir='ltr'><strong>Σεξτίδ</strong></span> <span class='ocrx_word' id='word_1_816' title='bbox 577 5690 644 5745; x_wconf 68' lang='lat' dir='ltr'><strong>ad</strong></span> <span class='ocrx_word' id='word_1_817' title='bbox 679 5693 821 5746; x_wconf 71' lang='lat' dir='ltr'><strong>hanc</strong></span> <span class='ocrx_word' id='word_1_818' title='bbox 865 5692 1275 5788; x_wconf 64' lang='lat' dir='ltr'><strong>_di50utiendam</strong></span> <span class='ocrx_word' id='word_1_819' title='bbox 1331 5702 1614 5772; x_wconf 89' lang='lat' dir='ltr'><strong>querelam</strong></span> <span class='ocrx_word' id='word_1_820' title='bbox 1662 5705 1945 5779; x_wconf 86' lang='lat' dir='ltr'><strong>diligeret,</strong></span> <span class='ocrx_word' id='word_1_821' title='bbox 1970 5708 2025 5758; x_wconf 87' lang='lat' dir='ltr'><strong>et</strong></span> <span class='ocrx_word' id='word_1_822' title='bbox 2125 5709 2243 5778; x_wconf 90' lang='lat' dir='ltr'><strong>ipse</strong></span> <span class='ocrx_word' id='word_1_823' title='bbox 2272 5719 2555 5778; x_wconf 89' lang='lat' dir='ltr'><strong>superstes</strong></span> <span class='ocrx_word' id='word_1_824' title='bbox 2587 5709 2664 5762; x_wconf 91' lang='lat' dir='ltr'><strong>illi</strong></span> <span class='ocrx_word' id='word_1_825' title='bbox 2710 5725 2821 5765; x_wconf 93' lang='lat' dir='ltr'><strong>non</strong></span> <span class='ocrx_word' id='word_1_826' title='bbox 2873 5711 3143 5781; x_wconf 90' lang='lat' dir='ltr'><strong>potuisset</strong></span> <span class='ocrx_word' id='word_1_827' title='bbox 3172 5707 3533 5772; x_wconf 78' lang='lat' dir='ltr'><strong>annuntiare,</strong></span> <span class='ocrx_word' id='word_1_828' title='bbox 3563 5707 3769 5760; x_wconf 79' lang='lat' dir='ltr'><strong>saltem</strong></span> 
     </span>
    </p>
   </div>
   <div class='ocr_carea' id='block_1_63' title="bbox 405 5776 3773 5876">
    <p class='ocr_par' dir='ltr' id='par_1_63' title="bbox 405 5776 3773 5876">
     <span class='ocr_line' id='line_1_65' title="bbox 405 5776 3773 5876; baseline -0.001 -23"><span class='ocrx_word' id='word_1_829' title='bbox 405 5776 755 5840; x_wconf 68' lang='grc' dir='ltr'><strong>Ηίηοῐηθΐυῐη</strong></span> <span class='ocrx_word' id='word_1_830' title='bbox 787 5781 1108 5856; x_wconf 69' lang='lat' dir='ltr'><strong>episcopum</strong></span> <span class='ocrx_word' id='word_1_831' title='bbox 1168 5791 1236 5846; x_wconf 72' lang='lat' dir='ltr'><strong>ad</strong></span> <span class='ocrx_word' id='word_1_832' title='bbox 1268 5792 1441 5862; x_wconf 69' lang='lat' dir='ltr'><strong>ipsam</strong></span> <span class='ocrx_word' id='word_1_833' title='bbox 1507 5776 1791 5862; x_wconf 73' lang='lat' dir='ltr'><strong>synodum</strong></span> <span class='ocrx_word' id='word_1_834' title='bbox 1829 5797 2022 5852; x_wconf 86' lang='lat' dir='ltr'><strong>venire</strong></span> <span class='ocrx_word' id='word_1_835' title='bbox 2124 5776 2418 5873; x_wconf 75' lang='lat' dir='ltr'><strong>presbyter</strong></span> <span class='ocrx_word' id='word_1_836' title='bbox 2443 5818 2510 5859; x_wconf 89' lang='lat' dir='ltr'><strong>ea</strong></span> <span class='ocrx_word' id='word_1_837' title='bbox 2529 5803 2828 5871; x_wconf 80' lang='lat' dir='ltr'><strong>nuntiaret.</strong></span> <span class='ocrx_word' id='word_1_838' title='bbox 2864 5776 3015 5859; x_wconf 79' lang='lat' dir='ltr'><strong>&#39;I‘unc</strong></span> <span class='ocrx_word' id='word_1_839' title='bbox 3044 5817 3177 5876; x_wconf 89' lang='lat' dir='ltr'><strong>ergo</strong></span> <span class='ocrx_word' id='word_1_840' title='bbox 3207 5799 3773 5870; x_wconf 70' lang='lat' dir='ltr'><strong>cmpitvehementer</strong></span> 
     </span>
    </p>
   </div>
  </div>
