3884 6412
167 363 269 418 141

817 363 1144 420 l-llSTORUE
1185 363 1518 419 ECCLESl/E
1558 364 1886 420 REMENSIS
1927 366 2102 421 LIBRI
2143 368 2476 432 QUATUOB.
2509 403 2580 412 —
2612 371 2738 426 LIB.
2784 369 2875 424 Ill.

3422 372 3525 427 142

170 499 332 566 flere,
363 508 571 556 etcum
625 500 962 576 singultibus
1018 500 1436 557 dixitzDuctus
1461 501 1529 556 de
1561 503 1666 557 isto
1697 517 1802 556 sae-
1827 504 2221 579 Aintegritate
2278 506 2550 579 quidquid
2601 505 2802 562 exinde
2856 519 2958 561 nos
3010 503 3268 560 fidelibus
3324 508 3526 562 nostris

170 593 301 649 culo
332 594 400 649 ad
432 595 579 649 aliud
605 596 734 650 veni
763 595 831 649 ad
886 597 1182 667 quemdam
1209 594 1415 664 locum,
1468 597 1656 658 inveni
1687 596 1800 667 epi-

171 701 375 756 500pos
408 687 776 762 quadraginta
832 696 886 744 et
917 705 1111 755 unum,
1172 688 1319 744 inter
1376 704 1516 760 quos
1567 689 1801 761 cognovi

173 773 450 842 Ebonem,
507 775 802 830 Pardulum
861 785 916 831 et
944 776 1169 833 Aineam
1229 796 1530 850 pannosos,
1560 788 1615 837 et
1642 781 1804 836 deni-

173 873 383 941 gratos,
438 869 870 940 squalentesque
927 869 1070 925 sicut
1100 877 1156 926 et
1186 871 1346 938 alios,
1393 888 1457 928 ac
1485 873 1530 927 si
1579 873 1801 928 ustulati

176 958 436 1023 fuissent,
469 964 523 1011 et
552 974 652 1028 per
679 958 829 1013 vices
859 959 1030 1014 nimio
1060 959 1263 1034 frigore
1311 961 1646 1030 horribiliter
1673 978 1798 1018 cum

175 1048 334 1116 fletu,
374 1063 440 1104 ac
476 1051 717 1105 stridore
770 1050 1017 1105 dentium
1085 1052 1446 1108 tremulantes
1476 1072 1490 1120 ;
1527 1070 1627 1125 per
1653 1055 1802 1110 vices

177 1148 362 1195 autem
395 1140 580 1195 calore
598 1139 772 1194 nimio
802 1147 1118 1195 aestuantes.
1154 1141 1216 1196 Et
1247 1141 1359 1196 Ebo
1390 1142 1687 1214 episcOpus
1711 1160 1802 1200 me

179 1224 395 1283 vceavit
421 1244 487 1282 ex
519 1228 767 1293 nomine,
796 1227 991 1282 dicens
1022 1245 1035 1281 :
1069 1228 1206 1293 Quia
1232 1229 1804 1287 tibidabiturlieentia

178 1318 454 1373 redeundi
508 1319 576 1372 ad
619 1333 842 1388 corpus,
902 1334 1193 1389 precamur
1220 1325 1274 1374 te
1305 1335 1408 1395 ego
1439 1327 1494 1375 et
1523 1321 1612 1376 isti
1664 1338 1803 1379 eon-

182 1412 383 1466 fratres
422 1409 620 1476 nostri,
689 1415 749 1463 ut
791 1408 1017 1476 adjuves
1073 1423 1194 1463 nos.
1257 1410 1319 1464 Et
1362 1425 1466 1484 ego
1493 1413 1756 1482 reSpondi
1794 1431 1807 1467 :

181 1501 472 1569 Quomodo
520 1515 618 1554 vos
670 1513 895 1569 possum
940 1499 1204 1567 adjuvare
1234 1499 1262 1554 7
1293 1500 1394 1566 Qui
1413 1501 1489 1554 ait
1517 1518 1529 1554 :
1564 1502 1710 1557 Vade
1741 1504 1808 1558 ad

180 1593 440 1648 homines
464 1598 686 1646 nostros
735 1588 965 1642 clericos
1025 1596 1079 1644 et
1131 1590 1320 1657 laieos,
1381 1589 1583 1660 quibus
1634 1592 1810 1646 bene-

180 1682 441 1747 feeimus,
471 1689 525 1734 et
552 1678 643 1733 die
673 1678 782 1732 illis
803 1685 862 1733 ut
879 1693 979 1748 pro
1002 1679 1164 1734 nobis
1187 1677 1390 1733 faciant
1409 1678 1812 1749 eleemosynas,

181 1777 238 1824 et
265 1769 571 1834 orationes,
631 1769 706 1836 et}
735 1767 1033 1838 impetrent
1091 1782 1191 1838 pro
1223 1766 1383 1822 nobis
1422 1766 1606 1821 oﬂerri
1632 1784 1815 1824 sacras

179 1857 519 1914 oblationes.
555 1856 618 1910 Et
643 1871 749 1930 ego
801 1856 912 1911 dixi
972 1857 1102 1928 quia
1130 1855 1405 1911 nescirem
1439 1856 1532 1912 ubi
1561 1857 1814 1913 homines

181 1948 406 2002 illorum
436 1956 644 2003 essent.
679 1947 772 2002 llle
803 1963 934 2003 vero
990 1946 1065 2002 ait
1095 1963 1108 2000 :
1142 1947 1250 2002 Nos
1299 1944 1554 1999 dabimus
1583 1944 1682 1999 tibi
1711 1946 1814 2001 du-

179 2045 417 2103 etorem,
437 2036 531 2107 qui
562 2043 616 2090 te
643 2036 711 2090 ad
740 2036 863 2091 illos
893 2037 1077 2093 ducat.
1121 2039 1186 2092 Et
1217 2040 1495 2096 dederunt
1541 2043 1677 2096 mihi
1711 2044 1815 2098 du-

182 2137 398 2183 ctorem
454 2127 774 2197 quemdam,
834 2128 927 2199 qui
985 2144 1074 2183 me
1124 2129 1406 2198 praecessit
1444 2138 1499 2185 et
1540 2131 1697 2187 duxit
1746 2134 1813 2188 ad

181 2215 468 2287 quoddam
500 2215 763 2286 palatium
794 2233 1080 2290 magnum,
1110 2219 1204 2272 ubi
1237 2219 1533 2276 multitudo
1561 2229 1678 2276 erat
1711 2223 1814 2279 ho-

183 2305 403 2358 minum
418 2304 742 2360 eorumdem
775 2305 1183 2377 epise0porum,
1215 2308 1310 2379 qui
1341 2309 1409 2364 de
1440 2310 1574 2381 ipsis
1599 2311 1815 2382 episeo-

181 2397 274 2466 pis
341 2399 487 2453 inter
528 2413 588 2452 se
647 2397 1033 2468 loquebantur.
1103 2400 1309 2465 Quibus
1361 2408 1612 2480 suggessi
1667 2409 1813 2480 quod

181 2491 326 2545 mihi
355 2493 532 2547 fuerat
554 2492 770 2561 jussum
799 2507 863 2545 ex
894 2487 1050 2562 parte
1081 2496 1489 2567 episcoporum.
1527 2500 1661 2555 [nde
1691 2518 1813 2556 cum

177 2583 418 2639 ductore
446 2600 572 2640 meo
603 2599 879 2651 reversus,
911 2584 978 2638 ad
1019 2585 1198 2641 locum
1235 2589 1372 2644 redii
1404 2591 1498 2646 ubi
1530 2596 1813 2667 erantipsi

182 2675 462 2746 episcopi,
522 2683 578 2731 et
608 2676 762 2748 quasi
811 2676 924 2745 jam
981 2675 1125 2732 facta
1165 2678 1398 2737 fuissent
1454 2700 1555 2754 pro
1587 2687 1720 2757 ipsis
1750 2705 1814 2744 ea

184 2783 316 2838 quae
368 2768 804 2838 postulaverant,
838 2769 1024 2824 inveni
1057 2786 1152 2825 eos
1189 2771 1328 2828 facie
1352 2775 1652 2844 jucundos,
1685 2795 1748 2833 ac
1769 2780 1814 2834 si

185 2875 391 2915 anovo
411 2876 564 2915 rasos
593 2868 648 2915 et
675 2861 984 2930 balneatos,
1044 2863 1184 2918 albis
1239 2867 1489 2937 vestitos,
1548 2878 1604 2925 et
1660 2873 1818 2927 stolis

188 2948 426 3003 amictos
481 2957 646 3019 atque
702 2948 967 3003 sandaliis
1025 2951 1316 3008 calceatos.
1374 2955 1438 3010 Et
1490 2956 1628 3012 dixit
1682 2960 1818 3014 mihi

189 3039 456 3110 praefatus
483 3036 595 3095 Ebu
636 3041 836 3111 praesul
872 3058 885 3095 :
919 3041 1081 3097 Vides
1129 3055 1396 3115 quantum
1455 3064 1557 3105 nos
1612 3051 1819 3120 adjuvit

189 3137 288 3183 tua
317 3128 543 3202 legatio.
578 3129 759 3202 Usque
799 3129 964 3185 modo
1023 3131 1187 3186 nimis
1227 3134 1425 3191 durum
1453 3140 1738 3196 custodem
1766 3151 1820 3196 et

189 3223 504 3277 custodiam
528 3240 753 3298 gravem
777 3224 1070 3280 habuimus
1092 3227 1233 3283 sicut
1261 3230 1469 3301 vidisti,
1499 3236 1664 3292 modo
1686 3253 1816 3294 vero

192 3313 469 3368 habemus
501 3311 767 3368 domuum
821 3315 1161 3371 Ambrosium
1216 3321 1524 3392 custodem,
1557 3333 1610 3381 et
1639 3326 1815 3382 levem

194 3407 256 3477 [i,
288 3406 490 3476 lenem]
524 3407 831 3462 custodiam
866 3427 879 3463 ε
911 3418 966 3466 et
997 3420 1194 3467 caetera
1245 3431 1367 3486 quae
1395 3417 1510 3473 visa
1541 3428 1706 3492 atque
1730 3439 1819 3478 re-

193 3497 304 3550 lata
331 3495 400 3549 ab
419 3495 616 3550 eodem
646 3495 972 3553 llincmarus
1002 3499 1296 3572 episeOpus
1322 3503 1634 3578 descripsit.

844 3609 1054 3665 CAPUT
1085 3610 1168 3665 ιν.

195 3701 271 3752 De
295 3699 638 3753 restitutione
682 3713 864 3754 rerum
894 3701 1378 3826 ecclesiasticarum
1407 3719 1442 3758 α
1470 3707 1675 3764 Karolo
1695 3724 1821 3777 rege

895 3787 1058 3826 perae
1085 3788 1139 3826 ιι.

891 3787 1139 3840 peracta.

267 3861 530 3917 Ordinato
552 3861 819 3933 denique,
858 3878 961 3918 ceu
1013 3865 1356 3934 praemissum
1387 3875 1492 3935 est,
1527 3869 1820 3927 Hinemaro

198 3955 458 4011 Ecclesiae
516 3957 807 4013 Remensis
837 3959 1277 4034 archiepisc0po,
1331 3983 1425 4022 rex
1486 3968 1715 4025 Karolus
1741 3986 1829 4025 res

195 4063 334 4119 quas
364 4063 429 4102 ex
487 4049 686 4103 eodem
746 4051 1030 4122 episcopio
1086 4054 1200 4109 suis
1250 4055 1507 4126 palatinis
1559 4075 1828 4130 usurpare

194 4145 572 4205 concesserat,
620 4137 725 4208 ipsi
751 4148 954 4194 sanetze
1009 4141 1252 4198 reddidit
1282 4145 1548 4201 ecclesiae.
1585 4147 1689 4202 Pro
1721 4165 1828 4219 qua

195 4229 549 4284 restitutione
597 4231 762 4285 talem
796 4234 1059 4304 praecepti
1088 4235 1174 4290 sui
1208 4236 1364 4292 dedit
1389 4242 1774 4298 auctoritatem
1813 4263 1825 4298 :

270 4345 296 4367 ι(
334 4319 396 4373 In
427 4322 656 4375 nomine
671 4329 879 4376 sanctae
910 4330 966 4377 et
995 4322 1295 4380 individuaa
1325 4326 1626 4400 Trinitatis,
1656 4332 1826 4390 Karo—

197 4409 287 4465 lus
344 4409 442 4464 Dei
495 4409 672 4484 gratia
719 4427 832 4466 rex.
865 4412 919 4466 Si
949 4428 1035 4480 ea,
1090 4429 1213 4485 quae
1262 4432 1294 4470 a
1323 4420 1828 4488 prtedecessoribus

196 4501 413 4558 nostris
439 4501 526 4556 vel
559 4499 807 4557 fidelium
841 4504 1139 4561 devotione
1169 4505 1316 4563 bene
1374 4512 1596 4582 tradita,
1629 4523 1828 4576 statuta

191 4609 260 4648 ae
293 4589 625 4648 conﬁrmata
682 4599 831 4656 sunt,
857 4595 1060 4651 nostris
1111 4597 1348 4652 oraculis
1379 4599 1702 4658 roboramus
1732 4624 1746 4673 ;
1775 4609 1819 4663 si
1847 4619 1904 4688 D

191 4682 368 4736 etiam
424 4680 519 4734 illa
594 4695 716 4751 quae
789 4698 1123 4756 quacunque
1179 4688 1513 4744 necessitate
1567 4707 1827 4773 corrupta

189 4780 328 4827 sunt
359 4771 512 4844 regia
540 4778 730 4826 nostra
783 4775 1107 4832 auctoritate
1161 4783 1488 4859 corrigimus
1518 4799 1574 4848 et
1605 4794 1658 4849 in
1707 4771 1828 4857 me-

190 4863 305 4916 lius
329 4868 762 4929 commutamus,
799 4863 964 4918 saluti
1003 4873 1205 4924 nostra:
1257 4876 1600 4933 consulimus
1654 4889 1709 4936 et
1739 4900 1830 4937 re—

192 4955 352 5029 gium
383 4952 752 5008 ministerium
794 4966 1113 5028 susceptum
1162 4977 1192 5015 a
1223 4962 1455 5023 Domino
1482 4985 1807 5029 exercemus

195 5039 444 5096 Proinde
470 5041 688 5095 noverit
715 5043 963 5098 omnium
1018 5045 1264 5105 fidelium
1297 5053 1393 5108 Dei
1420 5072 1483 5112 ac
1513 5067 1827 5117 nostrorum

195 5129 428 5186 solertia
458 5130 589 5202 quia
618 5145 706 5185 res
744 5146 810 5185 ex
872 5133 1191 5208 episcOpatu
1225 5140 1506 5212 Remensi,
1545 5163 1682 5218 quas
1712 5166 1833 5204 ma-

197 5235 313 5293 gna
344 5220 674 5276 necessitate
701 5231 756 5278 et
781 5240 880 5295 per
932 5227 1119 5282 omnia
1173 5227 1348 5297 inviti,
1396 5232 1525 5288 dum
1551 5252 1581 5291 a
1613 5244 1832 5308 pastore

198 5311 372 5366 sedes
401 5308 493 5363 illa
536 5318 726 5366 sancta
777 5323 1018 5383 vacaret,
1068 5315 1328 5373 fidelibus
1358 5325 1560 5380 nostris
1589 5327 1657 5380 ad
1690 5332 1834 5381 tem-

196 5418 330 5473 pus,
364 5402 513 5456 unde
571 5401 850 5473 quoddam
914 5406 1220 5476 temporale
1267 5408 1522 5467 solatium
1557 5431 1586 5469 a
1642 5423 1833 5473 nostro

198 5495 743 5562 haberentservitio,
801 5499 1335 5571 eommendavimus,
1397 5506 1576 5564 electo
1602 5515 1658 5564 et
1687 5510 1839 5566 ordi-

200 5589 592 5638 natomunere
622 5584 800 5639 sancti
854 5585 1114 5657 Spiritus,
1174 5605 1277 5661 per
1331 5593 1427 5649 Dei
1485 5604 1540 5653 et
1595 5608 1837 5655 nostram

197 5675 654 5746 diSpositionem,
687 5677 742 5731 in
798 5679 991 5736 eadem
1035 5691 1226 5738 sancta
1256 5687 1389 5741 sede
1422 5688 1716 5746 Hincmaro
1745 5707 1840 5746 ar-

199 5766 588 5839 chiepiscOpo,
623 5770 728 5826 hoc
777 5782 980 5828 nostra:
1027 5779 1373 5834 auctoritatis
1413 5789 1690 5852 praecepto
1719 5796 1843 5837 cum

1901 598 2378 666 beneﬁciavimus,
2457 598 2861 670 pmsentaliter
2945 598 3284 652 restituimus
3326 641 3339 665 ,
3411 609 3523 654 tum

1899 692 2238 763 Sparnaeum
2289 699 2345 746 et
2393 691 2688 758 Juliacum,
2746 691 2833 745 vel
2886 689 3156 762 quidquid
3210 705 3276 744 ex
3326 690 3524 746 eodem

1902 784 2223 856 episcOpatu
2269 783 2574 839 Richuinus
2626 783 2839 850 habuit,
2898 782 2985 837 vel
3019 783 3291 855 quidquid
3323 783 3526 839 exinde

1903 872 2016 928 Odo
2058 888 2246 928 comes
2270 872 2508 926 habuit:
2555 888 2719 942 quam
2779 877 2834 925 et
2881 870 3064 925 villam
3113 869 3525 937 Culmieiacum,

1903 976 2026 1014 eum
2059 959 2271 1030 capella
2301 975 2465 1030 quam
2498 959 2754 1014 Rabanus
2776 959 3068 1029 presbyter
3086 958 3310 1025 habuit;
3339 974 3440 1012 seu
3471 966 3534 1012 et

1903 1041 2172 1124 illa,'qum
2203 1052 2494 1119 Pardulus,
2552 1067 2769 1108 necnon
2829 1062 2885 1107 et
2914 1051 3237 1124 Adalgardis
3267 1051 3331 1122 [c.
3365 1055 3404 1117 ἰ,
3437 1051 3528 1105 Al-

1903 1143 2105 1218 gardis]
2137 1143 2433 1209 abbatissa,
2492 1142 2606 1197 sive
2649 1141 2945 1197 Rotbertus
2992 1147 3157 1210 atque
3185 1137 3533 1192 Amalbertus

1905 1234 2159 1301 clericus,
2209 1233 2296 1289 vel
2347 1233 2640 1300 Altmarus,
2696 1247 2793 1286 seu
2822 1230 3068 1285 Joannes
3117 1228 3387 1295 medicus,
3419 1229 3533 1282 sive

1909 1324 2039 1378 item
2092 1324 2370 1391 Rabanus,
2416 1332 2580 1393 atque
2636 1319 2869 1390 pusillus
2921 1318 3176 1385 Pumilio,
3233 1317 3536 1373 Ratboldus

1912 1412 2012 1484 [ms
2043 1455 2056 1480 ,
2083 1411 2403 1484 Ratholdus]
2430 1425 2674 1483 quoque,
2709 1408 3110 1474 Goderamnus,
3143 1415 3198 1461 et
3229 1405 3537 1460 Herenbol-

1911 1503 2037 1569 dus,
2069 1502 2158 1558 vel
2203 1503 2470 1567 Donatus,
2529 1515 2627 1556 seu
2675 1498 2984 1566 Gilbuinus,
3036 1499 3388 1565 habuerunt;
3420 1499 3536 1554 sive

1912 1593 2077 1648 etiam
2104 1591 2199 1646 illa
2254 1591 2460 1658 omnia,
2517 1606 2639 1662 quae
2695 1598 2804 1646 tam
2855 1589 3042 1645 clerici
3072 1605 3237 1659 quam
3270 1589 3416 1657 laici,
3442 1589 3537 1661 qui

1917 1686 1972 1739 in
2001 1693 2187 1741 nostra
2216 1684 2597 1740 dominatione
2655 1681 2978 1754 aliquandiu
3012 1680 3251 1748 fuerant,
3285 1697 3537 1754 quosque

1909 1776 2023 1844 jam
2057 1776 2204 1831 dicto
2232 1775 2496 1845 episcopo
2552 1771 3085 1839 eommendavimus,
3141 1772 3441 1826 habebant.
3478 1769 3540 1824 Et

1909 1823 2023 1844 ..ψη
2059 1823 2199 1831 ww-
2237 1823 2491 1845 ντ--ητν
2558 1823 3085 1839 ν--η---νηπη---ηη
3526 1823 3534 1824 κ

1839 1823 1892 1892 Β
1915 1874 1974 1920 ut
2001 1865 2054 1918 in
2086 1864 2236 1918 calce
2267 1862 2454 1918 omnia
2485 1861 2903 1927 concludamus,
2937 1858 3208 1931 quidquid
3246 1875 3310 1914 ex
3338 1858 3536 1914 eodem

1915 1956 2257 2026 epiSCOpatu,
2290 1952 2514 2024 quando
2544 1952 2613 2006 de
2644 1967 2810 2006 manu
2852 1951 3106 2006 Fuleonis
3135 1949 3290 2004 illum
3325 1949 3542 2020 recepi-

1915 2059 2058 2111 mus,
2113 2043 2278 2098 alicui
2353 2041 2600 2112 praestito
2653 2038 2926 2096 beneficio
2982 2038 3382 2105 concessimus,
3443 2053 3538 2108 per

1915 2131 2059 2187 hanc
2089 2140 2289 2187 nostrae
2345 2130 2786 2187 conﬁrmationis
2828 2128 3233 2196 auctoritatem,
3290 2128 3540 2198 inspecto

1915 2238 2100 2278 coram
2126 2229 2272 2278 coetu
2314 2220 2561 2276 ﬁdelium
2621 2230 2957 2288 nostrorum,
3017 2227 3124 2274 tam
3174 2219 3540 2275 ecclesiastici

1917 2327 2080 2382 quam
2129 2311 2337 2366 laicalis
2392 2312 2606 2367 ordinis
2662 2317 2996 2366 testamento
3053 2309 3228 2364 sancti
3283 2308 3538 2380 Remigii,

1917 2400 2341 2471 praesentialiter
2397 2416 2536 2455 casae
2571 2409 2777 2456 sanetae
2820 2398 3022 2466 Mariae,
3051 2404 3106 2452 et
3145 2397 3320 2452 sancti
3354 2394 3540 2450 Remi-

1916 2493 2013 2567 gii,
2047 2499 2212 2564 atque
2245 2493 2536 2548 Hincmaro
2594 2494 3015 2566 archiepiscOpo
3057 2509 3181 2549 eum
3213 2490 3366 2549 omni
3397 2489 3544 2545 inte-

1915 2583 2114 2657 gritate
2154 2582 2437 2636 reddimus
2483 2582 2569 2636 vel
2632 2581 2995 2650 restituimus,
3051 2590 3110 2637 ut
3162 2582 3372 2652 absque
3430 2579 3542 2634 ulla

1919 2672 2310 2746 refragatione,
2365 2672 2600 2727 cassatis
2646 2673 3071 2743 quibuseunque
3128 2671 3252 2725 aliis
3297 2669 3545 2725 conscri-

1916 2764 2220 2835 ptionibus,
2250 2763 2473 2819 easdem
2517 2779 2606 2818 res
2652 2779 2753 2835 per
2792 2764 2935 2819 hanc
2966 2770 3207 2818 nostram
3241 2761 3542 2816 auctorita-

1920 2866 2028 2913 tem
2053 2858 2283 2928 recipiat
2310 2875 2325 2924 ;
2359 2866 2417 2912 ut
2436 2857 2578 2912 sicut
2631 2873 2720 2912 res
2747 2855 2996 2912 ecclesia:
3026 2855 3390 2926 diSponendze
3417 2863 3546 2909 sunt

1920 2953 1989 3010 ad
2015 2955 2308 3010 utilitatem
2358 2954 2533 3025 ipsius
2561 2951 2818 3008 Ecclesiae
2871 2949 2990 3015 Dei,
3042 2956 3150 3003 tam
3203 2948 3319 3019 ipse
3379 2964 3542 3019 quam

1919 3058 2272 3100 successores
2339 3043 2511 3114 ipsius
2565 3042 2884 3112 disponant.
2930 3038 3099 3102 Quam
3161 3037 3543 3091 auctoritatem

1921 3136 2000 3204 (in
2027 3152 2135 3206 qua
2169 3149 2274 3190 nos
2299 3133 2532 3188 ulterius
2547 3130 2656 3186 tale
2681 3128 2944 3200 quiddam
2975 3142 3108 3201 erga
3160 3125 3333 3196 ipsam
3361 3140 3542 3179 casam

1924 3232 2018 3287 Dei
2048 3247 2160 3286 non
2193 3235 2413 3283 acturos
2452 3223 2818 3295 spondemus,
2877 3229 2933 3275 et
2958 3226 3019 3274 ut
3048 3233 3214 3274 nemo
3246 3231 3543 3273 successo-

1921 3342 2038 3381 rum
2073 3328 2386 3378 nostrorum
2438 3331 2603 3391 agere
2632 3313 2910 3379 moliatur,
2972 3327 3072 3382 per
3101 3310 3543 3381 omnipotentem

1920 3416 2212 3473 Dominum
2265 3410 2514 3478 ejusdem
2573 3404 2812 3481 Virginis
2859 3401 3033 3457 ﬁlium
3082 3403 3455 3469 obsecramus)
3487 3406 3547 3453 ut

1921 3525 2020 3581 per
2047 3512 2280 3562 ventura
2333 3508 2584 3570 tempora
2639 3496 2844 3552 certior
2897 3495 3188 3560 habeatur,
3257 3500 3312 3546 et
3353 3497 3546 3581 contra

1920 3579 2148 3654 aemulos
2195 3591 2368 3664 ipsius
2415 3595 2618 3644 sanctae
2677 3583 2926 3640 ecclesiae
2979 3584 3063 3638 sui
3117 3582 3314 3637 notitia
3343 3579 3545 3647 valeat,

1921 3703 2089 3743 manu
2129 3689 2318 3739 nostra
2346 3674 2894 3740 subterfirmavimus,
2927 3680 2982 3726 et
3012 3669 3203 3724 annuli
3229 3665 3401 3722 nostri
3436 3666 3545 3720 im-

1921 3791 2209 3852 presswne
2241 3773 2494 3829 roborav1
2521 3765 2887 3824 decrevimus.
2930 3763 3064 3817 Data
3095 3759 3356 3815 Kalendis
3385 3757 3551 3813 Octo-

1924 3861 2040 3928 bris
2096 3883 2243 3924 anno
2286 3867 2320 3921 6
2353 3869 2622 3939 regnante
2679 3857 2876 3914 Karolo
2933 3852 3336 3931 gloriosissimo
3395 3866 3547 3939 rege,

1927 3959 2236 4018 indictione
2261 3957 2315 4012 8.
2365 3938 2555 4008 Actum
2609 3950 2664 4004 in
2725 3961 2866 4022 pago
2891 3941 3302 4018 Andegavensi,
3335 3940 3390 3994 in
3421 3938 3550 3994 villa

1927 4049 2152 4122 Avegio.
2184 4070 2203 4097 ι
2451 4038 2454 4042 ’

1999 4118 2073 4197 De
2103 4137 2316 4194 caeteris
2344 4146 2569 4205 quoque
2627 4128 2814 4194 rebus,
2869 4138 2991 4196 quae
3020 4131 3152 4177 tunc
3179 4118 3409 4174 redditae
3436 4132 3548 4172 non

1929 4237 2174 4298 fuerunt,
2217 4223 2535 4298 hujusmodi
2596 4218 2945 4292 postmodum
2993 4213 3275 4270 invenitur
3327 4210 3549 4265 dedisse

1931 4327 2076 4399 [ms.,
2104 4317 2366 4388 edidisse]
2400 4316 2774 4386 praeceptum:

2004 4439 2029 4468 α
2063 4391 2122 4471 lu
2154 4410 2594 4469 nominesanette
2609 4410 2665 4458 et
2685 4399 2984 4458 individuis
3003 4393 3303 4460 Trinitatis,
3323 4391 3553 4448 Karolus

1930 4504 2106 4581 gratia
2130 4500 2227 4556 Dei
2247 4513 2339 4553 rex
2371 4513 2385 4550 :
2429 4491 2688 4550 omnibus
2735 4487 3052 4581 comitibus,
3106 4481 3417 4581 abbatibus,
3449 4479 3552 4581 ab-

1933 4567 2173 4661 batissis,
2219 4588 2424 4654 missis,
2479 4583 2732 4650 vassalis,
2758 4589 2815 4637 et
2836 4577 3049 4637 cunctis
3077 4581 3281 4629 sancta:
3323 4569 3421 4661 Dei
3449 4567 3553 4620 Ee-

1933 4687 2115 4744 clesize
2145 4658 2404 4737 fidelibus
2456 4692 2519 4731 ac
2567 4671 2794 4738 nostris,
2841 4665 3210 4740 praesentibus
3257 4658 3471 4715 scilicet
3501 4664 3556 4709 et

1933 4774 2152 4842 futuris,
2200 4777 2392 4826 notum
2449 4779 2571 4820 esse
2608 4762 2885 4826 volumus,
2917 4755 3046 4828 quia
3078 4752 3400 4842 Hincmarus
3427 4760 3557 4842 san-

1934 4875 2034 4923 etae
2073 4834 2322 4918 ecclesiae
2367 4857 2665 4912 Remorum
2711 4845 3026 4919 religiosus,
3081 4838 3351 4908 nobisque
3395 4834 3555 4887 valde

1934 4960 2170 5015 dilectus
2198 4968 2262 5008 ac
2279 4946 2612 5006 venerabilis
2677 4938 2950 5013 pontifex,
2983 4931 3257 4989 accedens
3296 4927 3364 4982 ad
3393 4923 3558 4980 celsi-

1933 5043 2145 5104 tudinis
2201 5048 2401 5096 nostrae
2479 5028 2938 5105 magnitudinem,
3008 5017 3248 5076 innotuit
3299 5027 3560 5069 mansue-

1935 5135 2117 5196 tudini
2171 5138 2396 5197 nostrte,
2428 5126 2579 5199 quod
2611 5139 2679 5178 ex
2711 5121 2875 5175 rebus
2909 5122 3114 5170 sanctae
3144 5109 3240 5166 Dei
3270 5105 3559 5181 genitricis

1935 5229 2138 5296 Mariae,
2169 5234 2225 5283 et
2250 5221 2428 5280 sancti
2453 5235 2516 5275 ac
2570 5211 2795 5289 pretiosi
2834 5205 3171 5265 confessoris
3213 5199 3415 5298 Christi
3437 5199 3561 5298 ile-

1937 5289 2135 5393 migii,'
2167 5331 2289 5387 quae
2334 5327 2432 5383 per
2480 5313 2770 5379 parentum
2844 5304 3258 5352 anteeessorum
3305 5289 3565 5388 videlicet

1939 5387 2252 5464 nostrorum
2279 5414 2467 5473 regum
2497 5394 2803 5457 dationem,
2834 5387 2952 5442 sive
2980 5400 3084 5456 per
3111 5388 3386 5438 rectorum
3418 5393 3566 5473 ejus:

1942 5501 2069 5555 dem
2090 5470 2368 5552 ecclesin
2388 5484 2842 5560 imprudentiam,
2877 5479 2963 5537 vel
2999 5475 3444 5538 concessionem,
3479 5470 3566 5526 vel

1942 5593 2105 5650 etiam
2152 5595 2613 5661 quorumcunque
2659 5575 3044 5632 malivolorum
3099 5567 3565 5626 machinationem

1945 5687 2013 5741 ab
2044 5683 2238 5739 eadem
2269 5685 2458 5735 sancta
2485 5671 2720 5731 ecclesia
2758 5670 3048 5725 abstracta:
3077 5679 3218 5720 esse
3243 5667 3564 5721 cernuntur,

1945 5791 2106 5832 nona!
2138 5780 2190 5829 et
2218 5769 2471 5832 decimae,
2525 5765 2594 5821 ad
2635 5761 2888 5820 eamdem
2931 5755 3249 5830 praedictam
3275 5743 3564 5804 ecclesiam
