3884 6466
367 478 475 534 143

1498 471 1867 530 FLODOARDI
1909 470 2217 528 CANONlCl
2257 471 2587 529 REMENSIS

315 88 572 101 ..__—..._-;:__-—.-r-.-—.
587 88 630 100 --.
2497 101 2550 113 w-

3613 482 3721 538 144

365 606 790 676 minime,sicut
816 611 1026 663 rectum
1079 611 1186 674 est,
1242 603 1651 677 persolvantur.
1685 604 1842 660 Unde
1874 619 1987 658 ma-
2010 605 2237 675 Aomni
2282 607 2588 671 exactione,
2644 623 2767 680 quae
2845 615 3094 680 tempore
3155 610 3242 665 avi
3297 612 3470 666 nostri
3528 613 3723 669 domni

267 741 271 746 -
365 700 704 776 gniﬁcentia
733 707 936 758 nostra
985 699 1144 772 petiit
1175 699 1520 774 dignitatem,
1571 705 1635 753 ut
1656 703 1862 753 nostra
1896 714 1988 752 au-

366 794 637 849 ctoritatis
662 799 1001 865 praceptum
1043 792 1115 846 ob
1141 792 1235 846 Dei
1264 797 1320 846 et
1365 798 1568 846 sanctae
1619 789 1796 860 ipsius
1825 788 1985 843 Geni-

366 886 538 952 tricis,
571 887 687 942 sive
715 884 944 957 pretiosi
993 884 1208 955 patroni
1241 884 1415 938 nostri
1469 885 1707 960 Remigii
1739 902 1983 942 amorem

369 974 421 1028 ei
447 972 568 1028 ﬁeri
586 974 931 1044 juberemus.
950 972 1114 1041 Cujus
1133 972 1294 1028 nobis
1309 973 1639 1029 amabilibus
1665 983 1721 1030 et
1739 991 1988 1031 necessa-

368 1062 466 1116 riis
497 1062 859 1133 petitionibus
887 1060 1326 1132 acquiescentes,
1367 1067 1424 1116 et
1451 1059 1626 1116 libere
1657 1062 1985 1134 placideque

366 1151 760 1222 obsequentes,
791 1150 898 1205 hoc
948 1156 1152 1205 nostra
1208 1165 1424 1224 magnae
1473 1149 1815 1206 auctoritatis
1847 1167 1987 1222 pra-

366 1246 588 1310 ceptum
631 1239 684 1294 ei
737 1236 860 1294 ﬁeri
900 1237 1187 1308 jussimus.
1243 1237 1348 1293 Per
1403 1238 1554 1308 quod
1602 1237 1988 1309 praecipientes

367 1341 626 1398 expresse
658 1326 943 1395 jubemus,
996 1332 1058 1381 ut
1087 1325 1339 1398 quisquis
1393 1324 1639 1381 ﬁdelium
1670 1325 1766 1380 Dei
1805 1326 1986 1381 omni-

367 1414 632 1484 potentis,
656 1422 1108 1485 nostrorumque,
1137 1430 1207 1470 ex
1244 1413 1454 1470 eisdem
1481 1421 1686 1469 sancta
1703 1413 1797 1468 Dei
1828 1413 1985 1488 geni-

365 1506 517 1562 tricis
546 1506 748 1575 Maria,
780 1506 868 1562 vel
907 1506 1084 1562 sancti
1141 1504 1474 1563 confessoris
1503 1503 1700 1560 Christi
1731 1505 1985 1580 Remigii,

368 1594 665 1650 Remorum
696 1593 946 1650 ecclesia
997 1594 1186 1662 rebus,
1215 1593 1335 1650 sive
1383 1592 1735 1664 episcopatus
1763 1593 1987 1667 religio-

364 1685 571 1740 sissimi
609 1691 666 1741 et
715 1685 1062 1740 dilectissimi
1114 1684 1277 1740 nobis
1319 1683 1595 1740 Hincmari
1651 1684 1987 1740 venerabilis

365 1778 792 1850 archiepiscOpi,
837 1778 1048 1850 aliquid
1105 1777 1311 1833 habere
1339 1777 1704 1852 dignoscitur,
1747 1777 1865 1831 sive
1891 1793 1990 1848 per

366 1866 677 1940 largitionis
706 1873 909 1921 nostrae
956 1864 1398 1931 concessionem,
1443 1863 1556 1918 sive
1586 1878 1686 1934 per
1725 1877 1989 1934 quorum-

2089 692 2270 749 Karoli
2322 695 2670 766 imperatoris
2697 712 2764 751 ex
2799 698 2995 753 eadem
3055 714 3181 753 casa
3218 699 3315 755 Dei
3356 701 3728 776 exigebantur

2089 782 2158 837 ad
2181 784 2464 855 palatium,
2497 787 2646 857 quod
2696 793 2923 842 vocatur
2965 788 3316 862 Aquisgrani,
3348 797 3409 845 ut
3439 790 3496 844 in
3548 791 3725 845 adifi-

2089 873 2306 929 catione
2361 882 2416 929 et
2453 877 2856 932 restauratione
2911 877 3086 948 ipsius
3139 877 3390 933 ecclesia
3439 878 3561 945 Dei,
3624 896 3724 951 per

2089 965 2273 1020 futura
2303 973 2552 1038 tempora
2578 985 2753 1040 usque
2797 969 2867 1023 ad
2895 967 3066 1024 ﬁnem
3088 969 3298 1038 saculi,
3324 971 3392 1025 ad
3423 971 3718 1026 utilitatem

2089 1071 2236 1126 sape
2258 1058 2416 1113 dicta
2443 1069 2646 1114 sancta
2675 1060 2925 1116 ecclesia
2955 1061 3010 1116 in
3043 1062 3403 1133 eleemosyna
3435 1062 3585 1118 illius
3600 1079 3725 1134 pro-

2089 1144 2339 1214 ﬁcerent,
2387 1154 2442 1203 et
2491 1164 2596 1204 nec
2638 1150 2708 1203 ad
2739 1151 2998 1205 eumdem
3044 1151 3248 1218 locum,
3291 1151 3376 1206 vel
3429 1151 3499 1206 ad
3549 1153 3719 1206 alium

2091 1239 2394 1310 quemlibet
2435 1240 2568 1311 ipsae
2631 1239 3054 1310 redhibitiones,
3111 1244 3198 1298 vel
3277 1243 3548 1314 impensa
3607 1244 3722 1300 ullo

2090 1347 2332 1404 unquam
2367 1338 2616 1403 tempore
2646 1333 3018 1408 exigerentur,
3038 1334 3134 1389 sed
3159 1335 3390 1390 remissa
3421 1336 3721 1410 indulgen-

2092 1425 2164 1479 tia
2204 1423 2351 1478 illius
2382 1424 2436 1478 in
2460 1424 2657 1480 eodem
2698 1424 2821 1480 loco
2849 1424 3202 1496 proﬁcerent.
3225 1425 3550 1496 Cujusbene
3571 1436 3725 1502 gesta

2091 1523 2207 1570 rata
2234 1515 2570 1585 judicantes,
2623 1532 2724 1587 per
2782 1517 2887 1573 hoc
2947 1527 3147 1574 nostrae
3205 1519 3561 1574 auctoritatis
3592 1533 3727 1590 pra-

2090 1611 2310 1675 ceptum
2339 1603 2710 1672 decernimus,
2761 1611 2822 1660 ut
2873 1606 3144 1678 quidquid
3175 1606 3245 1661 de
3288 1607 3605 1674 exactione,
3638 1609 3725 1662 vel

2091 1693 2359 1764 operariis
2425 1693 2701 1764 pradicta
2765 1695 3176 1751 constitutionis
3252 1711 3423 1767 supra
3480 1697 3725 1767 scriptus

2093 1785 2330 1841 domnus
2356 1794 2412 1840 et
2463 1785 2687 1860 genitor
2722 1793 2934 1854 noster,
2992 1802 3091 1841 seu
3125 1793 3178 1842 et
3208 1787 3278 1843 de
3303 1803 3467 1843 muro
3485 1787 3725 1843 civitatis

2092 1877 2284 1948 ipsius,
2327 1877 2416 1932 vel
2445 1878 2549 1933 viis
2595 1878 2664 1932 ad
2716 1879 2980 1934 utilitates
3035 1879 3260 1934 claustri
3312 1880 3718 1936 canonicorum

364 1976 586 2032 cunque
633 1967 1235 2031 supramemoratorum
1274 1955 1703 2024 affectationem,
1762 1955 1849 2010 vel
1880 1971 1985 2009 ma-

2145 1967 2507 2025 -oﬁcientibus
2535 1969 2590 2023 in
2617 1985 2718 2025 suo
2750 1978 3029 2041 pracepto
3051 1972 3330 2027 concessit
3361 1993 3376 2037 ;
3413 1973 3521 2028 hoc
3546 1979 3722 2028 totum

364 2049 766 2116 cbinationem,
815 2064 915 2104 seu
941 2048 1107 2104 etiam
1158 2053 1214 2103 et
1261 2046 1734 2117 deprecationem,
1785 2045 1992 2115 aliquid

366 2147 564 2195 tenore
588 2139 774 2211 aliquo
807 2153 872 2194 ex
928 2137 1207 2209 pradictis
1255 2136 1421 2191 rebus
1469 2143 1665 2190 tenere
1695 2132 1783 2189 vel
1815 2131 1992 2203 possi-

367 2227 500 2282 dere
525 2227 791 2294 cernitur,
821 2240 1025 2282 nonam
1057 2233 1114 2281 et
1150 2223 1422 2280 decimam
1456 2222 1513 2276 in
1565 2220 1859 2276 missorum
1893 2233 1992 2274 no-

365 2323 602 2372 strorum
652 2314 967 2387 prasentia,
1027 2314 1196 2371 misso
1245 2311 1495 2369 ecclesia
1544 2315 1750 2366 sancta
1787 2307 1989 2373 Mariae,

366 2404 454 2459 vel
485 2403 662 2459 sancti
688 2403 924 2478 Remigii
973 2403 1295 2471 Remorum,
1327 2400 1443 2457 sive
1489 2397 1769 2455 Hincmari
1821 2411 1992 2451 vene-

369 2492 558 2546 rabilis
583 2490 983 2563 archiepiscOpi
1039 2490 1309 2557 revadiet,
1363 2495 1420 2545 et
1471 2487 1634 2542 annis
1663 2483 1897 2559 singulis
1923 2483 1991 2538 ad

366 2585 622 2640 eamdem
654 2583 935 2656 prafatam
959 2590 1016 2638 et
1062 2587 1427 2638 memoratam
1455 2577 1749 2634 ecclesiam
1779 2575 1992 2647 persol-

365 2688 518 2741 vere,
541 2673 753 2744 absque
809 2671 978 2728 ullius
1026 2668 1338 2728 occasionis
1397 2665 1837 2723 contradictione
1866 2679 1990 2718 cum

365 2764 519 2820 omni
541 2763 827 2839 vigilantia
855 2761 1097 2818 studeat.
1131 2759 1455 2830 Quicunque
1475 2771 1606 2814 vero
1634 2761 1828 2812 contra
1850 2754 1993 2809 hanc

366 2863 568 2912 nostra
607 2854 946 2911 auctoritatis
985 2851 1413 2925 praceptionem
1440 2848 1511 2904 de
1550 2848 1659 2904 hoc
1711 2845 1830 2900 fieri
1852 2861 1992 2915 pra-

363 2947 687 3018 sumpserit,
717 2945 854 3000 sciat
883 2943 1192 3000 secundum
1235 2941 1419 3017 digna
1485 2938 1768 2996 memoria
1801 2936 1907 3005 avi,
1939 2943 1992 2992 et

365 3037 472 3108 pia
503 3035 904 3093 recordationis
933 3034 1204 3111 genitoris
1243 3032 1418 3090 nostri
1446 3029 1688 3103 capitula
1717 3044 1778 3083 se
1807 3043 1993 3083 emen-

364 3127 644 3196 daturum,
676 3134 732 3185 et
757 3127 905 3199 ipsas
940 3127 1166 3183 easdem
1183 3141 1272 3181 res
1307 3125 1517 3197 absque
1546 3121 1780 3191 alicujus
1821 3121 1992 3176 inter-

2096 2064 2362 2128 perpetua
2405 2067 2594 2114 nostra
2647 2058 2993 2134 indulgentia
3039 2060 3128 2115 vel
3182 2059 3572 2128 concessione,
3628 2076 3727 2115 seu

2093 2151 2414 2207 auctoritate
2445 2167 2792 2217 concessum,
2850 2152 2937 2207 vel
2977 2149 3356 2207 conﬁrmatum
3411 2160 3644 2207 maneat
3676 2154 3732 2207 in

2094 2253 2444 2316 perpetuum.
2501 2245 2563 2300 Et
2618 2252 2678 2300 ut
2753 2245 2870 2300 hac
2918 2251 3121 2300 nostra
3153 2242 3594 2300 conﬁrmationis
3639 2245 3732 2299 vel

2095 2337 2477 2394 concessionis
2519 2337 2817 2393 auctoritas
2883 2353 2982 2408 per
3013 2336 3192 2393 futura
3242 2344 3496 2408 tempora
3515 2337 3733 2393 certior

2094 2434 2477 2501 cognoscatur,
2521 2434 2576 2482 et
2629 2434 2955 2497 permaneat
3012 2425 3360 2491 inconvulsa,
3393 2441 3517 2480 eam
3553 2442 3728 2481 manu

2093 2521 2277 2570 nostra
2304 2512 2860 2580 subterﬁrmavimus,
2893 2521 2948 2569 et
2998 2513 3068 2568 de
3113 2514 3319 2569 annulo
3371 2521 3565 2569 nostro
3596 2531 3721 2569 eam

2093 2602 2320 2676 sigillari
2351 2603 2738 2674 pracepimus.
2772 2603 2905 2657 Data
2935 2618 2990 2656 iv
3025 2601 3300 2656 Kalendas
3320 2602 3540 2669 Junias,
3573 2619 3720 2658 anno

2094 2694 2162 2750 10
2193 2705 2463 2768 regnante
2530 2696 2726 2752 Karolo
2783 2695 3026 2768 glorioso
3075 2709 3231 2767 rege,
3274 2693 3592 2750 indictione
3635 2696 3718 2751 13.

2093 2786 2284 2840 Actum
2316 2785 2692 2841 Vermeriain
2751 2785 2956 2857 palatio
3012 2788 3188 2863 regio,
3253 2787 3312 2842 in
3363 2787 3463 2842 Dei
3493 2785 3720 2842 nomine

2092 2874 2346 2931 feliciter.
2377 2876 2569 2932 Amen.
2614 2899 2639 2928 ι)

2748 2947 2959 3004 CAPUT
2988 2947 3052 3002 V.

2090 3038 2166 3091 De
2209 3039 2555 3106 reparatione
2599 3039 2882 3164 Remensz'lst
2911 3037 3140 3164 ectclesiaa
3169 3035 3237 3090 ab
3266 3037 3386 3106 ipso
3415 3037 3722 3090 Hincmaro

2784 3124 2824 3164 υ
2884 3125 2948 3163 ra
2977 3124 3030 3162 a.

2779 3124 3030 3179 patrata.

363 3220 632 3277 cessionis
656 3220 1048 3292 impetratione
1079 3218 1414 3273 amissurum
1471 3216 1591 3287 (lib.
1616 3232 1653 3270 ι.
1683 3229 1804 3284 cap.
1838 3213 1944 3268 163
1971 3230 1986 3280 ;
2015 3254 2066 3327 Ο
2164 3220 2675 3296 Hujusmodiregia
2726 3221 3094 3297 benignitatis
3144 3220 3369 3277 functus
3415 3221 3722 3278 auctorita-

363 3314 467 3373 lib.
493 3329 551 3369 ιι.
591 3328 639 3369 c.
668 3312 735 3368 21
769 3329 786 3379 ;
820 3313 914 3367 lib.
941 3328 1014 3380 IV,
1046 3325 1093 3378 ο,
1126 3309 1240 3381 40).
1276 3309 1339 3364 Et
1366 3316 1428 3364 ut
1457 3308 1576 3362 haec
1621 3312 1822 3361 nostra
1850 3320 1988 3376 pra-

362 3404 637 3476 ceptionis
666 3403 967 3461 auctoritas
1011 3401 1388 3459 inviolabilem
1440 3399 1688 3456 obtineat
1716 3396 1992 3452 firmitatis

364 3497 626 3571 rigorem,
667 3503 724 3551 et
750 3495 820 3550 ab
867 3494 1128 3552 omnibus
1161 3491 1417 3549 ﬁdelibus
1444 3497 1645 3546 sancta
1666 3489 1764 3544 Dei
1804 3487 1991 3544 Eccle-

361 3587 456 3643 sia
485 3595 544 3642 et
571 3586 800 3654 nostris,
832 3585 1198 3658 prasentibus
1226 3583 1435 3639 scilicet
1451 3589 1508 3639 et
1524 3581 1748 3649 futuris,
1781 3579 1986 3649 verius,

359 3675 676 3746 certiusque
698 3675 974 3742 credatur,
1008 3689 1130 3729 eam
1147 3672 1355 3728 annulo
1397 3677 1590 3727 nostro
1623 3669 1814 3724 subter
1835 3668 1989 3743 sigil-

360 3762 460 3816 lari
491 3761 776 3830 jussimus.
828 3762 963 3817 Data
994 3777 1044 3816 IV
1073 3760 1299 3816 Nonnas
1349 3756 1713 3830 Septembris,
1753 3771 1901 3812 anno
1930 3759 1987 3824 8,

360 3849 663 3906 indictione
693 3849 783 3917 10,
850 3857 1119 3925 regnante
1163 3847 1362 3905 Karolo
1417 3845 1816 3921 gloriosissimo
1833 3860 1985 3920 rege.

357 3941 547 3996 Actum
581 3942 638 3996 in
667 3941 1008 3998 monasterio
1039 3939 1216 3996 sancti
1243 3938 1509 4005 Quintini.
1545 3958 1570 3990 ιι

434 4033 801 4089 lmmunitatis
826 4034 991 4089 etiam
1019 4031 1327 4088 secundum
1383 4036 1797 4086 antecessorum
1855 4042 1985 4084 suo-

355 4143 475 4181 rum
533 4141 726 4202 regum
783 4125 1123 4196 exemplaria
1167 4123 1349 4178 eidem
1394 4130 1598 4177 sancta
1651 4120 1771 4176 sedi
1827 4136 1982 4175 suam

355 4213 593 4271 contulit
637 4215 1044 4271 auctoritatem.
1095 4212 1415 4268 Cessionem
1463 4225 1684 4283 quoque
1716 4209 1985 4285 genitoris

354 4305 438 4359 sui
499 4303 759 4360 Ludovici
821 4303 890 4358 de
947 4301 1235 4360 exactione
1286 4301 1437 4376 regia
1496 4302 1702 4371 (supra,
1761 4300 1858 4355 lib.
1919 4315 1979 4365 ιι,

354 4411 400 4449 c.
445 4394 552 4465 19),
601 4393 689 4449 vel
718 4392 988 4464 operariis
1041 4407 1105 4447 ac
1141 4405 1301 4447 muro
1332 4389 1568 4446 civitatis
1602 4390 1673 4445 ob
1703 4395 1980 4444 restaura-

353 4484 563 4539 tionem
608 4483 782 4554 ipsius
810 4489 1014 4539 sancta
1052 4480 1151 4536 Dei
1193 4478 1444 4536 ecclesia
1475 4477 1753 4552 delegata,
1787 4475 1979 4545 hujus-

354 4574 505 4629 modi
535 4571 883 4630 continuavit
896 4571 1223 4628 auctoritate
1255 4587 1270 4625 :

2091 3314 2242 3370 tibus
2278 3324 2334 3372 et
2372 3316 2430 3370 in
2483 3315 2788 3388 episcopali
2856 3315 2992 3371 sede
3044 3312 3422 3381 conﬁrmatus,
3459 3313 3723 3385 prafatus

2093 3407 2420 3464 Hincmarus
2446 3409 2922 3479 archiepiscopus,
2974 3407 3240 3478 templum
3260 3408 3442 3462 beata
3469 3405 3569 3460 Dei
3612 3422 3721 3480 ge-

2089 3496 2303 3552 nitricis
2329 3498 2531 3564 Maria,
2571 3497 2722 3569 quod
2775 3514 2807 3553 a
2860 3496 3240 3552 fundamentis
3273 3495 3387 3551 Ebo
3445 3509 3720 3550 renovare

2088 3595 2353 3656 coeperat,
2387 3586 2491 3642 iste
2513 3603 2650 3658 pace
2699 3586 2989 3660 gratiaque
3042 3584 3233 3640 fruens
3258 3584 3434 3658 regia,
3468 3582 3726 3654 praeclari

2088 3675 2491 3731 consummavit
2544 3675 2763 3731 decoris
2818 3674 3144 3730 eminentia.
3189 3675 3424 3745 Insuper
3478 3679 3537 3726 et
3568 3687 3726 3726 aram

2085 3774 2289 3821 sancta
2316 3765 2412 3821 Dei
2442 3765 2730 3841 genitricis
2750 3780 2884 3821 auro
2915 3764 3159 3830 vestivit,
3181 3779 3245 3819 ac
3278 3761 3570 3834 lapidibus
3598 3777 3728 3832 pre-

2087 3855 2245 3911 tiosis
2272 3855 2510 3911 ornavit.
2545 3856 2637 3910 llis
2657 3870 2884 3927 quoque
2913 3854 3168 3911 versibus
3195 3851 3434 3909 titulavit
3460 3871 3477 3906 :

2147 3949 2286 3998 Hanc
2306 3963 2446 3998 aram
2471 3949 2671 3998 Domini
2693 3947 2956 3999 Genitricis
2975 3948 3162 3998 honore
3185 3946 3404 3996 dicatam

2145 4012 2316 4075 Cultor
2339 4012 2524 4075 ubique
2547 4027 2668 4075 suus
2719 4009 3149 4075 (suis)idecoravit
3169 4009 3435 4075 episcopus
3457 4006 3722 4057 Hincmar.

2146 4073 2434 4123 Muneribus
2445 4071 2626 4130 sacris,
2651 4071 2852 4124 functus
2869 4074 2961 4122 hac
2984 4073 3100 4122 sede
3117 4071 3363 4121 sacerdos.

2145 4136 2404 4207 {ampene
2426 4137 2686 4207 completis
2721 4136 3114 4207 centenispcties
3134 4134 3299 4207 anpis.

2145 4198 2483 4266 Quadraginta
2510 4195 2671 4266 s_i_mul_
2685 4199 2860 4262 quinto
2881 4198 3112 4266 volvente
3138 4196 3231 4246 sub
3265 4195 3430 4266 ipsis,-

2144 4261 2268 4324 Cum
2292 4260 2492 4324 juvenis
2522 4260 2737 4310 Karolus
2767 4270 2951 4324 regeret
2979 4260 3266 4324 diademata
3293 4260 3451 4324 regni.

2144 4321 2404 4379 Hunc'sibi
2422 4334 2671 4388 pastorem
2697 4321 3014 4388 poscentibus
3038 4322 3177 4373 urbis
3203 4321 3444 4370 alumnis.

2081 4408 2146 4464 Et
2166 4408 2236 4463 ad
2264 4408 2562 4482 imaginem
2593 4408 2687 4464 Dei
2717 4407 3011 4464 Genitricis
3042 4407 3100 4462 in
3130 4405 3252 4477 ipso
3282 4403 3472 4458 altari.

2143 4498 2293 4566 Xirgo
2309 4499 2465 4566 Maria
2485 4498 2918 4566 tenet__hominem._
2938 4509 3215 4566 regemque,
3249 4493 3511 4566 Deumque

2143 4559 2428 4611 Visceribus
2453 4560 2666 4626 propriis
2691 4568 2869 4611 natum
2890 4559 2951 4610 de
2974 4559 3203 4608 Flamine
3233 4563 3428 4605 sancto.

427 4691 454 4713 κ
485 4666 545 4720 ln
584 4665 811 4722 nomine
841 4672 1046 4721 sancta
1072 4670 1127 4719 et
1149 4661 1449 4718 indiVIdua
1473 4657 1774 4726 Trinitatis,
1808 4655 1972 4712 Karo-

2147 4645 2311 4700 Tecta
2342 4643 2532 4713 templi
2562 4639 3141 4714 plumbeiscOOperuit
3159 4637 3383 4703 tabulis,
3405 4636 3716 4708 ipsumque

353 4753 439 4809 lus
467 4755 644 4829 gratia
673 4754 770 4810 Dei
801 4770 918 4811 rex.
945 4754 1001 4810 Si
1059 4751 1422 4826 petitionibus
1475 4747 1722 4804 fidelium
1758 4752 1983 4802 nostro-

353 4847 742 4916 rum,maxime
766 4845 986 4903 Domini
1045 4843 1419 4910 sacerdotum,
1475 4840 1757 4912 pracipue
1788 4838 1845 4892 in
1870 4837 1979 4905 his,

353 4957 477 5012 qua
506 4939 896 4996 ecclesiasticis
943 4937 1272 4994 utilitatibus
1300 4942 1534 5007 possunt
1567 4933 1816 5005 prabere
1843 4945 1978 4987 con-

350 5030 578 5095 sultum,
607 5029 911 5104 benignum
950 5025 1367 5083 commodamus
1389 5038 1702 5089 assensum,
1736 5021 1898 5077 nobis
1925 5019 1982 5074 id

351 5118 423 5172 ad
447 5124 667 5173 aeterna
705 5115 1171 5174 remunerationis
1224 5113 1505 5170 credimus
1556 5109 1851 5182 provenire
1883 5123 1981 5162 au-

352 5216 660 5282 gmentum.
694 5208 932 5265 Proinde
976 5206 1192 5263 noverit
1222 5204 1472 5261 omnium
1511 5201 1757 5258 fidelium
1790 5199 1885 5254 Dei
1918 5214 1982 5254 ac

353 5305 692 5368 nostrorum,
741 5299 1096 5372 prasentium
1127 5297 1339 5354 scilicet
1386 5303 1442 5351 et
1473 5294 1780 5350 futurorum
1814 5291 1980 5347 indu-

353 5390 509 5457 stria,
534 5390 666 5460 quia
685 5392 768 5447 vir
806 5391 1142 5448 venerabilis
1183 5389 1529 5455 llincmarus,
1565 5384 1856 5441 Remensis
1885 5401 1978 5438 ur-

354 5479 439 5534 bis
467 5480 916 5551 archiepiscopus
962 5479 1162 5536 obtulit
1213 5475 1530 5534 serenitatis
1583 5479 1784 5529 nostra
1816 5472 1978 5528 obtu-

355 5571 504 5626 tibus
534 5578 869 5642 praceptum
900 5573 1006 5643 pia
1044 5570 1327 5626 memoria
1379 5567 1571 5624 domni
1603 5582 1666 5622 ac
1709 5565 1979 5640 genitoris

353 5660 528 5716 nostri
574 5661 832 5718 Ludovici
882 5661 1255 5733 imperatoris,
1311 5658 1460 5730 quod
1510 5657 1565 5713 id
1611 5656 1979 5727 eleemosyna

351 5761 466 5800 sua
495 5755 792 5822 augmento
836 5747 1089 5804 ecclesia
1116 5747 1171 5803 S.
1227 5746 1414 5800 Maria
1469 5752 1633 5816 atque
1677 5743 1853 5799 sancti
1881 5743 1981 5798 Re-

349 5837 504 5912 migii
563 5837 682 5894 tieri
717 5839 987 5904 decrevit,
1035 5837 1104 5892 de
1147 5851 1318 5908 opere
1375 5842 1430 5892 et
1470 5833 1764 5904 operariis,
1811 5838 1976 5902 atque

2090 4736 2360 4809 templum
2384 4735 2548 4808 pictis
2603 4735 2886 4793 decoravit
2940 4732 3195 4799 cameris,
3253 4730 3519 4786 fenestris
3549 4731 3720 4786 etiam

2087 4830 2381 4886 illustravit
2406 4828 2616 4898 vitreis,
2671 4826 3010 4900 pavimentis
3062 4840 3284 4898 quoque
3348 4823 3723 4878 stravitmar—

2083 4921 2310 4977 moreis.
2356 4919 2583 4975 Crucem
2632 4917 3061 4974 eminentiorem
3127 4913 3387 4987 gemmis,
3458 4928 3717 4984 auroque

2083 5009 2393 5082 coeperuit.
2453 5009 2599 5064 Alias
2637 5007 2803 5064 etiam
2854 5021 3049 5062 cruces
3097 5012 3208 5060 tam
3241 5018 3378 5058 auro
3421 5019 3593 5074 quam
3629 5018 3722 5056 ar—

2082 5111 2251 5176 gento
2284 5101 2515 5174 paravit.
2558 5100 2798 5156 Calicem
2833 5099 3101 5171 majorem
3134 5112 3260 5152 cum
3298 5103 3524 5168 patena,
3563 5111 3721 5150 sum-

2084 5193 2379 5264 ptorioque
2405 5191 2536 5248 fecit
2601 5206 2667 5246 ex
2725 5205 2881 5256 auro,
2914 5188 3281 5260 lapidumque
3330 5184 3717 5257 pretiosorum

2081 5283 2376 5338 illustravit
2407 5282 2610 5336 nitore.
2634 5279 2736 5346 Qui
2769 5279 2909 5334 calix
2937 5285 3132 5350 postea
3163 5291 3260 5348 pro
3322 5274 3724 5346 redemptione

2079 5391 2143 5431 ac
2185 5375 2363 5430 salute
2413 5373 2604 5445 patria
2663 5369 3024 5428 Nortmannis
3081 5369 3242 5423 datus
3296 5374 3380 5422 est
3436 5386 3453 5433 ;
3519 5374 3725 5437 pateua

2080 5468 2261 5524 adhuc
2298 5474 2613 5523 reservatur
2641 5464 2878 5519 ibidem.
2912 5461 3188 5517 Libellum
3220 5475 3447 5532 quoque
3494 5459 3569 5514 de
3599 5468 3724 5514 ortu

2079 5567 2283 5615 sancta
2314 5559 2409 5614 Dei
2442 5557 2732 5633 genitricis
2761 5555 2966 5619 Maria,
2992 5554 3094 5609 sed
3125 5561 3181 5608 et
3212 5566 3538 5607 sermonem
3571 5550 3722 5604 beati

2080 5647 2396 5719 Hieronymi
2441 5647 2509 5701 de
2565 5645 2743 5716 ipsius
2786 5643 3035 5699 Domina
3101 5639 3487 5711 assumptione
3551 5636 3722 5694 scribi

2081 5737 2231 5804 fecit,
2261 5744 2316 5791 et
2356 5736 2561 5792 tabulis
2599 5735 2886 5802 eburneis,
2928 5746 3175 5804 auroque
3202 5729 3426 5786 vestitis
3460 5727 3720 5783 munivit.

2080 5828 2356 5886 Locellum
2399 5827 2566 5885 etiam
2612 5827 2934 5899 quemdam,
2971 5825 3076 5882 hoc
3131 5829 3216 5878 est
3249 5837 3479 5893 capsam
3542 5820 3722 5888 majoo
