3884 6404
108 389 208 446 145

744 384 1068 446 HISTORIA;
1107 388 1443 446 ECCLESUE
1481 388 1810 448 REMENSIS
1850 391 2025 450 LIBRI
2065 394 2391 462 QUATUOR.
2424 427 2489 438 —
2521 397 2649 454 LIB.
2691 400 2786 457 III.

3339 407 3446 464 μϐ

107 534 236 586 rem,
263 532 387 590 quae
415 532 449 572 a
472 515 696 572 duobus
745 517 966 575 clericis
1014 518 1144 576 ferri
1175 526 1337 587 sotet,
1369 518 1492 576 ﬁeri
1531 520 1720 590 jussit.
1750 525 1803 594 Α
1825 538 1949 579 sese
1977 532 2362 595 prosternens,
2397 527 2518 596 ejus
2545 529 2879 588 cordetenus
2915 547 3086 605 super
3114 533 3217 591 hac
3245 535 3444 592 anxie-

109 615 443 686 argentoque
491 608 794 685 imaginato
846 626 912 666 ac
943 612 1208 669 deaurato
1239 612 1460 668 vestivit
1489 612 1622 679 ;ubi
1653 614 1722 668 ad

108 699 254 754 urbis
297 698 461 768 hujus
507 699 676 754 totius
730 706 1000 769 tutamen,
1047 702 1343 758 multorum
1401 709 1720 757 sanctorum

108 792 331 866 pignora
359 791 692 848 recondidit.
729 793 958 864 Insuper
977 800 1032 849 et
1059 792 1166 849 alia
1194 793 1384 849 altaris
1420 810 1572 857 vasa,
1607 803 1722 850 tant

109 896 264 935 aurea
309 896 473 952 quam
531 886 586 934 et
629 886 895 954 argentea
951 881 1302 952 preparavit.
1363 881 1719 956 Evangelium

109 969 280 1024 aureis
297 969 690 1042 argenteisque
719 969 965 1024 describi
1007 969 1139 1026 fecit
1169 969 1401 1034 litteris,
1421 971 1720 1042 aureisque

112 1059 334 1118 munivit
364 1061 593 1130 tabulis,
643 1068 699 1116 et
746 1061 983 1134 gemmis
1021 1062 1275 1118 distinxit
1305 1062 1593 1134 pretiosis.
1630 1063 1724 1118 llis

111 1169 318 1226 quoque
349 1154 606 1210 versibus
637 1153 927 1229 insignivit
968 1171 982 1209 :

167 1244 340 1310 Sancta
353 1244 442 1294 Dei
457 1245 672 1308 genitrix
684 1253 732 1310 ef.
751 1245 1100 1310 sempergvirgo
1111 1245 1283 1310 Maria,

225 1307 521 1372 Hincmarus
543 1307 725 1372 praesul
742 1307 909 1372 defero
931 1307 1064 1358 dona
1078 1308 1199 1372 tibi.

166 1369 290 1439 Rrec
301 1369 385 1439 pia
415 1383 528 1434 qua:
544 1369 710 1434 gessit,
747 1371 918 1420 docuit
938 1385 1038 1439 nos
1067 1370 1294 1422 Christus
1313 1370 1471 1430 Iesus,

223 1431 396 1482 Editus
418 1431 479 1482 ex
500 1431 657 1491 utero,
683 1441 817 1482 casta
838 1434 1022 1498 puella,
1057 1441 1160 1484 tuo.

173 1514 390 1571 Librum
423 1531 650 1588 quoque
676 1523 1170 1586 sacramentorum,
1217 1519 1317 1574 sed
1376 1525 1431 1574 et
1453 1518 1722 1574 Iectiona-

113 1606 264 1672 rium,
294 1622 436 1678 quos
473 1607 644 1663 scribi
669 1607 823 1675 fecit,
853 1609 1024 1664 ebore
1054 1617 1395 1684 argentoque
1418 1597 1717 1666 decoravit.

110 1696 440 1751 Candelabra
497 1697 630 1752 texit
676 1706 928 1771 argento,
952 1706 1007 1753 et
1053 1699 1319 1769 templum
1353 1699 1523 1755 variis
1551 1715 1720 1755 orna-

111 1787 178 1842 vit
206 1787 574 1858 lampadibus,
609 1797 663 1844 et
719 1789 942 1844 coronis
995 1789 1344 1861 diversisque
1387 1799 1494 1845 tam
1523 1791 1722 1861 pallio-

110 1896 218 1934 rum
243 1896 402 1952 quam
435 1880 768 1936 cortinarum
799 1887 963 1953 atque
1011 1883 1275 1954 tapetium
1306 1883 1526 1953 operuit
1553 1898 1716 1939 orna-
1745 1851 1797 1919 Β

108 1968 314 2025 mentis.
343 1969 538 2025 Sacras
569 1969 733 2025 etiam
781 1979 965 2026 vestes
1007 1971 1197 2026 altaris
1250 1971 1569 2042 procuravit
1602 1971 1713 2026 mi-

112 2060 305 2116 nistris.
337 2061 597 2117 Pluribus
653 2062 898 2135 denique
930 2065 1249 2120 convocatis
1296 2064 1714 2135 episc0pis,sed

111 2159 159 2206 et
180 2153 366 2209 Karolo
438 2169 568 2229 rege
627 2154 682 2208 in
730 2156 874 2212 hanc
929 2156 1209 2212 civitatem
1267 2157 1623 2224 adveniente,
1658 2158 1712 2212 in

110 2242 309 2299 honore
337 2243 800 2315 incomparabilis
823 2253 879 2300 et
905 2254 1192 2317 perpetuae
1231 2247 1460 2319 virginis
1474 2249 1714 2321 genitri-

111 2335 181 2390 cis
201 2335 291 2391 Dei
322 2336 528 2403 Mariae,
557 2344 618 2393 ut
647 2346 701 2393 et
724 2339 954 2411 antiqua
968 2339 1399 2404 fueratsacrata,
1428 2341 1714 2397 basilicam

109 2425 413 2480 solemniter
449 2425 750 2498 dedicavit,
779 2435 833 2483 et
873 2445 996 2483 cum
1030 2429 1485 2500 coepiscoporum
1513 2445 1719 2501 coope-

113 2513 308 2568 ratione
333 2513 439 2568 sub
510 2514 917 2586 omnipotentis
953 2515 1308 2573 invocatione
1335 2517 1616 2574 Trinitatis
1635 2519 1719 2574 al-

111 2602 294 2660 miﬁcze
322 2605 682 2660 consecravit.

741 2676 952 2734 CAPUT
981 2679 1068 2733 VI.

171 2748 241 2800 De
275 2748 563 2803 miraculis
592 2751 651 2802 in
670 2749 855 2804 eadem
875 2751 1093 2805 ecclesia
1110 2755 1297 2820 postea
1326 2751 1638 2806 declaratis.

177 2839 230 2892 In
262 2839 976 2916 hacigiturecclesiamulta
1004 2843 1598 2915 diversistemporibus
1615 2842 1710 2898 Dei

112 2926 414 2985 virtutesub
453 2927 759 2986 ineﬁabilis
810 2931 1010 2987 Christi
1065 2933 1354 3005 genitricis
1379 2933 1562 2989 Maria:
1588 2939 1716 2988 sunt

115 3017 302 3073 honore
319 3028 537 3090 patrata
565 3021 848 3078 miracula.
873 3024 1115 3088 Quorum
1149 3023 1408 3095 plurima,
1433 3040 1556 3095 quae
1585 3030 1715 3078 ante

115 3119 336 3167 nostram
351 3120 575 3168 aetatem
598 3121 726 3170 sunt
745 3125 920 3189 gesta,
941 3116 1104 3171 nobis
1123 3115 1712 3189 habenturincognita.

113 3200 210 3256 Nos
229 3208 408 3258 tamen
441 3219 534 3272 ea,
565 3220 688 3275 quae
718 3220 902 3260 coram
962 3206 1130 3277 positi
1177 3205 1437 3273 vidimus,
1470 3205 1557 3262 vel
1588 3222 1716 3276 pcr-
1745 3224 1795 3293 Ο

115 3293 254 3349 sonis
277 3312 398 3367 quae
422 3297 683 3352 viderant
723 3298 1096 3354 referentibus
1125 3299 1471 3374 agnovimus,
1495 3299 1716 3355 silentio

113 3384 194 3440 hic
217 3401 434 3459 quoque
465 3387 753 3458 praeterire
812 3388 1182 3464 incongruum
1217 3387 1317 3444 rati
1344 3404 1556 3456 sumus,
1591 3388 1719 3444 licet

116 3483 174 3522 ea
198 3473 445 3531 versibus
471 3475 609 3532 olim
638 3477 1008 3534 exaravimus.
1063 3479 1259 3534 Mulier
1286 3479 1538 3552 quaedam
1578 3478 1718 3534 civis

116 3561 264 3631 hujus
286 3567 459 3636 urbis,
494 3569 724 3624 nomine
769 3570 1036 3636 Altrudis,
1059 3572 1279 3627 unicam
1311 3571 1591 3642 parvulam
1621 3586 1720 3625 nu-

117 3652 299 3710 triebat
326 3653 520 3722 ﬁliam,
550 3673 674 3730 quae
726 3659 909 3715 adhuc
937 3659 1040 3714 sub
1088 3659 1263 3715 ubere
1293 3659 1484 3714 matris
1516 3659 1715 3730 posita,

118 3741 336 3801 efficitur
366 3764 534 3804 caeca.
586 3749 690 3805 Pro
725 3766 836 3822 qua
872 3765 997 3804 cum
1027 3749 1196 3804 variis
1228 3749 1428 3805 frustra
1457 3755 1718 3804 aestuaret

119 3844 276 3892 mater
296 3841 579 3909 remediis,
629 3858 734 3898 nec
787 3842 898 3897 ulla
958 3851 1142 3914 posset
1179 3842 1356 3911 juvari
1388 3841 1624 3908 medela,
1648 3841 1717 3896 ad

119 3944 370 3987 summum
401 3934 610 4010 cogitat
636 3951 696 3990 se
721 3943 937 3990 vertere
975 3934 1253 3990 medicum
1282 3951 1296 3999 ;
1323 3934 1556 4006 ejusque
1588 3948 1717 4004 pro-

120 4015 202 4072 bat
225 4035 328 4075 non
355 4023 542 4093 aptius
597 4039 697 4094 per
751 4024 1069 4095 quempiam
1124 4030 1439 4078 sanctorum
1488 4038 1716 4094 poscere

118 4126 260 4179 posse
277 4114 739 4186 misericordiam,
759 4133 924 4188 quam
957 4133 1058 4188 per
1084 4115 1262 4188 ipsius
1291 4115 1533 4181 unicam,
1557 4115 1718 4184 cujus

117 4201 266 4258 etiam
298 4213 412 4261 erat
462 4207 587 4279 ipsa
635 4207 858 4274 famula,
893 4209 1246 4265 Gcnitricem.
1282 4209 1717 4278 Przeparansque

116 4293 448 4353 candelamm
504 4300 854 4363 munuscula,
903 4308 1010 4354 tam
1045 4315 1144 4371 pro
1180 4315 1238 4356 se
1271 4316 1433 4372 quam
1457 4315 1555 4372 pro
1583 4299 1717 4368 ﬁlia,

121 4387 366 4455 templum
399 4389 506 4446 hoc
518 4390 679 4461 petit,
700 4389 945 4445 cmlitum
960 4389 1166 4464 regina:
1185 4391 1535 4446 clementiam
1565 4406 1722 4466 roga-

120 4481 228 4531 tura
254 4495 268 4545 ;
297 4479 704 4555 praeﬁgensque
727 4481 1077 4536 candelabris
1108 4479 1422 4547 luminaria,
1467 4488 1578 4536 tum
1613 4497 1718 4552 pa-

116 4564 357 4625 vimentis
381 4578 606 4637 astrata,
636 4585 733 4626 cor
770 4570 1004 4641 supplex
1056 4569 1291 4624 effundit
1320 4570 1374 4624 in
1429 4578 1572 4626 vota.
1611 4572 1719 4627 Nec

120 4675 171 4714 se
200 4678 356 4732 posse
387 4679 732 4737 praesumens
760 4662 1040 4730 sufﬁcere,
1072 4663 1358 4719 ministros
1389 4663 1719 4735 suppliciter

121 4749 584 4824 deposcitaltaris,
607 4755 783 4826 ipsius
803 4756 1131 4828 petitionem
1159 4755 1274 4810 suis
1323 4756 1582 4827 precibus
1621 4756 1720 4809 ad-

114 4841 305 4908 juvare.
341 4847 403 4902 Et
432 4849 562 4921 quia
582 4849 780 4905 devote
810 4865 874 4904 ac
906 4847 1143 4904 ﬁdeliter
1182 4848 1500 4920 postulavit,
1532 4858 1718 4904 votum

121 4931 350 4994 obtinere
379 4940 713 5011 promeruit,
769 4942 1068 5012 lumenque
1124 4941 1330 4996 sobolis
1374 4941 1718 5011 impetravit.

122 5021 260 5082 Unde
289 5031 492 5100 gratias
520 5039 775 5105 agentem
807 5033 918 5086 Deo
974 5030 1259 5102 ipsiusque
1290 5030 1554 5085 Gcnitrici
1584 5030 1720 5101 piis-

123 5115 280 5187 simae,
309 5139 432 5178 cum
481 5124 828 5193 adjutoribus
881 5123 991 5178 sibi
1050 5123 1220 5179 sacris
1274 5121 1542 5177 ministris
1598 5138 1717 5176 cam

124 5204 341 5265 vidimus
369 5219 582 5283 postea,
635 5213 766 5267 dum
799 5228 1014 5280 sanam,
1064 5211 1321 5282 clareque
1364 5218 1719 5266 contuentem

127 5309 265 5351 suam
296 5300 458 5356 nobis
489 5301 778 5358 exhiberet
810 5301 998 5356 ﬁliam.

189 5389 407 5454 Quidam
483 5395 717 5452 clericus
775 5404 978 5452 nostrae
1027 5393 1495 5468 congregationis.
1556 5409 1723 5450 carne

126 5469 332 5549 nobilis,
361 5482 524 5556 [Iugo
559 5484 904 5551 nominc,ita
950 5483 1120 5538 nimio
1171 5483 1419 5538 dentium
1454 5482 1724 5557 fatigaba-

129 5570 206 5619 tur
232 5568 436 5637 dolore,
466 5579 528 5629 ut
546 5589 650 5628 nec
671 5588 949 5640 SOmnum,
975 5589 1078 5628 nec
1105 5573 1286 5627 cibum
1311 5589 1421 5641 prae
1442 5571 1724 5624 nimietate

130 5659 318 5716 valeret
369 5665 714 5739 {egritudinis
745 5683 964 5737 capere.
993 5667 1089 5732 Qui
1112 5666 1408 5737 requisitas
1440 5662 1724 5734 aquodam

133 5749 359 5818 seniore,
379 5755 629 5825 exposita
659 5773 773 5811 sua:
812 5757 1118 5812 vexationis
1148 5755 1470 5816 afflictione,
1524 5755 1630 5808 hoc
1660 5755 1728 5806 ab

132 5849 189 5890 eo
217 5843 424 5898 consilii
456 5845 692 5918 accepit,
743 5854 803 5901 ut
855 5863 1043 5904 coram
1091 5845 1253 5901 altari
1285 5845 1381 5900 Dei
1436 5843 1728 5898 Genitricis

1826 625 1934 674 tate
1979 633 2079 671 sua
2132 617 2466 688 deprecatur
2535 619 2911 677 clementiam.
2971 623 3040 678 Et
3089 639 3326 700 surgens
3374 626 3445 682 ab

1823 709 2094 776 oratione,
2123 709 2371 765 osculato
2418 709 2599 778 altari,
2655 727 2823 784 supra
2853 714 3062 770 nudum
3094 715 3268 788 ipsius
3296 733 3448 774 mar-

1824 813 1964 865 mor,
2005 798 2062 852 in
2085 811 2193 869 qua
2239 797 2540 854 vexabatur
2586 799 2894 871 deponeret
2933 803 3232 874 maxillam,
3255 806 3445 880 sicque

1821 891 2127 946 sanandum
2151 905 2212 946 se
2233 889 2545 960 conﬁdens,
2592 892 2817 950 domum
2857 911 3144 971 regressus
3167 899 3443 971 cooperiri

1823 997 1882 1036 se
1905 982 2152 1036 vestibus
2190 979 2396 1037 faceret
2423 989 2585 1054 atque
2615 983 2803 1054 s0pori
2833 986 3202 1056 permitteret.
3234 988 3446 1054 Quibus

1825 1071 1919 1126 ille
1964 1087 2064 1142 per
2102 1071 2353 1127 ordinem
2400 1073 2646 1142 patratis,
2698 1087 2954 1130 somnum
3011 1075 3159 1132 iniit.
3206 1078 3446 1150 Tempus

1824 1173 2007 1219 autem
2040 1172 2159 1220 erat
2211 1164 2582 1220 solemnitatis
2613 1165 2811 1222 natalis
2859 1167 3103 1237 Domini,
3133 1176 3190 1224 et
3242 1169 3442 1227 fratres

1825 1261 1950 1326 post
1970 1254 2310 1309 celebratum
2336 1255 2718 1325 vespertinum
2747 1255 2993 1312 ofﬁcium
3048 1258 3105 1312 in
3133 1259 3443 1327 cenaculo,

1824 1345 1921 1400 ubi
1952 1343 2315 1399 calefaciendi
2356 1359 2521 1400 causa
2571 1354 2974 1402 consueverant
3013 1347 3198 1424 colligi
3230 1348 3445 1405 reside-

1823 1437 1978 1494 bant.
2012 1439 2278 1494 Praefatus
2305 1453 2437 1494 vero
2467 1438 2638 1494 frater
2689 1437 2842 1494 videt
2899 1437 2955 1491 in
3011 1437 3222 1493 somnis
3248 1438 3363 1494 illic
3383 1453 3444 1495 se

1824 1545 1939 1600 prae
1965 1529 2232 1604 gradibus
2269 1528 2536 1584 coenaculi
2589 1526 2850 1592 astitisse,
2911 1537 3077 1601 atque
3104 1528 3322 1584 beatam
3342 1528 3442 1584 Dei

1823 1622 2158 1678 Genitricem
2191 1622 2248 1677 in
2267 1621 2673 1693 superioribus,
2710 1629 2838 1676 ante
2867 1621 3045 1693 ipsius
3092 1621 3298 1678 ostium
3338 1623 3444 1678 do-

1823 1728 1946 1766 mus
1975 1711 2299 1766 consistere.
2335 1712 2376 1764 A
2405 1711 2647 1766 sinistris
2671 1710 2726 1765 in
2757 1711 2932 1783 gradu
2961 1709 3153 1767 inﬁmo
3183 1711 3287 1766 sub
3311 1727 3442 1783 spe-

1821 1803 1908 1859 cie
1940 1804 2226 1872 cujusdam
2267 1803 2534 1878 chirurgi,
2578 1801 2884 1876 rnalignum
2941 1803 3233 1874 conspexit
3262 1809 3441 1860 astare

1818 1893 2094 1965 spiritum.
2127 1893 2244 1948 Non
2286 1892 2546 1947 dubitans
2569 1899 2756 1948 autem
2796 1906 2920 1964 quae
2947 1901 3096 1948 esset
3125 1893 3220 1948 illa
3273 1909 3439 1966 quam

1819 1985 2131 2056 aSpiciebat
2155 1985 2400 2053 domina,
2452 1999 2657 2056 pavore
2715 1983 2839 2040 tetri
2894 1984 3070 2040 hostis
3103 1985 3346 2055 abjecto,
3374 1987 3445 2041 ad

1817 2093 1938 2132 eam
1969 2093 2146 2150 usque
2177 2078 2524 2145 conscendit,
2555 2085 2611 2133 et
2639 2083 2766 2133 ante
2798 2076 2972 2148 ipsius
3013 2077 3312 2148 procidens
3343 2093 3447 2149 pe-

1818 2169 1916 2224 des
1945 2170 2194 2239 ejusdem
2253 2177 2545 2241 susceptus
2587 2177 2673 2226 est
2729 2185 2940 2237 manu;
2986 2170 3060 2226 ita
3089 2177 3150 2226 ut
3187 2176 3439 2225 mentum

1819 2263 1968 2318 illius
2001 2271 2216 2332 tenens,
2239 2270 2486 2319 vexatam
2541 2263 2790 2335 piissima
2827 2262 3054 2318 domina
3091 2263 3446 2337 contingeret

1818 2357 2113 2412 maxillam.
2151 2357 2213 2412 Et
2244 2357 2464 2430 erigens
2512 2373 2640 2412 eum
2669 2355 2876 2411 blande
2902 2355 3183 2412 consolata
3215 2362 3314 2421 es‘,
3350 2371 3442 2411 as-

1819 2463 2012 2502 serens
2047 2447 2172 2502 ideo
2204 2463 2263 2502 sc
2287 2463 2398 2502 non
2433 2447 2713 2502 inventam
2745 2446 2814 2500 ab
2846 2446 3002 2502 eoin
3027 2445 3283 2513 ecclesia,
3303 2459 3446 2517 quo-

1818 2537 1964 2598 niam
1995 2535 2202 2590 ibidem
2235 2536 2303 2590 ad
2350 2536 2656 2592 custodiam
2717 2534 2945 2590 fratrum
2973 2541 3162 2591 staret.
3201 2535 3317 2602 Ille,
3348 2534 3442 2589 in-

1817 2625 2036 2697 quiens,
2070 2623 2366 2700 malignus,
2400 2641 2565 2696 quem
2606 2624 2763 2679 vides
2791 2624 2881 2680 hic
2939 2640 3116 2696 prope
3143 2629 3442 2692 astantem,

1816 2717 2020 2790 cogitat
2046 2718 2154 2772 huc
2184 2718 2508 2784 ascendere,
2557 2725 2615 2771 et
2644 2717 2761 2772 vult
2819 2724 3036 2772 nostros
3083 2717 3284 2772 fratres
3309 2730 3446 2771 con-

1817 2807 2059 2862 turbare.
2098 2807 2474 2879 Praecepitque
2532 2822 2658 2861 eum
2691 2806 2894 2875 redire,
2947 2813 3003 2862 et
3051 2806 3121 2862 de
3177 2819 3444 2860 concessa

1815 2899 1923 2954 sibi
1954 2900 2127 2955 salute
2159 2899 2462 2956 conﬁdere.
2497 2899 2598 2964 Qui
2628 2915 2820 2954 rursus
2849 2898 2918 2953 ad
2948 2898 3069 2968 ejus
3098 2912 3158 2952 se
3190 2903 3444 2969 proster-

1817 3008 1958 3046 nens
1979 2991 2152 3063 pedes
2183 2999 2398 3047 erectus
2418 2999 2501 3045 est
2530 2991 2598 3044 ab
2629 3007 2716 3058 ea,
2741 2997 2950 3046 vestem
2993 2995 3204 3044 tantum
3239 3004 3444 3059 purpu-

1820 3099 1991 3149 ream,
2041 3097 2150 3154 qua
2206 3082 2326 3152 ipsa
2379 3087 2497 3136 erat
2552 3080 2764 3148 induta,
2830 3079 3183 3134 deosculans.
3239 3077 3442 3149 Sicque

1818 3191 1945 3230 mox
1977 3176 2263 3242 excitatus,
2297 3174 2415 3228 dari
2447 3173 2554 3228 sibi
2601 3173 2866 3244 praecepit
2896 3171 3250 3227 manducare.
3287 3169 3443 3235 Quod

1819 3275 1876 3323 ut
1914 3269 2164 3337 ejusdem
2197 3267 2489 3323 domestici
2507 3266 2756 3333 audiere,
2786 3265 3029 3319 insanire
3061 3265 3212 3320 illum
3233 3271 3438 3336 putan-

1819 3363 2057 3433 tes,quia
2086 3370 2195 3416 tam
2228 3359 2483 3415 alacriter
2503 3358 2612 3413 sibi
2644 3357 2829 3413 cibum
2846 3357 3439 3428 daripeteret,anxiari

1817 3457 2126 3522 coeperunt.
2157 3449 2255 3504 Ille
2294 3463 2425 3504 vero
2465 3447 2832 3504 conﬁrmabat
2861 3462 2921 3502 se
2955 3463 2986 3501 a
3025 3446 3188 3502 beata
3217 3447 3314 3502 Dei
3344 3446 3445 3502 Ge-

1819 3540 2018 3596 nitrice
2049 3546 2326 3604 sanatum,
2358 3537 2444 3591 vel
2477 3536 2727 3608 nihilque
2756 3535 3104 3610 aegritudinis
3131 3551 3214 3601 se,
3237 3535 3323 3591 vel
3354 3535 3444 3590 in-

1818 3633 1987 3688 saniae
2015 3631 2148 3702 pati,
2183 3631 2382 3703 Sicque
2405 3629 2693 3685 celerrime
2725 3629 2972 3685 redditus
2992 3629 3264 3700 sospitati,
3293 3643 3444 3700 saepe

1818 3729 2009 3794 postea
2037 3721 2272 3777 ﬁdenter
2295 3720 2696 3791 astipulahatur
2747 3735 2859 3776 non
2911 3735 2970 3774 se
3024 3718 3259 3774 ulterius
3317 3734 3444 3774 esse

1820 3831 2108 3888 passurum
2139 3815 2287 3880 talia,
2320 3829 2485 3886 quem
2532 3821 2683 3869 tanta
2712 3813 2875 3869 saluti
2908 3813 3238 3868 restituisset
3259 3813 3443 3868 domi-

1820 3923 1908 3961 na.
1935 3907 2089 3972 Quod
2122 3914 2177 3961 et
2216 3921 2405 3961 revera
2468 3905 2544 3958 illi
2600 3903 2821 3971 accidit,
2874 3910 2935 3957 ut
2955 3900 3222 3973 deinceps
3253 3901 3448 3971 hujus-

1817 3999 1967 4054 modi
1999 3996 2385 4073 zegritudinem
2419 4010 2768 4067 nequaquam
2818 3992 3075 4060 senserit,
3107 3992 3238 4047 dum
3272 3991 3447 4064 pluri-

1818 4087 1922 4142 bus
1953 4086 2306 4159 postmodum
2337 4085 2533 4140 vixerit
2562 4083 2742 4138 annis.

1892 4195 2063 4265 Hujus
2116 4193 2362 4270 Hugonis
2413 4191 2647 4248 clericus
2706 4198 2761 4246 et
2823 4189 3111 4256 diaconus,
3166 4185 3444 4242 Ebrardus

1821 4285 2071 4351 nomine,
2103 4283 2276 4338 febris
2298 4281 2515 4337 anhelae
2567 4279 2870 4337 vexabatur
2902 4277 3130 4335 aestibus
3163 4276 3296 4349 ;qui
3327 4275 3448 4345 ejus

1820 4377 2167 4451 aegritudinis
2183 4376 2420 4452 agitatus
2449 4372 2772 4449 angoribus,
2834 4372 2889 4428 in
2923 4380 3134 4443 crypta,
3168 4385 3292 4442 quae
3339 4367 3444 4423 sub

1821 4469 1997 4542 ipsius
2032 4466 2283 4522 ecclesia:
2314 4465 2448 4520 sede
2507 4465 2562 4519 in
2602 4464 2814 4520 honore
2846 4460 2994 4517 beati
3037 4458 3270 4533 Remigii
3308 4473 3446 4513 con-

1821 4566 2034 4614 secrata
2065 4563 2169 4622 est,
2199 4555 2379 4609 fessus
2433 4551 2734 4619 residebat,
2794 4551 2925 4606 dum
2985 4550 3098 4606 illic
3128 4549 3312 4605 missae
3344 4563 3446 4603 ce-

1819 4649 2168 4703 lebrarentur
2221 4643 2501 4716 mysteria.
2550 4641 2646 4698 Cui
2689 4641 2743 4696 vi
2801 4635 3042 4696 febrium
3099 4637 3327 4711 fatigato
3369 4636 3450 4707 (ut

1820 4739 2023 4793 assolet
2073 4732 2537 4790 febricitantibusl
2590 4745 2760 4803 sopor
2806 4729 2982 4785 irruit.
3015 4727 3079 4784 Et
3127 4743 3259 4782 ecce
3295 4725 3446 4781 videt

1822 4834 2036 4888 beatam
2071 4831 2164 4885 Dei
2197 4827 2528 4883 Genitricem
2584 4823 2692 4878 sibi
2741 4830 3036 4889 astantem,
3074 4818 3446 4891 impositaque

1823 4942 1987 4980 manu
2019 4925 2138 4993 ejus
2182 4921 2347 4993 capiti
2403 4917 2787 4990 pertransisse,
2832 4923 2888 4972 et
2946 4921 3070 4987 post
3122 4915 3292 4969 altare
3323 4929 3447 4969 sese

1822 5018 1937 5072 visa
1977 5025 2062 5072 est
2091 5015 2363 5070 intulisse.
2431 5011 2551 5066 Mox
2596 5009 2689 5064 ille
2741 5005 3221 5080 patefactisoculis
3247 5004 3446 5078 surgit,

1823 5107 2104 5178 ﬁnitisque
2138 5103 2413 5176 mysteriis
2450 5101 2564 5171 jam
2594 5115 2764 5155 sanus
2819 5113 2981 5152 amen
3039 5094 3360 5166 respondet,
3393 5101 3450 5150 et

1822 5203 2003 5257 alacer
2033 5197 2344 5255 ofﬁciorum
2379 5193 2617 5249 inseruit
2637 5191 2960 5264 expletioni.
3003 5189 3171 5259 Cujus
3196 5188 3447 5261 caputad

1823 5305 2026 5352 tactum
2055 5291 2324 5347 mirabilis
2375 5289 2614 5344 dominre
2673 5288 2748 5342 ita
2803 5293 2889 5340 est
2944 5283 3278 5352 delibutum,
3308 5299 3373 5337 ac
3403 5281 3449 5337 si

1823 5389 1946 5443 oleo
1991 5386 2183 5441 eadem
2213 5381 2406 5436 fuisset
2421 5379 2555 5433 hora
2573 5384 2921 5448 perunctum.
2945 5375 3097 5440 Quod
3116 5390 3214 5428 nos
3228 5387 3450 5445 quoque

1824 5475 2006 5530 mirati
2037 5489 2246 5535 smnus,
2290 5468 2379 5540 qui
2418 5483 2541 5518 cum
2568 5467 2685 5538 ipsa
2715 5466 2807 5520 die
2836 5467 3044 5532 laetum,
3077 5463 3450 5520 ctcomeden-

1827 5573 1934 5620 tem
1970 5563 2256 5618 nobiscum
2298 5560 2558 5613 vidimus.

1899 5657 2031 5710 Tres
2085 5654 2327 5724 denique
2375 5651 2626 5715 claudos,
2674 5656 2729 5703 ct
2780 5647 3086 5720 pOplitibus
3133 5645 3449 5710 contractis,

1832 5749 1984 5804 nullo
2007 5747 2171 5802 modo
2213 5759 2463 5818 gressum
2500 5740 2668 5814 ﬁgere
2700 5741 2969 5807 valentes,
3005 5740 3058 5794 in
3088 5739 3188 5794 hac
3216 5735 3449 5792 ecclesia

1834 5839 2070 5897 diversis
2099 5835 2492 5908 conspeximus
2508 5835 2624 5907 [ms.
2637 5876 2651 5901 ,
2680 5833 3057 5905 cognovimus]
3074 5837 3287 5886 erectos
3306 5834 3446 5881 tem-
