3884 6460
365 476 467 531 147
1500 465 1870 521 FLODOARDI
1906 464 2218 520 CANONICI
2257 464 2584 520 REMENSIS
3611 474 3711 527 148

365 603 612 676 poribus.
646 600 825 656 Unum
853 595 1078 670 quidem
1104 595 1208 650 sub
1237 594 1562 666 episcopatu
1595 593 1788 650 demni
1823 593 1986 650 Heri-
2010 597 2059 666 Î‘
2087 594 2397 668 Remigium
2429 600 2621 666 postea
2653 593 2927 650 sibividet
2958 595 3240 662 assistere,
3269 611 3422 651 suam
3483 598 3541 652 ili
3574 617 3710 670 pan-

367 699 455 755 vei
481 694 754 768 praesulis,
812 693 907 764 qui
961 691 1193 746 aliorum
1250 687 1508 743 manibus
1572 689 1702 744 illuc
1748 689 1987 756 delatus,
2092 683 2276 740 dendo
2301 699 2616 755 personam,
2651 683 3069 760 etaegritudinis
3094 685 3261 753 hujus
3281 687 3526 742 remedia
3558 690 3713 759 polli-

371 785 612 858 propriis
640 797 923 855 regressus
943 787 1026 833 est
1055 777 1313 848 pedibus.
1341 776 1514 830 Alium
1548 777 1652 832 sub
1698 778 1992 848 praesulatu
2094 783 2334 830 centem.
2368 776 2466 842 Qui
2529 792 2650 832 mox
2713 778 2907 832 urbem
2948 776 3278 832 Remensem
3329 779 3546 846 adiens,
3582 781 3709 835 dum

372 873 816 942 Seulfi,nomine
872 871 1247 945 Maganerum,
1307 869 1401 940 qui
1453 875 1618 940 gente
1679 869 1991 938 Britannus,

373 978 616 1040 utroque
641 981 788 1041 genu
833 962 1064 1018 claudus
1121 967 1176 1015 et
1204 959 1468 1016 scabellis
1508 961 1805 1029 inhaerens,
1857 963 2001 1019 inter

375 1074 476 1114 nos
507 1057 722 1129 piorum
767 1049 1139 1122 eleemesynis
1170 1055 1536 1117 sustentatus,
1582 1057 1860 1108 transacto
1885 1051 2000 1109 fere

370 1148 482 1216 jam
515 1141 907 1199 demorabatur
933 1155 1100 1195 anno.
1141 1139 1281 1194 Huic
1310 1139 1441 1194 dum
1463 1146 1762 1194 nocturnas
1793 1139 1847 1194 in
1887 1156 2002 1196 om-

380 1239 530 1294 nium
563 1243 878 1291 sanctorum
933 1231 1289 1288 solemnitate
1346 1231 1757 1287 celebraremus
1782 1232 1997 1298 laudes,

380 1330 454 1384 ita
483 1327 666 1383 subite
691 1326 746 1381 in
777 1323 962 1379 medie
1018 1322 1210 1394 pepuli
1250 1322 1482 1392 jacentil
1512 1338 1754 1397 genuum
1787 1322 1999 1378 extensi

380 1424 509 1474 sunt
539 1415 717 1482 nervi,
749 1422 810 1469 ut
839 1413 957 1469 lora
985 1429 1230 1485 quoque,
1281 1412 1484 1484 quibus
1513 1427 1672 1468 crura
1696 1427 1819 1467 cum
1851 1412 2002 1467 coxis

380 1513 539 1563 erant
566 1519 801 1570 annexa,
837 1509 1262 1574 'rumperentur,
1309 1509 1469 1572 rupta
1513 1501 1677 1556 etiam
1738 1500 1882 1572 pelle
1935 1517 2000 1555 ex

383 1598 687 1672 peplitibus
724 1595 774 1650 ei
801 1594 1029 1669 sanguis
1047 1592 1321 1648 deflueret
1345 1608 1740 1668 ;surgensque,
1763 1600 2000 1664 stupen-

384 1701 437 1747 te
467 1688 695 1761 populo,
729 1686 1016 1758 gressibus
1060 1685 1327 1756 deinceps
1374 1700 1507 1739 usus
1533 1692 1615 1739 est
1644 1685 1884 1755 propriis
1910 1687 2005 1754 (8).

383 1781 629 1838 Tertium
653 1794 788 1834 vero
816 1778 919 1833 sub
948 1778 1112 1847 hujus
1131 1777 1341 1833 domini
1366 1776 1620 1848 praesulis
1651 1776 1857 1831 Artoldi
1879 1792 2012 1847 pen-

385 1875 616 1939 tificatu,
649 1887 829 1944 eoque
884 1870 1179 1925 missarum
1230 1885 1388 1925 sacra
1427 1869 1768 1935 celebrante,
1798 1869 1888 1924 die
1919 1883 2010 1924 so-

385 1963 558 2019 lemni
599 1962 847 2031 ejusdem
895 1960 1280 2016 saeratissimm
1331 1957 1587 2034 Virginis,
1640 1973 1749 2029 qua
1791 1957 2007 2013 Gabriel

387 2053 754 2125 archangelus
776 2050 845 2105 ad
885 2065 1006 2104 eam
1061 2047 1265 2102 missus
1322 2047 1391 2101 ab
1445 2047 1629 2114 astris,
1689 2053 1902 2116 partum
1927 2046 2008 2100 illi

386 2142 695 2198 mirabilem
727 2140 946 2196 saeculis
987 2137 1287 2193 nuntiavit.
1341 2136 1441 2202 Qui
1473 2136 1723 2202 claudus,
1773 2151 2008 2206 pauper,

391 2239 447 2287 et
473 2229 833 2295 miserabilis,
895 2229 1026 2282 dum
1081 2243 1181 2298 per
1229 2225 1532 2297 pavimenti
1579 2239 1704 2279 sese
1736 2239 2011 2280 marmora

391 2325 657 2388 traheret,
707 2325 938 2392 repente
992 2319 1206 2374 solutus
1262 2316 1598 2383 extenditur,
1647 2322 1703 2370 et
1757 2316 2012 2371 tellurem

392 2427 628 2484 corpore
679 2425 926 2474 mensus,
977 2408 1032 2462 in
1074 2406 1247 2478 pedes
1269 2405 1492 2461 tandem
1542 2404 1792 2476 erigitur,
1835 2404 2015 2459 inces-

394 2518 570 2574 suque
601 2515 744 2556 nevo
797 2498 950 2554 auxit
1001 2496 1206 2552 laetanti
1271 2494 1472 2567 gaudia
1525 2494 1752 2565 pepulo,
1809 2493 2015 2565 quique

397 2592 580 2647 adhuc
609 2591 752 2645 inter
774 2605 876 2646 nos
902 2588 1114 2659 degens
1141 2585 1284 2656 stipe
1301 2591 1642 2638 sustentatur
1673 2582 1942 2653 praesulis.

467 2684 700 2749 Quartus
730 2695 954 2753 quoque
994 2678 1217 2750 quidam
1237 2675 1495 2742 ruricola,
1527 2674 1773 2728 Gerlaius
1804 2673 1863 2744 [27,
1887 2674 2021 2728 Ger-

394 2772 556 2842 lanis]
584 2770 834 2835 nomine,
858 2785 923 2823 ex
945 2765 1152 2821 familia
1168 2764 1330 2832 hujus
1363 2762 1632 2827 ecclesim,
1662 2763 1805 2816 hanc
1824 2762 2017 2816 urbem

396 2864 591 2918 adiens
614 2867 889 2925 oraturus,
924 2859 1099 2912 beatae
1130 2855 1228 2910 Dei
1289 2852 1576 2926 genitricis
1607 2852 1787 2906 Mariae
1811 2853 2020 2923 ingres-

397 2968 494 3007 sus
517 2958 600 3005 est
626 2949 931 3003 basilicam.
986 2943 1088 2999 Ubi
1143 2943 1273 2997 dum
1333 2948 1461 2996 veta
1492 2939 1798 3012 profundit,
1834 2939 2018 2995 subito

400 3054 649 3096 marcore
671 3036 916 3110 diriguit,
947 3030 1356 3103 contractisque
1389 3030 1599 3096 nervis,
1633 3045 1777 3101 pene
1808 3030 2022 3085 cunctis

401 3127 728 3202 astringitur
756 3123 1042 3198 membris,
1101 3122 1292 3193 sicque
1339 3127 1672 3186 coarctatus,
1730 3118 1935 3172 ibidem
1963 3135 2022 3173 se

404 3235 847 3294 permansurum,
889 3224 944 3272 et
965 3217 1097 3271 dum
1123 3214 1338 3270 videret
1368 3212 1717 3277 serviturum,
1747 3211 1792 3264 si
1826 3211 2030 3265 relaxa-

2101 868 2448 939 perlustratis
2471 868 2736 923 orationis
2764 868 2940 942 gratia
2978 868 3154 923 beatae
3181 869 3276 923 Dei
3308 869 3620 940 Genitricis,
3655 889 3716 927 ac

2101 960 2276 1016 sancti
2311 958 2542 1033 Remigii
2585 959 2846 1025 basilicis,
2880 960 2934 1014 in
2973 960 3094 1015 vico
3122 966 3290 1014 noctu
3319 962 3712 1033 requiesceret,

2104 1049 2279 1120 ipsius
2299 1050 2445 1104 beati
2477 1048 2710 1121 Remigii
2741 1049 2890 1104 videt
2941 1065 3002 1104 se
3023 1049 3321 1104 deductum
3363 1051 3417 1104 in
3451 1053 3714 1124 templum

2101 1141 2376 1214 quoddam
2426 1141 2958 1212 splendidissimum,
3023 1142 3092 1196 ad
3137 1141 3284 1213 quod
3339 1142 3711 1198 beatissimam

2099 1239 2394 1289 contuetur
2438 1233 2708 1306 virginem
2763 1233 2986 1289 Mariam
3055 1241 3470 1304 properantem,
3530 1242 3718 1289 sancte

2101 1326 2374 1400 Remigio,
2422 1333 2729 1398 sancteque
2755 1327 2986 1382 Martino
3018 1327 3086 1380 ab
3143 1334 3378 1397 utroque
3410 1326 3582 1382 latere
3616 1327 3718 1381 sti-

2102 1415 2359 1485 pantibus
2384 1431 2525 1470 eam.
2555 1415 2614 1468 ln
2648 1415 2768 1486 ipse
2795 1431 2924 1470 vero
2959 1416 3166 1486 templo
3217 1416 3513 1472 multitudo
3567 1417 3721 1472 Levi-

2101 1503 2192 1558 tici
2213 1503 2427 1559 ordinis
2471 1510 2638 1574 atque
2669 1504 3028 1560 sacerdotalis
3055 1505 3340 1577 dignitatis
3374 1522 3494 1560 eam
3528 1522 3723 1578 exspe-

2100 1597 2301 1662 ctabat,
2334 1607 2392 1650 et
2439 1597 2702 1652 diacones
2751 1597 2925 1652 induti
2969 1597 3300 1664 dalmaticis,
3342 1599 3567 1670 quidam
3596 1617 3721 1656 cum

2109 1688 2332 1760 palmis,
2387 1688 2612 1760 quidam
2669 1689 2790 1743 sine
2864 1689 2998 1759 ipsis
3055 1691 3327 1745 astabant.
3389 1691 3721 1747 Caeterorum

2111 1791 2331 1847 quoque
2382 1783 2698 1831 sanctorum
2755 1777 3024 1848 plurimus
3085 1779 3172 1833 hic
3223 1779 3359 1833 ordo
3409 1780 3721 1836 videbatur.

2117 1867 2267 1921 ldem
2287 1884 2419 1923 vero
2451 1869 2737 1940 presbyter
2766 1869 2972 1924 nullius
3011 1871 3328 1941 specialiter
3358 1873 3730 1946 cognoscebat

2109 1955 2342 2021 vultum,
2391 1964 2592 2026 praeter
2659 1958 2805 2012 beati
2875 1958 3039 2023 Petri,
3098 1959 3193 2030 qui
3222 1960 3326 2013 sibi
3363 1960 3475 2028 jam
3509 1962 3727 2032 pridem

2110 2045 2286 2100 fuerat
2311 2045 2585 2100 revelatus
2642 2047 2706 2101 At
2766 2054 3058 2118 postquam
3116 2049 3275 2103 beata
3328 2050 3419 2103 Dei
3478 2049 3728 2104 Genitrix

2111 2139 2179 2194 ad
2208 2138 2531 2210 praedictum
2562 2139 2830 2210 templum
2859 2140 3136 2210 pervenit,
3164 2141 3254 2195 ubi
3278 2141 3394 2208 ejus
3423 2141 3730 2197 adventum

2115 2229 2203 2282 hic
2228 2227 2395 2281 frater
2424 2243 2482 2282 se
2541 2229 2846 2298 praestolari
2901 2229 3147 2296 videbat,
3209 2229 3483 2301 requirere
3537 2232 3732 2302 coepit,

2117 2315 2352 2387 quisille
2373 2323 2540 2383 esset,
2595 2323 2690 2370 aut
2735 2317 2870 2388 quid
2920 2327 3193 2388 puzereret
3215 2319 3242 2372 Ï„
3273 2319 3371 2382 Qui
3405 2320 3600 2374 beatus
3636 2321 3739 2373 Re-

2114 2409 2319 2483 migius
2351 2408 2666 2474 :Famulus,
2728 2409 2926 2480 inquit,
2977 2425 3134 2464 meus
3173 2418 3278 2475 est,
3307 2411 3552 2479 domina,
3586 2431 3737 2485 quae-

2119 2514 2247 2552 rens
2275 2515 2307 2552 a
2335 2505 2430 2552 tua
2454 2498 2661 2568 pietate
2685 2499 2879 2553 salutis
2919 2500 3184 2554 remedia.
3237 2501 3374 2564 Quid
3398 2509 3590 2557 autem
3627 2505 3739 2574 ipsa

2121 2590 2491 2660 reSponderit,
2529 2589 2652 2655 iste,
2693 2597 2754 2644 ut
2785 2591 2990 2657 retulit,
3025 2590 3217 2646 audire
3270 2608 3379 2647 non
3409 2594 3609 2662 potuit.
3643 2596 3736 2649 Ve-

2121 2683 2233 2736 lum
2264 2699 2392 2739 vero
2422 2683 2699 2756 quoddam
2717 2683 3242 2754 appensumibidem
3283 2684 3602 2750 videbatur;
3623 2695 3738 2757 post

2120 2773 2268 2842 quod
2301 2773 2394 2826 ubi
2425 2772 2545 2843 ipsa
2574 2772 2816 2838 intravit,
2843 2773 3192 2843 splendidius
3223 2774 3363 2829 hanc
3402 2775 3519 2830 sole
3558 2777 3734 2831 lumen

2119 2865 2188 2918 ab
2217 2867 2395 2920 oculis
2426 2867 2548 2934 ejus
2573 2866 2841 2935 suscepit,
2874 2867 2948 2921 ita
2986 2873 3045 2920 ut
3077 2866 3130 2920 in
3163 2866 3240 2932 id,
3296 2883 3406 2937 prae
3433 2868 3738 2938 splendoris

2124 2954 2527 3025 magnitudine,
2570 2953 2861 3009 intendere
2921 2955 3148 3008 minime
3200 2954 3464 3024 potuerit.
3507 2953 3639 3008 Post
3657 2951 3740 3006 ali-

2124 3051 2258 3112 quot
2283 3042 2526 3114 denique
2558 3042 2680 3096 dies
2698 3042 2959 3112 apparuit
2990 3042 3068 3095 illi
3102 3043 3298 3097 beatus
3322 3042 3603 3107 Martinus,
3628 3040 3744 3094 mis-

2129 3145 2366 3201 sumque
2396 3147 2456 3185 se
2495 3147 2526 3184 a
2557 3137 2748 3184 sancto
2797 3129 3049 3204 Remigio
3105 3131 3174 3184 ad
3222 3131 3479 3184 eumdem
3523 3136 3746 3184 testatus

2131 3229 2511 3288 est,asserens
2538 3221 2702 3277 etiam
2733 3221 2811 3275 illi
2869 3221 3126 3276 donatam
3157 3221 3347 3289 vitam,
3401 3237 3745 3277 concessam-

404 3291 575 3378 retur,
610 3310 880 3384 promisit.
914 3308 1159 3363 Tandem
1193 3313 1320 3377 post
1349 3319 1598 3359 mensem
1631 3303 1716 3357 his
1747 3303 2008 3357 absolutu:

2132 3331 2240 3386 que
2267 3314 2620 3369 medicinam.
2657 3313 2872 3368 Restitit
2903 3320 3087 3367 tamen
3117 3320 3309 3383 postea
3336 3314 3468 3369 huic
3499 3313 3747 3368 dubietas

402 3405 659 3472 vinculis,
721 3399 1112 3458 ecclesiasticis
1181 3397 1457 3453 addicitur
1512 3394 1771 3450 servitiis.
1830 3394 2026 3465 Sicque

405 3497 604 3568 partim
633 3495 686 3548 in
717 3492 913 3549 eadem
945 3491 1198 3557 ecclesia,
1259 3489 1456 3560 partim
1487 3488 1542 3542 in
1595 3486 1823 3543 basilica
1853 3487 2028 3542 sancti

403 3583 648 3654 Dionysii
694 3589 847 3636 extra
875 3595 1091 3634 murum
1139 3578 1373 3634 civitatis
1427 3593 1526 3648 per
1584 3577 2026 3649 quinquennium

406 3674 703 3732 incolumis
741 3672 1058 3729 deservivit.
1110 3671 1238 3727 Post
1294 3670 1442 3742 quod
1473 3670 1742 3740 temporis
1761 3669 2022 3740 spatium,

408 3765 466 3820 in
498 3763 692 3820 eadem
723 3761 1098 3826 solemnitate,
1132 3758 1439 3831 Hypapanti
1470 3759 1682 3812 scilicet
1711 3757 2024 3824 Salvatoris,

409 3857 550 3911 hanc
581 3855 864 3930 ingressus
931 3851 1245 3918 ecclesiam,
1271 3850 1401 3904 dum
1445 3849 1703 3919 precibus
1733 3847 2025 3915 incumbit,

409 3947 485 4000 ita
515 3943 823 4020 rigentibus
848 3941 1113 3997 membris
1133 3940 1282 3996 visus
1304 3947 1392 3994 est
1420 3937 1718 3992 adhaesisse
1749 3937 2030 4006 pavimen-

408 4037 501 4103 tis,
534 4044 593 4090 ut
622 4052 726 4091 nec
752 4051 837 4102 os,
891 4049 997 4089 nec
1051 4031 1278 4103 aliquod
1307 4029 1614 4084 membrum
1660 4029 1728 4082 ab
1759 4029 1846 4083 his
1875 4029 2026 4083 rele-

413 4145 541 4184 vare
573 4127 800 4183 valeret.
835 4125 1059 4181 Erectus
1105 4132 1287 4178 autem
1333 4139 1365 4176 a
1395 4121 1895 4186 circumstantibus,
1919 4128 2026 4191 tam

409 4218 660 4275 cruribus
689 4232 852 4289 quam
883 4214 1152 4270 ambabus
1167 4211 1516 4268 contrahitur
1541 4211 1814 4265 manibus.
1859 4211 2030 4275 Quin-

410 4315 465 4363 ta
480 4308 696 4362 decima
725 4304 930 4360 deinde
960 4302 1054 4357 die
1101 4302 1300 4357 iterum
1359 4299 1667 4365 absolutus,
1725 4313 1830 4352 nec
1861 4298 2032 4353 multo

412 4406 537 4471 post
569 4395 830 4452 humanis
856 4401 1144 4464 exemptus
1165 4399 1249 4447 est
1277 4391 1464 4446 rebus.
1501 4391 1605 4445 Sed
1630 4389 1755 4462 quis
1779 4403 2035 4443 enarrare

411 4492 728 4564 praevaleat,
769 4495 905 4560 quot
963 4487 1053 4542 hic
1107 4486 1440 4560 languentes
1489 4499 1632 4555 pene
1657 4485 1907 4554 quotidie
1940 4483 2030 4554 pia

411 4582 558 4636 dona
579 4578 771 4635 salutis
802 4575 1086 4632 sumunt?
1127 4581 1262 4647 quot
1317 4573 1715 4640 febricitantes,
1765 4581 1900 4644 quot
1922 4572 2031 4626 sal-

2129 3407 2313 3478 aliqua
2347 3406 2416 3459 de
2446 3406 2618 3460 beata}
2651 3405 2746 3459 Dei
2765 3404 3059 3459 Genitricis
3082 3420 3339 3475 persona,
3366 3407 3637 3475 quoniam
3661 3419 3749 3459 ne-

2133 3513 2256 3550 men
2276 3497 2451 3567 ipsius
2470 3497 2524 3550 in
2538 3497 2752 3552 visione
2766 3496 3063 3550 revelatum
3081 3511 3190 3550 non
3214 3495 3487 3550 audierat.
3510 3497 3626 3551 Sed
3640 3511 3751 3566 pre-

2130 3590 2356 3644 cabatur
2371 3589 2615 3656 assidue,
2636 3597 2694 3643 ut
2708 3587 2969 3643 Dominus
2981 3587 3086 3641 sibi
3103 3593 3414 3641 monstrare
3431 3587 3754 3662 dignaretur

2131 3691 2312 3737 utrum
2348 3682 2466 3753 ipsa
2498 3681 2712 3748 fuisset,
2747 3698 2910 3752 quam
2941 3681 3175 3742 viderat,
3202 3679 3296 3734 Dei
3322 3679 3578 3754 genitrix
3609 3679 3752 3751 virgo

2129 3773 2310 3828 Maria.
2347 3773 2588 3847 Contigit
2627 3780 2808 3827 autem
2843 3773 2922 3827 illi
2985 3780 3107 3842 post
3136 3788 3228 3826 sex
3272 3770 3387 3826 fere
3420 3787 3670 3836 menses,
3699 3777 3752 3824 ut

2128 3865 2334 3929 subito,
2387 3865 2516 3918 dum
2567 3871 2738 3919 noctu
2797 3865 3130 3935 quiesceret,
3192 3863 3342 3934 gravi
3399 3871 3747 3932 premeretur

2130 3953 2480 4026 aegritudine,
2508 3953 2647 4006 adeo
2666 3961 2725 4007 ut
2751 3952 3076 4022 desperaret
3114 3951 3347 4006 ulterius
3398 3967 3458 4005 se
3480 3967 3652 4020 posse
3679 3951 3754 4004 vi-

2131 4063 2279 4103 vere.
2314 4047 2373 4101 Et
2403 4047 2538 4100 dum
2587 4045 2747 4100 valde
2796 4045 3132 4111 anxiaretur,
3188 4045 3450 4116 appensis
3501 4061 3677 4116 supra
3697 4060 3752 4099 se

2135 4140 2309 4194 beatae
2334 4139 2514 4194 Mariae
2542 4138 2885 4213 pigneribus,
2921 4137 3237 4206 hujusmodi
3270 4138 3438 4208 erepit
3469 4135 3752 4192 effundere

2136 4245 2329 4300 preces
2364 4227 2439 4283 :0
2470 4227 2632 4282 beata
2656 4227 2753 4281 Dei
2775 4227 3041 4293 Genitrix,
3103 4227 3263 4296 cujus
3303 4226 3392 4281 hic
3433 4223 3752 4293 dependent

2136 4321 2391 4393 pignera,
2424 4319 2468 4373 si
2512 4333 2723 4383 revera,
2784 4325 2844 4372 ut
2903 4317 3201 4381 credimus,
3264 4316 3333 4370 de
3391 4323 3445 4368 te
3475 4313 3646 4368 nobis
3676 4313 3749 4366 har

2136 4423 2568 4480 superappensae
2628 4407 2904 4460 habentur
2934 4403 3208 4476 reliquiae,
3256 4410 3309 4457 et
3363 4402 3409 4455 si
3451 4417 3586 4454 vere
3612 4400 3678 4453 de
3702 4405 3746 4450 te

2130 4502 2270 4558 visio
2301 4507 2576 4570 estquam
2629 4513 2807 4568 nuper
2856 4496 3008 4562 vidi;
3045 4496 3090 4550 si
3159 4503 3214 4550 tu
3265 4510 3324 4548 es
3378 4492 3470 4547 illa
3507 4493 3748 4548 domina.

2132 4609 2297 4663 quam
2331 4589 2398 4644 ad
2424 4588 2557 4643 illud
2591 4586 2846 4640 mirabile
2902 4586 3171 4655 templum
3201 4589 3423 4644 sanctus
3471 4579 3750 4640 Martinus,

409 4679 608 4724 vantur
635 4667 998 4740 energumeni
1029 4665 1058 4719 Ï„
1088 4664 1310 4736 quisvel
1340 4663 1563 4754 edicere
1581 4669 1767 4733 pestes
1787 4662 1876 4716 hic
1898 4662 2030 4715 libe-
2055 4658 2112 4726 D
2140 4658 2191 4740 á¼Î¹
2231 4683 2409 4737 almus
2442 4679 2726 4754 Remigius
2782 4676 3191 4733 comitabantur
3252 4680 3501 4732 euntem.
3560 4673 3655 4726 ubi
3706 4677 3748 4722 Î¹Îµ

411 4762 544 4818 ratis
574 4759 892 4816 hominibus
923 4756 1190 4830 effugatas
1218 4754 1247 4809 ?
1295 4755 1404 4810 Sed
1433 4753 1501 4809 de
1533 4754 2033 4809 innumerabilibus

411 4855 606 4910 saltem
632 4869 807 4925 pauca
833 4863 1299 4906 commemorasse
1329 4845 1585 4903 sufï¬ciat.

1037 4961 1248 5018 CAPUT
1278 4962 1386 5016 Î½Î·.

589 5059 665 5111 De
692 5055 899 5109 visione
927 5051 1215 5120 cujusdam
1247 5050 1518 5107 Gerha-rdi
1527 5050 1854 5119 presbyteri.

486 5146 779 5217 Presbyter
830 5143 1054 5216 quidam
1112 5143 1183 5197 de
1237 5157 1378 5216 pago
1410 5141 1691 5207 Porcensi,
1727 5141 2040 5197 Gerhardus

415 5236 663 5303 nomine,
697 5236 751 5288 in
785 5233 1078 5304 quamdam
1103 5231 1312 5286 dudum
1344 5229 2037 5295 decideratvaletudinem,

415 5326 491 5379 ita
520 5333 579 5378 ut
603 5338 820 5378 veneno
853 5329 1076 5393 potatus
1116 5337 1238 5376 esse
1271 5319 1610 5376 crederetur.
1659 5319 1714 5372 ln
1743 5335 1850 5390 qua
1880 5317 2036 5372 vale-

416 5415 611 5469 tudine
642 5422 957 5468 sanctorum
991 5413 1272 5470 nonnullis
1301 5412 1620 5468 consolatus
1659 5418 1742 5464 est
1775 5409 2038 5465 visitatio-

421 5501 606 5566 nibus,
639 5501 786 5554 beati
816 5501 1454 5574 scilicetPetriapostoli,
1487 5501 1751 5573 quisnam
1781 5499 2032 5570 ei,quam

418 5590 663 5662 regebat,
707 5591 969 5659 praecepit
997 5592 1160 5646 etiam
1206 5591 1312 5659 bis,
1345 5600 1405 5646 ut
1435 5597 1745 5645 restaurare
1785 5589 2034 5643 studeret

415 5677 728 5743 ecclesiam,
761 5685 928 5746 atque
951 5679 1237 5750 redarguit
1274 5697 1374 5751 per
1429 5680 1566 5746 visa,
1598 5695 1697 5733 cur
1727 5678 1889 5734 toties
1913 5693 2032 5731 mc-

414 5769 569 5824 dicos
599 5767 794 5822 salutis
821 5783 934 5821 sure
967 5770 1279 5840 requisierit
1307 5787 1491 5826 causa.
1526 5772 1783 5826 Sanctum
1807 5784 2031 5842 quoque

483 5895 560 5964 (8)
599 5893 752 5952 Idem
788 5891 956 5948 refert
985 5893 1042 5948 in
1086 5892 1309 5961 Chron.,
1353 5911 1440 5950 au.
1475 5895 1600 5952 934.

2134 4771 2480 4828 clarissimus
2534 4776 2851 4824 sanctorum
2883 4773 3060 4821 cmtus
3098 4773 3417 4835 expectans,
3450 4761 3749 4832 aspiciente

2135 4878 2246 4927 me,
2281 4861 2530 4914 laetantcr
2559 4856 2800 4927 excepit,
2826 4855 2909 4910 fer
2929 4871 3092 4925 epem
3127 4852 3261 4907 mihi
3294 4851 3524 4925 indigno
3555 4847 3746 4903 famulo

2137 4958 2251 5013 tuo,
2273 4956 2327 5001 et
2353 4958 2460 5001 tam
2493 4944 2589 5000 diu
2623 4945 2856 5015 impetra
2916 4944 3051 4998 mihi
3083 4943 3247 4997 vitam
3282 4949 3450 5012 atque
3478 4939 3745 4996 virtutem.

2139 5045 2199 5090 ut
2233 5035 2412 5088 missae
2465 5034 2727 5106 mysteria
2771 5031 3003 5088 Domino
3057 5031 3360 5094 celebrem,
3421 5035 3476 5082 ct
3532 5039 3747 5081 munera

2140 5130 2263 5185 vitae
2287 5129 2538 5198 corporis
2569 5127 2771 5182 Christi
2811 5141 3032 5180 sumere
3064 5139 3278 5179 merear
3313 5137 3585 5192 ;vesque,
3619 5117 3747 5174 beati

2143 5218 2434 5292 pontifices
2479 5217 2700 5284 Christi,
2761 5231 2901 5288 quos
2942 5231 3066 5269 cum
3109 5210 3302 5268 eadem
3354 5210 3607 5265 comitari
3638 5224 3749 5264 con-

2141 5309 2317 5381 spexi,
2351 5309 2605 5377 adjuvate
2638 5322 2727 5360 me
2763 5305 2909 5376 apud
2944 5303 3141 5374 ipsam,
3175 5299 3267 5372 qui
3304 5315 3392 5353 me
3419 5305 3602 5353 vestro
3629 5297 3745 5369 piis-

2141 5403 2282 5459 sime
2304 5399 2578 5457 consolari
2609 5395 2823 5473 dignari
2859 5393 3040 5448 fuistis
3065 5388 3330 5461 alloquio.
3364 5388 3582 5440 Interea
3614 5385 3741 5437 inter

2138 5508 2372 5568 angores
2397 5503 2704 5562 precesque
2726 5485 2813 5540 vix
2843 5483 2982 5538 levis
3021 5478 3274 5550 obrepsit
3322 5491 3572 5539 somnus,
3631 5485 3738 5527 cum

2135 5566 2319 5642 subito
2341 5583 2443 5639 sub
2473 5582 2670 5637 eodem
2723 5578 2876 5633 vultu
2921 5573 3244 5644 habituque,
3269 5584 3381 5641 quo
3423 5566 3578 5638 prius
3602 5579 3736 5620 eam-

2135 5676 2258 5730 dem
2283 5679 2594 5744 aspexerat,
2617 5666 2941 5724 beatissima
2982 5678 3042 5716 se
3072 5658 3368 5717 videndam
3402 5653 3635 5726 praebuit
3664 5665 3737 5744 re:

2133 5768 2283 5843 gina,
2309 5766 2519 5820 eisdem
2540 5760 2814 5819 columnis
2842 5757 3050 5824 innixa,
3076 5751 3280 5826 quibus
3306 5755 3360 5805 et
3390 5757 3556 5803 antea
3591 5739 3734 5798 inniti
