3884 6408
147 382 248 437 149

805 375 1134 432 HISTORUE
1173 375 1506 432 ΕΟΟιΕΞΙιΕ
1543 376 1679 432 REM
1688 377 1769 432 EN

1941 377 2088 433 .lBRl
2129 379 2456 444 QUATUOR.
2482 412 2553 422 —
2593 382 2718 440 LIB.
2743 385 2813 439 lll

3388 391 3494 447 150

144 520 346 585 fuerat,
370 516 509 584 visa,
543 517 665 572 luce
720 531 1018 572 coruscans
1044 515 1367 572 clarissima.
1396 516 1461 572 At
1503 515 1595 572 ille
1620 523 1770 572 tanto
1794 519 1846 586 A
1875 517 1968 589 qui
2010 517 2092 573 sic
2119 518 2227 573 sibi
2259 519 2464 574 lectum
2491 520 2708 576 solebat
2729 528 3003 591 sternere,
3037 540 3202 596 quem
3234 527 3492 585 novimus

141 608 504 664 tremefactus
539 606 864 678 splendore,
898 604 1152 677 nihilque
1178 604 1279 660 fari
1317 621 1505 670 ausus,
1539 604 1771 660 lumini-

142 703 249 756 bus
279 701 336 755 in
357 709 564 756 terram
587 696 852 753 demissis
864 697 1157 754 videbatur
1177 697 1516 768 stupefactus
1540 698 1769 752 hmrere.

141 795 316 859 Quem
345 794 543 849 beatus
599 790 944 862 compellans
996 789 1321 864 Remigius:
1355 789 1515 857 Quid,
1569 789 1768 861 inquit,

143 904 246 943 nos
277 889 388 942 huc
405 886 688 942 advocasti
725 883 753 938 ?
786 885 980 940 Nonne
1010 884 1168 940 vides
1195 884 1478 940 dominam
1526 890 1770 938 nostram

145 979 237 1032 Dei
279 976 616 1033 Genitricem
650 982 702 1030 te
747 973 1058 1030 confortare
1109 979 1352 1044 paratam
1384 973 1412 1027 ?
1439 972 1572 1044 quid
1604 971 1767 1026 dubi-

144 1075 268 1120 tans
317 1065 504 1120 tardas
547 1063 814 1119 accedere
862 1063 932 1116 ad
982 1061 1176 1116 illam?
1209 1062 1300 1116 His
1357 1061 1519 1118 dictis
1564 1071 1770 1118 tremor

140 1158 413 1222 abscedit,
450 1156 721 1212 allevatur
762 1155 1003 1222 animus,
1030 1154 1365 1225 elevansque
1395 1153 1590 1208 oculos
1621 1152 1767 1206 vires

141 1249 379 1321 recepit,
431 1256 486 1304 et
540 1255 669 1304 ante
727 1248 902 1319 pedes
947 1246 1280 1303 beatissimze
1321 1245 1565 1302 Dominae
1599 1244 1770 1300 frater

139 1341 234 1394 ille
252 1338 532 1395 corruisse
583 1352 644 1392 se
673 1335 833 1392 vidit.
885 1337 1056 1402 Quem
1100 1352 1268 1390 manu
1324 1335 1444 1406 ipsa
1473 1335 1656 1390 levare
1683 1334 1768 1388 di-

138 1437 332 1506 gnata,
364 1429 532 1485 fronti
573 1428 794 1503 signum
835 1428 1016 1483 crucis
1049 1427 1304 1499 imponit,
1343 1436 1398 1483 et
1427 1427 1557 1482 talia
1578 1442 1770 1496 prose-

138 1521 368 1592 quitur:
423 1518 502 1573 Ne
549 1517 764 1586 timeas,
829 1533 1010 1590 neque
1051 1518 1320 1588 desperes
1368 1533 1380 1571 :
1437 1515 1658 1572 confide
1709 1515 1766 1570 in

140 1612 380 1668 Domino
402 1611 534 1682 quia
558 1609 839 1682 percipies
883 1610 1094 1666 donum
1139 1611 1208 1664 ab
1248 1610 1368 1680 ipso
1415 1609 1625 1671 salutis,
1681 1607 1764 1663 si-

137 1701 668 1775 gnumquepulsare
690 1700 828 1769 jube
872 1707 932 1756 ut
975 1715 1129 1755 sacra
1180 1697 1442 1770 mysteria
1488 1697 1762 1764 celebres,

136 1805 193 1850 et
227 1795 436 1868 gratias
480 1795 594 1849 Deo
631 1793 862 1860 referas,
913 1809 1038 1849 eum
1071 1792 1394 1849 collaudans
1431 1791 1524 1864 qui
1559 1799 1612 1846 te
1643 1796 1768 1861 post

1871 609 2004 664 olim
2035 608 2297 663 aerumnis
2318 608 2573 665 affectum
2606 611 2664 664 in
2694 611 3050 682 pauperrimo
3072 630 3295 686 quoque
3317 624 3492 674 stratu

1872 696 2101 752 obiisse.
2154 699 2232 753 Ita
2287 700 2585 756 deterritus
2614 701 2790 774 surgit
2835 702 3230 776 pr0priamque
3272 705 3491 777 culpam

1871 785 2177 854 confessus,
2245 788 2484 843 scamnis
2539 789 2742 860 tapetia
2791 791 2992 859 reddit,
3059 802 3115 848 et
3189 794 3490 852 Dominum

1872 897 2042 952 super
2063 882 2165 938 hac
2207 883 2560 954 correptione
2604 900 2705 939 sua
2743 885 2978 958 ejusque
3016 888 3295 944 collaudat
3323 890 3494 946 Geni-

1869 973 2082 1029 tricem.
2119 976 2268 1032 Hanc
2323 984 2506 1032 autem
2557 978 2837 1033 dominam
2884 994 3008 1051 quat
3057 997 3117 1036 se
3173 981 3494 1041 visitaverat

1868 1078 1980 1118 non
2005 1057 2231 1138 agnovit
2272 1083 2286 1132 ;
2318 1082 2349 1120 a
2379 1066 2544 1122 beata
2592 1068 2756 1123 Maria
2786 1075 2969 1123 tamen
3011 1067 3184 1125 fuisse
3212 1072 3493 1128 credimus

1868 1157 2112 1210 missam.
2147 1157 2410 1214 Novimus
2469 1159 2637 1214 etiam
2693 1161 2965 1232 quosdam
3011 1161 3263 1232 devotos,
3322 1172 3493 1236 atque

1873 1249 2174 1318 promissos
2229 1268 2259 1306 a
2355 1253 2684 1322 parentibus
2771 1253 2827 1307 in
2893 1254 2994 1308 hac
3067 1253 3306 1308 ecclesia
3374 1255 3492 1311 fore

1872 1337 2110 1404 Christo,
2169 1340 2403 1412 ejusque
2455 1341 2719 1397 Genitrici
2796 1342 3115 1398 servituros.
3179 1343 3333 1408 Quod
3393 1359 3494 1400 vo-

1872 1434 1987 1484 tum
2020 1429 2150 1484 dum
2201 1431 2410 1485 vellent
2455 1437 2648 1500 postea
2703 1437 2918 1487 mutare
2966 1439 3244 1503 parentes.
3318 1435 3493 1505 prolis

1869 1527 1997 1574 sunt
2043 1519 2219 1575 coacti
2302 1523 2566 1592 languore
2628 1536 2784 1576 suam
2837 1522 3266 1592 promissionem
3313 1524 3494 1580 adim-

1868 1611 2043 1682 plere.

1939 1705 2154 1759 Dudum
2184 1720 2308 1761 cum
2339 1704 2596 1777 agricola;
2626 1705 2753 1761 urbi
2777 1705 2946 1762 vicini
2975 1713 3099 1779 post
3125 1708 3356 1778 Pascha,
3395 1727 3491 1769 so-

1869 1795 1971 1851 lito
2001 1795 2068 1852 de
2099 1811 2272 1862 more,
2308 1796 2448 1851 hanc
2477 1797 2747 1867 petissent
2767 1798 2964 1853 urbem
2986 1798 3152 1868 hujus
3189 1799 3494 1855 admirabi-

136 1888 376 1942 verbera
395 1895 574 1941 sanat.
638 1885 732 1940 His
776 1885 958 1951 dictis,
1011 1885 1079 1939 ab
1131 1885 1252 1953 ejus
1283 1883 1760 1949 recessitvisibus,
1795 1863 1941 1942 Blis
1970 1887 2209 1943 domina:
2267 1889 2605 1961 requirendo
2663 1889 2926 1964 suﬁragia
2982 1906 3194 1963 suaque
3249 1902 3374 1948 vota
3406 1893 3495 1949 fe-

135 1979 260 2034 suis
277 1977 480 2048 stipata
515 1977 834 2032 comitibus.
867 1976 1067 2048 Sicque
1095 1991 1222 2031 mox
1275 1975 1442 2030 frater
1473 1975 1620 2029 idem
1645 1974 1765 2032 col-

133 2068 252 2122 lata
292 2065 401 2120 sibi
433 2066 608 2121 salute
633 2065 794 2120 laetus
848 2065 1113 2138 exsurgit,
1142 2072 1198 2120 et
1228 2065 1296 2118 ad
1323 2064 1598 2136 explenda
1617 2064 1770 2132 jussa

134 2156 430 2222 festinans,
463 2156 536 2210 ita
591 2171 760 2210 sanus
815 2161 871 2209 et
927 2155 1110 2210 alacer
1139 2153 1368 2210 effectus
1396 2161 1498 2219 est,
1532 2161 1592 2208 ut
1620 2143 1763 2208 ﬁun-

133 2266 307 2321 quam
339 2248 580 2318 alacrior.
611 2263 736 2302 esse
763 2248 1022 2319 potuerit.
1068 2248 1192 2303 Haec
1217 2256 1274 2302 ut
1299 2247 1496 2302 eodem
1528 2246 1764 2316 presby-

131 2348 260 2395 tero
293 2345 551 2394 narrante
584 2337 904 2405 didicimus,
935 2337 1006 2392 ita
1047 2337 1367 2392 describere
1422 2351 1644 2407 quoque
1675 2336 1764 2390 di-

130 2444 311 2503 gnum
344 2426 446 2482 rati
478 2442 690 2481 sumus.

765 2495 974 2551 CAPUT
997 2495 1132 2550 Vlll.

485 2589 559 2641 De
589 2587 716 2641 aliis
751 2585 1082 2656 quibusdam
1114 2584 1416 2640 miraculis.

211 2680 338 2735 Hmc
362 2678 568 2750 inclyta
595 2677 714 2733 caeli
744 2677 960 2752 regina,
1013 2685 1072 2732 ut
1124 2676 1428 2732 subvenire
1459 2677 1605 2732 solet
1661 2677 1769 2733 hu-

131 2772 256 2827 mili
284 2788 345 2826 se
375 2770 544 2827 corde
606 2769 947 2841 petentibus,
1002 2769 1083 2824 sic
1135 2768 1192 2822 in
1225 2776 1653 2840 praesumptores
1681 2771 1766 2825 vel

128 2866 578 2930 contemptores,
635 2857 866 2913 ultionis
911 2873 1309 2928 nonnunquam
1349 2872 1542 2927 poenas
1572 2859 1763 2914 exerit.

129 2947 292 3013 Quod
317 2946 409 3018 pie
441 2961 666 3018 quoque
713 2945 832 3001 fieri
897 2946 1197 3013 credimus,
1229 2954 1287 3000 ut
1315 2945 1481 3001 hicin
1505 2947 1764 3018 praesenti

129 3038 600 3110 delinquentibus
627 3037 796 3113 digna
827 3037 1149 3113 ingerantur
1206 3037 1458 3101 verbera,
1494 3054 1563 3093 ne
1595 3039 1651 3092 in
1680 3038 1768 3094 fu-

132 3143 265 3190 turo
297 3132 554 3208 graviora
583 3147 680 3188 eos
731 3133 1052 3188 excrucient
1081 3139 1372 3187 tormenta.
1403 3132 1557 3198 Quod
1581 3141 1765 3188 autem

133 3227 307 3282 modo
329 3226 581 3282 dicturus
620 3241 742 3280 sum
803 3241 913 3280 non
972 3226 1094 3296 ipse
1145 3225 1282 3292 vidi,
1336 3225 1434 3280 sed
1465 3226 1766 3281 multorum

131 3317 316 3373 relatu
365 3315 589 3370 Patrum
648 3316 858 3369 narrari
912 3315 1235 3387 frequenter
1271 3315 1479 3369 audivi.
1533 3315 1763 3381 Quidam

131 3423 202 3461 ex
236 3404 458 3460 clericis
471 3411 676 3459 nostrw
689 3403 1162 3479 congregationis,
1182 3405 1492 3459 Bernardus
1515 3405 1759 3472 nomine,

128 3501 322 3551 custos
353 3494 518 3562 hujus
552 3499 672 3548 erat
704 3492 955 3548 ecclesiae
989 3493 1114 3565 ;qui
1141 3493 1397 3564 petitusa
1431 3493 1764 3564 quibusdam

128 3586 355 3642 levibus
378 3584 634 3656 personis
687 3584 762 3655 (ut
819 3583 944 3655 ipse
993 3593 1119 3655 post
1155 3584 1363 3655 scripto
1417 3585 1764 3657 monstravit)

131 3683 417 3749 quatenus
438 3674 580 3746 ipsis
602 3675 859 3747 qumdam
880 3683 1194 3731 sanctorum
1234 3675 1478 3731 dedisset
1511 3693 1765 3751 pignora,

131 3770 272 3823 dum
306 3767 544 3839 quadarn
580 3766 671 3821 die
692 3783 817 3822 cum
847 3767 1089 3838 quodam
1121 3783 1293 3837 puero
1325 3766 1416 3822 hic
1442 3767 1595 3822 solus
1623 3774 1770 3821 esset

134 3861 193 3914 in
228 3859 456 3930 templo,
487 3865 744 3930 correpta
783 3859 1022 3930 quadam
1075 3858 1282 3929 pixidc,
1308 3858 1364 3912 in
1396 3875 1504 3930 qua
1537 3865 1763 3914 sancto-

133 3969 260 4007 rum
279 3951 712 4007 continebantur
729 3950 1005 4022 reliquiaa,
1023 3967 1160 4006 ausu
1194 3951 1488 4006 temerario
1503 3967 1769 4022 prmsum—

141 4045 257 4116 psit
287 4044 526 4114 aperire.
580 4044 696 4107 Quo
745 4042 891 4098 facto
926 4043 1099 4098 nimio
1131 4058 1335 4114 pavore
1362 4043 1695 4109 concutitur,
1715 4052 1770 4098 et

133 4132 349 4188 nebula
387 4133 542 4187 locus
563 4139 711 4187 totus
762 4147 961 4206 magna
995 4132 1263 4203 repletur.
1302 4132 1511 4203 talique
1536 4131 1770 4187 vallatur

131 4228 393 4290 horrore,
427 4229 488 4278 ut
526 4239 636 4279 non
694 4230 908 4294 putaret
937 4239 997 4277 se
1062 4223 1298 4294 amplius
1327 4225 1534 4279 vivere.
1564 4223 1767 4296 Sicque

135 4315 360 4389 perdita
409 4331 567 4381 voce,
625 4322 735 4371 tam
793 4316 914 4387 ipse
979 4331 1143 4387 quam
1201 4333 1343 4388 puer
1421 4317 1514 4389 qui
1582 4332 1770 4372 secum

133 4416 282 4476 erat,
313 4407 458 4463 ultra
489 4407 640 4479 loqui
698 4423 803 4464 nec
848 4424 914 4462 ea
945 4424 1070 4478 quae
1111 4407 1369 4464 viderant
1423 4409 1522 4464 fari
1575 4416 1771 4480 potue-

134 4509 290 4558 runt.

1871 1978 2067 2043 rendo,
2102 1979 2355 2049 quaedam
2389 1979 2536 2034 villae
2583 1986 2852 2035 consueta
2899 1997 3148 2052 quaerere
3201 1983 3496 2056 ncglexere

1870 2070 2148 2139 praesidia.
2174 2073 2411 2134 Quarum
2441 2087 2650 2126 messes
2688 2087 2810 2126 cum
2832 2071 2946 2140 jam
3006 2079 3229 2144 tempus
3260 2073 3495 2130 instaret

1865 2158 2130 2225 metendi,
2161 2165 2311 2214 tanta
2342 2160 2687 2230 tempestatis
2743 2169 2874 2215 sunt
2929 2161 3131 2216 attrita:
3189 2162 3486 2236 grandine,

1865 2258 1925 2306 ut
1957 2267 2098 2321 pene
2116 2251 2304 2306 omnia
2329 2268 2520 2307 eorum
2552 2253 2822 2323 perierint
2850 2259 3000 2317 sata;
3029 2253 3208 2310 vinea
3233 2271 3483 2328 quoque,

1865 2339 2074 2394 adustis
2104 2339 2403 2411 fractisque
2436 2341 2733 2412 pampinis,
2791 2359 3020 2398 uvarum
3048 2344 3337 2400 amiserint
3364 2346 3486 2401 fru-

1865 2441 2034 2487 ctum.
2070 2433 2265 2488 Eorum
2298 2449 2430 2489 vero
2463 2433 2601 2490 fines
2655 2435 2751 2507 qui
2781 2452 2841 2492 se
2882 2437 3048 2506 hujus
3077 2436 3344 2509 piissimae
3373 2438 3484 2495 do-

1869 2523 2174 2579 minatricis
2205 2525 2457 2580 muniere
2487 2525 2778 2593 subsidiis,
2820 2541 3001 2598 neque
3027 2533 3254 2600 tangere
3286 2529 3490 2583 nedum

1869 2617 2074 2672 intrare
2105 2619 2315 2691 grando
2344 2619 2710 2690 praesumpsit.
2755 2620 2956 2692 Sicque
2973 2621 3242 2694 deinceps
3282 2629 3391 2678 tam
3411 2622 3491 2688 hi,

1871 2724 2036 2778 quam
2050 2709 2232 2766 caeteri
2251 2709 2460 2781 quique
2478 2709 2751 2785 contigui,
2785 2712 3095 2782 promptius
3111 2712 3494 2785 libentiusque

1871 2799 2158 2852 annuatim
2199 2799 2448 2867 ejusdem
2507 2800 2747 2856 dominas
2801 2809 3022 2869 nostris,
3056 2802 3230 2858 sancti
3263 2818 3491 2875 quoque

1872 2889 2127 2965 Remigii,
2186 2897 2626 2962 caiterorumque
2674 2898 2989 2946 sanctorum
3049 2893 3194 2948 hanc
3250 2894 3492 2948 Remen-

1868 2998 1983 3037 sem
2016 2983 2288 3039 adeuntes
2315 2983 2535 3048 urbem,
2568 2990 2978 3040 consueverunt
3016 2991 3280 3055 expetere
3312 2991 3494 3056 patro-

1867 3073 2035 3131 cinia.

2513 3145 2725 3200 CAPUT
2758 3147 2845 3200 1X.

1941 3256 2012 3307 De
2050 3253 2285 3307 secunda
2315 3253 2458 3306 beati
2496 3253 2726 3319 Remigii
2772 3255 3008 3322 corporis
3039 3255 3415 3310 translatione.

1939 3362 2201 3416 Praefatus
2277 3361 2522 3433 denique
2595 3361 2795 3431 praesul
2848 3362 3175 3418 Hincmarus
3241 3371 3488 3436 cryptam

1867 3456 2113 3527 pneclari
2147 3455 2336 3526 operis
2366 3453 2434 3508 ad
2467 3453 2639 3523 pedes
2667 3453 2720 3508 S.
2777 3455 3014 3528 Remigii
3063 3457 3394 3524 construxit,
3436 3465 3494 3514 et

1868 3567 2072 3623 corpus
2098 3548 2348 3616 ejusdem
2399 3548 2710 3605 beatissimi
2760 3549 2978 3620 patroni
3010 3551 3078 3606 de
3130 3551 3253 3607 loco
3284 3559 3492 3622 cryptae

1871 3645 2092 3716 prioris,
2115 3658 2224 3698 una
2254 3659 2378 3698 cum
2402 3644 2658 3714 sepulcro
2688 3642 2864 3713 ipsius
2904 3642 2960 3696 in
2994 3643 3212 3711 eadem,
3243 3643 3493 3699 collectis

1872 3733 2162 3789 Remensis
2214 3733 2526 3789 dioeceseos
2579 3731 2880 3804 episcOpis,
2942 3739 3003 3787 ut
3053 3733 3167 3802 jam
3234 3733 3494 3804 superius

1869 3824 2076 3878 dictum
2131 3829 2215 3878 est
2273 3822 2386 3891 (lib.
2439 3840 2477 3890 ι,
2536 3837 2658 3892 cap.
2717 3821 2829 3889 21),
2889 3821 3171 3876 transtulit
3204 3838 3218 3874 :
3251 3831 3306 3876 et
3363 3830 3493 3878 ante

1871 3912 2046 3983 ipsius
2075 3911 2389 3982 sepulcrum
2421 3926 2562 3982 Opus
2593 3909 2881 3986 egregium
2938 3925 3076 3965 auro
3102 3909 3301 3974 edidit,
3333 3926 3492 3981 gem-

1872 4005 2087 4076 misque
2119 4002 2392 4068 distinxit,
2437 4003 2731 4058 fenestram
2788 4001 2950 4069 inibi,
2999 4002 3147 4058 unde
3196 4004 3370 4058 sancti
3404 4019 3494 4061 se-

1870 4099 2120 4169 pulcrum
2147 4098 2452 4162 videretur,
2483 4095 2635 4166 fecit,
2680 4105 2735 4152 et
2763 4095 2910 4153 circa
2936 4095 3112 4168 ipsam
3141 4094 3488 4152 fenestellam

1871 4194 1971 4250 hos
1999 4192 2304 4248 versiculos
2334 4190 2537 4246 indidit
2565 4209 2578 4244 :

1938 4299 2038 4347 Hoc
2072 4297 2178 4349 tibi.
2214 4295 2423 4360 Remigi.
2458 4296 2720 4362 fabricavit
2743 4313 2918 4361 magno
2948 4299 3233 4362 sepulcrum

2000 4362 2298 4410 Hincmarus
2319 4360 2504 4422 praesul
2526 4361 2704 4410 ductus
2716 4360 2884 4411 amore
2909 4360 3010 4410 tuo.

1936 4425 1996 4474 Ut
2023 4424 2241 4488 requiem
2271 4423 2511 4488 Dominus
2536 4423 2723 4488 tribuat
2747 4424 2892 4488 mihi,
2919 4432 3104 4488 sancte,
3137 4431 3340 4488 precatu

1996 4488 2056 4536 Et
2076 4484 2239 4551 dignis
2273 4485 2477 4542 meritis,
2503 4485 2573 4533 mi
2594 4484 2894 4544 venerande,
2921 4485 3036 4535 tuis.

211 4592 448 4660 Quidam
498 4607 724 4663 quoque
781 4598 968 4648 custos
1023 4593 1190 4661 hujus
1247 4592 1518 4659 ecclesiae,
1560 4599 1618 4648 ut
1649 4593 1768 4664 ipse
1795 4565 1850 4633 D
1951 4588 2306 4664 Evangelium
2341 4588 2525 4642 aureis
2556 4587 3157 4664 litterisinsignivit,ac
3185 4591 3494 4661 parietibus

136 4687 308 4742 nobis
371 4685 637 4752 narravit,
696 4686 826 4742 dum
879 4688 969 4743 die
1029 4688 1215 4760 aliqua
1251 4696 1376 4758 post
1422 4688 1777 4744 matutinales

134 4781 334 4834 laudes
367 4778 425 4833 in
457 4779 694 4834 ecclesia
727 4780 1086 4851 requiescere
1118 4780 1304 4845 vellet,
1336 4780 1612 4851 arripiens
1645 4791 1776 4835 tem-

136 4869 213 4940 pli
248 4867 480 4940 tapetia,
520 4869 722 4923 lectum
754 4869 864 4924 sibi
925 4887 989 4924 ex
1024 4870 1110 4924 liis
1157 4869 1372 4934 stravit,
1419 4868 1611 4941 ibique
1643 4886 1773 4926 sese

132 4977 338 5018 somno
369 4959 544 5016 dedit.
583 4962 644 5017 Et
671 4978 800 5018 ecce
862 4969 1117 5018 matrona
1155 4963 1408 5034 quaedam
1441 4962 1544 5017 sub
1577 4963 1771 5018 habitu

133 5051 300 5106 senili
334 5049 520 5106 eidem
553 5051 834 5121 apparuit,
892 5068 1015 5123 quae
1047 5051 1249 5106 herbas
1281 5049 1549 5123 quasdam
1581 5068 1768 5107 secum

137 5139 438 5194 videbatur
469 5139 706 5194 deferre.
727 5140 852 5196 Haec
880 5140 1058 5211 primo
1107 5140 1335 5211 quidem
1393 5140 1614 5195 blandis
1643 5157 1768 5195 eum

138 5228 311 5298 coepit
343 5225 498 5281 affari
536 5227 907 5283 sermonibus.
954 5227 1055 5283 Ubi
1078 5243 1208 5285 vero
1228 5243 1383 5283 sacra
1403 5228 1507 5283 sub
1540 5243 1606 5283 co
1637 5245 1771 5284 con-

139 5319 446 5391 templatur
475 5319 704 5390 tapetia,
749 5319 934 5375 taliter
982 5317 1122 5387 infit,
1154 5336 1281 5374 eum
1315 5325 1522 5376 mutato
1548 5336 1770 5392 quoque

138 5413 297 5467 vultu
332 5418 570 5478 terrens,
610 5427 888 5487 aggressa.
945 5413 1009 5467 Et
1051 5419 1110 5468 tu
1165 5412 1406 5468 domina:
1449 5420 1653 5467 sanctae
1678 5413 1771 5468 Dei

140 5502 443 5559 Genitricis
472 5518 642 5558 ausus
663 5520 724 5558 es
752 5504 962 5560 violare
1002 5521 1064 5560 ac
1084 5504 1318 5575 pedibus
1348 5521 1501 5560 sacra
1531 5505 1774 5576 superbe

140 5595 474 5651 conculcare
506 5603 850 5652 ornamenta.
925 5613 1027 5652 nec
1085 5604 1289 5652 tantam
1331 5597 1558 5653 timuisti
1592 5597 1777 5654 domi—

144 5702 271 5738 nam
305 5683 336 5736 ?
363 5683 526 5739 Modo
551 5683 777 5755 quidem
815 5702 1070 5756 parcam;
1106 5702 1389 5758 nunquam
1416 5694 1598 5741 tamen
1631 5687 1776 5742 ultra

144 5793 451 5849 praesumas
483 5775 632 5832 talia.
659 5777 1099 5851 Exemplumque
1129 5779 1284 5834 dedit
1316 5779 1393 5834 illi
1415 5779 1482 5834 dc
1514 5779 1772 5851 quodam,

1878 4684 2082 4749 aureis,
2157 4697 2614 4758 gemmarumque
2679 4682 2860 4737 nitore
2910 4682 3188 4738 distinctis
3234 4685 3493 4753 munivit,

1878 4774 2133 4829 versibus
2154 4773 2320 4828 etiam
2369 4788 2504 4827 auro
2538 4772 2710 4828 inlitis
2738 4773 3110 4844 przetitulavit.
3146 4775 3251 4829 Sed
3281 4779 3494 4831 et’cru-

1876 4882 1994 4920 cem
2019 4864 2284 4932 majorem
2311 4864 2604 4936 coeperuit
2623 4879 2777 4932 auro,
2811 4865 3158 4940 gemmisque
3191 4865 3494 4920 decoravit.

1878 4957 2098 5012 Libram
2129 4973 2350 5029 quoque
2365 4963 2838 5012 sacramentorum
2853 4956 2956 5010 sub
2976 4955 3239 5010 eburneis
3271 4954 3493 5023 tabulis,

1875 5056 2104 5122 argento
2136 5048 2470 5121 prmsignitis
2503 5065 2516 5114 ;
2549 5047 2648 5103 sed
2679 5053 2734 5102 et
2763 5047 3147 5103 lectionarium
3198 5047 3266 5102 ad
3298 5047 3496 5103 missas

1871 5138 2094 5206 librum,
2153 5137 2269 5209 pari
2301 5139 2504 5194 decore
2553 5143 2924 5200 venustatum,
2969 5136 3179 5191 ibidem
3237 5135 3493 5204 contulit,

1872 5227 2119 5299 aliosque
2150 5227 2324 5283 libros
2352 5235 2406 5281 et
2436 5233 2761 5282 ornamenta
2803 5225 3069 5281 nonnulla
3099 5226 3284 5282 eidem
3313 5242 3493 5283 vene-

1873 5320 2037 5374 rabili
2086 5319 2208 5375 loco
2234 5319 2526 5393 delegavit.

1945 5414 2022 5467 De
2052 5429 2286 5483 corpore
2317 5422 2499 5467 autem
2555 5409 2730 5482 ipsius
2771 5411 3080 5467 beatissimi
3113 5412 3352 5488 Remigii
3385 5428 3497 5469 non

1877 5511 1959 5558 est
1990 5519 2154 5557 ausus
2184 5502 2393 5573 aliquid
2423 5517 2666 5569 sumere,
2697 5501 2840 5556 sicut
2871 5501 2989 5573 ipse
3017 5519 3238 5575 quoque
3270 5509 3501 5558 testatur

1879 5598 1933 5651 in
1966 5595 2202 5668 epistola
2232 5597 2299 5649 ad
2353 5595 2689 5650 Ludovicum
2749 5611 2936 5670 regem
2966 5595 3497 5662 'l‘ransrhenensem,
3536 5591 3542 5598 ’

1879 5687 1970 5759 qui
2001 5687 2055 5741 id
2085 5685 2191 5740 sibi
2221 5685 2288 5740 ab
2344 5701 2410 5741 eo
2470 5685 2695 5756 petebat
2750 5685 3016 5742 muneris.
3050 5687 3157 5742 Sed
3211 5685 3300 5740 hic
3329 5689 3388 5756 (ἱ,
3422 5683 3495 5749 id)

1880 5778 2127 5850 pontifex
2159 5792 2259 5848 pro
2292 5777 2527 5832 maxima
2559 5778 2993 5850 praesumptione
3010 5775 3192 5832 meriti
3215 5790 3274 5831 se
3304 5773 3495 5829 duxis-
