3912 6472
361 488 460 547 ibi

1489 471 1861 530 FLODOARDI
1902 463 2209 526 CANONICI
2247 463 2577 525 REMENSIS

3609 475 3726 534 152

362 647 446 698 se,
476 640 682 701 corpus
709 623 852 695 ejus,
883 622 1032 696 quod
1087 617 1356 676 Dominus
1409 632 1510 688 per
1545 621 1698 672 tanta
1728 621 1980 684 tempora
2004 612 2061 683 Α
2086 607 2359 666 ordinatis
2371 607 2639 665 abEbone
2651 613 2941 682 postsuam
2954 610 3726 689 depositionem,asedeapo-

364 721 646 794 integrum
676 717 1049 780 conservaret,
1082 709 1448 780 disrumpere.

1025 839 1238 897 CAPUT
1263 839 1330 895 Χ.

367 967 442 1022 De
462 962 633 1036 pallii
678 956 987 1031 quotidiani
1031 966 1162 1008 usus
1219 967 1254 1007 a
1304 953 1563 1008 Romam
1588 950 1735 1005 sedis
1759 952 1993 1021 praesule

470 1051 832 1123 perceptione,
862 1050 910 1102 et
937 1044 1095 1100 rebus
1126 1042 1359 1098 ecclesia
1393 1041 1492 1095 sub
1520 1055 1577 1095 eo
1601 1043 1880 1096 concessis.

440 1161 539 1216 Hic
567 1158 812 1230 denique
867 1153 1203 1211 venerabilis
1252 1151 1455 1224 praesul
1512 1150 1860 1216 Hincmarus,
1892 1165 1992 1222 pro

372 1268 483 1307 suae
508 1247 818 1304 sanctitatis
872 1261 936 1302 ac
984 1241 1274 1314 sapientia
1305 1240 1635 1307 reverentia,
1690 1256 1790 1312 per
1818 1239 1995 1296 inter-

373 1339 696 1398 ventionem
722 1333 967 1393 Lotharii
994 1329 1344 1404 imperatoris
1368 1329 1597 1402 pallium
1624 1330 1694 1384 ad
1721 1328 1997 1404 quotidia-

375 1447 504 1486 num
559 1425 807 1499 suscepit
858 1425 924 1498 [c.
955 1427 995 1491 i,
1053 1421 1284 1494 recepit]
1344 1435 1504 1476 usum
1531 1436 1563 1474 a
1587 1427 1782 1494 quarto
1813 1419 1995 1476 Leone

375 1539 540 1595 papa,
571 1537 602 1576 a
627 1536 738 1594 quo
761 1521 877 1590 jam
907 1518 1059 1574 aliud
1111 1522 1438 1589 perceperat
1464 1514 1522 1570 in
1553 1513 1861 1591 designatis
1887 1511 1996 1567 sibi

375 1614 825 1675 solemnitatibus
852 1613 1042 1668 debite
1060 1611 1374 1668 fruendum.
1404 1609 1574 1675 Quem
1607 1607 1996 1682 quotidianum

376 1708 529 1782 pallii
559 1723 719 1763 usum
752 1704 888 1760 nulli
917 1719 1162 1776 unquam
1203 1700 1627 1772 archiepiscopo
1667 1716 1728 1756 se
1757 1714 1996 1756 conces-

377 1801 538 1870 sisse,
566 1798 655 1856 vel
686 1796 956 1868 deinceps
983 1810 1378 1852 concessurum
1403 1807 1547 1862 esse,
1589 1793 1736 1848 idem
1769 1809 1912 1864 papa
1940 1793 1996 1848 in

380 1891 616 1964 epistola
672 1896 807 1946 tunc
832 1888 903 1943 ad
933 1904 1060 1944 eum
1091 1886 1303 1943 directa
1334 1894 1586 1942 testatur.
1635 1885 1866 1957 Scripsit
1891 1901 1996 1940 au-

2088 701 2285 757 stolica
2309 701 2726 770 conﬁrmandis,
2743 709 2798 758 et
2823 703 3156 776 quibusdam
3191 705 3497 780 privilegiis
3524 709 3720 766 eidem

2091 793 2644 866 Hincmaro,sedique
2655 794 2916 852 Remensi
2929 796 3329 865 concedendis;
3343 805 3400 854 et
3414 799 3546 872 quia
3558 800 3720 858 illam

2090 881 2367 938 volentem
2381 881 2606 938 Romam
2622 882 2896 955 proﬁcisci
2907 891 3038 952 ,tam
3057 885 3370 959 ipse,quam
3396 885 3564 943 frater
3577 904 3726 956 suus

2092 972 2325 1028 Karolus
2373 988 2467 1028 rex
2495 973 2760 1043 Franciae,
2819 975 3043 1047 quando
3078 975 3136 1048 [i,
3195 992 3314 1049 qu.,
3339 976 3390 1046 j,
3423 977 3719 1051 quoniam]

2091 1067 2251 1122 valde
2280 1065 2629 1122 necessarius
2683 1067 2767 1123 eis
2821 1075 2940 1124 erat
2987 1068 3058 1123 ad
3087 1067 3388 1140 sopiendas
3434 1087 3557 1143 quae
3578 1078 3725 1127 tunc

2094 1163 2298 1213 exortae
2328 1154 2549 1213 fuerant
2605 1156 3071 1229 perturbationes,
3132 1157 3456 1215 retinerent.
3517 1160 3574 1215 ln
3603 1176 3722 1233 qua

2094 1249 2333 1321 epistola
2382 1255 2795 1313 commemorat,
2851 1250 3001 1324 quod
3046 1249 3102 1306 in
3153 1250 3254 1308 hac
3283 1251 3417 1306 sede
3447 1251 3718 1307 Remensi

2093 1337 2245 1394 beati
2272 1336 2408 1393 Sixti
2449 1337 2614 1412 primi
2643 1335 2893 1406 ejusdem
2933 1337 3206 1410 episcopi,
3240 1344 3296 1394 et
3320 1325 3718 1410 apostolorum

2096 1434 2378 1505 discipuli,
2451 1436 2892 1507 praedecessores
2947 1435 3123 1507 ipsius
3170 1451 3349 1509 papae,
3394 1436 3722 1512 Stephanus

2096 1531 2302 1604 (Steph.
2336 1532 2383 1601 Ι)
2411 1529 2672 1602 Pippino,
2724 1539 2780 1585 et
2829 1528 2937 1586 Leo
2970 1530 3089 1600 (Leo
3139 1528 3235 1600 Ill)
3266 1530 3462 1587 Karolo
3487 1547 3723 1608 magno,

2097 1617 2403 1692 apostolica
2430 1617 2770 1676 contulerint
2797 1618 3014 1676 munia.
3055 1620 3207 1676 Alius
3226 1636 3448 1694 quoque
3477 1621 3726 1694 Stepha-

2099 1725 2204 1764 nus
2233 1709 2438 1780 (Steph.
2478 1710 2541 1777 V)
2569 1707 2908 1764 Ludovicum
2935 1709 3238 1783 Augustum
3269 1710 3327 1765 in
3357 1709 3549 1766 eadem
3580 1711 3726 1767 sede

2101 1798 2375 1870 imperiali
2423 1797 2738 1853 diademate
2793 1798 3160 1855 coronaverit.
3205 1799 3284 1854 Ad
3339 1801 3444 1857 hoc
3471 1798 3728 1873 denique

2100 1891 2492 1959 obtinendum,
2525 1891 2673 1966 quod
2725 1906 2824 1963 pro
2867 1891 3132 1962 praedicto
3188 1893 3422 1964 praesule
3469 1893 3726 1965 petebat,

381 1989 489 2039 tem
516 1978 780 2053 praefatus
809 1976 1056 2050 pontifex
1111 1975 1181 2032 ad
1222 1975 1480 2032 eumdem
1508 1992 1708 2048 papam
1763 1976 2248 2052 LeonemBidem
2312 1981 2601 2037 Lotharius
2670 1981 2889 2037 Petrum
2969 1980 3316 2053 Spoletinum
3365 1981 3727 2054 episcopum,

379 2073 583 2140 sexies,
613 2077 674 2127 ut
703 2071 822 2143 ipse
879 2071 935 2125 in
992 2069 1228 2141 quadam
1280 2068 1350 2123 ad
1375 2068 1633 2124 eumdem
1661 2070 1858 2125 asserit
1885 2071 2009 2142 epi-

380 2162 544 2230 stola,
571 2162 660 2220 vel
689 2159 922 2232 septies,
976 2175 1079 2214 sua
1132 2157 1383 2233 dirigens
1433 2157 1501 2212 ad
1531 2173 1658 2214 eum
1689 2158 1913 2231 scripta.
1949 2162 2010 2215 ln

381 2257 486 2312 hac
512 2269 645 2312 vero
687 2252 927 2325 epistola
954 2251 1024 2307 de
1055 2251 1162 2318 bis,
1195 2266 1337 2324 quos
1351 2249 1638 2305 temeritas
1661 2251 2013 2322 chorepisco-

384 2344 529 2418 palis
555 2342 840 2408 ordinare,
895 2343 982 2397 vel
1011 2341 1163 2414 quod
1213 2339 1481 2411 Spiritum
1538 2348 1790 2397 sanctum
1822 2340 2011 2397 consi-

385 2437 610 2512 gnando
640 2435 856 2493 tradere
908 2433 1304 2506 praesumebat,
1362 2433 1674 2506 requisivit.
1733 2432 1798 2488 Et
1853 2433 2003 2506 quod

386 2538 609 2587 terrena
646 2534 890 2601 potestas
941 2527 1045 2583 hac
1095 2525 1331 2582 materia
1385 2541 1536 2598 saepe
1585 2524 1915 2595 offenderet,
1948 2533 2010 2584 ut

387 2622 650 2679 videlicet
677 2621 944 2694 episcopo
976 2620 1238 2694 quolibet
1295 2619 1580 2686 defuncto,
1621 2635 1723 2692 per
1752 2620 2015 2692 chorepi-

390 2730 618 2786 scepum
649 2713 786 2771 solis
813 2712 1180 2786 pontiﬁcibus
1208 2712 1456 2768 debitum
1488 2710 1862 2767 ministerium
1894 2727 2017 2784 per-

389 2814 667 2880 ageretur,
699 2812 756 2862 et
811 2821 901 2862 res
951 2822 1015 2862 ac
1071 2804 1361 2861 facultates
1389 2805 1642 2861 ecclesia
1669 2804 2015 2860 saecularium

388 2897 583 2954 usibus
611 2897 1082 2969 expenderentur,
1140 2897 1283 2953 sicut
1337 2905 1392 2953 et
1451 2897 1508 2952 in
1541 2905 1730 2953 nostra
1783 2898 2019 2953 ecclesia

386 2993 500 3064 jam
531 2990 781 3047 secundo
811 2999 992 3047 actum
1037 2989 1252 3046 fuisset.
1286 2991 1420 3047 item
1453 2991 1524 3046 de
1549 2991 1658 3056 his,
1693 3005 1833 3062 quos
1862 2991 2021 3048 dom-

392 3095 498 3140 nus
527 3079 640 3134 Ebo
689 3085 816 3150 post
864 3079 1276 3152 depositionem
1353 3095 1508 3154 suam
1548 3080 1925 3137 ordinaverat.
1959 3081 2018 3134 In

393 3173 500 3227 alia
529 3187 752 3244 quoque
809 3171 1046 3243 epistola
1095 3170 1292 3226 scribit
1349 3171 1418 3226 de
1472 3171 1713 3242 quodam
1744 3170 2018 3236 Fulcrico,

393 3261 747 3332 imperatoris
771 3260 1015 3316 Lotharii
1070 3260 1328 3326 vassallo,
1362 3261 1431 3316 de
1461 3275 1572 3333 quo
1603 3261 1771 3316 etiam
1802 3259 2017 3332 pridem

2108 2074 2385 2132 mandatis
2407 2091 2576 2148 super
2594 2075 2698 2131 hac
2724 2092 2783 2131 re
2806 2083 3094 2148 persemet
3121 2075 3462 2145 instructum,
3486 2093 3732 2134 exsecu—

2110 2173 2286 2222 torem
2319 2165 2614 2232 direxerat,
2642 2171 2698 2220 et
2725 2164 2895 2220 alium
2922 2165 3139 2222 Petrum
3185 2167 3464 2222 Aretinum
3493 2167 3734 2238 episco-

2113 2273 2244 2329 pum
2276 2256 2475 2312 litteris
2490 2256 2693 2312 exinde
2725 2263 3161 2324 commonuerat,
3187 2257 3434 2330 aliosque
3450 2259 3738 2330 quosdam

2114 2354 2224 2403 tam
2255 2362 2405 2414 suos,
2439 2363 2604 2418 quam
2635 2346 3074 2418 praemissipapaa
3087 2347 3280 2403 ﬁdeles
3294 2347 3430 2402 adid
3462 2363 3745 2423 peragen-

2115 2440 2246 2495 dum
2276 2439 2671 2496 destinaverat.
2715 2439 2907 2495 Eidem
2947 2439 3204 2496 Lothario
3254 2440 3571 2511 imperatori
3595 2441 3745 2498 scri-

2115 2530 2198 2586 bit
2227 2527 2492 2601 praefatus
2521 2528 2723 2601 praesul
2751 2528 3074 2584 Hincmarus
3111 2529 3181 2585 de
3207 2529 3455 2585 Fulcrico
3477 2530 3599 2599 ejus
3621 2547 3746 2586 vas-

2117 2621 2276 2689 sallo,
2331 2635 2496 2694 quem
2551 2619 3148 2686 excommunicaverat,
3203 2619 3530 2692 qualiterad
3562 2620 3743 2692 paeni-

2117 2714 2348 2772 tentiam
2393 2713 2586 2769 venire
2621 2711 2870 2779 debeat;
2922 2710 3076 2780 item,
3129 2711 3292 2767 aliam
3350 2711 3646 2783 epistolam
3679 2712 3735 2766 in

2118 2821 2228 2880 qua
2256 2803 2610 2860 continentur
2639 2801 2817 2874 culpae
2870 2800 3045 2873 ipsius
3076 2800 3326 2869 Fulcrici,
3360 2809 3416 2857 et
3455 2801 3737 2874 quomodo

2119 2911 2247 2952 eum
2277 2893 2684 2950 rationabiliter
2739 2893 3319 2961 excommunicaverit,
3367 2895 3498 2967 quia
3537 2895 3735 2950 nolue-

2117 2985 2188 3041 rit
2199 2985 2264 3039 ad
2277 2984 2659 3057 paenitentiam
2671 2982 2882 3052 venire;
2899 2983 3031 3040 item
3046 2983 3232 3052 aliam,
3244 2984 3301 3039 in
3317 3000 3426 3057 qua
3441 2983 3601 3040 valde
3612 2983 3734 3040 col-

2120 3075 2308 3131 laudat
2335 3090 2485 3143 eum,
2513 3073 2872 3147 congaudens
2897 3073 3018 3144 ejus
3038 3074 3358 3142 humilitati,
3384 3074 3535 3147 quod
3563 3074 3738 3146 ipsius

2120 3168 2438 3225 obaudierit
2486 3167 2714 3224 monitis
2766 3184 2934 3240 super
2979 3167 3206 3240 praefato
3237 3169 3739 3237 excommunicato,

2119 3261 2469 3333 absolvitque
2489 3275 2616 3316 eum
2644 3259 2700 3315 id
2726 3261 3010 3317 humiliter
3033 3262 3450 3334 deprecantem,
3482 3277 3583 3334 pro
3610 3278 3743 3335 par-

393 3349 445 3405 ei
472 3347 903 3422 signiﬁcaverat,
936 3364 1036 3421 pro
1066 3364 1178 3422 quo
1207 3347 1456 3404 ecclesiae
1469 3348 1754 3404 nonnullae
1779 3364 1882 3420 per
1910 3348 2017 3404 hoc
2044 3362 2095 3432 ρ
2123 3357 2446 3430 ιὶοῑρειιίοιιθ
2477 3373 2642 3429 quam
2661 3356 2932 3412 habuerat
2958 3372 3083 3413 cum
3113 3357 3257 3428 ipso.
3277 3356 3415 3413 Item
3444 3365 3744 3432 postquam

393 3458 626 3517 regnum
657 3441 957 3499 maximum
1009 3439 1368 3512 patiebantur
1398 3439 1883 3512 impedimentum,
1916 3440 2010 3513 qui

393 3549 566 3592 uxore
603 3549 704 3590 sua
726 3533 975 3602 dimissa,
1029 3541 1321 3606 postquam
1373 3534 1886 3590 excommunicatus
1941 3533 2009 3589 ab

391 3641 460 3686 eo
484 3625 722 3700 proinde
750 3624 950 3694 fuerat,
979 3623 1144 3680 aliam
1175 3623 1406 3696 insuper
1424 3624 1630 3680 ducere
1660 3627 2013 3698 praesumpsit

391 3730 642 3774 uxorem.
670 3715 807 3773 ltem
833 3713 891 3771 in
921 3713 1116 3771 eadem
1144 3713 1213 3768 de
1251 3713 1559 3789 privilegiis
1587 3714 1752 3784 hujus
1783 3715 2016 3770 Remen-

395 3805 474 3863 sis
501 3804 773 3874 ecclesiae,
803 3818 928 3880 qum
983 3802 1178 3860 habuit
1225 3804 1295 3859 ab
1353 3803 1538 3870 initio,
1584 3819 1694 3876 quo
1725 3804 2016 3879 privilegia

393 3895 558 3952 sedes
598 3894 807 3951 habere
862 3900 1153 3968 cceperunt
1182 3912 1198 3961 ;
1229 3900 1287 3953 et
1307 3893 1440 3970 quia
1467 3894 1764 3950 Remorum
1795 3894 2016 3968 episco-

396 4002 501 4061 pus
524 3985 733 4058 primas
784 3984 932 4042 inter
982 3985 1247 4059 primates
1273 4000 1517 4059 semper,
1548 3991 1606 4042 et
1629 4000 1774 4040 unus
1802 3994 1871 4040 de
1902 3984 2018 4056 pri-

395 4081 503 4140 mis
531 4080 720 4137 Galliae
749 4079 1082 4152 primatibus
1133 4077 1359 4147 exstitit,
1421 4094 1526 4135 nec
1553 4077 1721 4135 alium
1747 4093 1808 4134 se
1834 4078 2018 4153 potio-

396 4187 536 4241 rem,
567 4180 768 4245 praeter
797 4169 1157 4243 apostolicam
1206 4167 1524 4242 praesulem,
1546 4167 1742 4225 habuit
1774 4187 1789 4237 ;
1818 4185 1873 4226 lli
1899 4167 2016 4226 sci-

397 4262 528 4318 licet
558 4275 644 4329 ea,
672 4275 795 4336 qum
824 4265 979 4316 tanto
1018 4267 1270 4330 tempore
1325 4257 1395 4314 ab
1451 4257 1898 4317 antecessoribus
1930 4259 2017 4332 ip-

396 4353 511 4408 sius
539 4350 670 4407 huic
697 4349 819 4406 sedi
849 4357 977 4406 sunt
1015 4363 1280 4407 concessa
1308 4356 1364 4405 et
1415 4357 1758 4416 conservata,
1791 4364 2018 4404 conser-

395 4459 526 4498 vare
555 4451 611 4498 et
639 4448 998 4517 augmentare
1051 4440 1334 4514 dignetur.
1381 4438 1462 4494 Ab
1517 4440 1853 4512 imperatore
1879 4453 2018 4514 quo-

396 4548 504 4606 que
534 4532 793 4589 Lotbario
843 4531 1237 4606 praeceptionis
1291 4529 1595 4604 imperialis
1632 4530 2016 4586 auctoritatem

395 4641 566 4698 super
609 4625 939 4698 quibusdam
997 4624 1164 4680 rebus
1192 4624 1618 4696 conjacentibus
1656 4623 1714 4680 in
1745 4623 1834 4679 his
1859 4623 2016 4691 locis,

2114 3451 2470 3511 convaluerat
2528 3450 2675 3506 idem
2724 3450 3025 3523 imperator
3054 3451 3126 3507 de
3176 3448 3495 3508 inﬁrmitate
3521 3467 3644 3507 sua.
3683 3453 3744 3508 In

2115 3560 2224 3616 qua
2250 3541 2484 3614 epistola
2507 3557 2635 3597 eum
2663 3540 2797 3598 satis
2826 3540 3238 3614 episc0pa1iter,
3279 3541 3409 3597 licet
3432 3542 3742 3609 succincte,

2115 3637 2186 3694 de
2210 3635 2384 3691 salute
2437 3634 2700 3692 admonet
2747 3634 2965 3689 animae.
3018 3632 3080 3689 Et
3108 3633 3216 3688 alia
3254 3633 3523 3690 nonnulla
3549 3633 3740 3689 cidem

2114 3728 2360 3801 scripsit.
2385 3729 2424 3784 A
2455 3727 2651 3785 Karolo
2681 3726 2926 3798 denique
2954 3741 3085 3802 rege
3112 3741 3213 3782 suo
3243 3726 3334 3783 hic
3372 3726 3573 3798 praesul
3596 3726 3742 3782 Hin-

2115 3837 2334 3877 cmarus
2349 3819 2544 3876 cellam
2571 3819 2628 3874 in
2650 3820 2864 3876 honore
2881 3817 3054 3874 sancti
3084 3817 3319 3885 Martini,
3339 3817 3394 3872 in
3421 3818 3741 3891 municipio

2116 3909 2306 3985 Vongo
2332 3915 2725 3976 constructam,
2781 3923 2904 3964 cum
2958 3907 3218 3964 omnibus
3238 3907 3306 3962 ad
3339 3908 3590 3963 eamdem
3621 3909 3745 3964 cel-

2116 4003 2225 4060 lam
2243 4002 2393 4072 juste
2423 4002 2860 4075 pertinentibus,
2889 4002 2958 4058 ad
2989 4009 3200 4074 partem
3227 4001 3515 4057 Remensis
3546 3999 3745 4058 Eccle—

2116 4093 2212 4149 siae
2257 4091 2657 4163 reimpetravit,
2707 4107 2771 4147 ac
2828 4106 2930 4162 per
2987 4088 3327 4146 auctoritatis
3373 4088 3548 4161 ipsius
3589 4107 3746 4159 prae-

2115 4191 2339 4258 ceptum
2365 4185 2595 4257 recepit.
2648 4185 2728 4240 Ad
2758 4184 2934 4256 ipsius
2961 4182 3380 4261 suggestionem
3407 4182 3565 4238 dedit
3585 4183 3745 4240 idem

2117 4276 2351 4334 Karolus
2391 4291 2490 4330 rex
2517 4273 2767 4331 ecclesiae
2809 4273 2986 4329 sancti
3021 4273 3280 4347 Remigii,
3332 4273 3420 4330 vel
3450 4277 3748 4332 monachis

2120 4366 2324 4426 ibidem
2364 4362 2753 4430 servientibus,
2807 4363 2922 4419 Deo
2953 4378 3041 4418 res
3070 4362 3337 4436 quasdam
3370 4381 3384 4431 ;
3419 4363 3523 4419 hoc
3549 4373 3643 4419 est
3683 4365 3740 4421 in

2119 4472 2262 4534 pago
2283 4456 2534 4513 Pertinse
2567 4455 2626 4530 [i,
2654 4452 2953 4526 Portinse],
2985 4453 3043 4509 in
3071 4452 3200 4509 villa
3245 4452 3554 4510 Baildronis
3581 4461 3742 4510 curle

2120 4567 2310 4606 mansa
2343 4551 2475 4614 duo,
2510 4555 2565 4604 et
2606 4547 2664 4602 in
2694 4545 2948 4603 Dodelini
2980 4555 3168 4602 monte
3186 4563 3378 4601 mansa
3407 4547 3540 4614 duo,
3569 4555 3742 4620 atque

2122 4643 2177 4698 in
2208 4637 2496 4696 Waldonis
2543 4642 2700 4693 curte
2752 4651 2946 4691 mansa
2994 4635 3104 4692 duo
3149 4651 3276 4691 cum
3329 4636 3655 4708 mancipiis,
3689 4644 3742 4694 et

394 4719 762 4788 Meuravallis,
791 4717 1079 4775 Termedo.
1113 4718 1392 4776 Roserolis
1429 4717 1689 4783 obtinuit,
1723 4732 1846 4789 quae
1879 4724 2011 4771 tem-

2124 4730 2386 4788 omnibus
2414 4727 2483 4782 ad
2505 4725 2730 4782 easdem
2761 4740 2850 4780 res
2878 4723 3129 4800 legaliter
3150 4723 3567 4797 aspicientibus.
3606 4726 3746 4782 Prae-

399 4827 536 4885 pore
565 4810 747 4867 Karoli
783 4809 1155 4883 imperatoris,
1187 4809 1483 4867 occasione
1515 4809 1751 4881 quadam
1779 4807 2018 4862 interve-

398 4906 612 4973 niente,
640 4920 671 4959 a
701 4903 962 4960 Remensi
987 4911 1118 4959 sunt
1146 4904 1434 4960 abstractae
1465 4904 1720 4972 ecclesia,
1753 4911 1809 4958 et
1838 4898 2019 4973 publi-

398 5001 478 5058 cis
507 5000 703 5057 usibus
730 4999 996 5066 subactze,
1026 5015 1165 5071 quas
1191 4998 1282 5054 hic
1307 4998 1598 5056 Lotharius
1630 4999 1931 5071 imperator
1949 4998 2018 5054 ad

397 5095 610 5161 partem
641 5095 844 5145 sanctae
895 5088 1077 5144 Mariae
1133 5104 1198 5144 ac
1230 5089 1406 5144 sancti
1459 5088 1692 5166 Remigii
1721 5105 1819 5144 sua
1848 5088 2016 5144 resti-

399 5180 505 5236 tuit
525 5179 874 5236 auctoritate.
927 5178 1029 5244 Qui
1082 5177 1703 5251 Lothariusimperator
1733 5178 2020 5235 nonnullis

399 5269 551 5323 hunc
581 5269 875 5341 praesulem
931 5268 1286 5324 Hincmarum
1343 5269 1490 5340 apud
1548 5267 1786 5324 Leonem
1821 5283 2018 5341 papam

399 5356 710 5416 honorifice
739 5359 1160 5416 commendasse
1218 5359 1495 5431 reperitur
1541 5359 1822 5433 episc0pis
1854 5365 2020 5431 atque

399 5448 619 5526 legatis.
650 5448 759 5503 Sed
784 5457 840 5504 et
885 5449 1109 5522 quando
1153 5449 1382 5506 Romam
1436 5455 1627 5522 petere
1659 5450 1806 5506 idem
1835 5448 2021 5521 ponti-

401 5540 488 5598 fex
527 5541 903 5614 disposuerat,
957 5541 1249 5615 epistolam
1299 5559 1452 5599 suam
1521 5543 1668 5598 idem
1721 5543 2024 5615 imperator

399 5646 502 5702 pro
531 5647 600 5688 eo
629 5630 996 5703 praemittens,
1049 5631 1324 5707 suggessit
1380 5630 1605 5703 praefato
1633 5647 1812 5703 papae,
1841 5638 1902 5686 ut
1930 5630 2021 5702 ip-

399 5735 519 5775 sum
550 5721 816 5776 decenter
839 5718 1263 5791 amabiliterque
1301 5720 1630 5792 susciperet,
1663 5729 1718 5776 et
1744 5719 2017 5793 quidquid

400 5812 468 5867 ab
500 5828 568 5870 eo
625 5807 983 5883 postulasset,
1041 5808 1280 5865 libenter
1330 5811 1402 5874 ei,
1460 5812 1880 5886 liberaliterque
1911 5814 2014 5870 tri-

398 5900 618 5960 bueret.
638 5903 776 5958 Item
806 5898 967 5954 aliam
985 5915 1086 5970 pro
1101 5901 1464 5970 synodalibus
1473 5902 1926 5974 difﬁnitionibus,
1941 5907 2012 5962 de

2117 4832 2341 4898 ceptum
2373 4835 2599 4894 quoque
2628 4817 2805 4889 ipsius
2834 4817 3016 4874 Karoli
3035 4818 3105 4873 de
3125 4817 3233 4886 via,
3259 4834 3381 4890 quae
3399 4817 3747 4890 impediebat

2117 4917 2186 4974 ad
2217 4915 2519 4972 claustrum
2551 4909 2945 4966 canonicorum
2965 4917 3169 4965 sanctae
3183 4909 3469 4964 Remensis
3492 4909 3744 4968 ecclesiae

2118 5004 2567 5081 ampliﬁcandum
2622 5001 2908 5075 (quoniam
2955 5008 3010 5058 et
3067 5017 3358 5056 numerum
3417 5002 3742 5057 earumdem

2119 5095 2514 5154 canonicorum
2536 5092 3009 5168 augmentaverat)
3042 5090 3189 5146 idem
3221 5090 3459 5145 domnus
3487 5090 3744 5146 Hincma-

2121 5206 2213 5246 rus
2251 5187 2510 5245 obtinuit.
2563 5188 2671 5240 Res
2719 5191 2989 5256 praeterea
3041 5182 3307 5256 quasdam
3365 5199 3487 5255 quae
3538 5182 3609 5236 ab
3646 5183 3746 5238 hoc

2121 5298 2252 5355 rege
2271 5280 2481 5337 dudum
2539 5278 2758 5335 fuerant
2813 5276 3098 5350 episcopio
3125 5274 3440 5342 subtractae,
3489 5276 3744 5331 ecclesia

2123 5369 2488 5444 redintegrari
2542 5367 2839 5432 laboravit;
2874 5365 2931 5420 id
2981 5373 3084 5433 est,
3142 5364 3326 5420 villam
3377 5364 3743 5431 Noviliacum,

2123 5476 2291 5533 quam
2322 5458 2729 5515 Karlomannus
2759 5456 2828 5512 ad
2860 5455 3154 5511 ecclesiam
3183 5455 3361 5510 sancti
3386 5453 3630 5529 Remigii
3653 5469 3745 5526 pro

2124 5549 2320 5604 animae
2352 5564 2465 5604 suae
2510 5547 2667 5604 dedit
2694 5545 2963 5613 remedio,
2998 5551 3109 5601 tam
3156 5543 3332 5616 ipsam
3362 5542 3552 5598 villam
3579 5558 3744 5615 quam

2122 5654 2210 5694 res
2239 5646 2294 5695 et
2319 5637 2620 5710 mancipia,
2677 5653 2800 5708 qua:
2854 5635 3060 5693 diversi
3093 5633 3347 5690 homines
3406 5632 3555 5688 dono
3605 5632 3750 5706 regis

2121 5727 2455 5796 retinebant,
2487 5729 2557 5782 ad
2579 5728 2832 5785 eamdem
2857 5725 3212 5798 pertinentia.
3233 5724 3392 5791 Item,
3417 5739 3509 5778 res
3531 5723 3742 5796 aliquas

2119 5819 2176 5873 in
2208 5819 2537 5880 Culmiciaco
2563 5829 2619 5877 et
2640 5821 2862 5877 Bairaco
2920 5819 3092 5886 sitas;
3124 5817 3278 5883 item,
3313 5831 3401 5871 res
3422 5831 3592 5888 super
3641 5816 3742 5869 flu-

2113 5909 2263 5964 vium
2286 5911 2634 5980 Rotomnam,
2668 5919 2724 5969 et
2745 5912 2800 5968 in
2829 5911 2953 5969 aliis
2981 5907 3265 5967 nonnullis
3281 5906 3423 5965 locis
3445 5908 3737 5978 conjacen-
