3912 6408
201 398 302 456 153

847 399 1171 458 HISTORIA?
1212 400 1546 460 ECCLESIE
1584 405 1913 464 REMENSIS
1952 405 2129 464 LIBRI
2169 405 2587 474 QUATUOR.—-
2624 407 2750 463 LIB.
2793 407 2884 463 lII.

3427 407 3527 466 154

198 539 278 587 tes
315 530 604 603 ;itemque
625 546 657 586 a
687 545 816 608 rege
871 533 1151 592 Ludovico
1200 535 1636 593 Transrhenensi
1669 555 1816 610 pra-
1839 545 1891 612 Α
1919 539 2206 595 Remensis
2237 539 2495 596 Ecclesia
2526 537 2781 595 canonici
2841 553 2906 593 ac
2943 539 3225 606 monachi,
3264 538 3529 595 videlicet

197 633 414 696 ceptum
436 627 807 684 restitutionis
844 629 1060 701 accepit
1086 643 1257 700 super
1278 628 1613 700 quibusdam
1643 631 1812 686 rebus

198 719 385 770 sancto
425 715 675 790 Remigio
714 719 997 789 quondam
1058 718 1290 794 legatis:
1320 720 1426 775 hoc
1455 726 1542 775 est
1579 721 1636 775 in
1668 737 1810 795 pago

199 803 569 860 Wormacensi
593 805 954 862 Scavenheim
980 807 1038 879 [i,
1066 808 1441 880 Stadenheim]
1471 825 1595 865 cum
1621 812 1810 866 omni-

195 893 298 948 bus
327 893 397 948 ad
449 910 511 950 se
555 895 990 965 pertinentibus,
1049 895 1214 953 Cossa
1268 904 1324 953 et
1370 898 1526 954 Gleni
1583 899 1640 954 in
1666 902 1808 958 saltu

193 982 424 1058 Vosago.
460 985 520 1038 In
549 985 853 1060 Thuringia
880 1001 1106 1058 quoque
1126 987 1433 1056 etAustria,
1475 988 1532 1043 in
1559 990 1681 1046 loco
1712 991 1808 1063 qui

191 1071 392 1127 dicitur
416 1073 877 1142 Schonerunstat,
898 1081 953 1130 et
983 1075 1039 1130 in
1070 1075 1367 1145 Helisleba,
1396 1094 1520 1134 cum
1549 1080 1809 1136 omnibus

193 1159 399 1217 ibidem
431 1163 859 1234 aspicientibus.
895 1165 1000 1220 Res
1017 1180 1242 1238 quoque
1260 1169 1556 1224 nonnullas
1569 1169 1808 1243 juraque

189 1251 435 1307 ecclesia
467 1268 530 1308 ac
549 1253 832 1325 mancipia
861 1253 1079 1328 legibus
1129 1271 1230 1326 per
1259 1256 1554 1313 advocatos
1580 1259 1806 1314 evindi-

193 1349 308 1397 cata
328 1342 609 1414 recepisse
635 1345 930 1416 reperitur.
965 1347 1074 1401 Res
1092 1346 1259 1402 etiam
1275 1349 1572 1405 nonnullas
1590 1350 1809 1422 episco-

192 1431 288 1504 pii,
343 1439 520 1488 terras
574 1434 787 1490 scilicet
833 1440 1002 1508 atque
1055 1436 1352 1507 mancipia,
1399 1454 1525 1494 cum
1575 1439 1810 1497 diversis

193 1526 462 1595 personis,
503 1525 570 1581 ad
627 1527 1032 1583 incrementum
1081 1528 1350 1597 ecclesia,
1410 1547 1511 1602 pro
1568 1533 1808 1605 partium

191 1619 606 1687 opportunitate
634 1620 1010 1676 commutavit.
1070 1621 1177 1677 Sed
1200 1629 1256 1677 et
1294 1632 1571 1696 pracepta
1602 1625 1808 1700 regalia

192 1724 352 1779 super
372 1709 632 1780 pluribus
661 1727 851 1766 earum
891 1728 1077 1768 rerum
1109 1716 1643 1772 commutationibus
1661 1717 1809 1773 obti-

193 1818 320 1857 nere
367 1804 599 1860 curavit.
663 1804 958 1863 Canonicis
1026 1825 1253 1882 quoque
1307 1811 1472 1880 hujus
1521 1813 1810 1870 Remensis

193 1895 438 1951 ecclesia
479 1897 752 1969 hospitale
781 1899 1070 1956 constituit
1099 1901 1169 1956 ad
1199 1905 1610 1975 susceptionem
1641 1923 1807 1977 pere-

190 1986 498 2059 grinorum,
530 1990 617 2044 vel
647 2006 955 2062 pauperum
983 1993 1244 2066 congruis
1271 1996 1346 2050 ad
1376 1995 1430 2050 id
1460 1997 1810 2069 rebusdepu-

189 2077 327 2145 tatis,
357 2093 486 2134 cum
510 2093 785 2136 consensu
802 2081 1265 2153 coepiscoporum
1291 2085 1577 2142 Remensis
1599 2088 1809 2143 dicace-

187 2174 501 2239 seos,atque
513 2168 1026 2240 subscriptionibus
1037 2174 1452 2238 eorumdem,ea
1463 2177 1805 2244 conditione,

190 2262 246 2310 ut
274 2255 429 2312 nullo
479 2273 724 2328 unquam
779 2265 1030 2331 tempore
1088 2262 1324 2333 quilibet
1370 2265 1688 2336 episcopus,
1720 2269 1806 2322 vel

189 2343 452 2416 qualibet
483 2360 721 2416 persona
738 2347 962 2402 easdem
987 2365 1076 2404 res
1101 2350 1358 2424 cuiquam
1383 2353 1440 2409 in
1473 2354 1806 2411 beneficium

186 2433 330 2499 dare,
359 2435 451 2490 vel
483 2435 541 2489 in
571 2435 712 2492 alios
741 2453 875 2492 usus
923 2453 1260 2512 quocunque
1287 2444 1453 2499 modo
1483 2445 1806 2502 abstrahere

185 2531 501 2594 prasumat,
536 2540 719 2597 neque
736 2525 979 2600 aliquem
994 2544 1224 2586 censum
1258 2532 1342 2586 vel
1367 2533 1804 2591 redhibitionem

188 2611 398 2688 exinde
414 2611 676 2683 accipiat,
733 2613 832 2669 sed
866 2621 1039 2671 totum
1071 2617 1347 2691 quidquid
1379 2637 1444 2676 ex
1476 2623 1614 2694 ipsis
1641 2625 1806 2680 rebus

177 2700 319 2769 justc
350 2701 572 2773 acquiri
605 2703 869 2774 potuerit,
902 2703 960 2759 in
1017 2722 1150 2762 usus
1181 2725 1489 2782 pauperum
1519 2721 1686 2786 atque
1709 2731 1804 2770 ca-

185 2789 534 2856 nonicorum,
565 2791 875 2847 secundum
899 2794 1124 2851 modum
1157 2796 1497 2870 descriptum
1535 2803 1594 2856 in
1633 2803 1807 2875 privi-

181 2882 340 2958 legio,
374 2891 434 2938 et
459 2899 493 2937 a
526 2884 744 2939 cateris
764 2885 1043 2957 episcopis
1063 2888 1409 2959 conﬁrmato,
1439 2897 1802 2966 expendatur.

182 2974 350 3046 Super
378 2975 493 3030 hoc
520 2990 742 3049 quoque
773 2978 1077 3036 constituto
1106 2981 1270 3056 regia
1300 2986 1642 3042 auctoritatis
1670 3004 1805 3058 pra-

179 3072 392 3136 ceptum
421 3082 456 3121 a
489 3067 688 3124 Karolo
733 3084 865 3144 rege
913 3069 1034 3125 fieri
1087 3079 1254 3147 atque
1303 3074 1507 3131 firmari
1535 3079 1797 3136 obtinuit.

183 3159 281 3214 Res
312 3165 587 3232 praterea
608 3161 833 3218 etvillas
845 3163 1121 3238 episc0pii
1137 3183 1283 3237 pene
1308 3184 1504 3226 omnes
1532 3172 1802 3230 ordinatis

180 3249 585 3309 rationabiliter
600 3253 836 3312 coloniis
873 3255 1113 3312 describi
1152 3257 1300 3316 fecit.

823 3392 1032 3449 CAPUT
1067 3395 1156 3451 XI.

823 3394 1032 3449 CAPUT
1115 3395 1156 3451 Ι.

181 3480 249 3533 De
274 3480 481 3551 synodo
539 3395 1185 3611 θονηρνουὶποιῆιέῖῆίέαά
1212 3487 1593 3546 Suessonicam
1617 3493 1804 3549 urbem

245 3667 338 3723 llic
365 3667 717 3724 honorabilis
772 3673 972 3741 prasul
1007 3673 1348 3743 lIincmarus,
1382 3695 1536 3736 anno.
1559 3681 1644 3737 sui
1678 3683 1802 3754 epi-

181 3764 435 3827 scopatus
461 3757 705 3828 septimo
731 3758 1002 3832 (an.853),
1033 3764 1308 3835 synodum
1324 3768 1520 3824 habuit
1547 3786 1804 3844 compro-

179 3847 463 3904 vincialem
498 3850 649 3920 apud
705 3851 1093 3908 Suessonicam
1140 3857 1357 3926 urbem,
1382 3859 1438 3915 in
1467 3864 1802 3920 monasterio

181 3939 343 3993 sancti
367 3939 639 4006 Medardi,
690 3939 748 3994 in
777 3941 1013 3998 ecclesia
1042 3955 1243 4002 sancta
1281 3948 1562 4006 Trinitatis
1589 3953 1802 4010 honore

183 4035 408 4093 sacrata,
451 4045 582 4084 cum
639 4028 933 4086 Wenilone
989 4033 1298 4090 Senonensi
1356 4039 1800 4114 archiepiscopo,

184 4120 448 4178 Amalrico
507 4122 839 4190 Turonensi,
879 4125 1222 4184 Theoderico
1255 4129 1637 4207 Cameracensi
1670 4135 1800 4207 epi-

189 4211 646 4282 seOpo,Rothado
671 4213 1026 4283 Suessonico,
1063 4217 1220 4289 Lupo
1247 4199 1656 4291 Catalaunensi,
1681 4199 1801 4280 Iin-

188 4314 346 4355 mone
384 4300 838 4376 Noviomagensi,
861 4303 1110 4376 Erpuino
1131 4307 1556 4380 Silvanectensi,
1582 4313 1805 4370 Ermen-

185 4386 323 4446 frido
350 4390 697 4457 Belvaccnsi,
762 4393 999 4453 Pardulo
1045 4395 1421 4467 Laudunensi,
1484 4401 1801 4460 Hilmerado

181 4483 560 4553 Ambianensi,
592 4485 836 4543 Huberto
895 4488 1183 4558 Meldensi,
1226 4493 1361 4566 Agio
1392 4496 1798 4564 Aurelianensi,

186 4575 480 4634 Prudentia
508 4579 856 4647 Trecassino,
917 4581 1229 4639 Hermanno
1284 4585 1630 4655 Nivernensi,
1659 4590 1798 4645 Jona
1826 4615 1882 4684 D

181 4669 662 4745 Augustodunensi
695 4713 711 4738 ,
767 4673 1078 4731 Godelsado
1139 4675 1511 4745 Cavilonensi,
1573 4681 1799 4737 Dodone

179 4760 584 4836 Andegavcnsi,
641 4763 947 4822 Guntberto
1016 4765 1358 4836 Ebroicensi,
1423 4770 1797 4829 Hildebranno

180 4849 450 4922 Sagiensi,
482 4853 779 4927 Rigboldo,
841 4855 1134 4912 Remorum
1176 4859 1598 4931 cherepiscopo.
1634 4862 1796 4917 Resi-

180 4938 437 4997 dentibus
472 4943 640 4998 etiam
697 4946 1043 5017 presbyteris
1112 4957 1165 5003 et
1224 4948 1540 5016 abbatibus,
1574 4951 1798 5008 Dodone

179 5029 374 5089 abbate
406 5039 728 5094 monasterii
758 5039 1169 5104 sanctiSabini,
1195 5041 1346 5112 Lupo
1369 5042 1572 5098 abbate
1604 5059 1800 5099 mona-

179 5125 327 5180 sterii
359 5127 512 5199 quod
544 5128 752 5185 dicitur
777 5131 1110 5200 Ferrarium,
1143 5132 1425 5188 Bernardo
1453 5133 1655 5188 abbate
1679 5147 1801 5189 mo-

179 5216 396 5270 nasterii
430 5218 607 5273 sancti
659 5217 968 5284 Benedicti,
994 5216 1160 5290 quod
1222 5220 1428 5276 dicitur
1467 5222 1796 5292 Floriacum,

179 5297 360 5358 Odone
419 5305 740 5360 monasterii
799 5309 950 5380 quod
1007 5310 1210 5367 dicitur
1261 5312 1528 5382 Corbeia,
1571 5314 1799 5371 Heriaco

177 5396 495 5451 monasterii
548 5396 864 5465 Corbionis,
901 5401 1114 5458 Bavone
1157 5405 1480 5461 monasterii
1509 5405 1796 5461 Orbaeen-

176 5481 267 5549 sis,
300 5493 356 5540 et
386 5489 816 5560 quampluribus
842 5493 969 5548 aliis
995 5495 1376 5552 sacerdotibus
1399 5504 1454 5554 et
1478 5498 1795 5567 abbatibus,

176 5573 480 5631 astantibus
509 5576 841 5636 diaconibus
869 5597 934 5637 ac
964 5583 1304 5656 reliquorum
1329 5587 1600 5659 graduum
1624 5588 1794 5654 clero,

178 5662 470 5723 Residente
501 5685 727 5744 quoque
771 5672 828 5727 in
881 5675 1068 5731 medio
1125 5677 1368 5750 glorioso
1419 5694 1552 5752 rege
1577 5679 1793 5739 Karolo.

180 5754 272 5810 Ubi
305 5761 560 5830 quadam
626 5767 942 5822 necessaria
1004 5769 1262 5825 Ecclesia
1295 5770 1387 5825 Dei
1412 5778 1543 5826 sunt
1581 5783 1798 5844 pertra-

176 5851 313 5902 ctata
333 5851 578 5922 negotia.
601 5852 681 5909 Ad
698 5870 864 5928 quam
894 5858 1168 5928 synodum
1201 5859 1534 5921 accedentes
1565 5861 1794 5939 quidam

1912 631 2212 697 Radoldus,
2246 629 2524 697 Gislodus,
2593 626 2860 683 Vulfadus
2901 627 3023 698 [ms.
3057 626 3360 698 Voliadus],
3391 628 3527 682 Fre-

1911 727 2177 783 debertus
2201 739 2266 778 ex
2297 721 2582 778 canonicis
2614 720 2793 791 ipsius
2839 719 3050 774 matris.
3083 719 3360 785 Ecclesia,
3383 719 3532 793 Sigi-

1911 815 2152 872 mundus
2171 829 2236 868 ex
2257 811 2514 868 canobio
2543 810 2719 865 sancti
2747 808 3072 865 Theoderici
3099 825 3113 874 ;
3148 825 3213 863 ex
3246 809 3533 864 monachis

1909 913 2095 961 autem
2136 901 2456 958 monasterii
2494 899 2670 955 sancti
2704 897 2963 974 Remigii,
2996 898 3312 966 Nortvinus,
3366 897 3534 952 Hein-

1910 997 2094 1058 radus.
2118 994 2452 1069 Mauringus.
2486 993 2754 1058 Antheus,
2787 990 3108 1056 Tetlandus,
3143 989 3528 1056 Hairohaldus,

1913 1084 2196 1150 Radulfus,
2255 1084 2592 1155 Wicpertus,
2651 1080 3030 1136 clamaverunt
3081 1094 3386 1150 suspensos
3414 1094 3530 1134 sea

1911 1175 2139 1248 prafato
2169 1173 2592 1244 archiepiscopo
2611 1186 2713 1226 suo
2757 1168 2826 1224 ab
2859 1167 3342 1223 administratione
3373 1166 3530 1222 ordi-

1910 1284 2042 1323 num
2076 1265 2601 1329 ecclesiasticorum,
2633 1262 2702 1317 ad
2729 1276 2868 1333 quos
2913 1260 2982 1315 ab
3027 1259 3212 1314 Ebone
3243 1257 3525 1329 quondam

1910 1359 2155 1431 provecti
2188 1357 2425 1413 fuerant.
2459 1356 2638 1426 Super
2663 1371 2773 1427 qua
2785 1353 3174 1409 reclamatione
3197 1350 3366 1425 elegit
3385 1366 3530 1422 pra-

1911 1459 2136 1509 notatus
2162 1449 2412 1522 pontifex
2447 1448 2772 1504 Hincmarus
2791 1446 3010 1516 judices
3041 1444 3146 1500 sibi
3179 1443 3527 1498 Wenilonem

1913 1549 1969 1597 et
1996 1540 2330 1596 Almaricum
2353 1554 2521 1610 supra
2560 1545 2770 1593 taxatos
2812 1534 3289 1606 archiepiSCOpos,
3317 1532 3531 1587 Pardu-

1909 1631 2022 1685 lum
2055 1645 2281 1703 quoque
2337 1628 2762 1684 Laudunensem
2815 1624 3162 1696 episcopum,
3209 1622 3304 1693 qui
3335 1621 3392 1675 in
3423 1621 3529 1677 hoc

1904 1722 2120 1792 judicio
2148 1722 2328 1776 locum
2361 1719 2801 1791 metropolitana
2840 1733 2954 1772 sua
2985 1721 3260 1771 servasset
3285 1712 3532 1771 auctori-

1912 1817 2059 1873 tatis.
2094 1816 2204 1888 Ipsi
2246 1815 2572 1870 clamatores
2615 1812 2841 1868 eosdem
2867 1809 3088 1880 judices
3135 1811 3526 1881 suscipientes,

1834 1869 1884 1937 Β
1909 1869 2245 1961 addiderunt
2272 1904 2439 1959 etiam
2499 1869 2886 1957 Prudentium'
2920 1899 3256 1956 'I‘recassina
3287 1869 3529 1955 civitatis

1909 1994 2254 2065 episc0pum.
2271 1992 2331 2046 Ili
2354 1991 2576 2059 judices
2597 1989 2879 2046 constituti
2903 1990 3008 2046 hoc
3015 1989 3338 2058 judicarunt
3353 1990 3526 2060 quod,

1909 2083 1955 2138 si
1985 2083 2097 2138 Ebo
2127 2081 2583 2152 archiepiscOpus
2609 2080 2666 2134 in
2697 2094 2797 2134 suo
2829 2086 2974 2134 statu
3006 2095 3238 2133 manens
3258 2077 3528 2134 canonice

1909 2174 2008 2227 hos
2026 2171 2222 2226 fratres
2247 2169 2608 2236 ordinaverit,
2631 2168 2902 2224 deberent
2931 2167 3265 2222 ministrare.
3284 2167 3338 2222 Si
3358 2167 3526 2223 etiam

1909 2263 2111 2331 injuste
2151 2261 2425 2329 dcjectus,
2464 2267 2520 2314 et
2570 2258 2837 2314 canonice
2870 2257 3175 2319 restitutus,
3211 2263 3335 2328 post
3372 2273 3527 2312 suam

1907 2351 2232 2407 canonicam
2262 2348 2668 2405 restitutionem
2736 2347 2963 2404 eosdem
3011 2346 3375 2417 ordinaverit,
3406 2346 3530 2402 sine

1907 2444 2018 2499 ulla
2047 2443 2353 2516 quastione
2385 2442 2655 2498 deberent
2686 2441 2851 2497 etiam
2878 2439 3214 2494 ministrare.
3247 2439 3403 2494 Unde
3437 2438 3525 2493 in-

1906 2537 2164 2610 terrogati
2223 2543 2352 2590 sunt
2396 2535 2746 2591 ordinatores
2803 2533 3097 2600 Hincmari,
3149 2541 3206 2587 ut
3237 2532 3526 2587 edicerent

1907 2645 2030 2700 qua
2061 2629 2133 2682 de
2164 2627 2372 2683 Ebonis
2401 2626 2775 2699 depositione,
2809 2632 2864 2681 et
2894 2625 2964 2680 de
2990 2624 3267 2680 Hincmari
3293 2638 3526 2694 compe-

1908 2717 2115 2773 rissent
2139 2715 2507 2773 ordinatione.
2542 2715 2695 2769 Tunc
2730 2730 2966 2789 surgens
3013 2711 3389 2768 Theodericus
3418 2710 3527 2766 Ca-

1906 2808 2245 2866 meracensis
2266 2808 2575 2880 episcOpus
2596 2806 2840 2879 porrexit
2896 2806 2951 2860 in
2975 2811 3280 2876 conspectu
3310 2804 3528 2876 princi-

1906 2899 1993 2971 pis
2014 2906 2069 2954 et
2095 2897 2293 2969 synodi
2317 2897 2604 2968 scriptum,
2637 2896 2932 2952 continens
2953 2894 3206 2951 ordinem
3225 2894 3530 2966 depositio-

1906 2988 1991 3044 nis
2048 2986 2259 3059 prafati
2318 2986 2543 3043 Ebonis.
2603 2987 2737 3042 Tum
2797 2986 3117 3041 ventilatum
3159 2991 3243 3040 est
3295 2985 3532 3057 qualiter

1904 3087 2288 3137 exauctoratus
2307 3079 2605 3150 episcopus
2627 3078 2846 3134 restitui
2868 3076 3091 3142 debeat,
3135 3083 3195 3132 ut
3217 3076 3348 3148 quia
3380 3075 3527 3130 idem

1905 3167 2018 3224 Ebo
2051 3169 2338 3225 restitutus
2376 3169 2644 3225 canonice
2699 3183 2810 3225 non
2865 3167 3052 3234 fuerit,
3113 3166 3342 3237 insuper
3371 3171 3426 3221 et
3455 3164 3524 3220 ab

1832 3243 1882 3312 C
1904 3261 2208 3333 apostolica
2235 3262 2370 3316 sede
2394 3261 2583 3334 Sergio
2606 3277 2750 3332 papa
2781 3259 3140 3316 conﬁrmante
3154 3258 3525 3328 dejectionem

1903 3355 2074 3422 illius,
2105 3354 2396 3410 damnatus
2433 3353 2730 3419 exstiterit,
2790 3361 2849 3408 ut
2882 3352 2938 3407 in
2979 3352 3118 3409 laica
3141 3352 3286 3423 [ms.,
3317 3351 3518 3424 laicali]

1903 3446 2286 3504 tantummodo
2352 3445 2747 3502 communione
2805 3452 3075 3500 maneret.
3126 3445 3262 3500 Tum
3293 3443 3524 3500 recitata

1903 3539 2252 3604 auctoritate,
2286 3555 2356 3610 qu
2368 3538 2530 3593 aliter
2554 3538 3018 3610 metropolitanus
3031 3537 3235 3592 debeat
3254 3535 3524 3602 ordinari,

1904 3631 2104 3688 litteris
2135 3645 2358 3704 quoque
2389 3630 2666 3686 caconicis
2688 3628 3336 3700 Erchamradi,episcopi
3371 3628 3528 3683 Pari-

1903 3725 2112 3779 siorum
2146 3722 2428 3789 Ecclesia,
2471 3717 2813 3776 confirmatis
2845 3734 2943 3773 sua
2981 3717 3182 3790 suique
3238 3715 3524 3788 archiepi-

1903 3817 2078 3887 s00pi,
2113 3824 2168 3870 et
2197 3815 2657 3886 coepiscoporum
2715 3825 2943 3865 suorum
2965 3808 3246 3876 manibus,
3287 3823 3428 3879 quas
3456 3807 3528 3862 ad

1904 3909 2234 3980 petitionem
2263 3907 2549 3964 Remensis
2593 3905 2873 3972 Ecclesia,
2918 3902 3051 3959 cleri
3085 3918 3149 3958 ac
3179 3901 3362 3973 plebis
3390 3901 3526 3956 Hin-

1903 4015 2090 4056 cmaro
2111 3999 2418 4064 tribuerat;
2451 3998 2675 4053 decreto
2723 3995 2887 4051 etiam
2929 3993 3200 4051 canonico
3229 3993 3526 4049 Remorum

1904 4091 2038 4147 cleri
2067 4091 2452 4163 nobiliumque
2476 4087 2734 4144 manibus
2759 4085 3044 4151 roborato,
3094 4083 3333 4156 qualiter
3370 4099 3527 4138 eum-

1904 4186 2030 4241 dem
2059 4186 2410 4241 Hincmarum
2455 4183 2562 4238 sibi
2619 4180 2968 4254 postularunt
3022 4177 3268 4235 ordinari
3300 4175 3524 4249 episco-

1905 4299 2035 4353 pum
2057 4289 2342 4338 ostensum
2369 4286 2452 4335 est
2481 4277 2751 4334 canonice
2781 4291 2906 4330 cum
2943 4273 3254 4345 prasentia,
3279 4271 3366 4327 vel
3397 4285 3526 4326 con-

1902 4392 2069 4431 sensu
2092 4374 2340 4432 omnium
2388 4372 2849 4444 coepiscOporum
2901 4367 3190 4424 Remensis
3220 4366 3528 4422 dioeceseos

1905 4488 2032 4527 eum
2060 4470 2374 4526 ordinatum
2405 4466 2910 4538 archiepiscopum.
2958 4462 3087 4519 Post
3115 4463 3234 4517 hac
3290 4475 3526 4536 surgens

1905 4564 2051 4620 idem
2085 4564 2429 4625 Hincmarus,
2488 4561 2546 4615 in
2589 4563 2949 4628 conspectum
2997 4556 3147 4627 ]ms.,
3199 4553 3522 4626 conspectu]

1905 4659 2178 4732 princnpis
2200 4666 2256 4714 et
2283 4657 2504 4730 synodi,
2552 4654 2794 4728 porrexit
2823 4653 3037 4709 litteras
3064 4651 3362 4709 canonicas
3389 4665 3528 4722 quas

1898 4751 2214 4808 ordinatum
2242 4749 2384 4806 sacri
2433 4763 2679 4804 canones
2730 4745 2798 4801 ab
2827 4743 3241 4802 ordinatoribus
3267 4742 3525 4812 accipere

1893 4842 2117 4911 jubent,
2171 4841 2320 4896 diem
2385 4839 2747 4912 praferentes
2804 4842 2860 4892 et
2908 4836 3217 4892 consulem.
3277 4831 3526 4890 Porrexit

1903 4937 2069 4993 etiam
2093 4936 2386 5008 epistolam
2418 4933 2711 4991 Remensis
2737 4931 3057 5004 provincia,
3089 4947 3155 4988 ac
3183 4944 3326 5002 pene
3358 4927 3525 4984 totius

1902 5031 2088 5088 Gallia
2118 5031 2380 5087 manibus
2412 5031 2802 5102 episcoporum
2855 5027 3245 5098 subscriptam,
3276 5023 3345 5079 ad
3377 5037 3520 5095 apo-

1899 5123 2148 5178 stolicam
2179 5122 2370 5178 sedem
2387 5117 2922 5192 proconﬁrmationc
2945 5116 3119 5188 ipsius
3149 5113 3524 5172 ordinationis

1900 5218 2104 5272 datam.
2139 5215 2391 5272 Ostendit
2415 5215 2582 5270 etiam
2609 5213 2857 5284 diploma
2886 5226 3125 5278 sacrum,
3144 5209 3322 5282 ipsius
3349 5223 3524 5265 vene-

1900 5311 2060 5367 randi
2091 5310 2360 5382 principis
2409 5309 2669 5365 manibus
2710 5298 3059 5380 insignitum,
3094 5314 3149 5362 et
3172 5305 3358 5380 sigillo
3385 5304 3524 5360 sub-

1901 5401 2281 5477 tersignatum,
2313 5417 2378 5454 ex
2403 5397 2806 5472 approbatione
2856 5413 2972 5452 sua
3023 5398 3396 5455 ordinationis
3451 5397 3520 5452 ad

1899 5493 2149 5554 eamdem
2175 5500 2421 5546 sanctam
2479 5499 2534 5546 et
2586 5489 2946 5560 apostolicam
3006 5491 3307 5546 Romanam
3331 5489 3523 5546 Eccle-

1898 5585 2057 5640 siam.
2121 5583 2323 5654 Sicque
2376 5583 2684 5652 judicatum
2736 5592 2904 5658 atque
2989 5583 3377 5639 confirmatum
3435 5589 3521 5637 est

1900 5672 2249 5730 Hincmarum
2279 5674 2603 5746 episcopum
2635 5675 2902 5731 canonice
2941 5674 3280 5730 ordinatum.
3307 5672 3518 5728 Deinde

1896 5766 2217 5823 ventilatum
2242 5775 2344 5831 est,
2378 5768 2514 5841 quid
2537 5768 2948 5824 decernendum
2982 5768 3124 5824 foret
3145 5769 3215 5823 de
3237 5767 3342 5833 his,
3375 5780 3518 5838 quos
3591 5813 3596 5815 _

1896 5861 2012 5919 Ebo
2051 5870 2179 5935 post
2203 5878 2358 5920 suam
2389 5863 2822 5941 depositionem,
2850 5864 3064 5935 absque
3092 5861 3340 5936 legitima
3355 5861 3514 5916 resti-
