3912 6460
341 474 445 529 155

1457 475 1826 530 FLODOARDI
1867 475 2172 530 CANONICI
2214 474 2541 530 REMENSIS

3575 477 3686 533 156

339 599 577 667 tutione,
606 609 1036 673 praesumpserat
1062 603 1508 658 ordinare.Tunc
1528 603 1953 674 surgenslmmo
1978 603 2684 677 Agradusecclesiasticos
2735 603 2990 660 obtinere
3038 619 3147 660 non
3203 605 3483 670 valebant,
3527 620 3686 660 com-

337 690 794 764 Noviomagensis
825 694 1140 764 episcOpus,
1174 692 1413 764 porrexit
1440 692 1676 747 rotulum
1709 693 1958 763 [ms.,ro-

343 782 530 854 tulam]
558 784 939 840 auctoritatem
981 783 1303 840 canonicam
1354 791 1409 838 et
1439 784 1799 854 apostolicam
1821 799 1959 840 con-

342 877 634 942 tinentem,
680 881 944 951 quoniam
979 879 1073 951 qui
1097 879 1164 933 ab
1199 880 1320 951 ipso
1348 880 1450 935 visi
1474 879 1692 935 fuerant
1713 880 1957 936 ordinari

338 969 393 1022 in
412 969 615 1040 gradus
641 971 1066 1037 ecclesiasticos,
1114 970 1182 1024 ab
1223 971 1447 1039 eodem,
1505 973 1652 1043 quod
1686 972 1805 1043 ipse
1845 985 1958 1026 non

340 1063 554 1128 habuit,
589 1080 750 1120 nemo
781 1082 970 1121 eorum
1003 1066 1258 1136 accipere
1290 1068 1491 1138 potuit,
1525 1075 1580 1124 et
1609 1076 1826 1124 caetera.
1848 1069 1958 1123 Sic-

338 1170 448 1224 que
485 1154 768 1209 decretum
795 1163 901 1220 est,
935 1163 994 1210 ut
1024 1157 1293 1228 quidquid
1318 1158 1373 1211 in
1396 1158 1845 1214 ordinationibus
1865 1175 1957 1214 ec-

335 1247 658 1304 clesiasticis
687 1249 803 1304 Ebo
836 1259 957 1320 post
988 1251 1397 1322 depositionem
1444 1269 1599 1308 suam
1622 1264 1830 1328 egerat,
1864 1270 1956 1309 se-

332 1339 573 1394 cundum
593 1339 949 1395 traditionem
971 1342 1292 1412 apostolicae
1310 1343 1482 1411 sedis,
1502 1350 1701 1415 praeter
1734 1361 1949 1400 sacrum

334 1434 604 1505 baptisma
635 1437 804 1508 (quod
836 1437 892 1492 in
931 1437 1157 1494 nomine
1212 1446 1415 1494 sanctae
1444 1438 1726 1494 Trinitatis
1766 1440 1951 1511 perfe-

333 1536 478 1583 ctum
507 1533 609 1597 est)
640 1530 855 1586 irritum
887 1533 1208 1596 haberetur,
1268 1543 1324 1588 et
1353 1535 1593 1589 ordinati
1627 1535 1694 1589 ab
1726 1551 1793 1591 eo
1824 1553 1950 1608 gra-

332 1623 498 1677 dibus
529 1624 920 1682 ecclesiasticis
947 1627 1145 1699 privati
1179 1629 1504 1685 existerent.
1546 1631 1698 1685 Tunc
1720 1648 1862 1686 unus
1883 1650 1949 1688 ex

332 1719 612 1789 praedictis
667 1721 931 1778 fratribus
978 1723 1204 1778 nomine
1270 1725 1642 1780 Fredebertus
1700 1726 1951 1781 libellum

332 1814 782 1883 proclamationis
810 1815 965 1892 legit,
1003 1819 1056 1872 in
1082 1832 1191 1890 quo
1223 1817 1631 1884 continebatur,
1658 1819 1805 1889 quod
1826 1819 1952 1875 ideo

2058 695 2380 751 munionem
2411 696 2601 751 saltem
2631 697 2878 767 recipere
2907 705 3136 767 possent
3166 714 3263 768 per
3281 698 3480 770 synodi
3504 698 3690 752 indul-

2057 788 2324 860 gentiam.
2355 788 2511 853 Quod
2564 796 2619 842 et
2670 789 2848 858 pietas
2894 789 3254 844 sacerdotalis
3316 791 3553 847 licenter
3593 806 3688 844 as-

2058 875 2250 943 sensit,
2286 883 2341 929 et
2367 875 2798 930 misericorditer
2858 876 3070 931 eisdem
3132 876 3399 934 fratribus
3456 879 3683 934 veniam

2059 967 2350 1022 concessit.
2387 966 2450 1020 Et
2504 967 2580 1021 ita
2639 968 2756 1022 haec
2810 968 2996 1022 omnia
3043 971 3213 1043 gestis
3273 970 3500 1034 inserta,
3534 978 3595 1025 et
3627 971 3682 1026 in

2058 1062 2417 1126 conspectum
2487 1055 2630 1126 [ms.,
2695 1057 3014 1128 conspectu]
3071 1059 3268 1128 synodi
3339 1059 3592 1125 recitata,
3626 1068 3684 1114 et

2057 1156 2174 1202 rata
2198 1147 2466 1216 judicata,
2519 1147 2906 1218 praedictorum
2953 1151 3208 1206 manibus
3260 1152 3683 1222 episcoporum,

2057 1247 2111 1293 et
2139 1239 2393 1306 aliorum,
2457 1241 2551 1311 qui
2612 1240 2938 1308 interfuere,
2999 1242 3415 1314 subscriptione
3457 1243 3681 1299 firmata

2056 1342 2204 1390 sunt.

2123 1427 2251 1491 Quae
2271 1427 2415 1481 actio
2459 1426 2656 1498 synodi
2711 1427 2828 1482 sedi
2881 1427 3197 1498 apostolicae
3252 1428 3320 1482 ab
3383 1430 3684 1487 Hincmaro

2051 1516 2280 1582 directa,
2321 1526 2376 1572 et
2404 1517 2750 1572 aBenedicto
2783 1534 2925 1588 papa
2966 1517 3163 1572 Leonis
3185 1518 3303 1580 (Leo
3323 1522 3418 1590 ιν)
3449 1537 3684 1576 succes-

2051 1625 2175 1666 sore
2229 1611 2586 1666 corroborata
2635 1620 2737 1665 est.
2797 1611 2897 1675 Qui
2955 1610 3117 1665 etiam
3165 1611 3496 1666 Benedictus
3555 1616 3682 1679 (Be-

2054 1703 2174 1757 ned.
2219 1705 2318 1773 ΙΙΙ)
2373 1719 2516 1774 papa
2571 1701 2920 1776 privilegium
2978 1701 3303 1757 auctoritate
3335 1702 3484 1757 beati
3510 1704 3685 1770 Petri,

2055 1805 2109 1852 et
2137 1798 2457 1869 apostolicae
2489 1797 2666 1868 ipsius
2721 1798 2870 1852 sedis
2903 1797 3034 1853 huic
3066 1798 3289 1868 praesuli
3323 1807 3513 1854 nostro
3545 1799 3683 1853 Hin-

331 1921 388 1958 se
417 1905 483 1958 ab
521 1906 706 1961 Ebone
767 1891 1154 1978 permisissent
1202 1909 1468 1975 ordinari,
1529 1909 1660 1980 quia
1702 1911 1954 1967 viderant
1984 1909 2244 1997 301mm
2278 1892 2508 1948 Comum
2535 1894 2731 1997 φθίνει.
2761 1893 3114 1997 υχέδηοίθηε
3146 1891 3480 1997 “equum?t
3512 1892 3684 1960 huius

330 1996 710 2073 suffraganeos
735 2000 1024 2056 Remensis
1079 2002 1359 2069 Ecclesiae,
1413 2003 1722 2058 Rothadum
1753 2004 1954 2059 videli-

331 2099 418 2142 cet
449 2090 799 2161 episcopum,
869 2093 1099 2163 Lupum,
1151 2093 1488 2160 Simeonem,
1545 2095 1845 2166 Erpuinum
1898 2097 1953 2150 in

333 2179 682 2248 metropolim
721 2180 1052 2236 Remensem
1102 2183 1392 2238 ecclesiam
1439 2186 1769 2242 convenisse
1828 2203 1953 2241 cum

333 2266 531 2321 litteris
581 2267 819 2324 Lotharii
883 2270 1255 2341 imperatoris,
1313 2280 1368 2327 et
1400 2273 1656 2328 eumdem
1707 2274 1953 2330 Ebonem

333 2357 660 2413 restituisse.
719 2360 779 2414 Et
825 2361 1054 2433 insuper
1107 2363 1476 2419 ostenderunt
1538 2364 1704 2420 iidem
1741 2366 1950 2436 praefati

330 2447 515 2504 clerici
535 2449 747 2505 litteras
775 2452 929 2522 quasi
965 2468 1028 2506 ex
1049 2453 1275 2509 nomine
1305 2453 1635 2510 Theoderici
1675 2456 1951 2527 episcopi,

332 2539 588 2607 Rothadi,
621 2542 778 2609 Ludi,
810 2544 1090 2611 Immonis,
1124 2562 1188 2600 ac
1218 2553 1546 2602 caeterorum
1608 2548 1771 2616 hujus
1801 2549 1948 2603 dia:-

332 2647 522 2687 ceseos
551 2633 942 2705 episcoporum
962 2637 1221 2692 manibus
1249 2639 1534 2694 roboratas
1566 2657 1726 2711 ;qu:e
1769 2648 1955 2695 tamen

331 2723 399 2776 ab
428 2724 638 2778 eisdem
669 2727 949 2798 episcOpis
1002 2728 1242 2783 recitatae
1278 2729 1337 2799 [i,
1392 2729 1547 2784 lectae
1596 2734 1642 2798 Γ,
1687 2731 1953 2803 refutatae]

334 2813 596 2886 falsaeque
642 2825 772 2872 sunt
801 2819 1177 2889 comprobatae
1206 2838 1219 2885 ;
1251 2828 1306 2875 et
1354 2822 1484 2892 quia
1514 2823 1647 2877 talia
1678 2824 1958 2896 episcopis

336 2905 648 2978 impingere
705 2910 1178 2980 praesumpserint,
1232 2911 1369 2981 jussi
1402 2922 1529 2967 sunt
1559 2916 1953 2970 communione

336 2993 561 3063 privari.
595 2995 689 3050 His
728 2997 801 3050 ita
835 2999 1163 3062 terminatis,
1225 3001 1448 3056 decreto
1483 3002 1755 3070 judicum,
1789 3011 1955 3075 atque

336 3097 609 3138 consensu
634 3085 922 3156 principis,
941 3087 1261 3142 Hincmarus
1278 3089 1732 3161 archiepiscolius
1748 3092 1955 3162 prima—

339 3183 425 3227 tus
444 3177 526 3230 sui
552 3177 732 3232 locum
759 3181 983 3249 recepit.
1015 3181 1148 3235 Tum
1173 3180 1243 3234 de
1270 3181 1596 3253 presbytero
1623 3184 1869 3254 quodam
1902 3195 1957 3240 et

2060 1985 2367 2040 diceeeseos
2397 1984 2604 2058 regulis
2649 1983 2958 2052 subjectus,
2996 1998 3062 2038 eo
3106 1991 3423 2054 contempto
3446 1983 3684 2054 impune

2056 2082 2305 2148 auderet,
2357 2096 2455 2134 seu
2511 2080 2719 2136 valeret
2773 2079 2954 2133 aliena
3013 2087 3296 2150 expetere,
3353 2087 3446 2133 aut
3473 2095 3686 2150 exspe-

2057 2186 2206 2232 ctare
2267 2174 2500 2244 judicia.
2570 2174 2675 2228 Sed
2739 2174 2977 2228 domnus
3047 2173 3300 2228 Nicolaus
3366 2175 3562 2240 (Nicol.
3639 2177 3682 2240 Ι)

2057 2271 2306 2339 ejusdem
2339 2268 2623 2323 Benedicti
2653 2283 2958 2334 successor,
2984 2266 3301 2338 petentibus
3325 2267 3516 2321 sedem
3549 2283 3687 2338 apo-

2055 2361 2304 2416 stolicam
2362 2359 2678 2429 praenotatis
2727 2358 2980 2426 dejectis.
3037 2366 3468 2429 praememoralae
3521 2367 3684 2431 gesta

2053 2455 2249 2526 synodi
2301 2460 2626 2508 retractasse
2685 2462 2848 2524 atque
2914 2452 3341 2523 reprehendisse
3399 2451 3683 2522 reperitur

2056 2549 2237 2616 (epist,
2269 2546 2378 2616 46),
2403 2543 2680 2616 praecipue
2696 2543 2845 2614 quod
2865 2542 3309 2598 solaobedientia
3324 2541 3679 2596 subditorum

2059 2646 2307 2712 reputata
2365 2639 2559 2692 fuisset
2610 2637 2664 2690 in
2715 2636 2955 2707 culpam,
3004 2643 3058 2690 et
3097 2636 3190 2706 qui
3227 2635 3680 2706 praelatijudicio

2059 2742 2267 2787 temere
2308 2747 2419 2786 non
2451 2731 2796 2797 restiterunt,
2817 2731 2915 2785 sed
2939 2728 3224 2784 humiliter
3241 2728 3383 2783 colla
3406 2730 3682 2784 subdide-

2060 2829 2207 2888 runt,
2237 2820 2583 2876 severissime
2639 2820 2991 2891 punirentur,
3041 2825 3094 2874 et
3116 2817 3208 2889 qui
3237 2819 3682 2873 misericordiam

2062 2915 2395 2987 petiverant,
2425 2912 2777 2980 necjustum,
2810 2920 2871 2966 ut
2902 2910 3118 2976 asserit,
3141 2909 3414 2978 judicium
3463 2927 3684 2966 merue-

2057 3006 2186 3060 rint.
2223 3002 2446 3058 lntimat
2502 3001 2666 3056 etiam
2719 3001 2998 3072 quomodo
3047 3000 3304 3054 dominus
3357 2999 3687 3055 Hincmarus

2057 3111 2156 3168 pro
2186 3095 2272 3149 his
2303 3091 2438 3147 actis
2463 3090 2683 3145 concilii
2714 3090 2878 3146 Leoni
2915 3106 3070 3161 papae
3117 3105 3227 3144 non
3259 3089 3431 3144 semel
3458 3090 3682 3160 suppli-

2057 3206 2148 3246 ces
2177 3189 2388 3243 litteras
2407 3186 2639 3252 miserit,
2673 3191 2947 3255 quatenus
2969 3183 3116 3237 idem
3148 3181 3441 3238 concilium
3475 3197 3685 3253 appro-

336 3268 537 3324 abbate
567 3270 886 3327 Altivillaris
951 3275 1217 3342 cmnobii,
1277 3276 1508 3332 nomine
1563 3276 1855 3344 llalduino,
1885 3279 2213 3368 abeans,
2275 3278 2601 3334 auctoritate
2653 3275 2956 3347 apostolica
3007 3275 3330 3368 roboraret._
3380 3273 3536 3338 Quod
3595 3274 3690 3368 ille

337 3357 529 3414 Ebone
556 3361 824 3416 diaconus
864 3363 1016 3418 visus
1057 3363 1233 3420 fuerat
1289 3365 1596 3430 ordinatus,
1657 3375 1710 3421 et
1740 3383 1770 3421 a
1802 3367 1957 3439 Lupo

343 3460 535 3522 postea
556 3454 940 3511 Catalaunensi
985 3457 1249 3528 episc0po
1291 3458 1582 3529 presbyter
1612 3457 1790 3515 fuerat
1817 3477 1954 3516 con-

340 3553 607 3613 secratus,
655 3556 801 3603 mota
848 3557 933 3603 est
971 3549 1223 3621 quaestio.
1261 3551 1505 3624 Surgens
1559 3551 1744 3623 itaque
1780 3554 1962 3624 Lupus

341 3634 658 3706 episc0pus,
692 3639 934 3708 porrexit
983 3641 1265 3707 volumen,
1299 3641 1355 3694 in
1406 3659 1516 3712 quo
1547 3645 1955 3711 continebatur,

341 3726 620 3793 quomodo
645 3726 836 3795 jussus
880 3736 964 3784 est
1015 3729 1185 3800 regiis
1237 3731 1435 3787 litteris
1479 3732 1657 3789 Karoli
1711 3737 1856 3810 regis
1898 3742 1959 3790 ut

340 3813 469 3886 quia
499 3816 822 3885 metropolis
878 3817 1174 3873 RemOrum
1211 3820 1446 3875 ecclesia
1465 3830 1681 3892 pastore
1713 3824 1956 3890 carebat,

340 3903 396 3956 in
427 3902 776 3960 confectione
807 3907 1138 3973 chrismatis,
1171 3910 1406 3982 aliisque
1423 3913 1661 3987 negotiis
1692 3914 1958 3970 ecclesia-

343 3991 498 4046 sticis
545 4009 645 4063 pro
701 3995 785 4049 sui
839 3997 1207 4066 possibilitate
1273 4003 1562 4057 consulere
1615 4013 1954 4074 procuraret.

346 4086 614 4150 Quocirca
651 4104 775 4144 cum
805 4090 1042 4160 epistola
1101 4092 1250 4165 regia
1281 4102 1341 4148 ut
1392 4095 1572 4166 ipsum
1626 4096 1957 4152 Halduinum

344 4177 728 4249 presbyterum
759 4182 1060 4246 ordinaret,
1085 4191 1251 4254 atque
1275 4184 1331 4238 in
1355 4185 1642 4239 Altivillari
1676 4193 1960 4241 monaste-

344 4269 426 4325 rio
456 4271 714 4327 abbatem
772 4283 1031 4342 sacraret,
1081 4276 1504 4332 archidiaconus
1543 4277 1832 4332 Remensis
1860 4278 1958 4332 Ec-

338 4359 542 4428 clesiae,
575 4377 700 4417 cum
728 4363 853 4418 aliis
899 4365 1295 4422 comministris
1341 4375 1450 4422 tam
1483 4366 1767 4422 canonicis
1793 4385 1957 4440 quam

342 4457 648 4526 monachis,
681 4457 758 4512 illi
786 4458 1049 4514 obtulerit
1082 4476 1097 4528 ;
1130 4476 1410 4533 quemque
1441 4462 1510 4516 ad
1537 4469 1724 4518 votum
1749 4461 1958 4533 praefati

344 4551 613 4622 principis
641 4559 696 4607 et
725 4551 1069 4608 offerentium
1085 4553 1440 4610 ordinaverit.
1477 4554 1632 4608 Unde
1646 4554 1958 4623 judicatum

345 4648 428 4695 est
457 4641 740 4710 asynodo,
770 4643 1026 4698 eumdem
1055 4643 1378 4715 episcopum
1406 4643 1543 4698 nihil
1583 4642 1959 4699 damnationis
1979 4671 2038 4738 D

347 4734 414 4787 de
457 4731 610 4785 illius
643 4733 996 4789 ordinatione
1043 4734 1310 4807 attigisse.
1375 4736 1482 4791 Sed
1533 4735 1627 4808 qui
1660 4736 1802 4791 saltu
1833 4737 1959 4790 sine

343 4823 516 4896 gradu
549 4823 793 4880 diaconii
823 4825 890 4878 ad
921 4825 1292 4882 sacerdotium
1324 4827 1648 4897 prosilierit,
1670 4827 1725 4881 in
1757 4827 1962 4901 degra-

346 4913 629 4967 dationem
657 4913 902 4967 debitam
934 4915 1147 4969 resilire
1193 4915 1441 4971 deberet.
1478 4915 1689 4970 Deinde
1722 4915 1962 4987 requisi-

347 5013 463 5060 tum
495 5007 670 5061 estde
704 5005 790 5061 his
819 5006 913 5078 qui
940 5007 1116 5062 Eboni
1176 5017 1299 5077 post
1355 5009 1774 5079 depositionem
1804 5027 1958 5066 suam

343 5097 906 5164 communicaverant,
960 5107 1014 5154 et
1069 5100 1298 5154 recitata
1338 5100 1667 5156 auctoritate
1725 5103 1963 5173 qualiter

347 5189 530 5242 sanari
554 5191 842 5256 deberent,
885 5199 1164 5262 repertum
1205 5199 1287 5246 est
1339 5208 1405 5245 ex
1435 5192 1964 5249 canonicisinstitu-

348 5276 438 5338 tis,
475 5291 570 5330 eos
587 5287 711 5347 post
736 5279 1192 5346 satisfactionem,
1233 5280 1360 5336 data
1391 5280 1498 5334 illis
1531 5279 1879 5356 indulgentia
1912 5291 1966 5337 et

345 5369 736 5423 communione
774 5386 928 5426 sacra
983 5388 1108 5427 cum
1167 5372 1559 5428 benedictione
1600 5373 1825 5440 tributa,
1869 5391 1968 5444 per

352 5474 544 5513 eorum
569 5461 856 5531 preprium
897 5464 1242 5535 episcopum,
1271 5473 1538 5537 operante
1595 5465 1827 5521 Domino
1862 5482 1962 5522 nor

349 5558 464 5605 stro
507 5551 635 5606 Jesu
692 5551 924 5621 Christo,
986 5556 1263 5625 purificari
1313 5568 1479 5630 atque
1545 5559 1725 5614 sanari
1779 5574 1960 5629 posse.

353 5641 508 5705 Quod
583 5651 638 5698 et
700 5652 882 5698 actum
952 5655 1034 5699 est
1097 5665 1196 5716 per
1259 5649 1636 5705 venerabilem
1706 5651 1964 5705 Hincma-

353 5747 474 5786 rum
518 5731 1024 5802 archiepiscopum.
1077 5737 1170 5792 His
1226 5739 1301 5793 ita
1367 5739 1624 5810 peractis,
1688 5740 1966 5814 benignus

354 5823 614 5897 princeps
667 5823 897 5880 Karolus
954 5825 1109 5892 petiit
1159 5830 1507 5886 Hincmarum
1595 5832 1971 5901 archiepisco-

354 5928 507 5984 pum,
543 5916 902 5988 reliquosque
959 5915 1270 5986 pontiﬁces,
1299 5927 1360 5975 ut
1384 5920 1516 5991 quia
1548 5920 1756 5990 praefati
1777 5920 1974 5974 fratres

2059 3387 2222 3445 agere
2252 3368 2487 3425 sollicite
2535 3366 2802 3431 renuerit,
2865 3381 2932 3420 eo
2955 3365 3103 3435 quod
3138 3380 3236 3435 per
3263 3363 3482 3435 aliquos
3511 3379 3577 3417 ex
3598 3363 3691 3418 his

2059 3459 2356 3532 episcopis,
2391 3458 2482 3529 qui
2517 3456 2730 3527 synodo
2773 3455 3115 3519 resederant,
3147 3462 3205 3508 ut
3235 3453 3509 3509 dubitatio
3542 3453 3693 3508 foret

2064 3552 2328 3606 radicitus
2363 3549 2573 3615 evulsa,
2634 3546 2882 3615 ejusdem
2917 3543 3122 3615 synodi
3170 3549 3371 3598 statuta
3421 3543 3696 3598 destinari

2061 3644 2410 3708 debuissent,
2442 3639 2723 3711 praecipue
2746 3654 2870 3694 cum
2917 3636 3126 3690 ibidem
3182 3636 3344 3708 legati
3375 3636 3527 3690 sedis
3548 3653 3697 3707 apo-

2059 3733 2269 3790 stolicae
2297 3740 2606 3803 praesentes
2637 3744 2749 3783 non
2795 3727 3019 3782 fuerint.
3075 3725 3139 3779 Et
3171 3725 3301 3796 quia
3333 3725 3388 3778 lii
3422 3740 3567 3795 quos
3598 3724 3697 3779 ille

2060 3825 2388 3882 auctoritate
2420 3821 2618 3892 synodi
2649 3815 3278 3888 affirmabatdepositos,
3305 3831 3402 3887 per
3433 3817 3698 3887 proprias

2061 3916 2273 3971 litteras
2295 3914 2363 3968 ad
2422 3912 2611 3967 sedem
2644 3908 3003 3980 apostolicam
3038 3907 3464 3978 appellaverint,
3495 3915 3550 3962 et
3571 3907 3701 3961 vel-

2061 4008 2176 4062 lent
2208 4007 2406 4060 iterum
2467 4018 2526 4056 se
2578 3999 2890 4071 apostolicae
2930 3996 3081 4052 sedis
3130 3996 3309 4051 audiri
3360 3998 3693 4066 praesentia,

2062 4097 2391 4170 pracepisse
2422 4108 2646 4165 quoque
2678 4090 2935 4145 eumdem
3005 4104 3225 4160 papam,
3258 4095 3319 4143 ut
3358 4088 3696 4144 Hincmarus

2061 4191 2263 4262 praesul
2293 4189 2361 4243 ad
2393 4185 2690 4242 concilium
2739 4200 2862 4238 cum
2922 4182 3029 4236 illis
3060 4188 3393 4246 occurreret,
3431 4181 3502 4235 ad
3533 4183 3692 4253 quod

2060 4296 2221 4335 suum
2271 4279 2386 4349 ipse
2432 4277 2694 4347 legatum,
2760 4272 2978 4326 Petrum
3040 4269 3299 4325 videlicet
3356 4270 3692 4340 episcopum

2061 4373 2438 4444 Spoletanum,
2463 4383 2492 4422 e
2518 4367 2688 4422 latere
2719 4380 2822 4420 suo
2845 4365 3140 4430 direxerat,
3175 4362 3243 4417 ad
3298 4363 3692 4417 renovandum

2060 4460 2564 4530 scilicetjudicium
2606 4457 2728 4512 vice
2757 4473 2875 4511 sua.
2940 4455 3035 4510 Cui
3065 4455 3387 4520 audientiae,
3419 4454 3695 4525 quoniam

2061 4558 2298 4613 domnus
2329 4553 2658 4608 Hincmarus
2691 4567 2846 4605 suam
2881 4565 2992 4604 non
3021 4547 3273 4602 exhibuit
3304 4547 3697 4617 praesentiam,

2062 4649 2173 4705 voti
2193 4647 2392 4703 effectu
2423 4645 2681 4700 frustrato
2730 4645 2836 4698 Leo
2876 4640 3125 4712 pontifex
3165 4639 3234 4694 ab
3268 4639 3371 4693 hac
3389 4637 3512 4693 luce
3541 4639 3692 4694 sub-

2064 4749 2270 4798 tractus
2295 4746 2395 4794 est.
2430 4737 2730 4793 Benedicto
2788 4743 2970 4791 autem
3000 4733 3118 4790 viro
3149 4731 3454 4802 apostolico
3487 4748 3694 4788 succe-

2063 4831 2249 4897 dente,
2272 4827 2453 4884 eidem
2481 4827 2806 4896 subreptum
2852 4824 3042 4888 fuisse,
3075 4829 3130 4876 et
3156 4822 3211 4875 in
3241 4821 3360 4892 ipso
3392 4837 3694 4876 consecra-

2063 4922 2228 4978 tionis
2261 4921 2382 4990 ejus
2414 4917 2687 4991 principio
2719 4921 3040 4978 suasum,ut
3069 4911 3202 4966 illud
3218 4911 3464 4965 ﬁrmaret
3493 4911 3695 4966 conci-

2063 5011 2232 5077 lium;
2282 5025 2392 5065 non
2424 5017 2608 5063 tamen
2666 5005 2716 5058 ei
2770 5001 2991 5057 suaderi
3043 4999 3316 5071 potuisse,
3360 5007 3419 5053 ut
3453 5015 3486 5052 a
3519 4999 3694 5066 justae

2067 5097 2410 5154 deﬁnitionis
2471 5095 2685 5150 tramite
2726 5091 3048 5147 declinaret.
3098 5089 3295 5143 Verum
3348 5087 3421 5141 ita
3486 5104 3592 5158 per
3645 5088 3693 5142 ei

2067 5206 2392 5247 concessum
2424 5185 2772 5260 privilegium
2829 5183 2976 5237 illius
3019 5180 3239 5236 concilii
3265 5179 3559 5235 roborasse
3601 5181 3692 5234 in-

2067 5281 2340 5344 stitutum,
2373 5285 2432 5332 ut
2479 5273 2821 5331 auctoritatis
2870 5286 3140 5325 summam
3180 5269 3301 5323 sedi
3362 5269 3694 5340 apostolicae

2068 5368 2363 5426 reservarit
2395 5384 2409 5433 ;
2437 5366 2512 5421 ita
2550 5365 2856 5420 decernens
2901 5374 3131 5414 manere
3185 5356 3510 5412 inconvulsa
3570 5374 3696 5428 quae

2069 5462 2420 5534 petebantur,
2471 5459 2515 5513 si
2571 5458 2642 5512 ita
2708 5463 2897 5510 essent
2951 5469 3050 5523 per
3102 5452 3309 5517 omnia,
3344 5467 3467 5521 quae
3497 5451 3571 5504 de
3605 5451 3698 5504 illa

2065 5553 2277 5624 synodo
2305 5551 2373 5606 ab
2406 5549 2697 5604 Hincmaro
2729 5547 3128 5611 referebantur,
3153 5552 3206 5598 et
3227 5551 3284 5597 ut
3308 5543 3435 5596 inde
3457 5543 3697 5614 qumstio

2068 5647 2235 5701 nullis
2261 5645 2558 5717 aliquando
2616 5641 2964 5713 temporibus
3002 5639 3259 5693 oriretur.
3289 5636 3398 5690 Sed
3427 5637 3695 5707 quoniam

2066 5750 2177 5790 non
2211 5735 2287 5790 ita
2321 5750 2420 5805 per
2446 5733 2654 5798 omnia,
2687 5747 2792 5785 ceu
2848 5737 3168 5805 suggestum
3201 5734 3305 5792 est,
3341 5724 3516 5782 fuisse
3543 5743 3700 5782 com-

2073 5824 2360 5896 probatur,
2423 5823 2620 5879 merito
2687 5821 2888 5877 asserit
2958 5821 3013 5874 in
3073 5819 3286 5874 irritum
3371 5818 3697 5882 deductum,

2076 5919 2224 5989 quod
2255 5925 2448 5974 contra
2479 5918 2728 5986 dejectos
2749 5933 2860 5972 non
2874 5912 3198 5985 simpliciter
3222 5912 3402 5968 fuerat
3428 5912 3700 5984 impetra-
