3912 6474
236 421 331 476 157

871 418 1198 474 HISTORUE
1238 417 1575 473 ECCLESIE
1616 419 1944 475 REMENSIS
1985 419 2160 475 LIBRI
2201 418 2526 485 QUATUOR.
2554 450 2625 458 —
2666 418 2769 473 LIB
2835 420 2925 473 ΙΙΙ.

233 552 359 598 tum.
409 544 670 609 Quocirca
729 544 965 616 primum
1023 545 1247 616 quidem
1309 545 1515 601 domno
1556 545 1845 603 Hincmaro
1872 560 1918 626 Α
1948 546 2141 602 urbem
2174 561 2297 601 cum
2327 544 2452 599 aliis
2473 543 2567 615 qui
2596 549 2729 598 tunc
2758 542 3126 614 nequiverunt
3155 542 3351 598 adesse
3373 558 3570 599 conve-

234 635 499 689 mandavit
562 636 771 702 (NmOL.
838 637 1023 706 μερίδι
1073 637 1186 704 47),
1251 637 1327 691 uti
1388 644 1846 693 commemoratos

234 728 391 795 viros,
416 728 703 783 Vulfadum
736 729 967 797 scilicet,
992 728 1350 803 collegasque
1368 730 1565 801 ipsius,
1591 731 1847 787 clementi

237 819 409 874 animo
460 818 705 872 studeret
752 817 820 872 ad
861 833 923 873 se
970 835 1247 885 revocare,
1288 826 1341 874 et
1388 819 1456 874 de
1507 820 1850 875 restitutione

239 911 471 981 ipsorum
504 924 694 964 secum
740 907 977 965 fraterne
1020 917 1296 977 tractaret,
1328 918 1493 983 atque
1536 912 1850 967 misericor-

242 998 375 1052 diter
410 1013 799 1052 consummare
837 1000 1219 1055 contenderet.
1263 1000 1518 1072 Alioquin
1555 1001 1625 1056 ad
1664 1001 1850 1056 conci-

241 1088 363 1145 lium
385 1107 504 1146 cum
539 1090 626 1144 his
656 1090 957 1162 episcopis,
992 1092 1196 1164 quibus
1229 1100 1283 1147 et
1314 1094 1435 1165 ipse
1463 1108 1682 1165 quoque
1714 1108 1857 1163 papa

244 1198 334 1253 pro
362 1184 463 1237 hoc
492 1182 613 1252 ipso
644 1182 942 1253 scripserat
965 1183 1170 1250 (NICOL.
1208 1185 1249 1251 Ι,
1272 1187 1411 1255 epist
1431 1185 1522 1250 46,
1549 1184 1658 1252 47),
1691 1184 1854 1237 simul

243 1281 562 1339 occurreret,
595 1281 870 1345 quatenus
909 1290 1105 1330 omnes
1136 1276 1190 1330 in
1222 1292 1409 1331 unum'
1434 1275 1852 1341 convenientes,

242 1379 451 1419 causam
490 1363 813 1418 eorumdem
855 1363 1180 1419 clericorum
1222 1364 1619 1430 examinarent,
1662 1370 1714 1416 et
1744 1378 1853 1417 non

240 1454 413 1526 aliqua
453 1462 775 1527 emergente
804 1454 1231 1527 disceptatione,
1264 1454 1376 1510 Deo
1408 1472 1517 1526 pra:
1550 1455 1725 1509 oculis
1758 1455 1854 1508 ha-

244 1541 369 1604 bito,
383 1536 706 1593 difﬁnirent.
728 1541 781 1596 Si
801 1557 930 1595 vero
943 1541 1207 1613 quaelibet
1224 1541 1367 1597 inter
1386 1548 1570 1613 partes
1587 1541 1857 1612 discepta-

247 1623 315 1679 tio
341 1628 674 1696 proveniret,
709 1631 775 1683 ad
806 1631 995 1687 sedem
1019 1632 1379 1703 apostolicam
1410 1649 1523 1688 suae
1547 1632 1854 1702 suscepturi

249 1715 480 1782 speciale
504 1717 775 1785 judicium
800 1736 1075 1790 personae,
1106 1721 1255 1776 vices
1286 1728 1540 1776 tenentes
1571 1721 1855 1792 utriusque

247 1804 421 1860 lateris
473 1812 852 1867 convenirent.
905 1814 971 1868 At
1026 1814 1122 1869 Dei
1179 1815 1366 1888 gratia:
1417 1815 1699 1885 juvamine
1755 1815 1857 1871 hoc

245 1901 456 1963 peracto
487 1898 726 1967 judicio,
767 1900 981 1956 intimat
1023 1918 1084 1957 se
1134 1902 1342 1957 litteras
1381 1904 1697 1975 suscepisse
1744 1919 1856 1957 am-

246 1987 540 2057 plectendae
608 1989 922 2045 dilectionis
978 1992 1248 2059 omnium,
1311 1993 1404 2064 qui
1469 1993 1856 2063 interfuerunt,

249 2081 652 2152 episcoporum,
728 2081 1183 2137 manifestissime
1256 2082 1653 2157 signiﬁcantes,
1740 2104 1857 2143 cre-

245 2167 337 2223 bro
398 2176 736 2226 memoratos
803 2171 1037 2228 clericos
1089 2189 1120 2227 a
1188 2174 1354 2229 totius
1409 2191 1653 2231 consona
1727 2192 1858 2232 voce

245 2262 453 2315 concilii
508 2262 712 2337 dignos
759 2264 1029 2337 graduum
1089 2280 1313 2320 suorum
1369 2269 1684 2339 receptionc
1731 2284 1859 2338 pro-

248 2353 539 2409 nuntiatos.
597 2354 695 2408 Ubi
750 2355 902 2410 nulla
958 2356 1118 2426 (sicut
1175 2357 1230 2411 in
1288 2357 1483 2415 litteris
1536 2364 1856 2418 eorumdem

245 2444 626 2515 episcOporum
707 2446 1101 2519 reperiebatur)
1169 2449 1498 2522 disceptatio
1571 2454 1856 2523 provenit,

246 2532 385 2587 nulla
442 2534 586 2589 sicut
644 2543 892 2606 putatum
960 2535 1156 2605 fuerat,
1225 2540 1460 2595 varietas
1514 2541 1621 2596 alia
1695 2549 1858 2614 atque

243 2630 341 2685 alia
408 2629 832 2685 defendentium
911 2632 1170 2700 accidit,
1254 2634 1439 2689 nullus
1516 2641 1801 2690 accusator
1842 2676 1857 2701 ,

243 2721 417 2775 nullus
447 2721 851 2777 condemnator
872 2728 1123 2792 repertus
1153 2730 1256 2790 est,
1282 2726 1381 2779 sed
1407 2732 1728 2780 cunctorum
1747 2740 1856 2778 una

240 2814 540 2885 eademque
588 2815 884 2881 sententia,
916 2822 1079 2888 atque
1126 2816 1182 2869 in
1228 2816 1571 2871 restitutione
1611 2818 1854 2888 ipsorum

237 2906 483 2961 diflinitio
514 2908 794 2971 claruerit,
820 2908 1031 2963 eisdem
1059 2909 1295 2964 innoxiis
1314 2926 1343 2963 a
1364 2916 1683 2965 cunctorum
1717 2925 1852 2963 una-

238 2989 472 3047 nimitate
523 2994 708 3049 modis
756 2995 1017 3049 omnibus
1074 2996 1415 3067 approbatis.
1479 2997 1855 3067 Reprehendit

240 3089 411 3137 autem
446 3090 500 3138 et
532 3084 641 3140 hoc
667 3100 889 3157 quoque
921 3086 1215 3141 concilium
1247 3086 1506 3158 praefatus
1534 3103 1675 3159 papa
1702 3088 1856 3143 Nico-

240 3173 467 3245 laus(ep.
491 3175 608 3243 46l,
641 3178 789 3249 quod
822 3194 932 3233 non
956 3179 1278 3235 solemniter
1298 3181 1505 3247 omnia,
1532 3181 1686 3250 juxta
1707 3181 1856 3253 quod

239 3261 351 3332 ipse
372 3262 731 3332 difﬁniverat,
765 3266 1001 3341 egerint,
1036 3267 1156 3321 sedi
1187 3269 1503 3339 apostolicae
1534 3270 1698 3340 plena
1725 3270 1859 3325 rela-

239 3349 377 3407 tione
418 3353 661 3409 actionis
703 3356 901 3410 seriem
946 3364 1278 3413 reserantes.
1332 3358 1624 3427 Debuisse,
1678 3359 1856 3427 aiens,

238 3444 498 3518 quidquid
520 3447 595 3503 de
612 3446 819 3502 Ebonis
850 3449 1186 3518 dejectione,
1211 3451 1601 3507 reclamatione
1630 3454 1827 3521 [NicoL
1843 3493 1857 3520 ,

241 3537 615 3612 relegatione],
634 3541 828 3595 horum
853 3542 1177 3598 clericorum
1207 3545 1575 3614 promotione,
1608 3552 1661 3600 et
1683 3545 1859 3616 ipsius

245 3629 439 3685 Ebonis
497 3632 691 3687 iterata
735 3634 1076 3704 repulsione,
1122 3637 1191 3691 ad
1230 3636 1506 3710 aliamque
1559 3640 1858 3696 Ecclesiam

244 3718 585 3792 migratione,
612 3720 699 3775 vel
730 3721 1104 3794 undecunque
1136 3723 1211 3777 ibi
1250 3724 1398 3795 quod
1429 3725 1749 3781 ventilatum
1780 3735 1864 3782 est

244 3810 289 3863 ei
321 3812 521 3882 scripto
563 3814 920 3879 unanimiter,
951 3816 1190 3885 pleniter
1221 3834 1286 3872 ac
1316 3816 1554 3874 ﬁdeliter
1583 3820 1859 3876 intimare.

244 3905 341 3959 Sed
371 3912 423 3960 et
448 3905 809 3961 monimentis
850 3906 1116 3961 insertum
1156 3910 1225 3963 ad
1268 3909 1568 3979 pleniorem
1599 3929 1775 3982 penes
1802 3930 1864 3969 se

244 3996 479 4051 notitiam
529 4004 587 4052 et
622 3997 1009 4053 certitudinem
1062 4016 1363 4057 reservare.
1407 4002 1670 4073 Praacepit
1708 4020 1861 4079 ergo,

250 4094 302 4141 ut
330 4105 677 4161 quascunque
709 4106 880 4162 super
909 4093 1010 4147 hac
1040 4109 1098 4147 re
1129 4094 1356 4164 scripta.
1385 4101 1493 4150 tam
1518 4112 1550 4150 a
1580 4096 1715 4152 sede
1736 4113 1865 4169 apo-

249 4178 456 4245 stolica,
506 4195 674 4251 quam
728 4196 760 4234 a
804 4181 1141 4236 nostratibus
1186 4184 1333 4239 edita
1384 4187 1746 4256 reperiantur,
1805 4195 1860 4243 et

247 4271 388 4341 quod
419 4272 549 4326 hinc
594 4272 795 4343 praesul
835 4273 1181 4343 Hincmarus,
1228 4284 1281 4331 et
1316 4278 1395 4332 illi
1426 4279 1626 4348 dejecti
1673 4281 1859 4337 clerici

247 4363 359 4417 sedi
387 4365 706 4436 apostolica:
738 4367 1119 4442 suggesserint
1148 4376 1311 4441 atque
1335 4372 1640 4439 retulerint,
1673 4374 1727 4428 in
1757 4390 1857 4430 vo-

244 4452 424 4511 lumen
454 4474 651 4524 unum,
683 4458 878 4513 ordine
911 4475 1022 4531 quo
1064 4462 1236 4518 missa
1271 4470 1421 4532 sunt,
1455 4462 1856 4539 redigerentur,

245 4550 626 4618 etapostolica:
651 4550 791 4616 sedi,
811 4552 1221 4623 exemplaribus
1248 4554 1355 4609 sibi
1379 4557 1687 4623 reservatis,
1714 4575 1861 4613 sum-

1950 653 2156 691 l'llmllS.

2024 749 2050 772 κ
2090 724 2296 779 Seriem
2329 740 2509 778 rerum
2530 730 2806 795 gestarum
2839 724 2910 779 de
2941 723 3147 778 Ebonis
3170 722 3448 794 quondam
3473 723 3574 778 Re-

1948 831 2162 871 morum
2186 814 2588 885 archiepiscopi
2618 815 2991 885 depositione,
3012 814 3110 869 sed
3128 821 3182 869 et
3198 814 3266 868 de
3297 814 3474 885 ipsius
3494 831 3574 869 re-

1951 904 2254 971 stitutione,
2302 920 2404 959 nec
2433 919 2544 959 non
2582 910 2637 958 et
2666 904 2737 958 de
2772 904 2952 959 fratris
2981 903 3196 959 Vulfadi
3232 919 3297 958 ac
3333 902 3573 977 collega-
3620 954 3630 969 ,

1956 1012 2075 1059 rum
2131 998 2253 1065 ejus
2291 996 2657 1067 promotione,
2704 1005 2757 1053 et
2790 998 2903 1067 jam
2942 997 3076 1051 dicti
3131 996 3337 1051 Ebonis
3382 996 3574 1052 iterata

1959 1091 2297 1162 repulsione,
2328 1092 2396 1146 ad
2426 1092 2701 1163 aliamque
2720 1092 3018 1147 Ecclesiam
3042 1088 3390 1161 migratione,
3423 1092 3572 1146 unde

1956 1198 1988 1236 a
2040 1182 2202 1237 nobis
2254 1182 2591 1257 investigari,
2650 1190 2703 1237 et
2752 1182 2911 1237 vobis
2951 1180 3262 1236 remandari
3302 1179 3571 1248 jussistis,

1956 1272 2085 1344 quia
2107 1273 2194 1327 his
2210 1290 2373 1330 nemo
2414 1282 2659 1330 nostrum
2684 1275 2737 1328 in
2760 1274 2952 1329 ordine
2975 1272 3278 1343 episcopali
3306 1270 3571 1338 interfuit,

1958 1365 2064 1420 nisi
2098 1365 2262 1420 frater
2303 1367 2605 1422 Rothaldus
2654 1367 2816 1437 (sicut
2860 1381 2923 1420 ex
2965 1380 3152 1438 regum
3186 1371 3242 1418 et
3277 1364 3571 1436 episcopo-

1957 1471 2075 1508 rum
2118 1456 2476 1511 monimentis
2526 1457 2619 1528 qui
2669 1455 3055 1521 interfuerunt,
3098 1462 3151 1509 et
3196 1454 3416 1525 scriptis
3455 1454 3573 1508 suis

1958 1544 2194 1614 posteris
2249 1545 2609 1617 reliquerunt,
2678 1545 2916 1600 breviter
2976 1544 3323 1615 collegimus)
3381 1551 3575 1599 vestrae

1957 1633 2320 1687 sanctissimae
2352 1635 2663 1705 paternitati
2705 1642 2760 1688 et
2787 1633 3310 1705 praacellentissima:
3337 1631 3576 1686 auctori-

1958 1724 2052 1779 tati
2087 1709 2525 1781 transmittimus:
2557 1727 2686 1792 Quae
2721 1734 2844 1781 ante
2884 1727 3146 1801 colligere
3186 1733 3240 1779 et
3268 1724 3574 1780 a‘uctoritati

1958 1824 2151 1871 vestrze
2175 1818 2413 1893 dirigere
2436 1820 2809 1874 necessarium
2831 1836 2939 1875 non
2963 1820 3296 1891 putavimus,
3314 1818 3573 1890 quoniam

1960 1905 2101 1960 sicut
2127 1906 2286 1962 vobis
2325 1926 2423 1979 per
2464 1909 2746 1985 Egilonem
2797 1908 3169 1964 venerabilem
3202 1907 3575 1979 archiepisco-

1960 2009 2089 2064 pum
2123 1996 2327 2066 scripto
2367 1998 2748 2072 suggessimus
2789 1998 2844 2051 in
2876 2015 2986 2070 quo
3017 1998 3221 2052 nullam
3253 1998 3574 2053 memoriam

1960 2084 2029 2139 de
2074 2103 2405 2160 quacunque
2455 2089 2659 2143 Ebonis
2709 2091 3056 2161 depositione
3098 2090 3413 2156 habuimus,
3472 2106 3577 2145 nec

1962 2174 2152 2230 haberi
2195 2184 2323 2232 tunc
2366 2180 2739 2241 necessarium
2781 2182 3043 2248 vidimus,
3089 2182 3253 2237 nobis
3286 2182 3340 2236 in
3385 2196 3574 2236 eorum

1962 2263 2184 2319 fratrum
2217 2267 2562 2322 restitutione
2590 2284 2699 2323 non
2731 2270 2955 2341 quidem
2984 2272 3444 2342 disceptantibus,
3476 2288 3578 2327 nec

1959 2354 2067 2408 alia
2108 2361 2274 2426 atque
2312 2356 2419 2411 alia
2456 2357 2908 2427 decernentibus,
2966 2361 3061 2415 sed
3104 2378 3274 2416 unum
3316 2361 3578 2432 idemque

1960 2446 2266 2500 secundum
2308 2447 2655 2504 traditionem
2710 2452 3001 2521 majorum,
3053 2469 3217 2523 quam
3258 2451 3579 2507 discretioni

1959 2543 2154 2591 vestra:
2198 2538 2448 2595 intimare
2487 2544 2820 2610 curavimus,
2863 2545 3253 2612 sentientibus,
3294 2560 3434 2617 quos
3467 2559 3577 2598 non

1962 2630 2213 2698 procacia
2241 2630 2512 2689 obnoxios
2544 2633 2691 2702 fecit,
2734 2636 2834 2690 sed
2864 2637 3181 2692 obedientia
3213 2635 3579 2708 inculpabiles

1962 2718 2015 2771 in
2032 2718 2329 2790 adeptione
2343 2740 2621 2778 sacrorum
2640 2725 2931 2798 graduum,
2958 2726 3109 2795 juxta
3140 2724 3577 2779 sincerissimum

1958 2812 2248 2867 sententia:
2279 2820 2475 2870 vestra:
2506 2814 2846 2870 intellectum
2886 2815 3120 2881 induxit,
3161 2816 3283 2869 sine
3312 2818 3583 2872 contradi-

1956 2904 2140 2959 ctione
2190 2905 2246 2960 in
2293 2907 2410 2961 suis
2450 2907 2741 2962 ordinibus
2785 2908 3073 2962 restituere
3126 2916 3580 2974 maturassemus,

1957 2995 2065 3050 nisi
2105 2997 2408 3071 privilegiis
2447 3006 2649 3054 sanctae
2680 3000 2939 3055 Romanae
2978 3001 3150 3067 sedis,
3194 3018 3292 3073 per
3330 3018 3584 3057 reveren-

1959 3086 2087 3141 dum
2116 3088 2445 3145 confratrem
2466 3098 2712 3147 nostrum
2735 3092 3084 3146 Hincmarum
3097 3093 3578 3164 archiepiscopum

1960 3184 2160 3232 nostra!
2193 3178 2570 3235 unanimitatis
2596 3180 2839 3251 prolatis,
2860 3198 2984 3252 quae
3004 3180 3071 3235 de
3106 3180 3241 3251 ipsis
3264 3180 3396 3234 viris
3427 3194 3578 3249 quae-

1960 3270 2086 3339 dam
2147 3277 2475 3339 statuerunt,
2552 3274 2740 3328 debita
2822 3273 3128 3328 reverentia
3202 3272 3575 3327 exhiberetur.

1961 3364 2198 3427 Quorum
2268 3379 2503 3432 summa,
2582 3364 2844 3435 perfecta,
2920 3372 2974 3420 et
3049 3365 3261 3439 integra
3329 3362 3578 3429 ﬁrmitas,

1961 3462 2020 3510 ut
2075 3454 2267 3509 claruit
2312 3461 2366 3509 et
2413 3455 2621 3524 justum
2664 3465 2769 3523 est,
2816 3458 2872 3511 in
2930 3459 3247 3529 apostolicae
3296 3457 3447 3512 sedis
3492 3474 3579 3511 re-

1962 3559 2175 3607 servata
2222 3556 2339 3606 erat
2395 3549 2618 3605 arbitrio
2678 3552 3008 3621 potestatis:
3066 3566 3412 3622 quorumque
3469 3550 3581 3621 pri-

1962 3646 2287 3721 vilegiorum
2315 3644 2658 3700 authenticas
2706 3644 2943 3710 chartas,
2991 3660 3113 3699 cum
3164 3644 3329 3698 salvis
3360 3642 3581 3717 sigillis,

1964 3742 2017 3790 et
2054 3734 2384 3805 incorruptis
2438 3733 2723 3805 scripturis
2764 3732 2910 3787 idem
2961 3732 3239 3789 confrater
3277 3740 3330 3787 et
3383 3749 3582 3788 consa-

1963 3828 2159 3883 cerdos
2205 3835 2413 3895 noster,
2451 3843 2560 3882 non
2590 3826 2659 3881 ad
2706 3826 3091 3898 praadictorum
3143 3825 3364 3879 fratrum
3412 3840 3584 3880 nocu-

1965 3924 2233 3984 mentum,
2264 3933 2447 3989 neque
2493 3916 2563 3972 ad
2591 3915 2756 3971 ullam
2797 3913 3312 3979 contradictionem,
3356 3913 3455 3967 sed
3514 3914 3583 3968 ad

1965 4006 2206 4062 debitam
2267 4004 2629 4060 reverentiam
2687 4003 2807 4058 sedi
2861 4001 3201 4072 apostolicae,
3248 4008 3306 4055 ut
3354 4000 3583 4074 dignum

1965 4103 2069 4163 est,
2096 4094 2487 4161 exhibendam,
2521 4093 2783 4159 ostendit,
2814 4108 2938 4147 cum
2970 4090 3141 4165 gestis
3172 4089 3583 4162 episcoporum,

1964 4204 2195 4260 quorum
2240 4204 2340 4244 vos
2383 4195 2501 4243 acta
2544 4187 2831 4259 relegisse,
2882 4193 2935 4241 et
2985 4184 3222 4257 qualiter
3269 4183 3585 4256 prresignati

1960 4274 2143 4329 clerici
2208 4276 2493 4351 degradati
2546 4277 2748 4330 fuerint
2803 4275 3098 4348 reperisse,
3156 4273 3319 4330 nobis
3371 4272 3587 4344 aperire

1961 4367 2168 4440 dignati
2193 4370 2346 4423 estis.
2376 4368 2586 4433 Quibus
2616 4383 2727 4424 non
2751 4367 3098 4438 subscripsit,
3131 4367 3260 4438 quia
3282 4372 3337 4420 et
3357 4364 3584 4420 eosdem

1962 4457 2153 4512 fratres
2184 4474 2284 4514 suo
2302 4459 2515 4529 judicio
2548 4474 2657 4513 non
2689 4458 2910 4527 dejecit,
2944 4459 3084 4513 sicut
3110 4456 3267 4512 vobis
3295 4463 3349 4510 et
3378 4456 3589 4527 ipsc,et

1962 4565 2064 4605 nos
2102 4550 2450 4621 scripsimus,
2484 4558 2538 4606 et
2564 4557 2719 4624 gesta
2759 4550 2880 4621 ipsa
2918 4550 3320 4613 demonstrant,
3352 4554 3407 4603 et
3446 4547 3590 4603 sicut

244 4608 560 4698 mO-studio
600 4642 948 4717 dirigeretur.
974 4608 1062 4698 .Et
1108 4645 1155 4699 si
1206 4646 1277 4701 de
1334 4655 1531 4703 caetero
1574 4608 1707 4720 quid
1751 4608 1938 4706 talen
1958 4659 2069 4713 jam
2115 4608 2477 4697 sanctissime
2508 4608 2819 4715 paternitati
2851 4649 3045 4697 vestrm
3085 4641 3491 4715 suggessimus,
3525 4639 3581 4692 in

242 4729 375 4786 forte
405 4734 702 4808 contigerit
728 4735 976 4800 evenire,
1012 4743 1239 4807 propter
1267 4740 1415 4812 quod
1445 4748 1776 4796 conventum
1808 4742 1864 4797 in

244 4824 561 4897 regionibus
590 4829 676 4883 his
713 4828 831 4885 ﬁeri
863 4832 1212 4888 sacerdotum
1244 4833 1546 4903 praecipiat,
1584 4834 1688 4889 hoc
1722 4834 1866 4889 inter

241 4923 431 4971 (πρίει-ει
463 4920 602 4974 nulli
629 4923 851 4991 penitus
895 4924 1163 4981 oblivioni
1195 4927 1432 4989 tradant,
1466 4926 1564 4981 sed
1598 4933 1723 4998 post
1749 4942 1863 4982 om-

243 5006 327 5061 nia
357 5008 409 5062 id
445 5027 615 5084 agere
658 5013 922 5081 majorum
957 5030 1109 5071 more
1146 5015 1554 5071 studiosissime
1588 5023 1859 5091 satagant,

245 5103 295 5151 et
321 5107 537 5155 ca'tera.

306 5189 581 5247 Prazmissi
604 5192 846 5265 denique
877 5197 1096 5253 concilii
1121 5198 1408 5269 przesules,
1433 5199 1751 5269 apostolicae,
1774 5214 1860 5253 se-

240 5276 321 5331 dis
359 5280 690 5337 obedientes
708 5286 1037 5356 praeceptis.
1074 5287 1327 5341 ordinem
1374 5304 1554 5341 rerum
1582 5294 1859 5361 gestarum

239 5364 304 5419 de
334 5367 541 5426 Ebonis
573 5373 907 5442 dejectione,
929 5374 1017 5429 vel
1051 5376 1416 5441 restitutione,
1451 5376 1752 5448 iterataque
1783 5390 1864 5429 re-

239 5461 491 5525 pulsione
504 5465 855 5541 colligentes,
874 5468 1056 5523 eidem
1075 5467 1376 5523 venerabili
1398 5483 1555 5539 papa:
1571 5467 1859 5529 miserunt,

241 5547 559 5619 hujusmodi
585 5558 945 5629 prmferentes
971 5560 1261 5631 epistolam
1289 5577 1303 5613 :

314 5665 341 5692 α
384 5646 871 5703 Reverendissimo
900 5655 955 5703 et
1000 5648 1353 5703 sanctissimo
1382 5648 1587 5703 domno
1624 5646 1768 5701 Patri
1799 5662 1864 5701 ac

238 5747 391 5805 papae
420 5734 687 5801 NICOLAO,
713 5736 964 5808 episcopi
997 5738 1093 5810 qui
1123 5737 1400 5809 praeterito
1430 5750 1579 5792 anno
1611 5751 1712 5806 per
1737 5751 1862 5809 gra-

237 5824 362 5879 tiam
404 5825 502 5881 Dei
549 5832 605 5881 et
650 5827 932 5885 decretum
989 5835 1229 5885 vestrum
1285 5829 1432 5901 apud
1472 5830 1858 5887 Suesson-icam

1966 4732 2217 4800 ejusdem
2248 4733 2326 4788 rei
2357 4733 2578 4805 negotio
2606 4730 3017 4787 decertantibus
3047 4739 3101 4784 et
3127 4730 3378 4802 quaedam
3411 4728 3586 4784 deflo-

1966 4822 2234 4889 rantibus,
2269 4838 2379 4879 non
2412 4830 2593 4880 tamen
2636 4824 3063 4880 terminantibus
3096 4823 3277 4890 nobis,
3311 4837 3380 4877 eo
3410 4834 3586 4891 usque

1962 4930 2185 4970 causam
2222 4917 2601 4987 perduximus,
2634 4924 2692 4971 ut
2722 4915 3075 4973 solummodo
3105 4914 3462 4991 magisteriali
3493 4928 3587 4969 ve-

1966 5015 2077 5064 stro
2100 5009 2329 5064 culmini
2353 5026 2547 5065 eorum
2580 5011 2957 5084 assignaretur
2993 5008 3285 5074 restitutio,
3325 5007 3589 5062 attribue-

1966 5108 2111 5156 retur
2166 5102 2504 5170 reformatio,
2544 5102 2913 5158 ascriberetur
2964 5102 3373 5174 redintegratio.
3432 5100 3590 5156 Unde

1965 5204 2160 5266 postea
2208 5197 2543 5252 unanimitas
2593 5204 2781 5252 nostra
2837 5197 2891 5251 in
2941 5211 3329 5268 quamcunque
3377 5201 3588 5267 partem

1964 5301 2077 5341 non
2116 5287 2436 5355 declinavit,
2480 5287 2582 5343 etsi
2623 5286 2845 5358 quidam
2888 5300 3219 5358 quacunque
3258 5285 3587 5342 necessitate

1966 5376 2166 5431 exinde
2188 5374 2351 5431 nobis
2392 5376 2798 5442 ignorantibus,
2832 5376 3187 5431 diverternnt.
3229 5375 3456 5448 Egimus
3487 5373 3587 5428 ita-

1966 5484 2074 5540 que
2126 5475 2288 5540 prout
2326 5468 2648 5538 potuimus,
2690 5467 2745 5523 in
2798 5466 3079 5524 succincta
3136 5467 3463 5523 collectione
3518 5465 3588 5519 de

1963 5562 2134 5637 gestis
2166 5577 2342 5615 rerum
2373 5567 2428 5615 et
2456 5561 2845 5633 episcoporum
2878 5578 2945 5617 ex
2981 5578 3149 5617 causa
3173 5561 3402 5626 Ebonis,
3436 5566 3489 5615 et
3527 5563 3586 5612 ut

1966 5650 2307 5723 praacepistis
2345 5657 2540 5707 vestra:
2571 5652 2878 5709 auctoritati
2913 5652 3354 5708 transmittimus.
3392 5673 3416 5696 ιι
3458 5647 3583 5701 Post

1965 5741 2155 5796 harum
2206 5755 2336 5795 vero
2395 5756 2574 5795 rerum
2620 5748 2898 5815 gestarum
2954 5743 3202 5799 ordinem
3245 5739 3576 5808 descriptum

1966 5831 2039 5885 ita
2060 5829 2487 5899 subjunxerant:
2517 5854 2543 5878 «
2578 5830 2702 5887 Haec
2726 5830 2868 5887 sicut
2889 5838 3071 5887 vestra
3080 5830 3247 5900 jussit
3265 5825 3574 5886 auctoritas,

3467 420 3641 476 158’
