3912 6466
296 476 398 534 159

1426 471 1794 528 FLODOARDI
1834 467 2140 526 CANONICI
2181 465 2508 523 REMENSIS

3535 464 3645 520 160

293 638 416 694 quae
455 620 524 676 de
563 619 773 677 Ebonis
825 619 1104 692 quondam
1144 617 1436 673 Remorum
1486 613 1910 685 archiepiscopi,
1938 616 1988 683 Α
2013 609 2233 677 merito,
2267 609 2559 664 Remorum
2591 606 2908 678 episcopus,
2938 621 3003 662 ac
3028 604 3212 677 plebis
3242 603 3340 660 Dei
3374 602 3643 659 famulus.

293 732 416 787 quae
458 723 585 770 ante
624 715 850 787 triginta
878 719 934 767 et
962 719 1073 766 tres
1118 710 1336 765 circiter
1365 723 1541 762 annos
1572 706 1778 761 exstitit
1819 706 1888 761 de

293 803 592 874 positione,
626 809 681 856 et
720 805 844 872 po‘st
874 801 942 854 de
973 799 1148 870 ipsius
1180 795 1544 861 restitutione,
1579 809 1682 848 nec
1726 808 1836 847 non
1863 799 1916 847 et

293 895 363 950 de
391 894 570 949 fratris
595 892 809 947 Vulfadi
862 908 926 946 ac
950 891 1281 965 collegarum
1315 887 1436 956 ejus
1467 885 1834 958 promotione,
1862 891 1917 940 et

289 991 402 1060 jam
444 989 576 1045 dicti
632 988 833 1043 Ebonis
875 986 1063 1040 iterata
1116 983 1456 1054 repulsione,
1515 981 1584 1036 ad
1638 980 1914 1050 aliamque

294 1077 592 1133 Ecclesiam
645 1075 994 1149 migratione,
1047 1073 1102 1126 in
1157 1088 1348 1128 eorum
1393 1070 1487 1142 qui
1525 1071 1639 1140 jam
1699 1085 1803 1124 nos
1844 1067 1914 1122 ad

295 1166 585 1222 Dominum
618 1169 1022 1234 praecesserunt
1051 1161 1292 1232 scriptis,
1333 1176 1523 1215 verum
1551 1167 1606 1214 et
1637 1174 1758 1230 qua:
1791 1157 1913 1212 illo-

292 1271 430 1319 rum,
463 1252 557 1324 qui
589 1249 974 1317 intcrfuerunt,
1005 1249 1264 1306 veridicis
1295 1246 1657 1304 relationibus
1689 1258 1912 1314 compe-

290 1346 479 1400 rimus.
512 1345 639 1408 Quaz
687 1343 851 1397 etiam
884 1359 951 1396 ex
988 1359 1189 1417 magna
1230 1348 1382 1412 parte
1410 1340 1466 1396 in
1496 1338 1669 1412 gestis
1695 1336 1913 1407 episco-

289 1453 480 1508 porum
507 1435 764 1508 Belgicae,
806 1434 1012 1501 Galliae,
1046 1434 1334 1499 Neustriae,
1368 1438 1422 1487 et
1449 1429 1754 1502 Aquitaniae
1784 1443 1912 1498 pro-

289 1524 587 1578 vinciarum
622 1539 778 1594 papae
820 1524 1011 1598 Sergio
1061 1521 1390 1595 dirigendis,
1436 1527 1491 1575 et
1538 1519 1709 1574 Leoni
1757 1533 1913 1588 papae

290 1612 512 1668 directis
542 1628 666 1667 cum
697 1628 888 1668 eorum
921 1612 1176 1684 epistola,
1209 1610 1309 1665 sed
1340 1610 1394 1664 in
1435 1608 1686 1680 epistolis
1717 1607 1913 1661 Lotlia-

290 1705 354 1758 rii
396 1705 762 1774 imperatoris,
803 1713 857 1760 et
885 1704 1064 1760 Karoli
1105 1705 1252 1777 regis
1293 1702 1496 1758 exinde
1535 1699 1759 1754 directis
1789 1713 1918 1753 con-

291 1795 552 1860 tinentur,
595 1810 732 1864 quas
767 1795 819 1848 in
861 1793 1064 1848 scrinio
1096 1793 1344 1849 Romano
1373 1791 1648 1848 credimus
1693 1804 1916 1844 conser-

290 1885 442 1951 vari,
511 1893 706 1940 vestra}
782 1883 1095 1940 auctoritati
1179 1880 1622 1938 transmittimus.
1706 1876 1917 1946 Scripta

290 1989 511 2046 quoque
534 2016 549 2040 ,
603 1991 724 2046 quae
755 1973 887 2030 hinc
912 1991 943 2028 a
973 1980 1154 2029 vestra
1196 1972 1518 2028 auctoritate
1569 1970 1777 2024 directa
1801 2007 1815 2034 ,
1863 1972 1918 2020 et

2089 745 2117 776 ιι
2163 725 2221 778 ln
2246 722 2482 795 epistola
2499 727 2696 776 vestrae
2718 720 3024 775 sanctitatis
3045 735 3143 790 per
3160 718 3410 774 Odonem
3431 717 3650 789 episco-

2019 835 2144 890 pum
2183 816 2463 888 episcopis
2494 815 2549 870 in
2591 831 2762 887 regno
2791 813 3030 869 Lotharii
3073 829 3172 885 pro
3213 810 3542 884 praejudicio
3577 811 3648 865 Ca

2016 906 2350 962 meracensis
2383 903 2639 960 Ecclesiae
2663 903 2892 968 directa,
2925 901 3096 974 relegi
3122 909 3361 957 vestram
3387 900 3644 955 auctori-

2015 1007 2184 1054 tatem
2212 997 2636 1061 sciscitaturam,
2670 995 2828 1065 cujus
2858 993 3117 1068 neglectu
3149 993 3344 1048 eadem
3393 990 3650 1047 Ecclesia

2015 1087 2158 1142 ultra
2183 1085 2458 1141 decimum
2491 1099 2738 1139 mensem
2773 1089 2994 1154 pastore
3016 1090 3256 1148 vacaret,
3285 1080 3559 1145 unde;ne
3589 1087 3648 1135 ut

2016 1175 2306 1250 negligens
2356 1190 2387 1228 a
2429 1180 2612 1228 vestro
2666 1171 2978 1243 apostolatu
3022 1186 3397 1235 succensear,
3455 1169 3650 1224 indico

2016 1266 2327 1322 auctoritati
2357 1271 2554 1320 vestrm
2609 1265 2795 1335 (Nmor.
2826 1307 2841 1330 ,
2873 1265 3030 1333 θριζςτ.
3088 1261 3179 1328 63,
3223 1262 3315 1328 64,
3349 1261 3460 1329 65),
3516 1267 3649 1332 post

2015 1358 2254 1411 directas
2283 1354 2540 1410 Lothario
2580 1362 2636 1409 et
2664 1353 2941 1424 episcopis
2979 1352 3137 1425 regni
3177 1351 3297 1420 ejus
3325 1356 3497 1421 atque
3529 1349 3651 1403 Hil-

2014 1449 2207 1515 duino,
2241 1447 2334 1519 qui
2386 1446 2637 1501 eamdem
2672 1445 2969 1500 Ecclesiam
3001 1443 3380 1515 irregulariter
3403 1457 3649 1512 occupa-

2015 1543 2112 1605 vit,
2141 1543 2214 1596 ita
2243 1548 2304 1596 ut
2333 1548 2630 1611 antequam
2680 1540 2827 1610 ipsas
2854 1537 3146 1592 mitteretis
3177 1536 3465 1607 epistolas,
3511 1535 3652 1591 bac-

2017 1638 2180 1686 tenus
2229 1629 2610 1701 praejudieium
2669 1643 3045 1699 permanere:
3091 1641 3290 1697 meque
3321 1625 3648 1680 Lotharium

2018 1739 2205 1796 regem
2237 1729 2291 1777 et
2321 1721 2520 1794 legatis
2549 1727 2604 1775 et
2634 1720 2852 1786 litteris,
2895 1726 3060 1790 prout
3089 1718 3244 1790 potui
3282 1733 3454 1788 saepe,
3497 1723 3554 1772 et
3584 1731 3653 1771 eo

2016 1827 2191 1884 usque
2223 1812 2351 1866 inde
2398 1810 2829 1874 commonuisse,
2863 1809 3045 1864 donec
3083 1807 3249 1880 regiis
3295 1806 3411 1861 suis
3443 1805 3652 1860 litteris

2017 1900 2152 1954 mihi
2185 1899 2493 1970 respondit,
2527 1898 2847 1952 Hilduinum
2875 1896 2944 1951 ad
2976 1903 3209 1951 vestram
3257 1893 3649 1948 auctoritatem

2019 2004 2178 2042 suum
2211 1988 2449 2060 legatum
2483 1987 2719 2052 misisse,
2750 1993 2806 2040 et
2835 1985 2972 2038 nihil
3004 1984 3165 2038 aliter
3192 1983 3262 2038 de
3291 1981 3524 2054 praefata
3558 1983 3656 2037 Ec-

287 2073 482 2120 νθδίτω
531 2067 805 2121 δδηοιίῖδίί
866 2067 1101 2122 remissa
1156 2065 1496 2136 “legimus:
1557 2061 1752 2118 ordine
1809 2048 3659 2152 quoBclesia,nisiutegerat,disponeredebuisse,donecavobis

291 2158 479 2224 missa,
527 2159 614 2214 vel
656 2162 890 2217 remissa
920 2161 1158 2226 fuerunt,
1192 2158 1497 2214 secundum
1529 2163 1765 2212 vestram
1791 2155 1912 2224 jus-

290 2251 528 2322 sionem,
581 2255 637 2309 in
689 2253 968 2308 volumine
1000 2251 1102 2306 isto
1148 2248 1553 2321 congessimus.
1590 2247 1653 2300 Et
1696 2247 1742 2300 si
1775 2245 1915 2302 forte

290 2347 397 2402 alia
425 2365 491 2403 ex
520 2349 623 2404 hoc
679 2349 925 2421 negotio,
971 2353 1061 2402 aut
1097 2361 1128 2399 a
1159 2342 1322 2398 nobis
1371 2347 1465 2395 aut
1513 2340 1582 2394 ad
1610 2355 1711 2394 nos
1753 2338 1923 2392 missa

294 2441 536 2507 fuerunt,
568 2457 669 2497 nos
709 2450 894 2497 tamen
952 2455 1064 2495 non
1105 2439 1360 2513 legimus.
1392 2435 1520 2500 Quae
1559 2433 1723 2488 etiam
1758 2432 1923 2486 frater

294 2539 348 2587 et
368 2535 739 2589 consacerdos
761 2541 950 2590 noster
967 2532 1290 2587 Hincmarus
1322 2526 1485 2582 nobis
1506 2531 1699 2580 vestra:
1731 2529 1922 2578 aucto-

298 2622 438 2676 ritati
493 2623 760 2678 mittenda
807 2623 978 2689 dedit,
1031 2621 1338 2677 secundum
1383 2621 1530 2692 quod
1578 2615 1923 2688 prazcepistis

299 2714 536 2779 (Nrcor..,
565 2717 719 2784 epist.
760 2715 875 2782 56),
909 2714 1157 2769 dicentes
1189 2713 1332 2767 inter
1369 2713 1476 2766 alia
1507 2729 1519 2765 :
1573 2712 1924 2777 Quaecunque

300 2820 469 2874 super
506 2804 610 2858 hac
641 2819 696 2859 re
729 2804 933 2873 scripta
962 2811 1068 2858 tam
1115 2819 1146 2857 a
1177 2801 1340 2857 nobis
1369 2801 1544 2871 prius,
1577 2814 1741 2870 quam
1778 2810 1927 2850 nunc

301 2914 331 2949 a
358 2895 519 2951 vobis
559 2896 706 2950 edita
748 2896 1117 2966 reperiuntur,
1151 2903 1205 2951 et
1243 2895 1376 2967 quid
1410 2896 1539 2949 hinc
1561 2894 1926 2964 coepiscopus

304 2987 626 3042 Hincmarus
655 2995 709 3042 et
740 2988 818 3042 illi
850 2989 1048 3056 dejecti
1081 2988 1264 3043 clerici
1300 2988 1417 3042 sedi
1450 2987 1766 3058 apostolica:
1797 3000 1927 3056 sug-

301 3075 598 3150 gesserint,
628 3083 793 3148 atque
818 3077 1122 3143 retulerint,
1146 3077 1202 3131 in
1233 3077 1492 3132 volumen
1517 3091 1710 3140 unum,
1734 3071 1928 3128 ordine

303 3182 412 3238 quo
457 3167 627 3221 missa
656 3175 804 3235 sunt,
848 3168 1184 3242 redigantur,
1228 3175 1282 3222 et
1318 3167 1635 3238 apostolicae
1682 3165 1823 3227 sedi,
1871 3165 1931 3215 ut

303 3265 628 3330 competens
659 3268 763 3327 est,
797 3261 955 3315 vobis
997 3277 1185 3316 eorum
1224 3260 1632 3332 exemplaribus
1674 3257 1922 3321 servatis,

2017 2169 2145 2223 inde
2169 2183 2495 2239 responsum
2528 2167 2824 2237 acciperet.
2851 2165 3156 2220 Balduinus
3185 2180 3405 2237 quoque
3435 2165 3491 2218 in
3522 2161 3661 2235 pro-

2016 2261 2161 2315 ximo
2191 2275 2339 2314 nunc
2365 2259 2602 2313 decurso
2625 2273 2816 2312 mense
2844 2256 3125 2323 Octobrio,
3155 2257 3349 2329 quinto
3374 2255 3660 2311 Kalendas

2023 2349 2390 2411 Novembris,
2433 2366 2532 2419 per
2579 2348 2719 2402 duos
2768 2347 3024 2402 homines
3078 2363 3210 2401 suos
3248 2345 3385 2399 mihi
3435 2345 3658 2400 litteras

2024 2443 2365 2498 auctoritatis
2395 2450 2589 2497 vestrae
2620 2440 2838 2505 direxit,
2881 2441 2936 2494 in
2969 2439 3172 2511 quibus
3214 2438 3559 2502 continetur,
3595 2445 3656 2491 ut

2024 2536 2245 2590 easdem
2302 2535 2510 2589 litteras
2539 2534 2888 2604 coepisc0pis
2935 2531 3234 2604 provinciae
3266 2536 3466 2586 nostra;
3497 2529 3654 2604 lege-

2027 2649 2163 2699 rem,
2204 2639 2259 2686 et
2283 2631 2470 2686 Juditb
2499 2629 2744 2701 paternis
2773 2645 2837 2684 ac
2879 2627 3167 2694 maternis,
3200 2625 3490 2682 obtutibus
3515 2641 3658 2695 prse-

2026 2725 2352 2780 sentandam
2405 2723 2838 2792 susciperemus,
2889 2721 2933 2774 si
2975 2729 3160 2775 tamen
3210 2718 3658 2793 intelligeremus

2028 2813 2176 2885 quod
2209 2811 2500 2868 confestim
2526 2809 2787 2880 praefatus
2806 2806 3302 2864 excellentissimus
3322 2821 3417 2861 rex
3439 2814 3654 2872 noster,

2029 2919 2150 2976 qua:
2177 2903 2247 2956 de
2279 2901 2369 2955 illa
2400 2899 2559 2956 vobis
2601 2899 2838 2969 scriptis,
2872 2909 2927 2954 et
2963 2897 3150 2953 verbis
3180 2913 3279 2967 per
3307 2896 3521 2968 legatos
3559 2911 3655 2950 ve-

2029 2998 2171 3046 stros
2189 2990 2520 3060 apostolatui
2551 2995 2734 3044 vestro
2757 2988 3129 3043 renuntianda
3142 2985 3464 3058 spopondit,
3489 2985 3659 3039 adim-

2030 3079 2182 3150 plere
2208 3078 2394 3134 vellet.
2429 3078 2582 3144 Quod
2613 3078 2658 3131 si
2691 3093 2882 3132 eorum
2915 3077 3130 3131 animos
3158 3074 3227 3129 ad
3268 3075 3324 3129 id
3358 3073 3651 3145 protelan-

2031 3168 2161 3222 dum
2178 3183 2302 3222 esse
2328 3166 2571 3221 intentos
2587 3166 2920 3238 investigare
2950 3180 3264 3235 possemus,
3298 3178 3652 3235 nequaquam

2025 3274 2144 3312 eam
2170 3257 2564 3327 reciperemus.
2589 3255 2868 3326 Alioquin,
2889 3253 2943 3308 id
2967 3260 3052 3309 est
3079 3253 3124 3308 si
3155 3253 3314 3307 aliter
3339 3253 3654 3327 egissemus

302 3363 517 3402 summo
547 3348 729 3404 studio
781 3349 1106 3422 dirigantur,
1151 3348 1235 3402 his
1275 3347 1570 3415 subjuncta
1613 3341 1921 3416 dirigimus,
1948 3373 1998 3442 C
2027 3350 2203 3425 gratia
2232 3357 2288 3404 et
2332 3348 2728 3404 cmumunione
2757 3354 2941 3403 vestra
2971 3346 3076 3400 frui
3125 3360 3472 3416 nequaquam
3507 3345 3660 3398 vale.

303 3444 406 3494 etc.
452 3462 477 3485 ι»

941 3510 1150 3567 CAPUT
1180 3510 1293 3565 XII.

378 3605 451 3657 De
484 3605 764 3658 vacatione
794 3605 1203 3661 Cameracensis
1219 3602 1386 3669 sedis,
1407 3605 1457 3656 et
1485 3599 1859 3670 conjunctione

629 3693 891 3748 Balduini
919 3709 1037 3748 cum
1065 3693 1258 3748 Judith
1294 3692 1414 3760 ﬁlia
1442 3691 1606 3757 regis.

379 3801 453 3856 De
486 3799 773 3855 vacatione
813 3806 1085 3871 praeterea
1114 3798 1265 3854 sedis
1299 3793 1728 3858 Camaracensis,
1751 3792 1850 3847 sed
1877 3799 1932 3848 et

313 3890 381 3942 de
414 3888 808 3957 conjunctione
831 3888 1082 3943 Balduini
1111 3887 1332 3943 comitis
1363 3885 1618 3941 etJuditli
1647 3882 1891 3937 indebita
1913 3876 1948 3948 ;’

309 3997 432 4052 quae
479 3981 693 4036 scilicet
717 3981 903 4036 Judith
936 3981 1118 4037 Karoli
1160 3979 1306 4054 regis
1332 3978 1447 4033 filia
1484 3976 1763 4032 Edilnulfo
1813 3975 1930 4050 regi

310 4074 631 4146 Anglorum,
671 4073 766 4144 qui
798 4079 853 4128 et
877 4072 1236 4137 Edelboldus,
1284 4072 1492 4126 dudum
1523 4069 1703 4125 fuerat
1733 4068 1788 4123 in
1820 4084 1930 4122 ma-

310 4161 630 4216 trimonium
685 4161 958 4232 copulata,
1009 4169 1065 4217 et
1096 4161 1304 4234 reginae
1353 4160 1556 4216 decore
1582 4175 1646 4215 ac
1690 4158 1931 4213 benedi-

312 4254 796 4329 ctioneinsignita.
829 4254 957 4309 Post
994 4254 1151 4322 cujus
1179 4253 1417 4318 obitum,
1449 4252 1691 4307 venditis
1717 4251 1928 4322 quasin

307 4344 611 4416 Anglorum
642 4343 964 4400 obtinuerat
1007 4358 1181 4416 regno
1225 4341 1693 4413 possessionibus,
1723 4343 1794 4397 ad
1833 4359 1932 4413 pa-

313 4440 451 4488 trem
499 4434 811 4502 revertitur,
844 4448 966 4505 quaa
1009 4431 1114 4487 sub
1164 4431 1333 4504 regali
1373 4432 1544 4486 tutela
1582 4432 1664 4488 sic
1706 4447 1930 4488 manere

311 4525 629 4582 decernitur
657 4546 669 4583 :
701 4529 800 4583 sed
831 4527 926 4583 illa
949 4527 1279 4583 Balduinum
1311 4525 1590 4590 comitem,
1625 4525 1746 4597 ipso
1774 4527 1929 4582 leno-

309 4619 554 4687 cinante,
588 4628 644 4677 et
673 4620 841 4677 fratre
871 4637 972 4678 suo
1003 4621 1281 4677 Ludovico
1306 4619 1711 4687 consentiente,
1743 4626 1930 4676 secuta

2029 3457 2230 3496 remus.
2296 3442 2465 3507 Quam
2520 3447 2716 3495 vestrae
2787 3437 3128 3493 auctoritatis
3180 3435 3472 3507 epistolam
3503 3477 3517 3502 ,
3597 3443 3661 3490 ut

2029 3533 2294 3604 oportuit,
2326 3539 2647 3587 reverenter
2697 3529 2941 3601 suscepi,
2973 3536 3027 3583 et
3067 3526 3418 3598 coepiscOpis
3450 3525 3660 3581 nostris

2030 3637 2151 3676 eam
2181 3621 2377 3694 relegi,
2424 3627 2480 3675 et
2509 3634 2613 3690 pro
2643 3619 2870 3690 praefata
2916 3617 3102 3672 Judith
3156 3616 3302 3687 apud
3334 3622 3550 3686 patrem
3605 3625 3664 3671 et

2031 3719 2264 3767 matrem
2296 3712 2463 3778 illius,
2484 3720 2752 3782 quantum
2771 3712 3072 3782 potuimus,
3102 3718 3164 3766 ut
3191 3710 3488 3777 mandatis,
3510 3725 3665 3766 com-

2033 3802 2278 3856 muniter
2313 3801 2732 3867 intervenimus,
2763 3807 2818 3856 et
2845 3800 3091 3871 paternis
3120 3816 3183 3855 ac
3211 3799 3477 3853 maternis
3501 3799 3666 3855 obtu-

2035 3892 2184 3947 tibus
2204 3907 2325 3946 eam
2346 3898 2682 3962 prmsentare
2703 3890 3032 3945 studuimus.
3063 3889 3191 3944 Post
3211 3904 3333 3961 quae
3360 3890 3664 3960 voluimus,

2034 3981 2162 4052 quia
2215 3981 2296 4034 sic
2354 3979 2518 4034 nobis
2560 3979 2866 4034 secundum
2894 3994 3078 4033 sacras
3107 3976 3326 4050 regulas
3377 3977 3520 4032 sicut
3565 3995 3662 4034 eas

2033 4073 2413 4148 intelligimus,
2439 4073 2618 4129 visum
2642 4073 2819 4128 fuerat
2845 4074 2974 4142 (non
3004 4073 3152 4128 enim
3184 4073 3304 4128 sine
3326 4073 3514 4148 dignis
3543 4090 3663 4145 pa:-

2032 4163 2278 4219 nitentiae
2309 4161 2580 4218 fructibus
2609 4162 2823 4218 absolvi
2855 4177 3018 4233 posse
3045 4169 3320 4233 putamus,
3354 4162 3506 4232 quod
3529 4179 3663 4216 ana—

2033 4256 2291 4311 thematis
2340 4255 2561 4311 vinculo
2593 4272 2623 4310 a
2678 4256 2849 4310 sacris
2879 4255 3084 4328 regulis
3139 4255 3465 4310 innodatum
3501 4255 3658 4310 vidc-

2031 4345 2172 4414 mus)
2226 4352 2287 4401 ut
2358 4347 2515 4416 juxta
2573 4345 3003 4400 ecclesiasticam
3081 4343 3433 4398 traditionem
3503 4344 3662 4415 prius

2033 4435 2310 4501 Ecclesiae,
2344 4451 2507 4506 quam
2558 4435 2843 4500 laeserant,
2902 4433 3306 4502 satisfacerent,
3348 4442 3403 4490 et
3454 4435 3536 4489 sic
3566 4435 3663 4488 de-

2032 4543 2180 4583 mum
2239 4530 2386 4601 quod
2445 4527 2776 4600 prmcipiunt
2822 4527 2948 4595 jura
2996 4526 3183 4598 legum
3239 4527 3607 4581 mundialium
3642 4569 3659 4592 ,

2034 4622 2259 4692 exsequi
2312 4626 2652 4692 procuraret.
2706 4618 2813 4672 Sed
2843 4617 3105 4689 quoniam
3159 4617 3368 4673 litteras
3397 4627 3612 4673 vestras
3645 4662 3660 4685 ,

313 4715 414 4764 est.
451 4709 607 4765 Unde
654 4729 744 4767 rex
777 4712 1003 4768 Karolus
1055 4711 1352 4782 episcopos
1391 4725 1453 4765 ac
1491 4715 1721 4764 caeteros
1765 4708 1922 4781 regni
1949 4694 2012 4766 D
2035 4729 2157 4785 quae
2186 4715 2316 4770 inde
2347 4713 2484 4768 nihil
2518 4718 2919 4784 praeceperunt,
2953 4711 3062 4765 imo
3089 4710 3252 4764 etiam
3288 4711 3493 4765 nullam
3528 4728 3660 4782 pro-

312 4800 401 4854 sui
443 4799 720 4870 primores
749 4801 1068 4867 consulens,
1101 4811 1226 4873 post
1269 4800 1567 4854 mundanae
1617 4798 1756 4870 legis
1777 4798 1928 4866 judi-

315 4889 482 4954 cium,
508 4890 832 4944 canonicam
856 4891 1037 4959 injam
1061 4891 1270 4945 dictum
1293 4887 1623 4943 Balduinum
1639 4895 1694 4942 et
1713 4886 1930 4951 Judith,

315 4979 620 5033 secundum
645 4979 794 5034 edita
820 4979 964 5034 beati
989 4979 1258 5053 Gregorii,
1277 4978 1345 5033 ab
1377 4977 1657 5048 episcopis
1679 4975 1932 5046 depromi

318 5069 653 5123 sententiam
682 5068 827 5123 fecit.
854 5069 929 5123 De
964 5069 1193 5124 Rothadi
1218 5082 1440 5139 quoque
1471 5064 1816 5121 Suessonicae
1845 5066 1932 5120 ci-

315 5155 497 5211 vitatis
526 5157 773 5229 episcopi
798 5157 1133 5228 dejectione,
1169 5172 1336 5229 quem
1357 5155 1425 5210 ab
1446 5153 1752 5226 episcopali
1775 5153 1936 5210 mini-

316 5248 484 5302 sterio
509 5248 724 5317 judicio
775 5258 1086 5306 removerat
1134 5250 1544 5320 episc0porum.
1587 5249 1660 5304 De
1693 5263 1937 5304 comme-

320 5341 625 5396 moratione
670 5342 836 5398 etiam
868 5343 1110 5398 nominis
1156 5343 1385 5409 Ebonis,
1420 5352 1584 5415 atque
1639 5343 1710 5397 de
1741 5341 1939 5397 Gothe-

321 5435 483 5490 scalci
515 5435 801 5504 cujusdam
845 5439 1085 5495 haeretici
1116 5441 1474 5498 damnatione
1507 5441 1768 5514 praefatus
1800 5455 1938 5510 prae-

321 5530 403 5586 sul
449 5531 764 5600 hujusmodi
807 5533 1010 5604 scripta
1041 5535 1310 5589 direxisse
1340 5535 1408 5589 ad
1447 5535 1636 5590 sedem
1666 5533 1940 5604 reperitur

320 5625 705 5695 apostolicam.

397 5735 420 5766 ‹‹
464 5717 676 5772 Domno
693 5714 854 5769 unice
869 5713 1335 5786 singulariterque
1351 5715 1708 5786 suscipiendo
1721 5715 1942 5770 Patrum

324 5805 574 5873 Palri,et
626 5819 842 5859 summa
894 5804 1250 5859 veneratione
1303 5805 1629 5860 honorando
1689 5820 1942 5859 reveren-

327 5893 554 5949 dissimo
606 5905 766 5962 papae
815 5890 1084 5953 NICOLAO,
1145 5891 1463 5948 Hmcnxnus
1521 5893 1787 5958 nomine,
1833 5909 1942 5949 non

2035 4806 2451 4876 telationem'jn
2477 4820 2666 4860 eorum
2719 4803 3116 4872 conjunctione
3147 4800 3388 4857 ﬁendam
3443 4803 3661 4875 signiﬁ-

2034 4903 2345 4961 caverunt,
2387 4894 2492 4949 sibi
2536 4892 2796 4948 sufficere
2838 4891 3173 4957 voluerunt,
3225 4898 3278 4946 et
3307 4892 3430 4946 sine
3479 4901 3661 4948 vestra

2035 4987 2384 5052 auctoritate,
2415 4986 2482 5040 ad
2513 5001 2677 5056 quam
2729 4984 3119 5048 clamaverant,
3151 4983 3275 5058 cogi
3307 4983 3432 5050 ,nisi
3461 4985 3571 5040 alio
3601 5001 3661 5040 se

2035 5079 2202 5135 modo
2223 5079 2634 5142 submitterent,
2660 5092 2772 5131 non
2790 5075 3127 5130 debuerunt.
3143 5075 3215 5130 Ex
3232 5076 3401 5130 altera
3423 5077 3660 5148 epistola

2037 5179 2230 5226 vestrae
2254 5169 2560 5225 sanctitatis
2589 5167 2670 5222 eis
2691 5166 2873 5231 retuli,
2906 5163 3055 5236 quod
3073 5180 3182 5220 non
3217 5164 3369 5239 leges
3397 5168 3661 5222 ecclesia-

2037 5265 2200 5320 sticas
2229 5260 2579 5327 dissolvistis,
2633 5259 2729 5313 sed
2763 5273 2960 5329 preces
3013 5272 3114 5328 pro
3168 5272 3234 5312 eo
3283 5258 3531 5322 misistis,
3567 5262 3662 5332 qui

2037 5352 2224 5424 puniri
2257 5349 2563 5406 secundum
2597 5348 2750 5421 leges
2779 5345 3094 5400 mundanas
3124 5353 3356 5415 poterat,
3391 5353 3666 5416 quatenus

2038 5437 2220 5494 locum
2246 5427 2564 5508 paenitendi
2595 5434 2845 5500 haberet,
2878 5432 3025 5503 quod
3053 5441 3244 5487 contra
3275 5433 3428 5506 leges
3448 5435 3664 5493 divinas

2039 5531 2356 5587 admiserat.
2411 5529 2498 5583 Sic
2529 5536 2584 5583 et
2641 5528 2889 5582 Salvator
2919 5532 3108 5580 noster
3131 5566 3146 5592 ,
3177 5525 3272 5595 qui
3322 5526 3438 5582 vult
3467 5543 3666 5585 omnes

2042 5621 2299 5676 homines
2323 5618 2503 5674 salvos
2529 5616 2670 5687 fieri,
2701 5625 2757 5671 et
2782 5615 3064 5670 neminem
3095 5615 3211 5669 vult
3240 5617 3424 5686 perire
3447 5620 3495 5689 (Ι
3525 5622 3661 5676 Tim.

2044 5713 2126 5778 ιι),
2182 5710 2240 5764 in
2270 5723 2435 5765 cruce
2466 5707 2613 5777 apud
2662 5705 2874 5761 Patrem
2901 5703 3028 5772 jure
3066 5704 3374 5760 sacerdotis
3419 5723 3522 5778 pro
3551 5711 3667 5766 suis

2045 5799 2820 5872 persecutoribusintercessit
2842 5799 2989 5859 (Luc.
3015 5799 3200 5866 xxnr):
3233 5797 3385 5867 quod
3403 5798 3459 5852 in
3483 5801 3666 5874 eisqui

2046 5899 2171 5965 post
2186 5893 2504 5964 passionem
2527 5892 2647 5961 ejus
2671 5891 3048 5956 crediderunt,
3071 5896 3125 5944 et
3149 5892 3472 5958 compuncti
3493 5897 3672 5963 poeni-
