3912 6410
206 382 303 438 161

848 385 1174 446 HISTORl/E
1213 390 1553 450 ECCLESUE
1593 390 1923 452 REMENSIS
1963 391 2140 454 LIBRI
2182 396 2509 464 QUATUOR.
2536 434 2608 445 —
2649 405 2772 461 LIB.
2816 404 2908 463 ΙΙΙ.

3445 416 3550 471 162

206 510 430 566 tentiam
457 521 714 586 egerunt,
771 517 866 588 qui
897 533 1021 574 cum
1053 519 1213 577 Patre
1244 524 1430 579 omnia
1485 524 1676 593 donat,
1709 525 1831 581 effi-
1856 532 1907 602 A
1930 529 2282 598 praesentiam
2313 532 2382 588 ab
2413 533 2520 590 hoc
2551 537 2780 612 negotio
2818 538 3284 612 subducentibus,
3317 545 3542 602 Baldui-

205 599 407 654 caciter
455 601 787 672 impetravit.
846 607 925 662 Ad
991 611 1148 679 cujus
1195 611 1387 679 instar,
1447 614 1824 685 apostolorum

204 692 455 758 vicarius,
485 695 552 748 ad
575 711 808 768 quorum
839 700 1030 756 limina
1052 702 1445 776 confugerunt,
1470 715 1524 761 et
1543 707 1825 762 catholicae

205 788 365 854 atque
388 785 704 855 apostolicae
733 788 991 846 Ecclesiae
1014 808 1266 848 summus
1294 795 1562 864 pontifex,
1593 796 1740 866 quod
1769 796 1823 850 in

204 873 478 930 hominem
497 893 684 950 regem
710 887 764 934 et
785 881 841 934 in
870 881 1025 956 leges
1054 885 1248 939 mundi
1271 894 1554 956 peccatum
1573 894 1676 954 est,
1699 903 1823 958 per-

203 962 389 1018 donari
416 965 652 1035 petistis,
668 975 727 1023 ut
745 971 892 1040 quod
914 971 967 1025 in
991 988 1177 1047 regem
1197 975 1392 1030 cceliet
1404 982 1585 1043 terrae,
1609 977 1731 1031 etin
1750 975 1825 1030 le-

201 1067 293 1124 ges
303 1054 541 1111 crelestis
553 1058 1001 1130 regnioffensum
1018 1071 1156 1130 erat,
1180 1063 1449 1121 haberent
1463 1066 1714 1120 inducias
1724 1079 1825 1136 per

203 1145 581 1214 pienitentiam
600 1149 880 1208 abolendi.
901 1153 1142 1210 Econtra
1166 1157 1433 1223 carnales,
1449 1164 1502 1212 et
1523 1157 1687 1212 etiam
1698 1155 1822 1227 qui-

199 1235 316 1289 dam
339 1253 555 1308 eorum,
582 1242 676 1312 qui
699 1250 861 1299 antea
883 1247 1263 1316 conjunctioni
1278 1250 1824 1318 hujusmodicontra-

200 1323 474 1395 dicebant,
495 1329 596 1386 hac
613 1331 960 1402 defensione,
985 1343 1042 1390 ut
1057 1338 1138 1392 eis
1150 1339 1324 1393 visum
1339 1338 1536 1406 fuerat,
1558 1355 1616 1394 se
1639 1347 1820 1412 prote-

195 1423 402 1489 gentes,
421 1420 543 1488 (sed
559 1421 774 1478 sicutse
795 1425 964 1482 habet
991 1428 1208 1495 veritas)
1226 1430 1402 1486 salute
1418 1433 1715 1501 nudantes,
1747 1433 1816 1488 ab

197 1508 346 1564 istius
375 1513 690 1569 novissimae
711 1524 907 1573 vestrie
935 1521 1183 1590 epistola:
1214 1522 1403 1578 verbis
1419 1525 1684 1580 recedere
1715 1541 1814 1581 no-

195 1599 428 1670 luemnt,
461 1620 627 1675 quam
662 1606 785 1662 sine
831 1610 1200 1680 protelatione
1228 1627 1418 1668 eorum
1465 1615 1814 1683 conjunctio-

196 1704 316 1743 nem
346 1691 555 1748 debere
587 1693 706 1749 ﬁeri
731 1697 1114 1755 demonstrare
1145 1701 1422 1757 dicebant.
1450 1703 1664 1759 Dicenti
1685 1719 1814 1759 vero

194 1781 344 1849 mihi,
368 1785 497 1855 quia
520 1800 622 1855 pro
644 1788 796 1843 nulla
819 1797 1091 1860 potestate
1121 1800 1341 1848 terrena
1367 1795 1516 1866 quod
1547 1795 1617 1850 de
1641 1796 1815 1851 eccle-

1929 631 2032 672 nus
2048 626 2102 673 et
2128 619 2317 676 Judith
2335 622 2463 691 jura
2481 625 2661 698 legum
2687 629 3056 700 saecularium,
3089 649 3214 704 quas
3236 635 3545 709 elegerunt,

1927 707 2155 779 exsequi
2191 711 2544 768 studuerunt.
2576 715 2819 772 Domnus
2849 717 3016 773 etiam
3043 729 3231 777 noster
3257 707 3371 792 rex,
3404 723 3550 780 filius

1925 804 2129 866 vester,
2164 801 2294 856 huic
2332 803 2754 876 desponsationi
2786 816 2840 864 et
2869 812 3249 884 conjunctioni
3281 815 3549 873 interesse

1925 899 2038 939 non
2076 888 2270 957 voluit,
2306 892 2404 945 sed
2440 892 2626 950 missis
2679 896 2919 966 publicae
2959 900 3037 955 rei
3079 902 3374 971 ministris,
3405 905 3549 962 sicut

1888 975 2083 1047 ‘vobis
2130 981 2406 1049 promisit,
2441 986 2747 1042 secundum
2803 988 2954 1062 leges
3000 994 3188 1048 saeculi
3226 1011 3323 1052 eos
3355 998 3547 1053 uxoria

1923 1069 2315 1137 conjunctione
2331 1075 2400 1129 ad
2413 1075 2649 1133 invicem
2663 1081 2913 1152 copulari
2939 1086 3214 1155 permisit,
3231 1095 3286 1142 et
3307 1089 3549 1146 honores

1925 1162 2195 1220 Balduino
2223 1182 2322 1237 pro
2353 1177 2532 1224 vestra
2556 1171 2906 1230 solummodo
2932 1176 3205 1247 petitione
3236 1180 3482 1238 donavit.
3514 1203 3540 1234 »

2029 1329 2103 1381 De
2137 1343 2305 1383 causa
2334 1260 2932 1392 ΒοτὴαιὲΑξὲεἷεοξιέἓ
2948 1342 3187 1412 episcopi
3212 1343 3459 1412 depositi.

1992 1439 2018 1461 «
2063 1416 2309 1489 Denique
2326 1420 2395 1473 ad
2417 1421 2710 1492 epistolam
2733 1432 2927 1483 vestrae
2946 1431 3288 1486 auctoritatis
3307 1433 3368 1502 (Ν
3376 1449 3540 1501 ICOL.,

1917 1506 2071 1572 epist.
2106 1506 2214 1573 32!,
2248 1508 2317 1562 ad
2346 1525 2511 1580 quam
2550 1528 2638 1567 me
2664 1514 2894 1570 misistis
2933 1517 3263 1575 obedienter
3304 1523 3541 1578 audien-

1917 1596 2065 1664 dam,
2125 1601 2464 1671 generaliter
2502 1605 2764 1662 omnibus
2818 1609 3098 1682 episcopis
3153 1615 3308 1688 regni
3350 1617 3540 1674 domni

1919 1687 2091 1741 nostri
2125 1688 2305 1744 Karoli
2355 1692 2504 1762 regis
2535 1693 2789 1766 gloriosi,
2820 1713 2921 1768 pro
2947 1699 3181 1757 Rothadi
3221 1720 3406 1773 causa,
3440 1724 3542 1778 per

1918 1776 2164 1833 Odonem
2197 1782 2519 1854 episcopum
2568 1788 2971 1859 transmissam,
3004 1792 3147 1848 sicut
3195 1794 3392 1851 litteris
3423 1800 3540 1854 exi-

193 1870 416 1927 siasticis
471 1874 680 1948 regulis
737 1859 1106 1954 intelligerem
1165 1859 1442 1938 dimittere
1496 1885 1807 1941 deberem:

1914 1868 2118 1946 guitati
2142 1885 2282 1925 meae
2312 1871 2540 1928 directis
2569 1875 2834 1932 sanctitas
2862 1887 3043 1934 vestra
3072 1893 3359 1955 praecepit.
3391 1902 3533 1943 con-

192 1964 418 2019 maxime
448 1981 575 2020 cum
608 1967 772 2022 etiam
821 1986 1064 2037 mecum,
1096 1973 1206 2032 imo
1237 1990 1360 2029 cum
1402 1976 1537 2043 Deo,
1577 1977 1816 2033 domnus

191 2067 278 2106 rex
307 2060 517 2122 noster,
548 2054 696 2111 filius
723 2067 927 2126 vester,
971 2061 1202 2118 Karolus
1232 2063 1460 2133 faceret,
1494 2067 1650 2138 quasi
1677 2082 1812 2123 con-

193 2141 421 2199 sulendo
471 2146 610 2200 mihi
663 2148 888 2219 quidam
931 2151 1035 2206 hoc
1078 2152 1354 2210 dederunt
1383 2156 1698 2224 consilium,
1757 2157 1813 2211 in

193 2250 297 2311 quo
326 2253 438 2292 non
469 2239 632 2307 meis,
664 2241 764 2294 sed
793 2244 978 2298 verbis
1008 2259 1198 2300 eorum
1227 2253 1366 2313 utar,
1391 2263 1514 2319 quae
1545 2264 1812 2304 mansue-

193 2309 317 2383 tudo
347 2337 553 2397 vestra,
605 2332 757 2387 velut
785 2335 1104 2406 exemplum
1153 2347 1209 2393 et
1238 2309 1450 2393 doctrix
1506 2339 1813 2411 disciplina:

193 2417 302 2487 Dei,
332 2421 480 2476 mitis
510 2429 565 2477 et
592 2423 819 2480 humilis
868 2427 1036 2483 corde
1075 2445 1139 2484 ac
1182 2431 1402 2501 patiens
1430 2432 1816 2503 aequanimiter

191 2512 496 2581 sustinebit,
555 2515 857 2573 dicentium
893 2538 906 2573 :
940 2526 1000 2575 ut
1045 2521 1176 2592 quia
1210 2537 1323 2578 non
1381 2524 1680 2591 saecularis,
1714 2527 1812 2579 sed

191 2601 557 2660 ecclesiastica
579 2614 823 2678 potestas
849 2611 917 2666 de
944 2612 1047 2667 hoc
1077 2613 1210 2667 mihi
1234 2615 1458 2689 negotio
1490 2615 1811 2686 imperaret,

189 2693 654 2762 conspirationem
696 2698 1070 2755 resistentium
1117 2702 1521 2774 aliquantulum
1552 2704 1808 2759 declina-

189 2793 319 2847 rem,
343 2798 414 2837 ne
465 2785 766 2856 quisquam
797 2790 1030 2845 aemulus
1074 2799 1264 2847 noster
1307 2799 1501 2848 vestrae
1531 2794 1811 2850 sanctitati

189 2886 530 2951 suggereret,
558 2882 717 2952 quasi
773 2883 828 2938 in
857 2891 1234 2956 contemptum
1266 2888 1442 2942 sancti
1473 2887 1811 2958 apostolatus

187 2969 362 3036 vestri,
408 2978 463 3027 et
491 2972 648 3028 sedis
692 2976 1010 3046 apostolicae
1077 2977 1181 3034 hoc
1213 2980 1473 3053 egissem,
1505 2986 1558 3035 et
1611 2987 1807 3036 vestrae

188 3060 628 3116 mansuetudinis
681 3077 811 3137 erga
865 3081 954 3120 me
1012 3067 1258 3123 animum
1317 3079 1710 3134 commoveret,
1754 3075 1808 3124 et

187 3161 571 3221 quamcunque
600 3155 1255 3224 excommunicationem,
1285 3158 1427 3213 sicut
1465 3174 1562 3230 pro
1594 3159 1806 3214 Rotha-

1917 1956 2064 2024 veni,
2088 1964 2143 2013 et
2164 1958 2330 2014 simul
2349 1960 2562 2018 eisdem
2587 1966 3002 2023 venerabilibus
3031 1971 3333 2044 episcOpis,
3361 1993 3539 2047 quan-

1916 2055 2030 2103 tum
2065 2065 2132 2103 ex
2162 2066 2248 2104 me
2277 2049 2400 2120 fuit,
2433 2069 2558 2110 mox
2595 2062 2892 2128 antequam
2925 2063 3172 2131 synodus
3203 2067 3532 2137 solveretur,

1914 2145 2151 2192 vestram
2193 2139 2504 2210 jussionem
2535 2144 2605 2199 de
2661 2146 2858 2202 eodem
2911 2149 3187 2218 Rothado,
3248 2171 3319 2210 ne
3348 2157 3536 2229 aliqua

1915 2242 2071 2283 mora
2098 2237 2297 2287 vestrae
2329 2235 2722 2305 praeceptionis
2755 2237 3076 2310 implendae,
3111 2252 3206 2299 aut
3235 2245 3304 2300 de
3336 2263 3534 2320 super-

1913 2319 2172 2376 ventione
2204 2339 2567 2399 paganorum,
2600 2337 2693 2383 aut
2723 2329 2793 2384 de
2826 2331 2932 2386 alia
2958 2333 3209 2404 qualibet
3236 2319 3409 2394 causa
3452 2341 3532 2395 in-

1915 2411 2236 2479 terveniret,
2265 2413 2574 2485 adimplere
2612 2419 2821 2486 curavi,
2867 2420 3010 2476 sicut
3049 2433 3103 2478 et
3129 2423 3293 2498 legati
3345 2428 3535 2485 domui

1913 2497 2060 2571 regis
2097 2514 2162 2554 ac
2199 2501 2396 2568 nostri,
2447 2511 2502 2558 et
2551 2503 2747 2562 littera:
2797 2508 3042 2579 pleniter
3090 2497 3284 2570 vestrae
3340 2525 3530 2574 notum

1913 2585 2118 2643 facient
2144 2593 2440 2648 sanctitati.
2475 2594 2582 2649 Sed
2614 2598 2878 2666 quoniam
2907 2616 3072 2657 causa
3103 2603 3534 2678 interveniente,

1912 2692 2078 2747 quam
2119 2679 2278 2734 vobis
2309 2680 2414 2752 ipsi
2446 2682 2607 2758 legati
2642 2686 2905 2757 referent,
2947 2692 3128 2747 statim
3171 2701 3227 2749 ut
3257 2700 3534 2770 praecepi-

1911 2779 2037 2819 mus
2083 2766 2228 2821 datis
2263 2768 2483 2826 litteris.
2530 2783 2586 2827 et
2615 2773 2919 2850 designatis
2953 2781 3157 2836 nostris
3181 2766 3534 2853 vicariis,_ad

1911 2861 2150 2909 vestram
2180 2859 2534 2927 praesentiam
2596 2878 2721 2917 cum
2763 2866 2960 2920 eodem
3010 2869 3260 2926 Rothado
3292 2872 3374 2928 ire
3423 2890 3534 2931 non

1911 2951 2234 3016 potuerunt,
2264 2958 2320 3005 et
2349 2951 2420 3006 ob
2454 2951 2511 3007 id
2541 2953 2750 3010 diutius
2775 2974 2938 3028 quam
2968 2961 3310 3019 voluerimus
3340 2965 3534 3023 immo-

1910 3034 2014 3089 rati
2043 3033 2312 3106 fuerunt;
2353 3040 2566 3098 interea
2597 3045 2770 3101 Luido
2794 3048 3008 3122 legatus
3030 3052 3220 3108 domni
3253 3056 3424 3111 nostri
3448 3073 3537 3112 re-

1907 3123 1993 3197 gis
2040 3141 2072 3178 a
2129 3134 2307 3182 vestra
2366 3130 2589 3186 rediens
2639 3135 2950 3198 sanctitate,
3012 3138 3192 3207 pridie
3258 3141 3534 3200 Kalendas

187 3213 252 3289 d0
279 3213 670 3296 actum-fuerat
699 3243 869 3312 (quod
918 3251 1104 3300 tamen
1132 3245 1203 3301 ad
1243 3213 1349 3302 ’me
1381 3213 1492 3302 nm“
1533 3213 1808 3318 pergénit,
1832 3227 1882 3297 Ο
1904 3213 2225 3272 Decembris
2254 3225 2463 3275 vestras
2490 3224 2825 3292 apostolicas
2863 3227 3074 3318 litteras
3103 3231 3307 3289 domno
3338 3245 3530 3293 nostro

189 3325 289 3379 nisi
316 3335 586 3399 quantum
629 3329 742 3386 0do
773 3332 1090 3404 episcopus,
1123 3338 1177 3388 et
1203 3342 1397 3405 postea
1429 3336 1600 3392 Luido
1655 3345 1805 3404 (ms,

191 3413 388 3481 LandO)
439 3418 664 3485 detulit,
697 3429 994 3492 antequam
1026 3423 1096 3477 ad
1142 3424 1523 3481 auctoritatem
1569 3435 1804 3482 vestram

188 3511 459 3576 gestorum
517 3510 721 3565 seriem
783 3513 915 3568 inde
972 3515 1192 3570 mittere
1246 3517 1658 3586 valuissemus;
1717 3521 1805 3576 vel

189 3599 456 3665 quomodo
486 3617 579 3656 res
606 3609 759 3676 gesta
782 3605 945 3659 tuerit
970 3621 1069 3676 per
1096 3606 1306 3681 legatos
1333 3617 1546 3667 vestros
1581 3612 1806 3668 rescire-

187 3686 267 3758 tis)
295 3691 608 3748 obtineret:
658 3697 960 3764 pmsertim
993 3713 1118 3752 cum
1151 3699 1207 3753 in
1267 3700 1369 3756 hac
1417 3702 1651 3773 epistola
1702 3720 1800 3759 ve-

186 3781 302 3833 stra:
325 3783 667 3838 auctoritatis
696 3783 912 3858 legatur
939 3805 955 3840 :
998 3786 1150 3857 quod
1178 3787 1224 3842 si
1257 3788 1417 3844 aliter
1445 3791 1754 3866 egissemus
1787 3834 1800 3861 ,

188 3883 341 3939 quam
387 3873 445 3928 in
486 3891 555 3930 ea
608 3877 873 3947 scriptum
930 3886 1032 3946 est,
1080 3881 1255 3954 gratia
1310 3888 1365 3937 et
1408 3886 1802 3942 communione

187 3968 355 4016 vestra
402 3963 509 4019 frui
542 3981 893 4038 nequaquam
926 3969 1254 4026 valeremus.
1301 3973 1416 4038 Quo
1443 3981 1633 4030 contra
1665 3977 1801 4030 mihi

187 4045 377 4104 dicenti
408 4053 526 4108 hoc‘
548 4053 605 4107 in
633 4054 868 4124 epistola
898 4065 1080 4112 vestra
1123 4060 1195 4116 ob
1227 4061 1282 4116 id
1313 4064 1586 4133 posuisse,
1620 4082 1692 4120 ne
1722 4066 1801 4120 fe-

187 4137 326 4193 mina
372 4141 464 4195 illa
494 4159 524 4196 a
586 4142 750 4197 nobis
779 4144 1152 4216 deciperetur,
1203 4158 1257 4204 et
1285 4167 1398 4207 non
1454 4153 1526 4207 ob
1560 4154 1686 4222 hoc,
1728 4171 1800 4210 ne

187 4231 426 4288 ecclesiae
474 4237 834 4295 satisfaceret.
870 4241 1316 4313 Responderunt,
1349 4261 1466 4311 cur,
1500 4245 1659 4300 aliter
1685 4247 1804 4302 vel-

187 4315 283 4372 lem
315 4331 548 4380 vestram
583 4327 872 4398 epistolam
916 4331 1247 4407 intelligere,
1299 4349 1464 4405 quam
1497 4334 1657 4391 vobis
1681 4336 1801 4407 pla-

185 4410 288 4465 cuit
310 4427 428 4468 eam
447 4430 810 4488 componere,
835 4435 959 4475 cum
982 4422 1052 4477 de
1072 4423 1127 4478 in
1159 4428 1436 4496 prieterito
1462 4433 1597 4488 mihi
1621 4442 1798 4490 trans-

184 4502 359 4559 missis
403 4507 526 4576 ejus
555 4524 781 4566 sensum
833 4527 1052 4584 possem
1102 4518 1398 4576 manifeste
1436 4539 1797 4597 cognoscere.

1909 3305 2046 3380 regi,
2062 3305 2176 3362 tilio
2186 3316 2392 3378 vestro,
2412 3311 2468 3365 in
2482 3312 2704 3369 civitate
2719 3315 3069 3375 Aniisiodoro
3087 3321 3305 3391 detulit,
3331 3333 3380 3381 et
3399 3329 3531 3399 quia

1907 3395 2056 3452 filius
2112 3398 2232 3472 ejus
2271 3407 2438 3473 atque
2507 3405 2826 3476 aequivocus
2877 3410 3124 3481 Karolus,
3201 3419 3294 3488 qui
3356 3395 3530 3490 patris

1907 3490 2155 3546 animum
2183 3492 2238 3547 in
2271 3495 2605 3565 quibusdam
2657 3499 2986 3573 offenderat,
3027 3515 3083 3563 et
3112 3508 3184 3564 ob
3226 3510 3279 3564 id
3310 3513 3377 3566 ad
3410 3515 3533 3583 ejus

1908 3583 2282 3653 praesentiam,
2316 3589 2684 3657 quorumdam
2712 3597 3092 3667 suggestione,
3125 3600 3528 3672 aliquantulum

1905 3671 2100 3727 venire
2113 3672 2425 3744 distulerat,
2449 3686 2662 3748 partem
2681 3680 2879 3754 legatis
2921 3685 3039 3740 suis
3056 3671 3240 3757 petiit,
3265 3699 3325 3746 ut
3350 3709 3530 3748 meam

1907 3764 2234 3834 parvitatem
2262 3783 2384 3823 cum
2412 3769 2537 3825 aliis
2566 3772 2898 3844 quibusdam
2921 3777 3039 3832 suis
3063 3777 3325 3837 fidelibus
3345 3800 3446 3854 pro
3459 3801 3528 3842 eo

1905 3856 1974 3911 ad
2000 3857 2174 3928 ipsius
2200 3861 2433 3936 vestigia
2449 3862 2777 3923 deducendo
2807 3870 3220 3939 transmitteret,
3249 3885 3528 3945 quatenus

1904 3953 2098 4002 nostro
2131 3947 2447 4006 interventu
2479 3960 2689 4023 patrem
2710 3957 3126 4027 placabiliorem
3151 3962 3401 4020 invenire
3431 3984 3528 4024 va-

1904 4035 2044 4092 leret
2071 4039 2430 4114 exiguitatem
2474 4043 2803 4103 humilitatis
2831 4065 2971 4106 meae
3000 4050 3241 4108 domnus
3271 4072 3367 4111 rex
3394 4057 3528 4114 illuc

1904 4126 1960 4180 in
1989 4143 2148 4183 suum
2180 4131 2372 4186 venire
2401 4134 2681 4191 servitium
2700 4137 2961 4206 jusserat.
2995 4140 3112 4205 Quo
3143 4158 3268 4199 mox
3291 4153 3351 4200 ut
3372 4147 3524 4214 veni,

1904 4219 2042 4274 mihi
2056 4219 2266 4277 litteras
2281 4230 2492 4281 vestras
2510 4227 2777 4304 legendas
2793 4230 3054 4290 donavit:
3088 4234 3145 4288 in
3167 4236 3372 4307 quibus
3390 4238 3531 4295 licet

1903 4321 2006 4377 pro
2064 4324 2165 4364 sua
2203 4310 2527 4387 dignatione
2567 4317 2881 4376 sublimitas
2936 4330 3115 4378 vestra
3157 4325 3521 4385 humilitatem

1905 4412 2084 4454 meam
2123 4401 2245 4456 sine
2283 4404 2395 4460 ulla
2423 4408 2607 4463 meriti
2648 4413 3007 4485 praerogativa
3046 4413 3290 4491 benigne
3330 4424 3527 4476 tracta-

1905 4490 2065 4559 verit,
2099 4501 2153 4547 et
2183 4509 2215 4548 a
2247 4511 2370 4550 mea
2401 4497 2725 4570 insipientia
2765 4504 3052 4574 sapientia:
3093 4490 3287 4563 vestras
3318 4511 3522 4583 scripta

184 4589 521 4668 QuaprOpter
561 4615 776 4657 memor
812 4580 1216 4673 preteritarum
1257 4580 1619 4680 epistolarum
1823 4599 1883 4668 D
1905 4580 2148 4680 suPraEd
2171 4583 2318 4653 quod
2339 4586 2454 4640 scio
2469 4593 2636 4680 8.th
2660 4589 2932 4667 intelligo’
2962 4610 3073 4650 non
3107 4603 3287 4653 tamen
3310 4599 3523 4673 absque

182 4685 451 4758 episcOpis
507 4691 666 4764 regni
718 4690 818 4747 ﬁlii
863 4696 1035 4751 vestri
1086 4697 1276 4754 domni
1340 4702 1520 4759 Karoli
1557 4721 1588 4760 a
1639 4707 1801 4763 vobis

182 4774 487 4849 missarum,
529 4784 824 4841 attendens
879 4788 1044 4844 etiam
1086 4807 1208 4863 quae
1265 4797 1321 4852 in
1356 4800 1590 4870 epistola
1622 4819 1802 4875 nuper

183 4880 278 4935 per
328 4870 636 4930 Luidonem
679 4877 816 4933 mihi
859 4879 1178 4957 benignitas
1216 4895 1397 4943 vestra
1444 4870 1802 4951 mandaverat

187 4956 318 5023 (hiec
354 4963 504 5019 enim
549 4966 607 5021 in
638 4956 1152 5046 Antisiodoroipost
1189 4978 1486 5036 adventum
1533 4983 1801 5043 Luidonis

184 5053 608 5129 ventilabantur)
658 5059 804 5117 inter
828 5071 1038 5121 metum
1087 5071 1510 5144 praeteritarum,
1544 5085 1599 5132 et
1641 5095 1798 5150 spem

186 5142 503 5206 posterioris
532 5147 781 5218 epistolae
820 5153 957 5208 mihi
990 5156 1211 5213 mitiora
1239 5165 1624 5232 monstrantis,
1661 5184 1797 5224 con-

186 5229 478 5289 tentionem
510 5235 570 5290 in
596 5237 699 5294 hac
731 5255 896 5298 causa
926 5245 1329 5306 dissimulando
1355 5252 1522 5309 'vitavi
1580 5263 1634 5311 et
1661 5273 1799 5315 con-

185 5317 600 5384 descensionem
628 5333 784 5403 quasi
805 5333 860 5388 in
894 5345 1114 5411 tempus
1144 5341 1292 5397 aliud
1322 5343 1652 5417 differendo,
1686 5352 1800 5407 dis-

184 5407 448 5482 simulavi,
504 5427 836 5489 exspectans
863 5432 923 5479 ut
955 5407 1027 5479 in-
1055 5443 1236 5485 causas
1275 5432 1438 5504 hujus
1477 5453 1600 5508 quae
1633 5439 1801 5498 instat

186 5495 528 5569 depositione
577 5518 779 5579 vestra,
840 5529 908 5569 ex
960 5515 1208 5574 Rothado
1265 5495 1750 5585 discere-valeam
1781 5573 1797 5598 ,

187 5589 500 5655 qualiterde
524 5595 744 5671 reliquo
766 5601 822 5655 iii
847 5603 1161 5672 hujusmodi
1196 5625 1360 5684 agere
1389 5613 1645 5672 debeam.
1675 5589 1798 5676 Sic;

185 5692 285 5748 que
313 5684 453 5740 nihil
481 5689 645 5746 nobis
670 5691 741 5748 de
773 5696 1153 5755 ecclesiastico
1179 5703 1491 5761 ministerio
1518 5707 1601 5763 eis
1624 5709 1798 5768 inter-

183 5764 491 5832 dicentibus
557 5779 655 5836 sed
713 5789 924 5841 tantum
987 5788 1137 5858 quod
1193 5792 1488 5862 valuimus,
1549 5764 1794 5860 nostrain

1903 4670 2240 4729 subinducto
2291 4677 2561 4746 cauterio,
2594 4680 2817 4738 laudare
2849 4684 3075 4758 dignata
3105 4688 3304 4745 fuerit:
3338 4670 3522 4748 tamen

1903 4758 1986 4814 eis
2009 4760 2200 4817 videor
2228 4764 2364 4819 mihi
2396 4766 2584 4824 videre
2606 4770 2766 4826 vobis
2794 4774 3207 4848 multiloquium
3237 4796 3420 4835 meum
3443 4783 3523 4838 in-

1902 4865 2170 4908 crescere.
2215 4855 2371 4912 Unde
2400 4858 2664 4935 dignetur
2704 4867 2966 4922 sanctitas
2995 4878 3176 4925 vestra
3228 4871 3524 4946 dignanter

1901 4943 2211 5016 suscipere,
2244 4951 2394 5020 quod
2427 4951 2623 5009 beatus
2666 4956 3005 5031 Augustinus
3037 4961 3108 5016 de
3138 4979 3240 5019 suo
3267 4943 3519 5023 multilo-

1901 5031 2034 5102 quio
2082 5034 2315 5094 Domino
2345 5040 2696 5098 dominorum
2737 5047 3022 5104 audaciter
3052 5050 3195 5121 [ms.,
3237 5055 3518 5128 audacter]

1901 5135 2014 5176 non
2073 5123 2346 5184 dubitavit
2403 5129 2632 5200 dicere,
2694 5150 2819 5190 cum
2878 5153 2938 5192 se
2994 5138 3124 5194 inde
3189 5143 3336 5212 apud
3393 5161 3518 5200 eum

1899 5213 2071 5270 voluit
2128 5219 2500 5277 excusabilem
2552 5224 2804 5296 reddere,
2875 5229 3020 5284 inter
3066 5231 3173 5286 alia
3223 5235 3518 5292 scribens:

1899 5302 2072 5376 Loqui
2105 5307 2333 5365 multum
2367 5327 2478 5368 non
2509 5321 2592 5369 est
2629 5315 2883 5386 nimium,
2915 5321 2962 5375 si
2993 5329 3176 5380 tamen
3205 5334 3289 5382 est
3318 5344 3520 5385 neces—

1899 5407 2129 5451 sartum.

1980 5503 2004 5533 α
2070 5484 2186 5549 Qua
2221 5487 2290 5543 de
2331 5504 2410 5557 re,
2441 5492 2791 5550 sanctissime
2820 5495 3046 5555 domine
3077 5509 3133 5557 et
3163 5501 3322 5560 Pater
3353 5522 3516 5564 reve-

1901 5574 2254 5645 rendissime,
2306 5583 2692 5653 aequanimiter
2736 5589 3007 5646 sustinete
3059 5595 3336 5654 modicum
3383 5600 3516 5672 quid

1900 5662 2238 5735 insipientiae
2268 5685 2426 5739 mese,
2458 5673 2556 5728 sed
2585 5682 2640 5729 et
2667 5687 2993 5749 supportate
3023 5699 3113 5739 me
3143 5687 3220 5752 (II
3261 5687 3382 5744 Cor.
3401 5662 3514 5755 'x1),

1898 5753 1944 5807 si
1971 5752 2152 5811 adhuc
2181 5757 2444 5829 quiddam
2479 5762 2548 5818 de
2568 5763 2804 5821 Rothadi
2833 5783 3000 5825 causa
3024 5770 3183 5826 vobis
3213 5778 3320 5827 tam
3351 5752 3514 5826 sum;

1897 5843 2109 5900 cienter
2150 5849 2462 5920 notissima,
2493 5855 2651 5925 quasi
2693 5866 2953 5929 repetens
2989 5861 3194 5927 scribo,
3227 5876 3351 5916 cum
3397 5875 3508 5930 quo
