3912 6416
379 362 484 417 163

1494 357 1862 414 FLODOARDI
1905 358 2207 413 CANONlCl
2255 358 2597 416 REMENSIS.

3624 367 3735 421 164

379 497 510 567 quia
529 496 690 551 vobis
717 497 897 566 placet
927 497 1033 566 (cui
1061 505 1256 552 cuncta
1287 495 1433 552 bona
1452 495 1696 566 placent)
1726 495 1995 550 mittimus
2021 498 2068 565 Î‘
2095 503 2181 550 est
2207 502 2267 550 ut
2307 497 2524 551 cateris
2578 497 2988 568 przeemineret.
3024 499 3098 554 De
3141 515 3251 571 qua
3292 499 3471 556 forma
3503 502 3735 572 episco-

377 589 613 644 vicarios
654 596 892 648 nostros.
944 604 1054 643 non
1099 596 1158 643 ut
1187 594 1532 642 accusatores
1574 586 1641 640 ad
1689 586 1997 659 confligen-

379 681 535 748 dum,
568 682 663 736 sed
698 689 756 736 ut
787 698 816 736 a
849 681 1122 747 Rothado,
1157 689 1320 751 atque
1351 697 1382 734 a
1410 679 1610 734 vicinis
1641 678 1863 744 nostris,
1900 677 1993 749 qui

377 787 598 825 causam
632 771 869 841 pleniter
903 787 966 825 ac
996 771 1262 825 veraciter
1291 777 1382 824 aut
1421 770 1698 834 nesciunt,
1733 776 1825 822 aut
1855 767 1995 823 scire

380 876 492 915 non
520 861 728 926 volunt,
756 860 1012 924 accusati,
1041 859 1190 929 quod
1224 874 1334 913 non
1364 857 1418 912 in
1441 865 1818 928 contemptum
1849 857 1999 910 sedis

379 949 696 1019 apostolicze
723 947 1093 1018 appellantem
1127 947 1435 1002 Rothadum
1467 947 1774 1002 secundum
1807 945 1997 1000 Sardi-

377 1052 573 1092 censes
610 1053 852 1091 canones
884 1038 953 1106 (4,
989 1035 1039 1106 6)
1071 1036 1261 1090 sedem
1317 1036 1706 1106 apostolicam:
1740 1034 1837 1090 sed
1864 1050 1990 1088 eum

377 1125 554 1196 quiad
577 1126 877 1180 electorum
905 1124 1177 1193 judicium
1213 1125 1281 1178 de
1313 1124 1475 1178 certis
1505 1123 1762 1194 capitulis
1793 1137 1993 1194 provo-

377 1218 540 1282 cavit,
594 1219 749 1285 juxta
800 1215 1268 1288 Carthaginenses
1326 1226 1380 1270 et
1428 1215 1710 1270 Africanos
1753 1227 1995 1269 canones

377 1309 594 1379 (Concil.
626 1309 758 1373 Afr.
804 1322 851 1360 c.
897 1306 983 1371 63,
1021 1306 1110 1370 88,
1160 1307 1250 1367 89,
1289 1305 1408 1373 94),
1461 1321 1525 1359 ac
1583 1305 1805 1359 decreta
1853 1303 1998 1356 beati

377 1400 623 1475 Gregorii
655 1398 984 1472 regulariter
1007 1397 1380 1468 judicavimus
1415 1405 1611 1452 vestrae
1642 1411 1870 1450 summae
1901 1410 1998 1448 au-

376 1492 615 1546 ctoritati
649 1489 934 1544 humiliter
964 1487 1354 1542 intimandum.
1389 1486 1542 1540 Absit
1569 1486 1716 1540 enim
1749 1501 1780 1540 a
1812 1484 1998 1549 nobis,

377 1589 437 1636 ut
473 1579 827 1653 privilegium
859 1578 1050 1649 primre
1101 1585 1154 1632 et
1185 1593 1414 1632 summae
1447 1576 1596 1630 sedis
1647 1584 1850 1629 sanctae
1897 1573 2003 1628 lto-

376 1689 552 1728 mame
572 1672 828 1728 Ecclesize
853 1668 1134 1741 pontificis
1156 1685 1255 1740 pro
1282 1669 1361 1724 sic
1391 1683 1556 1740 parvo
1590 1667 1918 1739 pendamus,
1943 1671 2000 1719 ut

378 1761 780 1816 controversias
810 1768 865 1814 et
889 1759 1075 1832 jurgia
1111 1766 1216 1812 tam
1249 1757 1573 1829 superioris,
1634 1771 1798 1827 quam
1833 1755 1998 1808 etiam

378 1850 660 1906 inferioris
686 1849 922 1912 ordinis,
958 1865 1080 1919 qua:
1109 1847 1299 1901 Niceni
1350 1849 1492 1916 (cap.
1526 1845 1573 1910 5)
1611 1851 1664 1898 et
1696 1843 1878 1898 cwleri
1913 1859 1999 1896 sa-

377 1959 596 1998 crorum
627 1941 990 1998 conciliorum
1023 1955 1286 2004 canones,
1321 1946 1376 1992 et
1407 1938 1715 1993 Innocentii
1744 1941 1915 2007 (epist.
1944 1938 2001 2004 2,

377 2051 423 2090 c.
459 2037 532 2103 5),
566 2043 731 2106 atque
762 2034 997 2089 aliorum
1041 2041 1244 2086 sancta}
1286 2030 1544 2086 Romanze
1574 2029 1725 2084 sedis
1780 2027 2000 2100 pontifi-

379 2144 502 2182 cum
536 2127 758 2182 decreta
789 2126 844 2179 in
889 2124 1114 2196 synodis
1142 2121 1576 2194 provincialibus
1622 2137 1652 2175 a
1682 2121 2005 2191 metropoli-

380 2216 523 2270 tanis
577 2215 904 2285 praecipiunt
958 2212 1262 2277 terminari,
1318 2212 1386 2265 ad
1443 2217 1679 2266 vestram
1729 2226 1998 2264 summam

380 2307 764 2362 auctoritatem
817 2305 1152 2379 fatigandam
1202 2304 1488 2358 ducamus.
1539 2306 1604 2358 At
1639 2303 1683 2356 si
1742 2303 1882 2358 forte
1929 2302 2000 2356 de

376 2399 656 2471 episcopis
686 2416 853 2454 causa
903 2409 1028 2452 nata
1060 2398 1245 2464 fuerit,
1275 2398 1423 2452 unde
1470 2403 1620 2451 certa
1650 2405 1702 2451 et
1741 2412 2000 2465 expressa

377 2492 431 2545 in
465 2493 638 2547 sacris
668 2492 874 2566 regulis
904 2507 1015 2547 non
1049 2492 1355 2546 habeamus
1379 2493 1613 2561 judicia,
1648 2499 1703 2546 et
1733 2491 1804 2546 ob
1851 2492 1906 2546 id
1937 2493 1998 2556 it,

374 2583 722 2653 provinciali,
754 2584 838 2637 vel
869 2584 923 2637 in
969 2583 1424 2654 comprovinciali
1474 2590 1715 2653 nequeat
1744 2585 1999 2638 examine

373 2675 625 2740 diffiniri,
649 2681 719 2729 ad
741 2675 989 2729 divinum
1011 2674 1318 2737 oraculum,
1351 2673 1405 2727 id
1437 2681 1520 2728 est
1550 2675 1618 2728 ad
1642 2675 1998 2744 apostolicam

377 2767 567 2821 sedem
619 2766 782 2821 nobis
837 2765 969 2819 inde
1024 2774 1107 2820 est
1149 2768 1562 2821 recurrendum.
1621 2768 1674 2821 Si
1721 2768 1884 2822 etiam
1930 2768 1998 2822 de

381 2853 685 2924 majoribus
705 2854 888 2909 causis
914 2869 946 2907 a
976 2853 1302 2923 provinciali
1324 2854 1586 2926 episcOpo
1606 2855 1673 2910 ad
1701 2855 1998 2910 electorum

373 2944 645 3012 judicium
688 2958 800 2998 non
833 2941 998 2996 fuerit
1031 2949 1408 3012 provocatum,
1447 2951 1501 2997 et
1533 2943 1588 2997 in
1620 2944 1806 3014 aliqua
1836 2961 2000 2999 causa

381 3036 529 3090 idem
564 3035 862 3106 episcopus
902 3034 1065 3089 fuerit
1100 3035 1400 3104 judicatus,
1435 3036 1488 3089 id
1521 3044 1606 3090 est
1636 3052 1666 3089 a
1696 3036 1867 3109 gradu
1897 3051 1998 3092 suo

2099 606 2292 660 porum
2319 607 2542 662 quoque
2573 599 2656 646 est
2685 599 2805 647 orta
2833 593 3142 659 distinctio,
3169 603 3224 648 et
3253 609 3457 665 magna
3495 593 3737 649 ordina-

2098 683 2245 738 tione
2278 685 2582 754 provisum,
2622 701 2691 738 ne
2726 700 2919 740 omnes
2957 685 3064 739 sibi
3115 685 3303 740 omnia
3331 684 3732 748 vindicarent,

2099 773 2198 826 sed
2250 780 2440 826 essent
2495 773 2548 826 in
2589 771 2827 846 singulis
2865 773 3166 844 provinciis
3204 773 3432 847 singuli,
3487 791 3735 846 quorum

2102 861 2244 915 inter
2277 861 2470 916 fratres
2500 861 2802 916 haberetur
2829 862 3006 932 prima
3035 863 3334 928 sententia,
3366 871 3421 917 et
3455 880 3562 934 per
3590 880 3740 934 quos

2101 949 2168 1004 ad
2201 966 2365 1020 quam
2389 949 2536 1004 beati
2571 949 2713 1003 Petri
2733 949 2922 1004 sedem
2945 950 3277 1005 universalis
3307 951 3571 1006 Ecclesia:
3598 968 3737 1006 cura

2101 1041 2424 1108 conflueret,
2461 1048 2515 1095 et
2544 1041 2680 1094 nihil
2716 1057 2945 1112 usquam
2975 1059 3004 1096 a
3044 1057 3145 1097 suo
3177 1043 3358 1114 capite
3400 1043 3732 1100 dissideret.

2097 1135 2195 1199 Qui
2248 1149 2379 1207 ergo
2420 1133 2523 1188 scit
2553 1149 2612 1186 se
2661 1134 2996 1204 quibusdam
3039 1135 3420 1206 praepositum,
3455 1151 3568 1191 non
3607 1153 3735 1191 rno-

2098 1222 2234 1275 leste
2269 1222 2412 1276 ferre
2457 1222 2623 1277 debet
2661 1223 2902 1294 aliquem
2935 1223 3041 1277 sibi
3095 1239 3214 1279 esse
3254 1226 3584 1296 praelatum:
3633 1226 3733 1280 sed

2099 1313 2474 1368 obedientiam
2536 1331 2702 1385 quam
2744 1314 2934 1387 exigit,
2977 1315 3141 1370 etiam
3183 1316 3301 1386 ipse
3340 1317 3654 1388 dependat.
3706 1340 3725 1366 Î¹

2101 1406 2270 1469 Quam
2306 1407 2590 1462 Rothadus
2629 1423 2660 1460 a
2689 1407 2807 1461 suis
2852 1406 3076 1482 exigere
3117 1408 3314 1481 magis,
3357 1425 3523 1480 quam
3556 1409 3736 1464 sacris

2103 1494 2310 1564 regulis
2351 1495 2552 1567 sategit
2587 1495 2905 1566 dependere
2940 1498 3088 1566 (cum
3130 1495 3293 1550 etiam
3335 1497 3510 1551 sancti
3544 1497 3732 1569 angeli

2104 1586 2160 1640 in
2199 1587 2338 1642 cmlo
2369 1586 2622 1660 legantur
2650 1587 2765 1640 suis
2796 1586 3106 1656 potioribus
3135 1587 3367 1643 obedire
3418 1595 3472 1641 et
3497 1588 3632 1642 ideo
3663 1588 3734 1642 ad

2103 1676 2209 1731 hoc
2227 1675 2479 1746 pervenit
2510 1686 2566 1728 ut
2595 1675 2758 1742 dejici
2781 1675 3169 1744 promeruerit.
3205 1677 3376 1739 Quem
3409 1691 3509 1746 per
3539 1676 3735 1746 plures

2102 1784 2278 1823 annos
2312 1776 2366 1822 et
2396 1765 2689 1821 beneficiis
2732 1766 3018 1837 impensis,
3068 1774 3120 1821 et
3155 1767 3381 1822 monitis
3423 1775 3592 1838 atque
3627 1767 3734 1822 ob-

2104 1856 2531 1923 secrationibus,
2576 1873 2674 1927 per
2729 1872 2814 1910 me
2846 1864 2901 1910 et
2941 1871 3042 1927 per
3093 1856 3478 1926 coepiscopos,
3521 1872 3588 1910 ac
3633 1872 3735 1926 per

2105 1963 2469 2018 quoscunque
2501 1945 2799 2000 familiares
2825 1945 3002 2016 potui,
3035 1945 3104 1999 ad
3139 1944 3516 2000 obediendum
3551 1944 3732 1998 sacris

2106 2039 2310 2110 regulis
2360 2053 2711 2093 commonere
2768 2037 2974 2092 curavi.
3019 2037 3296 2092 Multoties
3341 2037 3504 2091 etiam
3535 2046 3592 2090 et
3633 2052 3736 2108 per

2106 2131 2316 2186 litteras
2355 2131 2812 2202 metrOpolitanas
2851 2138 2906 2185 et
2950 2147 3016 2184 ex
3055 2129 3371 2200 apostolicae.
3418 2128 3569 2183 sedis
3616 2145 3730 2182 au-

2103 2223 2352 2278 ctoritate
2401 2223 2579 2278 minas
2618 2222 2669 2277 ei
2716 2221 2994 2277 inculcare
3025 2221 3231 2286 curavi,
3279 2231 3333 2275 et
3370 2237 3436 2274 ex
3483 2220 3732 2275 lectione

2102 2311 2526 2378 catholicorum,
2557 2328 2721 2382 quam
2771 2310 3010 2386 graviter
3038 2308 3374 2372 offendebat,
3409 2310 3460 2363 ei
3525 2319 3726 2364 ostenâ€”

2101 2401 2234 2455 dere
2264 2399 2474 2456 studui.
2507 2401 2582 2454 Ad
2616 2416 2740 2472 qua:
2783 2398 3178 2469 respondebat,
3224 2397 3356 2469 quia
3389 2397 3530 2451 nihil
3571 2399 3725 2452 aliud

2100 2493 2282 2548 facere
2314 2492 2583 2558 sciebam,
2616 2493 2722 2546 nisi
2758 2492 2807 2546 ei
2841 2507 2994 2546 meos
3016 2489 3238 2545 libellos
3265 2496 3378 2544 tota
3411 2489 3503 2542 die
3528 2499 3725 2544 osten-

2101 2587 2252 2642 dere.
2303 2586 2458 2640 Undc
2498 2601 2528 2638 a
2558 2584 2746 2639 multis
2791 2592 2846 2638 et
2885 2582 3335 2654 frequentissime
3390 2581 3727 2652 redargutus

2102 2677 2202 2746 fui,
2235 2694 2333 2732 cur
2365 2676 2796 2750 incorrigibilem
2828 2683 2885 2729 et
2912 2673 3219 2728 ministerio
3253 2688 3412 2727 sacro
3442 2672 3724 2738 inutilem,

2102 2768 2293 2822 tandiu
2343 2767 2582 2821 scienter
2627 2774 2818 2820 contra
2867 2763 2963 2818 Dei
3007 2762 3345 2818 voluntatem
3405 2770 3459 2816 et
3510 2777 3722 2815 sacram

2101 2859 2482 2914 auctoritatem
2508 2866 2804 2927 portarem.
2837 2855 2948 2927 Ego
2975 2869 3106 2909 vero
3138 2853 3390 2924 quamvis
3419 2853 3726 2922 saepissime

2099 2960 2155 3005 et
2202 2966 2412 3023 regem,
2472 2957 2526 3003 et
2560 2948 2924 3019 coepiscopos
2972 2963 3035 3001 ac
3080 2945 3293 3000 vicinos
3351 2959 3500 3011 suos,
3557 2953 3726 3016 atque

2100 3043 2266 3098 etiam
2289 3058 2376 3096 me
2404 3041 2576 3096 multo
2607 3040 2830 3110 saepius.
2866 3038 3024 3110 quasi
3066 3054 3131 3091 ex
3169 3035 3354 3091 studio
3385 3037 3449 3090 ad
3499 3037 3726 3091 iracun-

377 3124 431 3176 in
459 3124 911 3194 comprovinciali
933 3124 1146 3194 synodo
1165 3125 1433 3192 dejectus,
1458 3133 1512 3179 et
1534 3131 1688 3196 putat
1713 3141 1772 3179 se
1797 3125 1994 3180 bonam

2098 3136 2244 3190 diam
2296 3149 2596 3206 provocare
2635 3140 2928 3206 satageret.
2971 3130 3101 3184 licet
3139 3144 3248 3184 non
3283 3138 3494 3199 posset,
3535 3129 3729 3184 sciens

375 3233 600 3274 causam
636 3216 863 3282 habere,
896 3224 951 3271 et
981 3217 1342 3287 appellaverit
1372 3217 1466 3288 qui
1521 3217 1769 3285 dejectus
1797 3225 1897 3283 est,
1944 3227 1998 3273 et

373 3307 688 3380 confugerit
713 3308 780 3362 ad
801 3307 1122 3377 episc0pum
1147 3306 1406 3362 Romamn
1431 3307 1705 3368 Ecclesia'.
1731 3316 1786 3361 et
1807 3302 2000 3362 volue-

377 3397 446 3452 rit
475 3413 534 3452 se
565 3396 769 3462 audiri,
810 3395 1091 3468 sijustum
1131 3395 1404 3465 putaverit
1434 3403 1494 3450 ut
1521 3403 1814 3451 renovetur
1866 3411 1998 3450 exa-

376 3505 530 3556 men,
553 3488 906 3542 scribendum
934 3495 1015 3542 est
1031 3487 1099 3542 ab
1131 3487 1236 3554 his,
1255 3488 1347 3559 qui
1369 3505 1590 3544 causam
1612 3488 1998 3543 examinarunt

379 3581 786 3652 postjudicium
810 3580 1148 3650 episcopale,
1181 3580 1359 3634 eidem
1392 3595 1608 3636 summo
1639 3581 1910 3651 pontifici,
1944 3587 1998 3634 et

375 3672 444 3727 ad
474 3673 621 3727 illius
667 3671 1086 3742 dispositionem
1119 3671 1422 3726 secundum
1480 3671 1778 3742 septimum
1809 3671 1997 3724 Sardi-

375 3765 559 3819 censis
586 3763 806 3818 concilii
858 3763 1155 3834 capitulum
1191 3762 1547 3818 renovabitur
1574 3778 1828 3817 examen.
1864 3762 1994 3816 Nam

377 3861 446 3915 de
478 3859 906 3930 metropolitano
948 3874 1047 3928 per
1077 3873 1263 3912 sacras
1292 3855 1509 3930 regulas
1548 3855 1866 3919 constituto,
1902 3854 1995 3925 qui

375 3965 438 4003 ex
471 3949 698 4019 antiqua
736 3946 1140 4002 consuetudine
1172 3945 1241 3998 ab
1268 3944 1574 4015 apostolica
1605 3943 1737 3997 sede
1770 3942 1994 4013 pallium

375 4043 594 4114 accipit,
649 4042 792 4096 sicut
826 4040 933 4095 Leo
971 4042 1144 4109 (epist.
1180 4039 1270 4104 84,
1305 4053 1331 4092 c
1397 4039 1442 4104 l)
1502 4037 1570 4090 ad
1601 4035 1948 4090 Anastasium
1982 4075 1996 4100 ,

376 4134 525 4206 quod
555 4141 610 4188 et
639 4133 919 4188 Nicaanum
947 4129 1242 4185 concilium
1284 4130 1348 4198 (c.
1383 4128 1433 4196 7)
1467 4127 1682 4192 innuit,
1730 4132 1783 4180 ct
1814 4125 1998 4179 caeteri

376 4227 635 4282 Romana:
667 4224 821 4278 sedis
869 4220 1160 4293 pontifices
1190 4219 1246 4273 in
1297 4219 1533 4272 decretis
1564 4218 1680 4272 suis
1719 4234 1784 4271 ex
1829 4216 1999 4271 sacris

374 4317 686 4374 canonibus
734 4320 1069 4379 monstrant,
1100 4312 1250 4366 sedis
1300 4311 1474 4381 ipsius
1507 4307 1786 4380 pontificis
1833 4309 1996 4363 etiam

373 4418 500 4466 ante
527 4409 796 4482 judicium
819 4415 904 4463 est
930 4406 1206 4461 sententia
1233 4403 1618 4476 ÏÎ¹â€™Î¾Î½ÎµÎ¹Î¿Î¹Î¸Î·á¾±ÎµÎ¹.
1640 4405 1688 4457 Is
1714 4403 1860 4457 enim
1891 4409 1994 4466 est,

2100 3223 2634 3296 periculosissimum
2666 3237 2788 3276 esse
2831 3221 2884 3274 in
2942 3219 3230 3274 sacerdote
3261 3216 3646 3288 perturbatam
3677 3228 3731 3272 et

2100 3313 2441 3384 praecipitem
2501 3312 2636 3366 iram
2695 3308 3150 3380 praecipitemque
3211 3305 3458 3376 proferre
3490 3315 3732 3360 senten-

2100 3402 2252 3467 tiam,
2279 3410 2334 3456 et
2371 3400 2822 3471 persecutionum
2855 3397 3113 3467 supplere
3143 3395 3435 3461 saevitiam,
3467 3395 3729 3449 dissimi-

2098 3493 2362 3549 litudines
2416 3508 2631 3548 morum
2691 3489 3068 3546 contumacias
3125 3486 3614 3557 inobedientium,
3676 3499 3732 3543 et

2098 3590 2460 3660 malignarum
2528 3585 2634 3640 tela
2665 3583 3000 3657 linguarum,
3060 3581 3156 3635 diu
3217 3580 3393 3643 illum,
3423 3596 3535 3634 non
3601 3581 3732 3635 sine

2099 3679 2298 3733 timore
2330 3677 2398 3730 de
2449 3674 2700 3746 periculo
2740 3673 3046 3726 animarum
3105 3670 3214 3724 sibi
3267 3670 3731 3737 commissarum,

2101 3768 2334 3841 portavi,
2367 3774 2423 3822 et
2452 3783 2577 3822 cum
2607 3765 2847 3836 amplius
2887 3771 3109 3835 portare
3137 3777 3246 3817 non
3279 3761 3472 3827 debui,
3503 3761 3571 3815 ad
3600 3764 3736 3831 plu-

2098 3861 2361 3914 rimorum
2393 3857 2785 3928 episcOporum
2815 3854 3129 3922 consilium,
3153 3862 3214 3908 ut
3239 3854 3324 3908 vel
3358 3869 3454 3908 eos
3478 3853 3734 3915 audiret.

2099 3953 2251 4006 illum
2303 3949 2531 4004 deduxi.
2583 3948 2824 4012 Quorum
2865 3962 2976 4002 non
3019 3946 3210 4000 audire
3249 3944 3569 4009 consilium,
3630 3947 3733 4000 sed

2100 4040 2392 4094 adversum
2422 4053 2511 4091 me
2550 4036 2829 4108 postulare
2864 4035 3135 4104 judicium
3167 4033 3388 4089 maluit.
3443 4034 3522 4087 Ad
3557 4035 3734 4104 cujus

2101 4128 2453 4199 petitionem,
2487 4132 2546 4180 ut
2576 4125 2625 4178 ei
2659 4123 3059 4188 satisfacerem,
3091 4130 3151 4176 ut
3181 4122 3266 4176 vel
3315 4121 3395 4175 sic
3421 4119 3734 4175 erubesce-

2101 4225 2202 4284 ret,
2241 4225 2294 4270 et
2333 4233 2364 4269 a
2394 4223 2573 4284 empta
2623 4228 2682 4267 se
2728 4210 2960 4267 stultitia
3005 4219 3308 4276 revocaret,
3356 4209 3571 4278 judicio
3640 4227 3731 4263 me

2099 4309 2344 4375 devinxi,
2396 4307 2546 4361 velut
2597 4305 2710 4373 jam
2759 4311 2956 4358 vestrae
3003 4301 3283 4357 sanctitati
3323 4300 3544 4371 plenius
3599 4304 3735 4359 aliis

2099 4403 2300 4458 litteris
2334 4397 2582 4456 intimavi
2630 4404 2684 4451 et
2717 4395 2984 4466 replicare
3032 4408 3119 4445 me
3151 4405 3251 4462 pro
3291 4400 3487 4444 vestrm
3531 4401 3733 4447 aucto.

373 4501 469 4572 qui
527 4497 831 4554 secundum
871 4496 1212 4551 Ezechielem
1267 4495 1590 4566 prOphetam
1640 4502 1886 4548 moratur
1936 4493 2278 4579 inDritatis
2325 4491 2703 4548 satisfactione
2755 4488 2904 4560 cogit
2939 4485 3277 4540 necessitas:
3332 4494 3390 4537 ut
3419 4498 3731 4555 cognosca-

371 4587 766 4663 gazOphylacio
795 4587 944 4658 quod
977 4585 1203 4655 respicit
1232 4585 1373 4639 viam
1399 4583 1785 4646 meridianam,
1813 4590 1868 4636 et
1898 4597 1993 4635 ex-

371 4676 537 4731 cubat
565 4676 619 4729 in
654 4674 919 4730 custodiis
956 4673 1145 4743 templi
1177 4674 1382 4741 (Ezech.
1417 4674 1515 4740 xi).
1559 4673 1620 4727 Et
1656 4689 1757 4727 nos
1787 4678 1990 4726 metro-

372 4765 603 4837 politani
636 4764 704 4818 ad
734 4762 1204 4833 comparationem
1237 4761 1386 4816 illius
1426 4762 1638 4827 sumus,
1673 4762 1766 4832 qui
1799 4761 1852 4815 in
1887 4761 1992 4813 mi-

374 4855 601 4910 nisterio
630 4852 835 4918 altaris,
867 4851 1016 4922 quod
1049 4859 1132 4906 est
1161 4857 1290 4905 ante
1320 4849 1514 4905 faciem
1548 4850 1760 4920 templi,
1794 4849 1848 4902 in
1881 4865 1990 4920 quo

371 4960 568 4999 carnes
600 4942 993 5008 incenduntur,
1035 4941 1327 5006 servimus,
1360 4946 1413 4993 et
1443 4938 1847 4994 controversias
1872 4953 1989 4992 car-

373 5033 578 5087 nalium
611 5033 667 5086 in
705 5030 934 5102 synodis
966 5028 1400 5101 provincialibus
1431 5027 1745 5082 laborantes
1775 5026 1987 5080 dirimi-

371 5141 516 5192 mus,
546 5133 599 5179 et
625 5124 697 5179 de
727 5123 1031 5193 majoribus
1061 5138 1124 5177 ac
1153 5121 1424 5190 majorum
1449 5121 1628 5175 causis
1655 5120 1723 5174 ad
1755 5134 1986 5173 examen

370 5229 600 5270 summze
631 5213 782 5268 sedis
808 5211 1102 5286 pontificis,
1137 5219 1260 5283 post
1297 5210 1567 5279 judicium
1602 5209 1805 5264 referre
1837 5227 1991 5265 cura-

370 5321 513 5363 mus.
551 5305 814 5363 Homines
853 5303 1001 5356 enim
1035 5304 1138 5358 sub
1174 5302 1323 5357 illius
1355 5308 1647 5372 potestate,
1689 5302 1792 5355 sub
1827 5301 1989 5356 nobis

369 5394 782 5451 commilitones
795 5391 1064 5447 habemus
1083 5399 1137 5447 et
1153 5391 1391 5446 dicimus
1405 5390 1534 5445 huic
1562 5390 1721 5455 vade,
1743 5399 1797 5445 et
1816 5391 1986 5457 vadit,

369 5492 424 5540 et
453 5485 546 5540 alii
578 5482 728 5548 veni,
763 5490 818 5538 et
841 5483 992 5538 venit
1015 5486 1222 5553 (Matth.
1247 5484 1385 5555 vni),
1422 5495 1448 5535 Î±
1480 5483 1771 5550 Quoniam,
1794 5492 1854 5539 ut
1882 5484 1988 5540 Leo

369 5572 521 5641 dicit,
554 5576 696 5642 (cap.
733 5571 819 5638 11)
852 5581 906 5625 et
947 5572 1086 5626 inter
1113 5572 1463 5628 beatissimos
1493 5573 1771 5642 apostolos
1814 5575 1870 5628 in
1912 5575 1989 5628 si-

371 5662 689 5717 militudine
721 5659 949 5715 honoris
974 5658 1078 5715 fuit
1099 5663 1350 5733 quaedam
1385 5663 1648 5719 discretio
1680 5665 1983 5735 potestatis.

366 5757 420 5804 ct
448 5766 572 5805 cum
603 5745 854 5804 omnium
879 5763 982 5820 par
1012 5757 1158 5804 esset
1200 5751 1420 5819 electio,
1454 5753 1548 5807 uni
1583 5760 1765 5807 tamen
1801 5755 1988 5810 datum

2099 4584 2167 4638 tis
2196 4582 2459 4655 quoniam
2503 4579 2638 4634 nihil
2687 4578 2742 4632 in
2788 4593 2914 4632 eum
2947 4577 3034 4648 egi
3091 4573 3277 4628 animo
3310 4572 3559 4637 inimico,
3627 4575 3728 4629 sed

2095 4673 2212 4727 zelo
2241 4671 2450 4734 divino,
2481 4675 2750 4740 quantum
2784 4666 2838 4719 in
2873 4663 3210 4720 conscientia
3242 4678 3366 4716 mea
3397 4663 3727 4732 perspicere

2093 4764 2269 4818 valeo.
2305 4761 2410 4816 Sed
2460 4770 2514 4814 et
2539 4760 2745 4814 domno
2776 4757 2914 4830 regi,
2945 4772 3008 4810 ac
3053 4753 3336 4825 episcopis
3368 4753 3523 4826 regni
3574 4755 3728 4824 ejus,

2094 4862 2149 4910 et
2183 4853 2626 4925 quamplurimis,
2662 4859 2768 4906 tam
2804 4847 3193 4904 ecclesiasticis
3235 4862 3399 4917 quam
3430 4848 3726 4901 saeculari-

2092 4946 2197 5000 bus
2229 4943 2382 5006 viris,
2419 4943 2536 4997 hinc
2575 4947 2704 4994 sunt
2731 4949 2859 4994 nota
2891 4953 3014 5010 quae
3045 4937 3190 4992 dico.
3238 4937 3364 4990 Post
3413 4935 3726 5006 depositio-

2092 5051 2218 5090 nem
2249 5041 2431 5088 autem
2466 5033 2636 5095 illius,
2679 5030 2896 5086 obtinui
2942 5037 3001 5084 ut
3031 5044 3197 5082 unam
3239 5025 3522 5080 abbatiam
3555 5028 3723 5081 valde

2092 5123 2294 5180 bonam
2327 5123 2377 5177 ei
2409 5122 2646 5177 domnus
2693 5135 2784 5174 rex
2817 5126 2870 5173 et
2902 5116 3153 5188 episcopi
3184 5115 3562 5170 consentirent
3592 5134 3606 5169 :
3672 5126 3724 5170 et

2093 5229 2288 5267 omnes
2319 5226 2420 5266 nos
2451 5210 2532 5264 illi
2565 5209 2708 5263 sicut
2739 5206 2901 5279 patri,
2937 5206 3005 5259 de
3038 5205 3242 5261 nostris
3275 5204 3578 5275 impendiis
3613 5223 3726 5260 ser-

2090 5304 2356 5369 viremus,
2415 5309 2688 5373 quatenus
2733 5301 2827 5371 qui
2865 5299 2944 5379 â€™in
3005 5298 3222 5352 deliciis
3273 5298 3438 5352 vitam
3493 5313 3723 5369 semper

2091 5397 2340 5459 duxerat,
2398 5410 2508 5449 non
2551 5393 2914 5467 frangeretur,
2971 5399 3181 5445 tantum
3225 5398 3282 5444 ut
3313 5389 3620 5444 seditiosus
3671 5398 3721 5444 et

2090 5484 2359 5540 molestus
2394 5482 2672 5546 Ecclesiae,
2705 5482 2792 5537 cui
2847 5478 3142 5551 przefuerat
3197 5495 3320 5533 esse
3370 5495 3481 5534 non
3530 5480 3721 5535 decer-

2091 5583 2232 5630 taret
2282 5575 2438 5639 Quod
2490 5575 2728 5645 primum
2777 5571 3002 5643 quidem
3035 5570 3333 5641 acquievit,
3367 5571 3491 5636 sed,
3527 5579 3584 5626 ut
3637 5573 3719 5626 di-

2091 5662 2333 5734 cuntqui
2365 5663 2470 5718 hoc
2491 5679 2549 5717 se
2572 5662 2714 5716 scire
2747 5667 3032 5725 testantur,
3063 5659 3288 5730 quidam
3322 5660 3714 5733 episc0porum

2091 5757 2247 5831 regni
2308 5757 2545 5813 Lotharii
2598 5757 2716 5814 zelo
2756 5774 2942 5813 amaro
2990 5764 3182 5811 contra
3233 5772 3336 5812 nos
3366 5757 3541 5821 ducti,
3583 5758 3715 5828 quia
