3912 6470
206 455 296 512 165

833 453 1157 508 ΗΙδΤΟΒΙᾹΞ
1198 453 1528 508 ECCLESl/E
1568 451 1818 508 REMENS

1942 452 2118 506 LIBRI
2159 449 2484 515 QUATUOR.
2521 481 2590 490 —
2632 450 2758 506 LIB.
2792 451 2884 506 ΙΙΙ.

3428 450 3527 506 166

206 592 408 646 illorum
449 589 700 645 consiliis
737 589 809 645 de
839 589 1132 645 Waldrada
1182 605 1292 647 non
1318 590 1722 662 acquievimus,
1755 599 1809 645 ct
1837 589 2205 661 Ameditatus
2242 604 2363 643 sum
2393 603 2519 643 cum
2560 589 2728 644 corde
2774 604 2921 656 meo,
2971 597 3025 642 et
3053 586 3351 643 conferens
3405 603 3528 643 cum

207 679 358 736 etiam
414 679 584 750 aliqui
633 679 702 734 de
735 679 1050 745 Germania,
1105 688 1165 735 ut
1205 680 1431 753 quidam
1475 679 1688 746 dicunt,
1741 678 1810 732 ad

207 773 453 828 Ludovici
483 772 568 826 sui
601 772 747 846 regis
778 773 1120 841 suasionem,
1153 772 1414 843 quoniam
1446 787 1570 827 cum
1601 787 1667 827 eo
1701 787 1809 827 non

206 867 300 922 feci
327 865 468 920 sicut
499 865 804 929 Rothadus,
859 865 915 918 in
947 864 1129 920 fratris
1158 865 1244 920 sui
1301 865 1372 919 de
1399 880 1571 938 regno
1613 864 1812 935 expul-

205 956 371 1020 sione,
421 960 821 1025 persuaserunt
863 953 1044 1009 eidem
1087 952 1358 1021 Rothado,
1410 960 1472 1008 ut
1515 969 1625 1008 non
1671 970 1732 1008 se
1782 971 1814 1008 a

205 1044 465 1100 seditione
494 1043 770 1099 movenda
809 1043 1218 1099 concrederet:
1270 1051 1326 1099 et
1372 1043 1475 1115 ipsi
1519 1044 1666 1114 apud
1714 1059 1812 1100 vos

207 1136 528 1202 obtinerent,
561 1144 620 1192 ut
650 1137 1057 1193 restitueretur.
1101 1139 1256 1194 Nunc
1285 1146 1492 1207 autem,
1527 1140 1669 1195 sicut
1691 1140 1814 1208 jus-

205 1225 359 1288 sistis,
395 1226 465 1279 ad
510 1233 746 1282 vestram
794 1228 1147 1298 prmsentiam
1191 1236 1247 1284 et
1287 1229 1716 1300 dispositionem
1748 1230 1816 1284 il-

205 1313 307 1368 lum
334 1314 584 1385 perduci,
617 1316 764 1390 apud
804 1316 1071 1372 domuum
1103 1327 1352 1373 nostrum
1403 1335 1588 1392 regem
1639 1317 1813 1374 filium

204 1415 430 1490 vestrpm
474 1408 842 1476 obtinuimus,
892 1410 1185 1465 credentes
1217 1411 1346 1482 quia
1400 1413 1548 1483 quod
1582 1412 1812 1468 Domino

204 1497 320 1552 inde
352 1499 682 1569 placabilius
712 1501 838 1571 erit,
870 1501 1027 1557 cordi
1063 1509 1245 1558 vestro
1303 1504 1576 1574 inspirare
1619 1503 1816 1578 digna-

203 1587 364 1643 bitur.

275 1701 290 1725 -
334 1678 408 1732 De
429 1693 563 1749 quo,
597 1678 727 1749 quia
748 1678 1151 1752 benignissima
1181 1682 1435 1756 dignatio
1465 1690 1647 1739 vestra
1675 1684 1812 1738 mihi

203 1784 350 1825 servo
378 1776 562 1825 vestro
590 1785 690 1840 per
722 1770 1028 1827 Luidonem
1068 1773 1296 1846 dignata
1323 1782 1408 1830 est
1455 1777 1724 1844 scribere,
1758 1785 1818 1833 ut

200 1863 382 1930 juncto
415 1862 553 1934 mihi
578 1861 794 1936 integro
821 1864 1063 1938 collegio
1088 1865 1338 1933 fratrum,
1363 1870 1668 1924 secundum
1695 1886 1818 1926 mo-

1913 683 2234 737 ﬁdelissimo
2264 680 2378 737 ﬁlio
2398 689 2580 738 vestro
2611 681 2817 738 domno
2856 697 2981 737 meo
3008 697 3140 755 rege
3177 682 3440 756 glorioso,
3475 685 3530 738 in

1915 773 2017 828 hac
2045 788 2210 826 causa
2249 771 2484 841 providi,
2526 778 2722 826 vestra:
2760 772 3184 843 sapientissimae
3220 773 3528 828 auctoritati

1912 864 2157 919 scribere
2177 863 2405 938 dignum
2431 863 2591 916 duxi:
2626 863 2681 917 id
2709 871 2810 927 est,
2844 864 2972 935 quia
2999 864 3128 920 licet
3142 865 3314 920 fretus
3335 873 3532 921 vestrae

1913 953 2249 1010 auctoritatis
2306 952 2504 1008 litteris
2551 968 2652 1023 per
2690 953 2992 1009 Luidonem
3044 970 3180 1008 meae
3245 954 3532 1026 exiguitati

1915 1041 2157 1112 directis,
2223 1058 2455 1114 quarum
2502 1043 2843 1098 mentionem
2909 1042 3117 1097 fecistis
3183 1042 3238 1096 in
3302 1043 3536 1114 epistola

1915 1151 2080 1206 quam
2113 1133 2227 1190 ﬁlio
2257 1145 2440 1192 vestro
2470 1136 2678 1192 domno
2709 1142 2897 1191 nostro
2931 1135 3046 1208 regi
3075 1135 3325 1202 misistis,
3359 1152 3530 1207 quas-

1914 1241 2022 1297 que
2052 1225 2128 1279 illi
2157 1225 2350 1296 relegi,
2377 1225 2523 1296 apud
2551 1241 2676 1280 eum
2707 1225 2962 1280 obtinere
2991 1241 3234 1296 possem,
3260 1232 3320 1280 ut
3352 1226 3539 1280 missis

1914 1317 2050 1384 suis,
2102 1317 2196 1388 qui
2229 1317 2538 1372 Rothadum
2589 1316 2658 1371 ad
2687 1323 2924 1374 vestram
2966 1316 3358 1372 deducendum
3390 1334 3536 1388 prm-

1914 1407 2150 1462 sentiam
2199 1415 2588 1478 susceperunt,
2621 1406 2928 1473 mandaret,
2979 1415 3254 1478 quatenus
3285 1407 3352 1461 ab
3399 1408 3537 1462 arri-

1915 1495 2122 1567 piendo
2150 1497 2379 1550 Romam
2410 1496 2612 1550 itinere
2632 1503 3036 1566 exspectarent,
3063 1496 3243 1551 donec
3265 1506 3536 1568 opportu-

1915 1601 2044 1639 num
2076 1593 2295 1656 tempus
2325 1585 2620 1656 episcopos
2660 1586 2950 1661 regionum
2984 1593 3297 1641 nostrarum
3328 1602 3535 1643 convo-

1917 1674 2079 1729 candi
2107 1675 2394 1730 adveniret
2424 1693 2438 1729 :
2479 1675 2612 1744 quia
2641 1691 2752 1731 non
2784 1683 2901 1730 erat
2933 1676 3090 1743 ratio,
3146 1685 3205 1732 ut
3239 1677 3361 1732 aliis
3391 1680 3541 1735 noti-

1919 1760 2195 1830 ﬁcaretur,
2231 1779 2330 1818 cur
2369 1764 2603 1819 Rothadi
2633 1765 2976 1820 transmissio
3007 1766 3338 1838 tardaretur,
3373 1777 3536 1824 ante-

1919 1868 2082 1922 quam
2121 1853 2400 1924 epiSCOpis
2444 1861 2640 1910 vestra:
2672 1855 3014 1924 auctoritatis
3063 1856 3300 1927 epistola
3329 1857 3548 1930 legere-

205 1912 377 1930 μη---
580 1912 791 1936 -----,,--
826 1912 964 1920 ---η
1011 1912 1060 1920 --
1088 1912 1338 1933 -.-.....-.,
1363 1912 1668 1924 “wn”...
1695 1912 1783 1926 ...ν
1936 1912 1954 1922 -
2158 1912 2171 1924 .
2315 1912 2329 1924 .
2781 1915 2796 1924 α
3099 1912 3113 1927 ι
3225 1912 3230 1913 κ
3383 1912 3416 1930 ο
3491 1912 3507 1914 -

205 1951 326 2006 dum
355 1952 568 2008 ibidem
611 1912 1002 2024 descripuun,a
1021 1961 1201 2010 vestra
1231 1957 1536 2028 apostolica
1588 1975 1824 2014 censura
1848 1912 1899 1981 Β
1923 1949 2042 1996 tur:
2073 1951 2288 2013 poterat
2315 1943 2456 2010 fieri,
2489 1951 2548 2000 ut
2575 1944 2670 2015 qui
2713 1959 2799 1998 me
2829 1943 3015 1998 divina
3043 1945 3334 2002 clementia
3363 1955 3417 2002 et
3445 1964 3544 2003 sua

207 2042 391 2108 fretus,
421 2045 707 2100 studerem
739 2045 889 2100 illam
927 2046 1163 2116 pristino
1195 2048 1571 2124 redintegrare
1614 2051 1824 2106 decen-

207 2143 281 2189 ter
307 2137 512 2193 officio.
570 2138 719 2194 Sciat
751 2140 1217 2196 reverendissima
1246 2149 1303 2198 et
1329 2144 1706 2200 amantissime
1736 2161 1825 2201 co-

206 2221 362 2279 lenda
391 2225 717 2282 dulcissima
763 2237 943 2284 vestra
975 2231 1302 2301 paternitas,
1356 2232 1459 2288 hoc
1511 2250 1602 2288 me
1657 2250 1824 2308 agere

205 2317 540 2388 nequivisse,
566 2335 668 2389 pro
725 2321 811 2375 his
840 2321 936 2392 qui
967 2323 1323 2378 continentur
1353 2325 1410 2378 in
1437 2324 1711 2380 subditis:
1741 2327 1825 2380 vi-

204 2407 400 2464 delicet
442 2410 578 2482 quia
617 2428 744 2467 cum
782 2413 982 2468 litteris
1034 2415 1104 2470 ad
1156 2425 1392 2472 vestram
1438 2419 1821 2474 auctoritatem

203 2497 518 2555 deferendis
557 2501 704 2556 idem
738 2503 1024 2559 Rothadus
1057 2505 1171 2573 jam
1204 2507 1534 2561 commissus
1564 2517 1684 2563 erat
1720 2508 1822 2575 eis,

202 2588 289 2658 qui
323 2590 391 2644 ad
452 2599 689 2646 vestram
731 2593 1088 2662 praesentiam
1145 2594 1298 2649 illum
1353 2595 1718 2664 deducerent,
1771 2607 1826 2654 et

203 2681 330 2735 mihi
361 2698 478 2737 non
511 2690 630 2737 erat
658 2684 926 2754 possibile
958 2685 1233 2760 integrum
1269 2685 1493 2743 fratrum
1527 2689 1823 2760 collegium

201 2788 553 2839 convocare;
611 2776 894 2846 quoniam,
928 2783 988 2832 ut
1037 2794 1205 2848 supra
1241 2778 1460 2848 scripsi,
1506 2797 1538 2834 a
1594 2781 1824 2837 diazcesi

203 2870 382 2917 nostra
421 2862 654 2936 longius
708 2879 858 2918 eram
891 2872 1156 2934 remotus,
1206 2866 1262 2920 in
1310 2866 1410 2921 filii
1450 2869 1618 2924 vestri
1681 2870 1827 2944 regis

202 2952 366 3006 nostri
427 2951 680 3009 servitio.
717 2953 781 3009 Et
839 2955 1101 3026 quoniam
1133 2955 1254 3011 sine
1313 2957 1535 3013 illorum
1587 2959 1823 3028 judicio,

201 3043 289 3113 qui
319 3044 374 3098 in
407 3045 536 3114 ejus
567 3045 917 3116 depositione
939 3046 1172 3112 fuerant,
1208 3056 1264 3104 et
1293 3049 1498 3120 quibus
1529 3051 1658 3106 inde
1690 3052 1828 3108 scri-

200 3132 402 3202 psistis,
438 3134 663 3190 restitui
697 3136 1027 3210 regulariter
1054 3152 1168 3193 non
1197 3137 1438 3206 valebat,
1484 3147 1536 3194 et
1576 3142 1826 3213 episcOpi

1924 2034 2268 2110 benignitate
2299 2046 2355 2094 et
2399 2041 2604 2096 amoris
2633 2042 2931 2098 devotione
2985 2042 3198 2109 colunt,
3231 2051 3286 2096 et
3332 2042 3540 2114 aliquid

1923 2127 2199 2183 aestimant
2252 2145 2395 2196 esse,
2453 2146 2578 2185 cum
2621 2131 2758 2185 nihil
2796 2132 2919 2197 sim,
2959 2140 3359 2206 cognoscentes
3413 2149 3538 2189 meo

1923 2217 2155 2276 obtentu
2191 2219 2248 2274 id
2281 2221 2568 2287 accidisse,
2626 2223 2681 2276 in
2731 2238 2818 2276 me
2852 2222 3171 2278 scandalum
3205 2230 3544 2294 paterentur,

1926 2313 2084 2386 quasi
2125 2315 2406 2370 contemni
2437 2325 2529 2370 aut
2577 2316 2782 2391 negligi
2823 2315 3060 2372 facerem
3105 2327 3341 2372 vestram
3390 2334 3546 2374 com-

1924 2410 2365 2477 mendationem,
2396 2409 2490 2480 qui
2521 2410 2666 2464 intra
2697 2411 3034 2466 constitutos
3063 2428 3095 2466 a
3135 2411 3294 2467 vobis
3340 2412 3462 2468 dies
3494 2414 3546 2467 in

1926 2501 2160 2572 epistola
2187 2516 2285 2571 per
2314 2500 2560 2555 Odonem
2593 2501 2919 2572 episcOpum
2955 2502 3142 2570 missa,
3171 2503 3240 2556 ad
3278 2503 3554 2559 obedien-

1928 2592 2059 2647 dum
2105 2601 2340 2647 vestram
2398 2591 2690 2647 accelerari
2761 2592 3008 2660 fecerim,
3058 2601 3324 2663 quantum
3375 2595 3550 2665 potui,

1921 2687 2278 2755 jusssionem.
2313 2686 2377 2740 Et
2403 2686 2450 2740 si
2482 2688 2704 2757 quando
2734 2687 2788 2741 in
2821 2703 2992 2742 unum
3033 2688 3401 2743 convenirent
3428 2689 3554 2759 epi-

1926 2779 2101 2850 SCOpi,
2135 2779 2230 2850 qui
2270 2780 2473 2845 sciunt,
2515 2787 2570 2834 et
2601 2795 2688 2834 me
2736 2795 2846 2833 una
2883 2796 3008 2834 cum
3039 2781 3120 2834 eis
3158 2779 3302 2836 scire
3342 2787 3550 2835 norunt

1927 2871 2163 2926 Rothadi
2198 2871 2613 2945 negligentiam,
2664 2879 2719 2926 et
2757 2872 3028 2927 diutinam
3077 2874 3134 2927 in
3173 2889 3330 2929 sacro
3374 2873 3550 2926 mini-

1927 2963 2097 3018 sterio
2138 2963 2515 3030 inutilitatem,
2549 2963 2618 3018 de
2664 2963 2784 3031 ejus
2824 2965 3174 3020 restitutione
3213 2965 3547 3036 alloquerer,

1929 3071 2124 3111 omnes
2164 3073 2253 3112 me
2277 3056 2660 3124 exsufflarent,
2689 3063 2742 3112 et
2781 3065 3056 3113 amentem
3089 3059 3311 3130 penitus
3334 3059 3554 3127 judica-

1931 3157 2054 3203 rent
2082 3166 2097 3214 ;
2131 3151 2212 3204 sic
2242 3149 2460 3204 etiamsi
2495 3149 2765 3214 Rotliado,
2800 3157 2860 3204 ut
2905 3166 2967 3204 se
2997 3151 3357 3206 concrederet
3383 3149 3555 3220 (quod

201 3220 427 3278 aliarum
480 3224 916 3295 provinciarum,
963 3242 1063 3296 per
1126 3243 1304 3281 meam
1346 3231 1823 3296 convocationem,
1858 3237 2039 3306 Cnon
2080 3254 2193 3292 suae
2244 3237 2438 3292 salutis
2468 3237 2669 3291 intuitu
2705 3236 2887 3304 faciet)
2933 3237 3205 3292 beneficia
3246 3254 3347 3294 nos
3375 3245 3556 3309 impe-

201 3313 253 3368 in
282 3316 475 3372 multis
506 3317 782 3388 occupati,
816 3319 1145 3393 congregari
1178 3335 1290 3374 non
1323 3329 1600 3392 poterant.
1636 3323 1744 3378 Sed
1773 3332 1826 3380 et

200 3408 517 3480 coepiscopi
549 3409 842 3464 Remorum
878 3411 1201 3480 provinciae,
1235 3412 1304 3466 ab
1344 3413 1464 3484 ipsa
1494 3415 1726 3486 synodo,
1772 3417 1827 3470 in

199 3517 304 3571 qua
335 3503 636 3574 epistolam
665 3505 968 3560 sanctitatis
1025 3514 1220 3560 vestra}
1274 3506 1604 3575 audivimus,
1663 3526 1828 3565 causa

200 3593 495 3650 resistendi
527 3595 857 3650 Normannis
887 3596 956 3650 ad
1001 3613 1130 3651 suas
1160 3598 1324 3653 sedes
1357 3597 1618 3655 festinare
1648 3609 1829 3656 matu-

197 3691 477 3738 raverunt.
509 3683 676 3740 Pauci
705 3685 868 3739 etiam
911 3701 1145 3742 numero
1178 3686 1448 3758 episcopi,
1482 3688 1576 3760 qni
1609 3706 1826 3745 mecum

201 3769 255 3824 in
301 3769 404 3826 ﬁlii
435 3774 609 3829 vestri
641 3773 790 3848 regis
834 3775 1006 3830 nostri
1049 3783 1206 3831 erant
1235 3776 1530 3849 obsequio,
1572 3794 1696 3834 cum
1747 3781 1830 3835 eis

198 3859 572 3936 benignitatis
616 3873 814 3919 vestra:
857 3866 1394 3922 commendationem
1452 3867 1522 3922 de
1581 3868 1828 3925 Rotliado

202 3951 394 4028 relegi,
430 3955 846 4026 responderunt
874 3972 984 4012 non
1017 3974 1077 4011 se
1098 3958 1242 4013 scire
1277 3959 1438 4013 talem
1471 3959 1638 4015 vitam
1668 3968 1830 4033 atque

202 4039 648 4118 intelligentiam,
692 4044 911 4117 taleque
967 4046 1210 4101 studium
1256 4049 1397 4103 sacri
1445 4048 1738 4105 ministerii
1775 4052 1831 4106 in

202 4143 266 4185 eo
296 4130 499 4200 fuisse,
533 4140 594 4187 ut
625 4133 678 4186 in
707 4134 812 4189 hoc
833 4150 893 4189 se
925 4134 1158 4189 miscere
1190 4136 1494 4191 auderent:
1525 4139 1828 4208 praesertim

199 4237 321 4277 cum
349 4224 418 4291 is,
447 4225 549 4296 qui
577 4232 740 4280 antea
761 4225 1003 4297 aliquam
1031 4227 1398 4283 reverentiam
1432 4228 1500 4283 de
1525 4229 1834 4299 dejectione

201 4328 300 4367 sua
331 4314 602 4383 habebat,
634 4322 689 4370 et
715 4331 941 4387 semper
974 4315 1310 4372 inobediens
1341 4325 1394 4372 et
1421 4320 1596 4374 sacris
1628 4321 1836 4395 regulis

201 4412 253 4458 et
282 4408 458 4480 regia:
478 4407 762 4482 dignitati,
786 4417 841 4463 et
869 4409 1297 4479 metropolitano
1318 4410 1612 4486 privilegio
1635 4411 1832 4482 fuerat,

201 4513 348 4555 nunc
375 4499 706 4556 effrenatius
737 4501 806 4556 ad
835 4502 1136 4558 multorum
1179 4503 1383 4558 malum
1415 4505 1755 4576 exemplum,
1784 4515 1838 4562 et

1928 3335 2169 3386 traturos
2221 3329 2718 3400 promitteremus:
2754 3330 3016 3401 quoniam
3066 3346 3208 3400 pene
3240 3346 3436 3385 omnes
3497 3331 3551 3384 in

1930 3421 2050 3476 istis
2081 3422 2380 3492 provinciis
2409 3422 2613 3486 sciunt,
2643 3423 2774 3494 quia
2805 3422 3112 3477 secundum
3149 3423 3554 3493 Carthaginen-

1928 3529 2018 3568 ses
2053 3520 2108 3568 et
2151 3512 2436 3569 Africanos
2485 3529 2728 3570 canones
2761 3516 2869 3584 (63,
2918 3516 3010 3582 88,
3057 3516 3147 3583 89,
3193 3515 3302 3583 94,)
3353 3524 3408 3570 et
3452 3515 3554 3570 de-

1929 3610 2078 3657 creta
2098 3601 2247 3657 beati
2277 3602 2546 3678 Gregorii,
2581 3604 2883 3660 electorum
2916 3621 2976 3659 se
3007 3604 3281 3661 commisit
3303 3605 3554 3674 judicio;

1931 3702 1986 3749 et
2016 3695 2254 3764 amplius
2286 3711 2451 3766 quam
2489 3695 2778 3769 quingenti
2812 3689 3187 3752 interfuerunt
3225 3697 3428 3752 diversi
3465 3713 3556 3752 or-

1931 3782 2076 3837 dinis
2113 3783 2238 3850 viri,
2267 3783 2522 3839 videntes
2561 3784 2785 3855 quando
2827 3785 2966 3839 calix
2997 3801 3201 3840 aureus
3241 3801 3364 3840 cum
3404 3801 3561 3861 gem-

1933 3872 2039 3926 mis
2068 3889 2100 3926 a
2147 3887 2398 3943 caupone
2438 3879 2495 3927 et
2524 3872 2841 3928 tabernaria
2871 3889 2970 3945 per
3024 3875 3254 3930 missum
3286 3874 3432 3950 regis
3488 3875 3556 3929 de

1933 3961 2079 4016 illius
2129 3961 2361 4035 pignore
2427 3970 2704 4034 sumptus,
2742 3979 2806 4019 ac
2871 3963 3088 4018 delatus
3163 3963 3264 4018 fuit
3337 3964 3393 4018 in
3463 3979 3558 4034 sy-

1933 4051 2162 4118 nodum,
2205 4058 2260 4106 et
2289 4052 2530 4108 scientes
2557 4067 2794 4108 coronas
2832 4059 3122 4125 argenteas
3153 4069 3184 4108 a
3221 4053 3433 4116 Iudaeo,
3468 4051 3555 4106 cui

1934 4139 2057 4194 illas
2105 4141 2356 4208 dederat,
2429 4149 2756 4211 resumptas,
2817 4149 2872 4196 et
2949 4139 3238 4196 facultates
3296 4140 3559 4196 ecclesia-

1934 4233 2101 4286 sticas
2126 4232 2194 4287 ab
2248 4248 2315 4288 eo
2359 4249 2707 4304 suppressas,
2741 4242 2796 4288 et
2835 4234 3070 4288 latenter
3120 4233 3558 4298 commendatas,

1935 4321 2182 4394 indeque
2239 4332 2489 4394 receptas
2545 4333 2600 4378 et
2629 4323 2887 4379 Ecclesiae
2917 4321 3159 4378 redditas
3239 4331 3294 4376 et
3341 4322 3562 4377 vascula

1938 4418 2224 4483 argentea,
2283 4428 2406 4484 quae
2464 4427 2575 4468 non
2623 4413 2782 4483 pauci
2829 4412 3091 4483 ponderis
3120 4428 3150 4465 a
3208 4411 3376 4485 longo
3423 4417 3564 4466 tem-

1938 4520 2074 4575 pore
2103 4505 2159 4558 in
2195 4504 2458 4560 ecclesias
2480 4505 2871 4576 pependerunt
2923 4504 3030 4558 Sed
3071 4511 3126 4558 et
3164 4504 3270 4558 alia
3327 4519 3449 4575 quae
3475 4504 3560 4557 sui

196 4589 576 4658 plurimorum
607 4592 1054 4648 henevolentium
1103 4595 1424 4649 scandalum
1458 4595 1749 4663 desaevire,
1782 4606 1836 4653 et
1859 4607 1918 4675 D
1939 4594 2263 4648 decessores
2301 4609 2364 4648 ac
2396 4594 2856 4664 praedecessores,
2885 4593 3185 4664 caeterique
3212 4592 3429 4660 fideles,
3463 4609 3562 4664 pro

200 4680 590 4754 negligentius
619 4691 787 4754 atque
813 4683 1183 4753 perniciosius
1215 4683 1424 4751 vivere,
1455 4684 1838 4742 voluntatibus

197 4770 316 4824 suis
347 4772 630 4835 serviens,
657 4788 783 4827 cum
815 4771 1071 4828 libertate
1093 4772 1342 4827 deberet.

271 4882 301 4913 α
342 4863 424 4918 De
454 4877 528 4919 eo
551 4871 734 4919 autem
758 4865 909 4936 quod
932 4864 1251 4939 benignitas
1276 4864 1448 4920 animi
1479 4867 1668 4932 vestri,
1700 4885 1837 4938 pen-

199 4969 461 5011 sansnon
495 4955 834 5023 belluinum,
857 4957 954 5011 sed
982 4957 1288 5012 humanum
1318 4957 1560 5012 hominis
1589 4959 1837 5015 animum

203 5047 428 5119 scripsit
457 5047 698 5102 dicens:
741 5046 991 5102 Fortasse
1029 5053 1326 5120 cognoscet
1355 5047 1616 5103 delictum
1650 5066 1833 5114 suum,

202 5147 254 5193 et
274 5156 376 5195 sua
393 5145 608 5212 sponte
626 5137 919 5207 injudicio.
941 5153 1052 5210 quo
1063 5139 1344 5208 judicatus
1361 5146 1463 5205 est,
1480 5156 1838 5211 perseverare

202 5231 435 5309 deliget.
456 5232 620 5299 Quod
632 5233 680 5287 si
694 5231 908 5300 fecerit,
929 5233 1076 5304 apud
1092 5249 1276 5308 regem
1293 5232 1569 5300 Karolum,
1596 5233 1839 5289 dilectis-

201 5327 408 5383 simum
439 5325 715 5382 videlicet
747 5325 919 5381 filium
950 5331 1190 5381 vestrum
1243 5325 1518 5400 agendum
1553 5335 1654 5393 est,
1688 5334 1748 5382 ut
1777 5327 1846 5381 li-

203 5418 506 5475 beralitate
534 5434 636 5473 sua
657 5417 840 5473 eidem
869 5433 1112 5491 congrua
1135 5417 1430 5480 beneficia,
1466 5418 1670 5488 quibus
1691 5418 1848 5474 suffi-

203 5511 424 5568 cienter
485 5526 618 5566 cum
658 5511 776 5566 suis
823 5510 1142 5577 sustentari,
1177 5526 1240 5566 ac
1295 5509 1596 5567 henorifice
1647 5510 1848 5585 degere

205 5601 403 5670 possit,
447 5599 707 5673 benigno
733 5599 946 5655 mentis
993 5600 1261 5675 largiatur
1288 5599 1486 5655 aﬂectu
1523 5618 1536 5654 :
1593 5600 1731 5655 sciat
1761 5600 1846 5654 di-

203 5695 395 5767 gnatio
431 5703 647 5760 vestra,
683 5705 793 5746 non
833 5691 987 5746 illum
1015 5708 1136 5747 esse
1167 5691 1484 5760 hujusmodi
1525 5699 1845 5762 temperan-

204 5782 314 5836 tiae.
352 5782 495 5837 Nam
538 5778 614 5834 ab
644 5795 711 5836 eo
750 5781 899 5853 quod
926 5781 1095 5852 coepit
1144 5797 1428 5852 nunquam
1459 5781 1638 5852 potuit
1688 5795 1845 5836 revo-

201 5872 340 5928 cari.
372 5871 512 5937 Quae
548 5869 718 5925 etiam
753 5884 858 5943 ego
897 5870 1135 5926 famulus
1167 5877 1364 5926 vestrae
1420 5868 1839 5932 dominationis,

1939 4686 2188 4741 remedio
2219 4685 2416 4740 animae
2447 4700 2560 4740 suas
2592 4685 2773 4739 cidem
2810 4685 3067 4741 Ecclesiae
3107 4686 3450 4753 obtulernnt,
3493 4686 3562 4740 ab

1939 4791 2006 4830 eo
2031 4774 2152 4829 sine
2169 4789 2446 4829 consensu
2470 4773 2882 4844 metrOpolitani
2912 4789 2976 4828 ac
3002 4775 3479 4844 coepiscoporum,
3511 4781 3566 4828 et

1939 4867 2058 4921 sine
2085 4866 2385 4933 meonomi,
2407 4882 2472 4921 ac
2493 4866 2946 4938 presbyterorum
2977 4875 3032 4921 et
3062 4867 3420 4922 diaconorum
3448 4882 3562 4922 sua:

1939 4959 2190 5014 ecclesiae
2219 4975 2451 5014 assensu
2500 4975 2602 5030 pro
2633 4958 2791 5014 libitu
2822 4974 2923 5014 suo
2962 4960 3184 5015 donata.
3233 4959 3362 5014 Cum
3396 4959 3561 5014 etiam

1939 5048 2136 5103 beatus
2163 5049 2460 5123 Gregorius
2513 5049 2793 5104 multoties
2848 5048 2901 5102 in
2935 5048 3184 5119 epistolis
3213 5048 3328 5102 suis
3359 5063 3426 5102 ex
3478 5064 3567 5102 sa-

1940 5139 2047 5192 eris
2079 5137 2389 5193 canonibus
2441 5137 2647 5193 scribat
2676 5155 2688 5192 :
2731 5153 3078 5209 quaecunque
3112 5137 3413 5208 episcOpus
3443 5148 3570 5208 post

1944 5229 2350 5285 ordinationem
2401 5230 2752 5300 episcopatus
2807 5229 3147 5300 acquisierit,
3204 5230 3390 5285 omnia
3447 5247 3568 5286 esse

1948 5322 2204 5378 Ecclesiae
2265 5322 2318 5376 in
2351 5338 2459 5393 qua
2502 5322 2710 5377 exstitit
2763 5322 3067 5376 ordinatus.
3131 5321 3283 5376 Unde
3328 5329 3566 5385 constat,

1949 5410 2079 5482 quia
2109 5426 2213 5465 nec
2242 5411 2362 5481 ipse
2388 5411 2508 5466 sine
2546 5426 2835 5467 (economo
2866 5420 2922 5466 et
2941 5410 3282 5466 conscientia
3338 5412 3573 5466 clerico-

1950 5519 2066 5557 rum
2098 5502 2194 5557 illa
2233 5503 2434 5558 debeat
2464 5497 2808 5573 dispensare.
2841 5503 2949 5557 Sed
2979 5509 3034 5557 et
3063 5517 3259 5559 omnes
3290 5503 3444 5557 urbis
3485 5503 3572 5557 in-

1945 5592 2080 5647 colat
2112 5607 2174 5646 ac
2212 5591 2423 5662 populi,
2461 5592 2704 5662 quicum
2734 5608 2865 5664 rege
2893 5607 2958 5648 ac
2988 5592 3273 5664 episcopis
3304 5593 3372 5647 ad
3402 5607 3574 5662 syno—

1947 5683 2076 5738 dum
2105 5692 2504 5755 convenerunt,
2536 5693 2591 5739 et
2620 5692 2681 5740 ut
2709 5701 2902 5741 revera
2932 5685 2999 5741 ad
3039 5686 3415 5757 Spectaculum
3445 5701 3574 5740 cur-

1948 5783 2153 5844 rentes,
2226 5791 2354 5831 eum
2408 5775 2667 5831 viderunt
2744 5791 2922 5849 usque
2981 5777 3048 5831 ad
3119 5776 3321 5833 ostium
3375 5774 3573 5844 synodi

1947 5865 2285 5934 venientem,
2318 5874 2374 5920 et
2407 5865 2538 5920 inde
2566 5874 2627 5921 ut
2675 5865 3032 5923 maniaticum
3079 5867 3425 5931 redeuntem,
3477 5865 3571 5930 qui
