3912 6474
417 514 522 570 167

1533 510 1898 568 FLODOARDI
1941 511 2244 569 CANONICI
2285 514 2622 573 REMENSIS

3665 527 3762 586 168

416 656 528 712 que
558 641 742 697 sciunt
791 647 1050 712 quantam
1083 637 1483 713 benignitatem
1526 638 1673 712 regis
1721 645 1776 694 et
1805 638 2031 695 fratrum
2057 641 2113 710 Α
2133 639 2343 696 dicunt.
2373 649 2428 696 et
2457 657 2652 698 omnes
2680 643 3016 717 generaliter
3035 647 3242 714 sciunt,
3276 649 3548 720 quoniam
3583 661 3760 706 vestra

417 752 712 807 spernens,
765 736 1004 808 qualiter
1033 736 1103 791 de
1144 735 1307 790 certis
1356 734 1631 804 capitulis,
1686 735 1837 790 unde
1892 735 2033 790 sacri

417 843 666 885 canones
721 843 979 898 expressa
1042 827 1401 882 decreverunt
1453 825 1685 893 judicia,
1729 826 2030 894 judicatus,

419 919 856 992 lacrymantibus
877 935 1007 991 rege
1035 928 1088 974 et
1114 917 1410 989 episcOpis,
1441 917 1636 973 durior
1679 933 1809 974 saxo
1841 934 2031 974 reces-

415 1015 572 1082 serit,
608 1021 866 1086 putarent
896 1029 1019 1080 nos,
1053 1013 1149 1085 qui
1195 1028 1322 1067 eum
1353 1013 1661 1068 secundum
1713 1029 1899 1069 sacros
1942 1029 2036 1069 ca-

418 1122 595 1162 nones
617 1105 757 1160 sicut
778 1119 873 1159 eos
899 1103 1291 1170 intelleximus,
1307 1103 1700 1172 judicavimus,
1733 1112 1790 1160 ct
1820 1111 2031 1176 postea,

413 1204 474 1251 ut
504 1196 611 1266 ipsi
660 1195 986 1267 praecipiunt
1025 1211 1287 1261 canones,
1348 1211 1448 1266 per
1480 1195 1872 1268 coepiscopum
1931 1213 2035 1252 uo-

414 1299 611 1357 strum,
647 1289 744 1360 qui
786 1289 966 1344 eidem
1008 1289 1218 1358 judicio
1256 1287 1524 1354 interfuit,
1570 1289 1724 1360 prius
1761 1289 2032 1359 judicium

413 1391 683 1448 nostrum,
740 1383 809 1437 de
841 1398 908 1438 eo
940 1382 1166 1448 referre,
1201 1389 1258 1438 et
1295 1398 1444 1438 nunc
1482 1382 1636 1436 illum
1693 1382 1873 1453 ipsum
1905 1399 2030 1438 cum

415 1477 618 1532 nostris
674 1475 870 1530 litteris
925 1484 1094 1548 atque
1141 1476 1381 1544 vicariis,
1441 1477 1584 1534 sicut
1629 1477 1896 1547 jussistis,
1963 1477 2033 1532 ad

411 1568 767 1639 apostolicam
796 1568 1010 1634 sedem,
1059 1584 1182 1639 qua:
1223 1575 1484 1639 paternos
1539 1584 1782 1624 canones
1807 1583 2035 1622 servan-

411 1660 516 1714 dus
555 1659 864 1727 conﬁrmat,
897 1667 952 1714 et
998 1659 1352 1714 conﬁrmatos
1405 1675 1469 1714 ac
1507 1659 1881 1716 observandos
1931 1675 2029 1714 sua

409 1748 801 1805 observatione
833 1749 1195 1816 demonstrat,
1227 1749 1466 1824 dirigere
1492 1749 1930 1821 procuravimus,
1959 1749 2029 1804 de

407 1853 603 1900 vestrae
657 1845 998 1900 auctoritatis
1042 1843 1258 1913 justitia
1315 1853 1370 1900 et
1419 1845 1696 1917 aequitatis
1735 1843 2028 1899 libramine

408 1934 702 1992 dubitare:
746 1944 804 1991 et
852 1935 979 1991 ideo
1018 1943 1083 1991 ut
1138 1953 1198 1990 se
1236 1936 1600 1992 concrederet
1653 1936 1921 1992 locarium
1974 1935 2025 1990 ei
2053 1956 2104 2026 Β

408 2027 749 2097 promittere,
789 2028 982 2100 sicque
1039 2044 1140 2084 nos
1168 2033 1228 2082 ut
1257 2027 1481 2084 insanos
1534 2027 1732 2083 merito
1789 2028 2024 2082 denota-

407 2127 550 2188 rent,
579 2137 702 2176 cum
735 2121 901 2186 etiam
948 2121 992 2176 si
1024 2120 1146 2176 ﬁeri
1177 2128 1367 2193 posset
1394 2121 1574 2192 (quod
1614 2120 1682 2176 ab
1710 2120 1804 2174 illa
1850 2118 2029 2191 prima

409 2221 465 2268 et
488 2223 676 2269 sancta
706 2215 840 2269 sede
880 2231 943 2269 ac
971 2230 1187 2270 summo
1225 2214 1534 2286 apostolatu
1560 2221 1741 2270 vestro
1781 2211 2024 2267 ﬁendum

409 2317 523 2358 non
562 2304 822 2374 creditur)
850 2311 909 2359 ut
935 2303 1056 2359 talis
1083 2321 1114 2358 a
1142 2304 1301 2360 vobis
1325 2305 1604 2379 cognitus,
1645 2304 1929 2360 restitutus
1967 2302 2026 2356 in

405 2398 604 2453 ordine
635 2399 970 2466 nominetur,
996 2399 1154 2454 nulla
1183 2399 1253 2454 de
1279 2408 1480 2455 caetero
1502 2399 1662 2455 nobis
1686 2397 2026 2454 conscientia

405 2490 477 2545 de
507 2492 611 2546 sibi
643 2509 674 2548 a
704 2493 863 2549 vobis
880 2493 1188 2549 commissis
1211 2492 1502 2548 animabus
1520 2502 1666 2549 esset
1691 2492 2022 2564 periculum.

408 2584 472 2640 Et
500 2600 625 2640 cum
665 2600 858 2640 omnes
889 2586 944 2639 in
978 2587 1098 2642 istis
1129 2587 1456 2661 regionibus
1483 2587 1680 2654 sciant,
1722 2601 1886 2658 quam
1927 2599 2028 2638 ne-

401 2677 617 2750 gligens
645 2685 703 2733 et
730 2685 1082 2750 contemptor
1109 2694 1394 2734 sacrorum
1424 2694 1724 2746 canonum,
1755 2687 1810 2734 et
1843 2695 2024 2750 quan-

402 2772 520 2838 diu,
551 2788 830 2844 quamque
869 2772 1150 2843 patienter
1198 2779 1359 2842 atque
1389 2772 1635 2847 benigne
1665 2759 1832 2826 fuerit
1882 2773 2027 2828 tole-

405 2871 575 2928 ratus,
606 2869 662 2917 et
691 2880 721 2918 a
760 2879 925 2935 quam
957 2862 1165 2929 invitis,
1226 2863 1380 2934 (quia
1417 2879 1478 2918 se
1517 2863 1795 2937 corrigere
1825 2864 2021 2932 noluit,

404 2956 712 3012 secundum
761 2971 947 3010 sacras
1004 2955 1240 3027 regulas,
1306 2957 1448 3011 sicut
1493 2971 1586 3012 eas
1631 2955 2020 3028 intelleximus)

406 3047 585 3102 fuerat
606 3046 909 3116 judicatus,
955 3045 1162 3100 nullam
1192 3046 1394 3102 habere
1425 3062 1715 3118 possemus
1741 3062 2019 3103 verecun-

407 3141 552 3196 diam
585 3142 654 3196 de
705 3141 1055 3196 restitutione
1094 3139 1282 3195 illius:
1332 3140 1376 3195 si
1412 3139 1555 3196 foret
1605 3139 1746 3195 facta
1783 3156 1814 3195 a
1853 3141 2022 3197 vestri

401 3237 602 3292 summi
631 3234 983 3308 pontiﬁcatus
1005 3242 1298 3307 potestate.
1326 3234 1463 3300 Quia
1491 3251 1685 3291 omnes
1709 3251 1872 3290 senes
1897 3252 2020 3291 cum

395 3327 715 3396 junioribus
766 3327 992 3395 scimus,
1025 3335 1240 3382 nostras
1295 3325 1567 3381 Ecclesias
1605 3325 1855 3381 subditas
1899 3343 2022 3382 esse

401 3419 665 3476 Romana:
695 3419 1172 3485 Ecclesiaa,etnos
1203 3417 1496 3489 episcopos
1519 3417 1575 3471 in
1607 3417 1842 3488 primatu
1873 3418 2022 3473 beati

402 3512 547 3567 Petri
571 3513 852 3582 subjectos
881 3527 1003 3566 esse
1035 3511 1281 3566 Romano
1299 3509 1568 3581 pontiﬁci,
1599 3516 1655 3565 et
1684 3509 1754 3564 ob
1789 3509 1842 3563 id
1875 3510 2024 3564 salva

401 3604 533 3671 ﬁde,
563 3623 686 3678 quae
743 3607 798 3660 in
826 3606 919 3660 illa
948 3604 1193 3660 Ecclesia
1231 3621 1453 3676 semper
1481 3603 1674 3679 viguit,
1711 3611 1765 3660 et
1792 3604 2023 3660 Domino

402 3705 740 3769 coeperante
767 3695 1011 3753 ﬂorebit.
1043 3694 1206 3751 nobis
1235 3704 1322 3751 est
1349 3703 1544 3754 vestrm
1571 3696 1884 3766 apostolicae
1915 3712 2020 3750 au-

402 3788 642 3845 ctoritati
682 3788 1084 3844 obediendum.
1131 3787 1297 3843 Nobis
1327 3787 1533 3859 quippe
1565 3803 1691 3843 cum
1731 3787 1852 3843 aliis
1893 3788 2022 3860 qui-

399 3880 619 3952 busque
647 3879 914 3951 scriptum
945 3886 1048 3948 est,
1099 3878 1231 3951 quia
1259 3879 1420 3934 Jesus
1468 3887 1586 3936 erat
1616 3879 1877 3935 subditus
1921 3897 2020 3950 pa-

398 3977 652 4031 rentibus
681 3975 796 4030 Suis
822 3977 971 4044 (Luc.
1009 3976 1086 4043 ιι).
1119 3973 1395 4046 nobisque
1434 3975 1567 4030 item
1601 3973 1865 4045 scriptum
1893 3984 1976 4030 est
2004 3993 2016 4029 :

397 4065 631 4122 Obedite
681 4063 994 4135 praepositis
1022 4061 1245 4128 vestris,
1293 4071 1350 4119 et
1378 4063 1663 4133 subjacete
1715 4064 1796 4119 eis
1834 4065 2016 4135 (Hebr.

395 4161 534 4233 xm).
582 4161 647 4216 Et
677 4160 751 4214 nil
778 4174 876 4230 per
903 4159 1341 4227 contentionem,
1399 4175 1580 4231 neque
1638 4175 1740 4231 per
1796 4159 2018 4215 inanem

393 4253 626 4326 gloriam
660 4252 821 4323 (Phil.
851 4251 952 4319 in.)
981 4249 1045 4305 Et
1073 4250 1120 4303 si
1150 4249 1275 4321 quis
1304 4249 1419 4304 vult
1448 4249 1836 4304 contentiosus
1874 4265 2017 4318 esse,

395 4360 497 4400 nos
540 4344 705 4400 talem
733 4339 1195 4399 consuetudinem
1221 4355 1336 4395 non
1378 4338 1669 4405 habemus,
1703 4355 1887 4412 neque
1918 4340 2021 4396 Ec-

2055 3381 2107 3451 C

2134 735 2456 791 auctoritate
2486 735 2641 791 illum
2671 752 2794 792 cum
2827 739 3031 794 nostris
3067 740 3294 796 vicariis
3319 742 3391 797 ad
3418 759 3586 798 suum
3623 760 3759 814 prai-

2135 831 2286 901 cepit
2305 829 2570 885 destinari
2593 829 2888 899 judicium,
2931 829 3160 906 dignum
3193 839 3250 887 et
3287 833 3505 902 justum
3569 841 3677 898 est,
3707 842 3762 889 ut

2134 934 2526 990 quemcunque
2581 919 2904 990 episcOpum
2951 919 3245 977 Romanus
3298 921 3556 993 pontifex
3585 923 3655 977 ad
3707 938 3761 977 se

2137 1011 2363 1066 Romam
2415 1011 2607 1066 venire
2645 1012 3008 1078 mandaverit,
3046 1014 3091 1068 si
3145 1013 3465 1081 inﬁrmitas,
3510 1015 3600 1070 vel
3642 1033 3762 1088 gra-

2132 1100 2256 1156 vior
2284 1115 2674 1172 quemcunque
2703 1101 3005 1156 necessitas
3029 1102 3115 1157 vel
3148 1102 3603 1174 impossibilitas,
3627 1105 3764 1160 sicut

2133 1193 2275 1249 sacri
2289 1192 2582 1268 praeﬁgunt
2596 1209 2859 1258 canones,
2880 1211 3005 1250 cum
3030 1211 3142 1252 non
3165 1196 3495 1265 detinuerit,
3519 1197 3591 1252 ad
3613 1197 3762 1252 illum

2133 1285 2327 1341 venire
2347 1285 2586 1353 studeat,
2615 1287 2791 1342 multo
2823 1287 3002 1362 magis
3030 1287 3197 1342 etiam
3231 1287 3299 1354 is,
3333 1304 3506 1360 quem
3549 1305 3653 1360 pro
3673 1290 3762 1344 tali

2134 1374 2361 1444 querela
2379 1375 2447 1428 ad
2469 1390 2527 1429 se
2550 1390 2884 1447 quocunque
2908 1378 3074 1432 modo
3092 1377 3427 1433 clamantem
3443 1377 3762 1448 praesentia:

2133 1479 2247 1518 suae
2262 1464 2881 1532 judicatexbibendum.
2907 1467 3310 1540 thuicunque
3328 1467 3537 1524 viderit
3557 1468 3650 1525 vel
3671 1484 3764 1523 au-

2134 1556 2320 1622 dierit,
2345 1558 2492 1629 quod
2515 1575 2608 1613 rex
2622 1568 2677 1614 et
2699 1559 3287 1631 episcopiapostolica:
3306 1561 3462 1616 sedis
3481 1576 3762 1616 summum

2134 1645 2455 1718 pontiﬁcem
2487 1656 2741 1720 prompte
2778 1649 3108 1717 obaudiunt,
3141 1657 3197 1704 et
3236 1650 3542 1716 honorant,
3581 1665 3765 1720 prom—

2132 1739 2280 1802 ptius
2309 1748 2365 1795 et
2385 1740 2651 1796 humilius
2695 1742 2779 1796 eis
2805 1742 3040 1811 subjecti
3079 1741 3165 1796 sui
3198 1741 3490 1798 obedient.
3540 1742 3678 1796 Nam
3711 1752 3764 1798 ut

2130 1825 2330 1883 beatus
2350 1827 2648 1902 Gregorius
2677 1829 2810 1886 dicit
2837 1848 2850 1885 :
2893 1831 3382 1906 Sicutlanguente
3411 1831 3606 1902 capite
3636 1832 3767 1887 sub-

2125 1919 2274 1988 jecta
2302 1921 2552 1976 membra
2581 1923 2638 1976 in
2693 1939 2909 1979 cassum
2942 1924 3168 1997 vigent;
3211 1924 3291 1980 ita
3319 1923 3506 1998 gloria
3551 1930 3612 1979 et
3662 1925 3763 1979 ho-

2131 2027 2267 2067 nore
2310 2021 2592 2081 coronato,
2626 2015 2682 2070 id
2710 2022 2795 2081 est
2838 2015 3204 2072 honoriﬁcato
3234 2033 3299 2073 ac
3351 2016 3630 2072 decorato
3677 2033 3767 2071 ca-

2128 2100 2265 2171 pite,
2323 2101 2574 2175 subjecta
2615 2105 2864 2160 membra
2911 2105 3034 2175 ejus
3073 2106 3285 2162 honore
3335 2112 3512 2177 atque
3561 2105 3764 2160 decore

2127 2190 2439 2264 fulgebunt.
2471 2195 2535 2250 Et
2578 2195 2832 2252 Bothado
2878 2196 2935 2251 in
2974 2197 3129 2253 nullo
3168 2203 3389 2268 poterat
3419 2195 3633 2251 melius
3677 2213 3768 2251 sa-

2127 2279 2343 2348 tisﬁeri,
2378 2299 2543 2354 quam
2594 2284 2640 2339 si
2679 2285 2748 2340 ad
2777 2293 3017 2341 vestram
3062 2294 3320 2362 pergeret
3376 2286 3761 2356 praesentiam,

2130 2379 2185 2426 et
2225 2371 2276 2426 ei
2318 2379 2596 2429 tantorum
2643 2375 3152 2447 subscriptionibus
3199 2376 3628 2447 episcoporum,
3672 2375 3763 2447 qui

2126 2459 2239 2516 Deo
2281 2468 2336 2517 et
2363 2462 2524 2519 vobis
2575 2466 2799 2522 mentiri
2849 2465 3046 2521 nolunt
3085 2472 3142 2520 et
3197 2463 3646 2540 allegationibus
3688 2473 3762 2521 tot

2126 2549 2457 2610 vicariorum
2493 2557 2820 2612 eorumdum
2875 2558 3267 2630 episcoporum
3315 2555 3542 2625 fuerit,
3607 2557 3758 2612 illum

2128 2640 2331 2701 bonam
2358 2663 2580 2704 causam
2597 2665 2948 2723 nequaquam
2979 2650 3206 2718 habere,
3238 2659 3555 2708 ostensum.

2203 2804 2220 2829 ι
2268 2780 2635 2845 Quamobrem
2648 2781 2756 2837 sibi
2780 2781 2907 2854 ipsi,
2927 2791 2982 2838 et
2994 2798 3106 2838 non
3121 2782 3285 2838 vobis
3302 2791 3574 2855 reputare
3590 2784 3758 2839 debe-

2125 2870 2229 2936 bit,
2253 2871 2384 2943 quia
2413 2873 2533 2927 sine
2561 2873 2709 2929 bona
2729 2889 2893 2929 causa
2918 2890 2977 2929 se
3009 2881 3064 2929 et
3085 2875 3289 2930 multos
3313 2875 3459 2932 alios
3482 2875 3755 2951 fatigavit.

2125 2960 2284 3015 Unde
2308 2960 2462 3016 illum
2484 2969 2668 3017 vestra
2690 2962 3090 3018 discretissima
3116 2963 3318 3034 pietas,
3341 2980 3472 3036 quae
3497 2981 3754 3036 compas-

2125 3055 2340 3111 sionem
2368 3057 2640 3128 proximo,
2666 3067 2722 3113 et
2747 3057 3138 3114 rectitudinem
3163 3058 3376 3114 debere
3396 3059 3558 3114 vitiis
3590 3059 3755 3124 novit,

2125 3149 2238 3204 suis
2279 3150 2602 3220 apostolicis
2625 3150 2827 3206 litteris
2857 3150 3201 3206 sufﬁcienter
3225 3151 3592 3222 praemonuit.
3629 3151 3758 3216 Qui-

2126 3256 2234 3312 que
2274 3241 2418 3297 inter
2449 3242 2586 3297 alias
2617 3242 2899 3299 secordias
2941 3243 2995 3314 [i,
3043 3242 3344 3315 socordias]
3382 3252 3555 3298 tantae
3606 3243 3759 3298 duri-

2126 3331 2218 3385 tiae
2247 3330 2616 3406 dignoscitur,
2649 3339 2710 3388 ut
2739 3349 2862 3388 cum
2893 3333 3176 3390 multottes
3203 3333 3327 3388 sine
3353 3333 3472 3388 ullo
3504 3341 3761 3405 respectu

2127 3419 2339 3477 timoris
2365 3421 2453 3478 vel
2503 3422 2708 3478 amoris
2764 3422 2960 3489 divini,
3010 3428 3064 3476 et
3095 3421 3307 3493 absque
3367 3421 3487 3476 ulla
3517 3422 3762 3477 humana

2123 3514 2480 3579 verecundia,
2515 3531 2615 3586 per
2661 3522 2740 3571 tot
2766 3531 2944 3570 annos
2971 3521 3026 3569 et
3063 3515 3120 3568 in
3157 3513 3326 3569 tantis
3357 3513 3572 3581 causis,
3599 3515 3762 3570 toties

2123 3609 2293 3664 sacris
2321 3608 2653 3674 canonibus,
2683 3617 2739 3664 et
2784 3609 3024 3664 decretis
3051 3614 3257 3663 sanctae
3304 3608 3464 3663 sedis
3495 3609 3761 3665 Romanae

2124 3696 2475 3769 pontiﬁcum,
2509 3705 2564 3753 et
2591 3713 2705 3753 suae
2726 3697 3053 3770 metropolis
3078 3697 3397 3773 privilegio,
3423 3714 3495 3753 ac
3513 3699 3762 3770 synoda-

2121 3791 2271 3848 libus
2291 3791 2520 3863 judiciis
2545 3791 2917 3860 resultaverit,
2940 3799 2996 3846 et
3016 3807 3116 3862 per
3135 3797 3321 3847 tantos
3351 3806 3560 3860 annos,
3595 3800 3762 3863 atque

2121 3901 2153 3940 a
2181 3885 2350 3940 tantis
2376 3883 2746 3956 pertoleratus
2777 3901 2806 3938 a
2832 3899 2932 3938 sua
2965 3883 3201 3938 stultitia
3230 3899 3291 3939 se
3321 3898 3598 3939 revocare
3630 3899 3766 3939 con—

2124 3972 2433 4044 tempserit,
2466 3988 2498 4026 a
2519 3987 2650 4046 rege
2679 3978 2735 4027 et
2764 3971 3043 4043 episcopis
3083 3970 3477 4042 multipliciter
3502 3972 3768 4027 obsecra-

2125 4069 2233 4130 tus,
2257 4062 2314 4116 in
2343 4062 2447 4118 hoc
2477 4059 2677 4116 adduci
2702 4077 2813 4117 non
2838 4059 3038 4131 potuit,
3059 4066 3120 4115 ut
3149 4058 3324 4114 sacris
3353 4060 3683 4115 canonibus
3712 4067 3765 4115 et

2123 4152 2361 4207 decretis
2390 4159 2594 4208 sanctae
2623 4150 2773 4206 sedis
2797 4149 3058 4206 Romana}
3089 4146 3446 4220 pontiﬁcum,
3476 4159 3536 4206 et
3557 4167 3764 4207 secun-

2122 4247 2251 4301 dum
2279 4263 2345 4302 ea
2375 4263 2488 4304 sum
2518 4246 2843 4317 metrOpolis
2867 4245 3156 4318 privilegio
3184 4245 3254 4301 de
3282 4254 3490 4302 caetero
3517 4263 3586 4302 se
3615 4247 3757 4304 obe-

2121 4341 2367 4396 diturum
2393 4339 2772 4396 subscriberet
2788 4338 3068 4412 (quoniam
3096 4337 3218 4393 sine
3248 4338 3454 4394 horum
3483 4338 3758 4396 observa-

393 4441 566 4497 clesia
612 4439 710 4494 Dei
743 4440 791 4509 (Ι
837 4439 958 4494 Cor.
992 4439 1094 4510 x1).
1139 4438 1436 4507 Propterea
1463 4436 1680 4492 locutus
1711 4451 1836 4491 cum
1877 4434 2018 4491 ﬁde-
2117 4431 2272 4487 tione
2310 4446 2475 4487 nemo
2505 4438 2756 4487 nostrum
2806 4435 2992 4502 potest
3051 4443 3172 4484 esse
3200 4429 3532 4501 episcopus)
3595 4440 3654 4486 et
3682 4431 3758 4486 sic

392 4531 601 4587 lissimo
663 4529 778 4586 ﬁlio
807 4537 1012 4597 vestro,
1068 4531 1275 4586 domno
1299 4544 1424 4584 meo
1468 4544 1597 4602 rege
1622 4527 1890 4602 glorioso,
1938 4528 2015 4582 illi
2116 4537 2252 4593 pace
2284 4520 2526 4576 fraterna
2569 4519 2628 4574 in
2657 4519 2924 4576 omnibus
2972 4519 3267 4592 potiretur.
3306 4521 3513 4579 Postea
3571 4531 3753 4580 autem

392 4622 677 4694 replicavi,
703 4623 853 4695 quod
879 4639 1026 4695 saepe
1047 4622 1339 4691 inculcavi,
1363 4623 1626 4696 quodque
1647 4620 2018 4678 libentissime
2117 4626 2216 4666 sua
2247 4618 2448 4682 Sponte
2487 4609 2544 4663 ίη
2575 4609 2767 4665 "ben"
2798 4625 2911 4664 suae
2934 4608 3326 4680 Ρνοῖθδδίουίδν
3359 4625 3466 4682 Per
3486 4627 3664 4684 quem
3694 4612 3753 4667 ad

389 4717 630 4791 accepit,
689 4726 745 4773 et
771 4719 1076 4790 adimplere
1115 4719 1290 4791 cupit,
1333 4717 1462 4790 quia
1515 4716 1902 4796 sicut/Domini
1932 4723 2016 4772 est

2140 4701 2421 4756 electorum
2459 4699 2730 4770 judicium
2784 4699 3123 4772 provocavit,
3155 4701 3274 4756 haec
3326 4717 3390 4756 se
3423 4703 3753 4761 observasse

2141 4790 2476 4819 ..η-απιιηηιη-
2527 4791 2652 4819 ηυξ..
2683 4791 2984 4819 ηηξΛηοζιηυ.
3017 4791 3228 4819 Ληηιιοζη
3256 4793 3621 4819 ΜΛᾎᾹΑΑῙΔ-..
3675 4811 3730 4819 -..

390 4819 538 4868 terra
565 4819 620 4868 et
658 4812 950 4885 plenitudo
991 4813 1133 4883 ejus,
1176 4812 1330 4868 orbis
1367 4821 1633 4868 terrarum
1679 4818 1734 4867 et
1771 4811 2015 4866 universi

391 4909 487 4979 qui
545 4907 797 4964 habitant
851 4907 909 4961 in
943 4922 1031 4974 eo,
1061 4908 1230 4976 (Psal.
1273 4912 1422 4975 xxm)
1453 4925 1466 4961 :
1507 4914 1562 4962 et
1601 4906 1776 4978 ipsius
1805 4912 1889 4961 est
1927 4922 2017 4961 re-

389 5017 584 5074 gnum,
628 5009 684 5057 et
711 4999 800 5055 cui
840 4998 1086 5056 voluerit
1129 4999 1287 5055 dabit
1323 4999 1460 5054 illud
1491 4999 1696 5070 (Matth
1763 4999 1910 5067 xvi):
1942 4997 2017 5052 ita

390 5087 510 5161 ipse
564 5105 733 5161 supra
782 5088 1203 5144 fundamentum
1257 5087 1576 5160 apostolicae
1635 5094 1806 5159 petrae
1856 5103 2010 5142 suam

388 5175 645 5233 fundavit
694 5177 993 5233 Ecclesiam
1027 5179 1205 5238 (Ioan.
1241 5177 1355 5243 xx),
1403 5192 1571 5248 quam
1617 5183 1673 5232 et
1716 5184 1840 5232 ante
1883 5192 2011 5247 pas-

389 5270 631 5335 sionem,
665 5277 720 5324 et
751 5279 876 5340 post
922 5269 1390 5348 resurrectionem
1415 5285 1569 5324 suam
1620 5268 1846 5340 speciali
1878 5284 2011 5324 cura

389 5367 448 5415 et
478 5358 746 5430 singulari
792 5359 1088 5434 privilegio
1134 5361 1298 5417 beato
1338 5361 1519 5426 Petro,
1568 5360 1714 5416 etin
1759 5360 1857 5415 illo
1894 5360 2008 5414 suis

387 5445 666 5504 commisit
685 5447 908 5504 vicariis
937 5466 950 5502 :
985 5449 1145 5518 cujus
1173 5451 1392 5517 sedem,
1433 5465 1664 5520 suaeque
1694 5449 1846 5504 sedis
1871 5463 2007 5520 pon-

389 5534 596 5592 tiﬁcem
628 5536 723 5607 qui
776 5535 1032 5604 honorat,
1074 5538 1228 5594 illum
1271 5541 1508 5596 honorat
1560 5539 1655 5610 qui
1701 5537 1870 5594 dixit:
1904 5538 2004 5603 Qui

385 5625 591 5698 accipit
620 5627 665 5683 si
695 5643 863 5700 quem
909 5631 1134 5698 misero,
1187 5648 1274 5688 me
1305 5632 1507 5703 accipit
1551 5633 1724 5704 (Joan.
1765 5634 1899 5701 xm).
1944 5632 2007 5686 Et

385 5719 455 5776 ab
480 5718 604 5790 ipso
627 5719 997 5776 honorabitur
1025 5720 1246 5778 dicente
1279 5740 1292 5777 :
1335 5724 1682 5780 Honorantes
1711 5740 1800 5779 me
1830 5723 2009 5778 hono-

381 5806 639 5876 riﬁcabo,
685 5814 740 5863 et
803 5807 901 5878 qui
953 5815 1314 5867 contemnunt
1367 5828 1454 5868 me
1511 5820 1676 5869 erunt
1732 5812 2010 5885 ignobiles

387 5899 433 5966 (Ι
483 5901 615 5966 Reg.
659 5900 740 5964 ιι).
793 5896 1006 5950 Idcirco
1045 5897 1174 5966 quia
1210 5902 1366 5957 multi
1405 5902 1608 5970 sciunt,
1665 5904 1905 5974 qualiter
1947 5921 2008 5961 se

393 5985 630 6042 Rothadi
667 5983 993 6043 reclamatio
1033 5981 1254 6053 habeat,
1294 5996 1348 6043 et
1382 5988 1606 6059 quidam
1651 5991 1784 6045 inde
1825 5991 2005 6060 aliter,

2121 4790 2494 4863 impudenter,
2525 4791 2656 4863 quia
2683 4791 2987 4847 scientibus
3016 4791 3231 4848 cunctis
3256 4793 3646 4864 mendaciter,
3672 4811 3754 4867 sy-

2119 4881 2268 4937 nodo
2298 4881 2466 4948 misit,
2499 4888 2554 4936 et
2591 4880 2671 4936 sic
2719 4880 2788 4934 ad
2812 4880 3086 4950 judicium
3129 4882 3477 4952 provocavit,
3512 4901 3648 4956 quae
3701 4899 3750 4939 sc

2119 4986 2461 5034 servaturum
2501 4993 2572 5033 ne
2597 4977 2961 5046 judicaretur,
3002 4975 3360 5033 subscribere
3390 4977 3745 5038 detrectavit.

2118 5068 2271 5134 Quod
2299 5069 2449 5134 ideo,
2485 5068 2627 5123 sicut
2655 5075 2849 5139 postea
2880 5066 3044 5122 nobis
3071 5067 3355 5138 dixerunt,
3387 5072 3491 5142 qui
3525 5074 3603 5129 ab
3639 5076 3746 5146 ipso

2113 5159 2428 5228 audierunt,
2459 5158 2808 5214 subscribere
2834 5157 3034 5226 noluit,
3066 5159 3218 5230 quod
3259 5167 3316 5215 et
3350 5176 3458 5217 nos
3491 5166 3746 5236 percepi-

2113 5268 2254 5320 mus,
2285 5267 2355 5307 ne
2391 5251 2707 5307 vinceretur
2738 5268 2750 5304 :
2784 5250 2882 5307 sed
2909 5251 2954 5306 si
2983 5250 3042 5306 in
3071 5259 3260 5306 nostra
3284 5269 3379 5307 rex
3411 5261 3472 5309 et
3500 5254 3745 5327 episcOpi

2111 5361 2568 5416 permaneremus
2620 5345 2920 5410 sententia,
2983 5345 3213 5400 Romam
3273 5345 3384 5402 iret
3449 5327 3743 5423 antequam

2108 5441 2436 5508 vinceretur,
2469 5449 2524 5496 et
2553 5441 2773 5512 quando
2811 5440 2943 5495 illuc
2985 5441 3219 5504 veniret,
3253 5441 3344 5496 his
3372 5459 3483 5513 per
3513 5457 3741 5502 vestram

2101 5535 2436 5605 jussionem,
2455 5551 2582 5591 cum
2612 5551 2643 5590 a
2671 5534 2830 5591 vobis
2858 5534 3000 5591 foret
3019 5535 3185 5591 nobis
3217 5535 3563 5596 nolentibus
3592 5542 3741 5597 abso-

2109 5628 2278 5693 lutus,
2311 5626 2704 5682 subscriberet.
2743 5627 2861 5682 Non
2893 5627 3238 5702 intelligens,
3284 5628 3402 5684 imo
3433 5629 3738 5708 intelligere

2110 5731 2222 5771 non
2241 5716 2431 5772 valens
2455 5715 2776 5782 (excrecavit
2801 5717 2949 5772 enim
2970 5733 3096 5772 eum
3123 5716 3335 5772 malitia
3357 5722 3488 5788 sua)
3513 5730 3734 5777 vestram

2110 5809 2491 5866 auctoritatem
2508 5810 2920 5882 sapientissime
2939 5811 3274 5886 intelligere,
3288 5829 3472 5885 quare
3483 5815 3734 5875 Dominus

2109 5902 2180 5958 de
2211 5902 2350 5959 coelo
2375 5903 2668 5976 alloquens
2699 5904 2926 5961 Paulum
2959 5913 3015 5963 et
3044 5905 3253 5964 dicenti
3289 5925 3302 5962 :
3350 5907 3504 5974 Quid
3539 5928 3630 5968 me
3650 5911 3731 5980 ju-

2110 5998 2227 6073 bes,
2245 5998 2498 6066 Domine,
2513 5997 2691 6056 facere
2704 5999 2732 6053 ?
2755 6000 2898 6069 (Act.
2924 6001 3016 6070 IX).
3037 6016 3150 6058 non
3168 6002 3358 6059 omnia
3381 6020 3520 6076 quae
3538 6003 3727 6081 agenda
