3912 6438
153 421 245 477 169

773 416 1098 472 HISTORl/E
1140 371 1472 472 ECCLESM‘i
1513 416 1839 472 REMENSIS
1882 417 2055 471 LIBRI
2098 416 2407 480 QUATUOR
2464 448 2534 460 —
2564 414 2688 469 LIB.
2735 414 2825 468 Ill.

3375 415 3479 468 170

152 558 291 606 erant
325 547 578 618 exposuit
611 563 625 600 :
654 546 753 602 sed
800 547 866 601 ad
895 548 1180 612 Anauiam,
1216 563 1245 601 a
1269 563 1380 618 quo
1412 547 1626 620 agenda
1652 563 1753 600 au-
1780 555 1826 618 Α
1855 545 2140 599 interitum
2185 546 2384 606 carnis,
2438 545 2674 609 Satanas,
2725 549 2784 596 ut
2822 541 3051 612 spiritus
3095 540 3280 594 salvus
3315 541 3388 595 sit
3424 542 3477 595 in

151 643 344 698 diturus
368 646 423 694 et
471 645 802 710 accepturus
824 648 962 706 erat,
984 639 1134 693 illum
1191 638 1411 692 direxit.
1446 639 1534 693 Sic
1558 647 1612 693 et
1641 656 1747 693 an-

151 730 292 805 gelus
329 729 669 794 Cornelium,
721 735 1009 798 postquam
1042 729 1196 783 illum
1263 730 1581 783 exauditum
1629 745 1751 785 esse

152 818 494 884 denuntiavit,
527 817 597 872 ad
641 817 789 872 Petri
839 817 1146 873 doctrinam
1180 825 1342 888 atque
1371 819 1748 873 obedientiam

151 909 282 963 misit
307 911 417 975 (Act
488 910 558 976 χ).
607 907 777 970 Quem
827 907 958 961 licet
987 916 1116 962 ante
1148 907 1485 977 baptismum
1533 915 1747 973 sancto,

152 1007 204 1053 ut
223 998 291 1052 ita
309 997 577 1064 dicamus,
609 996 818 1066 Spiritu
850 996 1212 1066 baptizatum,
1244 997 1441 1050 beatus
1472 997 1663 1050 Petrus
1688 996 1750 1051 il-

151 1089 248 1144 lius
274 1089 624 1160 baptismate,
676 1088 771 1159 qui
815 1088 1060 1158 baptizat
1111 1089 1166 1142 in
1208 1088 1415 1159 Spiritu
1454 1096 1666 1153 sancto,
1699 1096 1752 1143 et

153 1184 201 1237 in
237 1197 339 1252 quo
376 1180 725 1236 credentium
750 1180 918 1235 corda
948 1180 1055 1234 fide
1078 1179 1459 1251 purificantur,
1483 1179 1751 1250 baptizari

153 1274 391 1346 praecepit
421 1275 565 1342 (Act.
599 1275 694 1344 χι).
726 1274 880 1329 Unde
917 1273 1060 1330 facta
1079 1273 1389 1344 quaestione
1420 1263 1610 1328 contra
1624 1288 1750 1327 eum

151 1368 300 1422 etiam
330 1383 357 1420 a
385 1365 701 1421 minoribus
730 1365 869 1431 suis,
888 1373 1073 1419 tamen
1105 1363 1386 1430 ﬁdelibus,
1408 1379 1506 1418 cur
1531 1365 1752 1437 adgen-

153 1465 226 1512 tes
254 1458 557 1525 intraverit,
589 1457 767 1512 isdem
790 1457 1167 1528 apostolorum
1209 1457 1469 1527 princeps
1509 1471 1755 1511 summo-

151 1563 260 1601 rum
287 1547 459 1620 gratia
502 1547 775 1602 donorum
831 1547 1080 1617 repletus
1145 1554 1200 1600 et
1262 1544 1753 1599 innumerabilium

153 1639 525 1696 miraculorum
591 1646 859 1710 potestate
911 1638 1189 1704 suffultus,
1220 1668 1228 1677 -
1258 1638 1501 1708 querelae
1541 1651 1654 1691 non
1690 1653 1754 1690 ex

152 1739 423 1801 potestate,
457 1731 556 1786 sed
581 1747 646 1785 ex
700 1730 914 1786 ratione
947 1731 1257 1802 respondit,
1290 1743 1625 1800 causamque
1659 1745 1757 1798 per

154 1822 385 1877 ordinem
422 1838 491 1877 ea
517 1821 946 1876 mansuetudine
992 1821 1273 1892 exposuit,
1307 1837 1415 1892 qua
1448 1819 1757 1874 humilitate

153 1916 362 1988 praefato
381 1915 638 1972 Cornelio
669 1931 729 1970 se
760 1915 991 1970 adorare
1037 1915 1244 1970 volenti
1291 1915 1470 1970 dixit:
1512 1917 1648 1970 Vide
1687 1931 1757 1969 ne

156 2008 356 2063 feceris.
407 2007 544 2062 Nam
599 2013 654 2061 et
709 2021 814 2080 ego
859 2006 978 2076 ipse
1030 2006 1194 2060 homo
1242 2022 1390 2072 sum,
1440 2006 1582 2060 sicut
1611 2013 1666 2059 et
1702 2013 1761 2058 tu

156 2098 285 2164 (Act.
319 2097 386 2164 χ).
421 2095 480 2150 Si
505 2094 654 2149 enim
690 2094 747 2148 in
775 2094 1003 2165 querela
1066 2093 1336 2160 fidelium,
1386 2100 1446 2149 ut
1468 2093 1764 2166 Gregorius

156 2187 297 2254 dicit,
350 2187 564 2258 aliquid
611 2187 679 2240 de
737 2202 835 2240 sua
889 2193 1164 2256 potestate
1226 2185 1458 2250 diceret,
1516 2185 1761 2255 profecto

151 2277 331 2332 doctor
355 2275 802 2331 mansuetudinis
835 2290 946 2329 non
1001 2273 1216 2328 fuisset.
1255 2274 1456 2328 ilumili
1501 2289 1632 2347 ergo
1663 2289 1760 2328 eos

153 2366 350 2422 ratione
379 2365 637 2436 placavit,
670 2374 836 2435 atque
869 2364 920 2417 in
950 2379 1114 2419 causa
1165 2363 1621 2434 reprehensionis
1648 2378 1761 2417 suae

150 2455 419 2510 humiliter
449 2453 724 2509 rationem
773 2452 1039 2518 reddidit,
1101 2460 1156 2507 et
1199 2452 1362 2506 etiam
1405 2460 1573 2506 testes
1603 2451 1762 2506 adhi-

151 2546 280 2612 buit,
311 2546 508 2601 dicens
538 2563 551 2599 :
581 2546 861 2599 Venerunt
885 2554 1069 2599 autem
1103 2559 1318 2598 mecum
1352 2551 1406 2598 et
1441 2559 1534 2598 sex
1569 2543 1761 2598 fratres

152 2638 232 2693 isti
257 2640 395 2707 (Act.
420 2641 522 2706 χι).
567 2638 734 2706 Cujus
759 2637 1027 2692 humilem
1068 2637 1558 2701 auctoritatem,et
1606 2651 1764 2690 man-

151 2727 513 2802 suetissimam
555 2735 904 2798 potestatem,
963 2735 1019 2780 et
1085 2726 1446 2781 rectissimam
1495 2726 1764 2796 praedica-

151 2816 347 2872 tionem
373 2816 657 2872 dicentis:
690 2817 808 2871 Non
838 2815 1192 2872 dominantes
1225 2816 1279 2869 in
1312 2817 1482 2882 clero,
1523 2816 1619 2870 sed
1652 2814 1765 2870 for-

150 2924 236 2964 ma
273 2909 401 2965 facti
430 2909 592 2984 gregi
624 2911 667 2980 (1
683 2910 824 2963 Petr.
853 2911 931 2976 v),
958 2917 1185 2964 secutus
1216 2909 1276 2962 Β.
1296 2907 1623 2971 Celasiusin
1655 2907 1761 2961 de—

149 2998 305 3052 cretis
337 2997 456 3053 suis
491 3000 668 3067 (epist.
697 2997 749 3063 9)
777 2997 844 3051 ad
863 3012 1058 3052 omnes
1074 2997 1386 3067 episcopos,
1404 2996 1472 3049 de
1497 2994 1765 3050 institutis

149 3090 534 3145 ecclesiasticis
555 3089 692 3145 dicit
719 3107 730 3143 :
761 3088 1006 3161 Cumque
1041 3089 1202 3144 nobis
1227 3097 1418 3144 contra
1444 3086 1768 3142 salutarium

149 3183 508 3238 reverentiam
531 3181 868 3255 regularium
884 3181 1176 3253 cupiamus
1199 3189 1405 3235 temere
1425 3179 1563 3234 nihil
1581 3180 1767 3234 licere:

1854 636 1946 690 die
1966 635 2177 690 Domini
2216 637 2264 706 (Ι
2294 638 2413 693 Cor.
2470 643 2544 698 v).
2595 634 2702 705 Ipsi
2733 633 2881 687 enim
2912 631 3325 688 Corinthiorum
3358 647 3480 686 rec-

1853 735 2000 783 tores
2040 729 2194 782 illum
2228 728 2576 782 tradiderunt
2603 728 2658 781 in
2693 725 2979 780 interitum
3029 724 3211 779 carnis
3240 724 3476 790 Satanae,

1851 830 1904 876 et
1937 822 2380 894 Pauluscognito
2429 821 2550 889 ejus
2609 835 2800 891 Opere,
2855 835 2956 874 sua
3001 818 3324 873 auctoritate
3354 834 3476 873 cum

1851 910 1998 965 illis:
2029 917 2084 965 et
2115 918 2397 980 comperta
2446 910 2567 977 ejus
2627 906 2975 979 pmnitentia,
3023 906 3126 977 ipsi
3159 922 3284 960 eum
3318 907 3481 960 resti-

1851 1010 2095 1068 tuerunt,
2159 1008 2212 1055 et
2257 1001 2460 1055 Paulus
2503 1016 2605 1054 sua
2652 998 2977 1054 auctoritate
3029 1013 3153 1052 cum
3188 997 3340 1050 illis:
3377 997 3473 1051 Cui

1852 1093 2132 1164 inquiens,
2167 1092 2378 1163 aliquid
2435 1091 2703 1157 donastis,
2761 1097 2814 1144 et
2872 1104 2997 1163 ego.
3055 1089 3188 1142 Nam
3233 1089 3478 1162 etegosi

1853 1185 1985 1256 quid
2006 1185 2203 1239 donavi
2225 1192 2453 1255 prepter
2477 1199 2574 1238 vos
2591 1183 2646 1236 in
2678 1197 2912 1252 persona
2939 1180 3135 1235 Christi
3158 1182 3233 1248 (ΙΙ
3249 1181 3363 1234 Cor.
3400 1183 3482 1248 ιι).

1857 1273 1992 1327 Hinc
2030 1273 2228 1328 beatus
2272 1273 2571 1346 Gregorius
2628 1272 2746 1339 (lib.
2804 1287 2972 1324 xxxut
3029 1270 3224 1324 Morel.
3278 1284 3400 1339 cap.
3427 1269 3482 1334 8,

1858 1365 1906 1419 al
1930 1365 2020 1431 11)
2064 1383 2076 1418 :
2112 1366 2149 1418 A
2181 1364 2352 1428 bono,
2379 1363 2582 1435 inquit,
2612 1370 2796 1417 vestro
2828 1378 2936 1417 non
2970 1360 3239 1416 dissentio
3297 1360 3482 1415 Meum

1858 1454 1929 1508 sit
1961 1454 2107 1524 quod
2143 1453 2249 1525 ipsi
2282 1453 2511 1509 fecistis.
2551 1452 2644 1510 Cui
2703 1451 2854 1506 velut
2886 1451 2930 1504 si
2963 1450 3150 1505 dicere
3179 1464 3483 1521 praesuma-

1859 1563 2001 1613 mus,
2037 1562 2206 1618 quare
2250 1546 2324 1601 ita
2355 1553 2516 1602 caute
2577 1543 2870 1616 discipulis
2893 1550 2945 1597 te
2974 1542 3204 1612 copulas
3239 1540 3268 1594 ?
3313 1557 3484 1613 quare

1857 1640 1943 1694 vel
1977 1646 2030 1694 te
2062 1639 2304 1705 illorum,
2338 1639 2424 1694 vel
2458 1639 2582 1694 illos
2608 1637 2720 1692 tuis
2760 1635 3074 1691 actionibus
3105 1643 3211 1690 tam
3243 1634 3488 1689 sollicita

1859 1741 2045 1788 mente
2067 1733 2381 1788 conformas
2415 1731 2443 1785 τ
2473 1741 2534 1788 ut
2568 1747 2680 1786 nou
2723 1728 3247 1792 circumveniamur,
3283 1727 3485 1798 inquit,

1861 1844 1889 1880 a
1921 1828 2118 1882 Satana
2154 1845 2166 1881 :
2203 1843 2313 1882 non
2369 1826 2518 1880 enim
2588 1826 2909 1899 ignoramus
2966 1822 3334 1896 cogitationes
3365 1822 3488 1890 ejus

1861 1917 1915 1972 id
1944 1926 2045 1982 est,
2078 1933 2146 1971 ne
2169 1918 2274 1972 hoc
2296 1917 2445 1988 quod
2503 1916 2650 1970 bene
2682 1930 2839 1969 mens
2867 1913 3093 1968 inchoat
3121 1911 3241 1982 ipse
3274 1911 3329 1964 in
3362 1927 3486 1965 ma-

1862 2007 1993 2062 litiae
2020 2006 2186 2061 finem
2235 2013 2431 2068 vertat,
2481 2006 2541 2060 Et
2583 2004 2941 2060 Innocentius
2998 2004 3178 2073 (epist,
3212 2018 3381 2067 xxvu,
3416 2002 3490 2056 ad

1862 2101 2021 2167 epist.
2076 2098 2309 2165 Maccd,)
2354 2097 2510 2150 :Hrec
2568 2096 2636 2149 ad
2694 2094 3011 2150 Corinthios
3051 2092 3353 2163 apostolica
3403 2100 3486 2146 est

1863 2189 2139 2244 declarata
2171 2188 2510 2261 benignitas,
2558 2195 2618 2242 ut
2671 2187 2724 2240 in
2778 2201 2888 2242 uno
2945 2185 3144 2256 Spiritu
3168 2183 3390 2238 ductam
3425 2199 3486 2237 ac

1865 2281 2147 2336 reductam
2188 2282 2522 2337 sententiam
2556 2279 2688 2334 boni
2719 2294 2940 2350 semper
2989 2274 3374 2330 indifferenter
3397 2290 3487 2329 se-

1863 2380 2120 2444 quantur.

1939 2489 1960 2509 ιι
1988 2462 2050 2516 Et
2078 2461 2183 2515 Leo
2204 2476 2268 2514 ex
2310 2460 2570 2530 Apostolo
2622 2462 2796 2527 (epist,
2852 2457 2922 2512 84
2982 2473 3100 2527 cap.
3135 2457 3221 2527 11)
3261 2477 3281 2505 ι
3318 2456 3489 2510 Nemo

1863 2552 2010 2624 quod
2042 2568 2202 2606 suum
2234 2559 2317 2605 est
2345 2558 2573 2622 quierat,
2617 2551 2716 2604 sed
2757 2550 2904 2621 quod
2934 2549 3183 2613 alterius,
3220 2555 3274 2602 et
3309 2564 3487 2602 unus-

1863 2642 2097 2712 quisque
2124 2640 2376 2710 proximo
2407 2655 2506 2693 suo
2540 2639 2753 2709 placeat
2804 2639 2856 2692 in
2887 2637 3034 2692 bono
3062 2637 3129 2691 ad
3153 2635 3488 2691 aedificatio-

1864 2746 1990 2784 nem
2017 2731 2055 2796 (1
2080 2731 2198 2786 Cor.
2236 2731 2308 2798 ιι).
2369 2728 2486 2782 Νοιι
2542 2728 2690 2781 enim
2744 2727 2946 2797 poterit
2994 2725 3227 2780 unitatis
3291 2733 3492 2779 nostrm

1866 2822 2022 2877 firma
2039 2838 2160 2877 esse
2192 2837 2481 2896 compago,
2516 2820 2628 2874 nisi
2664 2835 2764 2875 nos
2803 2820 2872 2874 ad
2905 2818 3336 2890 inseparabilem
3361 2817 3496 2871 soli-

1867 2914 2095 2968 ditatem
2149 2913 2432 2967 vinculum
2491 2910 2779 2965 charitatis
2830 2909 3166 2964 astrinxerit.
3226 2906 3494 2972 Quoniam

1869 3007 2013 3061 sicut
2036 3007 2091 3060 in
2110 3021 2221 3061 uno
2252 3020 2485 3076 corpore
2515 3003 2687 3058 multa
2712 3001 2960 3058 membra
2987 3001 3281 3066 habemus,
3311 2999 3496 3055 omnia

1871 3104 2054 3151 autem
2114 3094 2364 3149 membra
2411 3109 2522 3148 non
2575 3093 2833 3147 eumdem
2887 3098 3069 3146 actum
3132 3091 3340 3144 habent
3375 3107 3388 3142 :
3423 3089 3498 3143 ita

1873 3188 2031 3242 multi
2059 3202 2229 3242 unum
2252 3200 2454 3255 corpus
2482 3199 2675 3238 sumus
2704 3182 2761 3236 in
2797 3182 3032 3248 Christo,
3067 3180 3273 3252 singuli
3309 3187 3494 3234 autem

149 3277 199 3325 et
225 3287 346 3326 cum
376 3273 545 3328 sedes
561 3272 866 3344 apostolica
886 3288 1055 3343 super
1085 3273 1217 3342 [or.,
1249 3271 1523 3342 superior]
1559 3270 1773 3326 hisom-
1803 3246 1852 3316 Ο
1875 3280 2016 3334 alter
2044 3278 2273 3333 alterius
2301 3246 2552 3332 membra
2591 3277 2637 3345 (Ι
2664 3275 2787 3330 Cor.
2834 3276 2949 3345 xu).
3016 3246 3297 3329 Connexio
3331 3271 3500 3326 totius

150 3361 325 3430 nibus,
360 3363 587 3420 favente
613 3364 866 3430 Domino,
889 3380 1012 3435 quae
1044 3363 1290 3434 paternis
1309 3362 1621 3420 canonibus
1644 3370 1773 3417 sunt

150 3455 384 3526 praeﬁxa,
427 3457 548 3527 pio,
585 3455 900 3528 devotoque
947 3457 1168 3511 studeat
1211 3464 1404 3511 tenere
1461 3455 1766 3526 proposito.

147 3539 274 3597 satis
321 3543 620 3618 indignum
681 3551 786 3612 est,
815 3560 1151 3616 quemquam
1183 3545 1270 3599 vel
1314 3543 1659 3616 pontificum,
1685 3543 1769 3598 vel

149 3632 400 3688 ordinum
464 3633 962 3706 subsequentium,
1019 3635 1163 3689 hanc
1225 3632 1634 3688 observantiam
1681 3647 1774 3686 re-

151 3717 338 3789 futare,
372 3739 542 3795 quam
581 3723 636 3776 Β.
674 3722 819 3776 Petri
847 3722 1063 3787 sedem,
1088 3731 1144 3776 et
1183 3721 1343 3792 sequi
1376 3721 1633 3777 videatet
1662 3719 1771 3774 do-

149 3827 304 3868 cere:
334 3816 594 3888 satisque
638 3814 978 3871 conveniens
1023 3814 1095 3870 sit
1119 3823 1180 3869 ut
1215 3830 1416 3886 corpus
1459 3814 1557 3886 [or.
1593 3813 1771 3867 addit.

149 3903 332 3974 totum]
378 3904 645 3961 Ecclesiae
701 3905 755 3959 in
798 3905 900 3960 hac
956 3903 1182 3959 sibimet
1221 3903 1613 3960 observatione
1638 3917 1775 3957 con-

145 3993 348 4061 cordet,
383 4010 558 4064 quam
626 3993 706 4047 illi
738 3993 926 4068 vigere
979 3992 1308 4065 conspiciet,
1357 3991 1454 4048 ubi
1512 3991 1777 4047 Dominus

147 4077 399 4136 Ecclesiae
425 4082 602 4137 totius
633 4081 819 4154 posuit
848 4081 1224 4152 principatum
1255 4082 1396 4149 (Gal.
1430 4083 1496 4151 ι).
1529 4081 1602 4134 De
1635 4080 1772 4133 Bar-

146 4167 282 4223 naba
341 4187 578 4242 quoque
635 4179 690 4225 et
749 4170 915 4226 Saulo
965 4170 1187 4225 dicente
1257 4169 1545 4237 veraciter,
1579 4168 1779 4223 Paulus

144 4263 423 4331 apostolus
471 4279 589 4319 non
629 4263 698 4317 ab
745 4263 1086 4330 hominibus,
1130 4279 1312 4335 neque
1344 4279 1443 4335 per
1471 4261 1774 4326 hominem,

142 4353 235 4406 sed
262 4371 364 4424 per
391 4355 591 4410 Jesum
623 4355 899 4411 Christum
961 4363 1015 4410 et
1073 4357 1369 4411 Dominum
1400 4355 1640 4410 Patrem.
1673 4353 1773 4418 Qui

143 4451 435 4515 postquam
461 4444 679 4500 diutius
702 4444 860 4500 fruiti
891 4453 1022 4501 sunt
1050 4445 1428 4517 apostolorum
1469 4443 1770 4511 consortio,

144 4549 251 4588 non
270 4536 408 4606 ipsis
435 4537 734 4608 apostolis,
786 4537 885 4592 sed
927 4537 1082 4606 juxta
1113 4536 1279 4592 ﬁdem
1305 4552 1474 4593 sacrae
1505 4536 1769 4600 historiae,

1872 3369 2120 3442 corporis
2183 3385 2349 3423 unam
2427 3368 2740 3427 sanitatem.
2803 3383 2967 3421 unam
3025 3364 3496 3437 pulchritudinem

1871 3463 2019 3518 facit.
2053 3462 2250 3516 Ethaec
2291 3460 2516 3531 quidem
2577 3459 2850 3514 connexio
2881 3459 3050 3514 totius
3081 3457 3335 3528 corporis
3358 3472 3501 3510 una-

1874 3554 2182 3609 nimitatem
2201 3551 2456 3623 requirit,
2485 3551 2582 3606 sed
2617 3551 2899 3622 praecipue
2931 3550 3102 3626 exigit
3145 3547 3498 3605 concordiam

1873 3649 2242 3703 sacerdotum.
2312 3643 2532 3710 Quibus
2572 3643 2674 3697 etsi
2734 3643 2870 3697 ordo
2917 3651 3001 3697 est
3036 3641 3334 3714 generalis,
3391 3654 3501 3694 non

1874 3747 2058 3794 tamen
2085 3733 2398 3792 communis
2443 3740 2529 3788 est
2565 3732 2810 3806 dignitas
2848 3731 3123 3786 omnibus.
3165 3754 3185 3781 ιι
3239 3731 3360 3784 “me
3405 3746 3501 3784 au-

1874 3838 2006 3895 tem,
2042 3834 2256 3883 servata
2291 3825 2472 3881 altiori
2513 3822 2901 3892 intelligentia,
2939 3822 3084 3876 circa
3117 3838 3285 3893 supra
3326 3821 3503 3876 dictos

1876 3929 2005 3977 sunt
2055 3928 2196 3985 acta,
2250 3927 2306 3973 et
2355 3934 2386 3972 a
2445 3915 2727 3987 praedictis
2786 3914 2966 3980 docta,
3017 3921 3076 3968 ut
3136 3920 3504 3987 cognoscatur

1879 4008 2118 4082 qualiter
2140 4008 2388 4063 minores
2415 4004 2729 4077 potioribus
2759 4003 3001 4058 debeant
3027 4001 3282 4066 obedire,
3319 4009 3374 4056 et
3402 4017 3505 4072 po-

1879 4101 2049 4157 tiores
2076 4098 2389 4155 minoribus
2409 4095 2726 4168 providere,
2761 4102 2815 4149 et
2838 4094 2974 4150 ordo
3001 4093 3162 4149 aDeo
3197 4093 3503 4163 dispositus

1879 4194 1948 4249 ab
1977 4193 2259 4260 omnibus,
2283 4201 2338 4247 et
2367 4191 2425 4246 in
2477 4190 2738 4247 omnibus
2767 4190 2952 4244 valeat
2977 4203 3312 4244 conservari.
3349 4187 3500 4241 Unde

1881 4300 2128 4339 summus
2156 4283 2411 4338 Ecclesim
2466 4290 2654 4354 pastor
2691 4282 2854 4336 docet
2887 4298 2898 4334 :
2929 4280 2982 4335 Si
3033 4279 3158 4351 quis
3206 4277 3500 4343 ministrat,

1879 4381 2143 4443 tanquam
2175 4388 2241 4426 ex
2307 4372 2508 4427 virtute
2554 4386 2719 4443 quam
2773 4367 3119 4424 administrat
3157 4367 3325 4432 Deus,
3360 4373 3419 4420 ut
3447 4367 3502 4420 in

1874 4463 2133 4520 omnibus
2187 4461 2590 4524 honorificetur
2635 4462 2780 4516 Deus
2809 4461 2855 4531 (Ι
2877 4462 3020 4515 Petr.
3072 4461 3168 4529 iv),
3203 4458 3296 4530 qui
3330 4458 3505 4513 servis

1873 4556 1990 4611 suis
2021 4553 2298 4611 commisit
2353 4553 2579 4625 negotia
2605 4569 2725 4613 sua,
2761 4562 2814 4606 et
2859 4551 3160 4622 unicuique
3193 4549 3500 4604 secundum

143 4625 600 4684 ministrantibus
625 4630 860 4685 Domino
895 4629 1186 4700 prophetis
1233 4636 1288 4684 et
1325 4629 1649 4685 doctoribus
1679 4629 1772 4702 qui
1799 4618 2158 4716 mepriam
2190 4618 2459 4696 νῑγιιιιεηῖ
2486 4641 2701 4711 (Matth,
2729 4640 2850 4709 xxv)
2887 4618 3155 4703 ;sicutvet
3182 4639 3251 4692 de
3291 4637 3500 4708 spiritu

144 4730 295 4776 erant
321 4723 661 4788 Antiochus,
724 4723 864 4778 dixit
910 4723 1151 4794 Spiritus
1207 4731 1431 4779 sanctus
1475 4723 1778 4794 :Separate

144 4808 273 4864 mihi
304 4811 623 4867 Barnabam
665 4819 721 4868 et
765 4812 990 4868 Saulum
1047 4813 1103 4867 in
1157 4828 1300 4884 Opus
1355 4811 1676 4878 ministerii,
1709 4811 1778 4865 ad

144 4904 289 4972 quod
319 4905 610 4977 assumpsi
663 4920 760 4961 eos
809 4906 954 4974 (Act.
1008 4906 1144 4977 xm),
1198 4904 1695 4974 Tuncjejunantes
1725 4910 1779 4959 et

145 5003 384 5060 orantes,
418 4996 898 5069 imponentesquc
927 4997 1010 5052 eis
1039 5013 1254 5065 manus,
1286 4996 1775 5052 dimiseruntillos.

146 5083 206 5138 Et
234 5087 340 5157 ipsi
362 5089 607 5159 quidem
641 5089 796 5144 missi
820 5105 852 5143 a
881 5089 1092 5160 Spiritu
1107 5099 1298 5145 sancto
1317 5088 1576 5144 abierunt
1596 5088 1776 5144 vocati

147 5179 405 5247 apostoli,
437 5189 497 5236 et
533 5180 592 5234 in
623 5181 878 5253 sequenti
903 5197 1071 5245 anno,
1106 5182 1162 5236 id
1195 5191 1277 5237 est
1304 5183 1373 5236 14
1413 5188 1535 5252 post
1566 5181 1784 5251 passio-

148 5284 268 5324 nem
297 5272 557 5340 Domini,
595 5272 725 5328 licet
749 5274 843 5345 qui
873 5282 1136 5345 operatus
1157 5283 1240 5330 est
1272 5275 1432 5332 Petro
1457 5275 1513 5330 in
1559 5283 1785 5347 aposto-

145 5357 310 5414 latum
362 5361 843 5430 circumcisionis,
896 5372 1160 5434 operatus
1201 5365 1271 5420 sit
1315 5373 1370 5421 et
1415 5366 1581 5421 Paulo
1640 5365 1788 5420 inter

146 5463 361 5525 gentes,
412 5462 613 5510 tamen
673 5457 828 5524 juxta
882 5457 1200 5514 condictum
1249 5459 1464 5526 Jacobi,
1519 5458 1715 5529 Cepha:
1735 5466 1789 5513 et

143 5539 392 5609 Joannis,
445 5544 710 5618 gentium
761 5545 1140 5620 magisterium
1202 5563 1313 5602 una
1360 5564 1483 5604 cum
1541 5546 1790 5602 Barnaba

1879 4742 2070 4789 sancto
2093 4732 2357 4802 scriptum
2380 4738 2486 4798 est,
2522 4729 2670 4800 quod
2693 4729 2840 4783 dona
2860 4727 3058 4782 dividit
3081 4727 3317 4801 singulis
3346 4734 3507 4796 prout

1879 4826 1996 4881 vult
2028 4826 2214 4885 (ICor.
2243 4823 2360 4890 xu).
2395 4822 2606 4877 Ethinc
2627 4821 2783 4890 juxta
2832 4820 3156 4874 Sardicense
3198 4817 3497 4874 concilium

1882 4915 2021 4984 (cap.
2050 4915 2106 4983 7)
2149 4928 2436 4968 :summus
2472 4911 2664 4981 primae
2693 4918 2748 4965 et
2803 4916 3005 4964 sanctae
3037 4909 3188 4963 sedis
3248 4907 3507 4962 Romana!

1879 5004 2153 5078 pontifex,
2183 5020 2283 5076 pro
2301 5003 2572 5058 examinis
2604 5001 2962 5056 renovatione
2994 4999 3061 5053 ad
3083 5014 3143 5053 se
3157 4994 3509 5052 reclamantis

1886 5102 1941 5151 et
1968 5093 2342 5166 confugientis
2370 5109 2492 5148 cum
2552 5107 2650 5146 sua
2691 5089 3018 5145 clamatione
3049 5086 3252 5155 dejecti
3284 5083 3510 5156 provin-

1885 5186 2044 5242 cialis
2069 5185 2341 5257 episcopi,
2369 5200 2481 5240 non
2505 5183 2685 5238 statim
2714 5180 3097 5253 singularitate
3125 5177 3429 5251 privilegii,
3457 5183 3513 5229 et

1886 5278 2236 5334 auctoritatis
2289 5291 2404 5330 sua}
2460 5274 2746 5338 restituit;
2790 5273 2888 5327 sed
2947 5268 3237 5326 remittens
3285 5285 3411 5324 eum
3443 5268 3511 5322 ad

1889 5366 2249 5439 provinciam,
2294 5363 2390 5419 ubi
2433 5379 2598 5418 causa
2655 5368 2868 5432 patrata
2914 5359 3115 5428 fuerat,
3179 5365 3233 5413 et
3282 5357 3336 5411 in
3407 5372 3516 5427 qua

1885 5458 2040 5524 juxta
2071 5452 2533 5527 Carthaginenses
2580 5465 2824 5506 canones
2883 5451 3062 5519 (Cone.
3118 5449 3381 5515 Carthag.
3415 5461 3515 5500 seu

1891 5548 2073 5614 Afric,
2109 5545 2203 5599 ubi
2231 5543 2442 5614 supra),
2481 5551 2535 5597 et
2559 5541 2686 5610 jura
2710 5540 2851 5612 legis
2879 5541 3160 5607 Romanis,
3219 5555 3386 5595 causa
3417 5553 3519 5608 po-

148 5629 348 5688 Paulus
379 5634 629 5705 accepit.
655 5635 805 5690 Idem
831 5650 1052 5708 queque
1085 5635 1282 5692 Paulus
1311 5637 1457 5708 apud
1478 5636 1793 5694 Corinthios
1895 5645 2002 5694 test
2032 5638 2332 5712 diligenter
2356 5633 2584 5705 inquiri,
2606 5641 2662 5687 et
2697 5634 2846 5705 quod
2860 5649 2972 5688 non
3008 5633 3079 5688 sit
3109 5632 3522 5688 difﬁciletcstes

149 5721 580 5798 negligentibus
598 5727 908 5783 rectoribus
929 5728 998 5782 dc
1019 5729 1338 5786 incestuoso
1352 5729 1574 5800 scripsit
1609 5747 1622 5782 :
1651 5729 1794 5784 Con-
1895 5729 2227 5801 producere,
2254 5727 2462 5783 veritas
2493 5725 2730 5781 inveniri
2763 5743 2778 5791 ;
2827 5734 2920 5781 aut
2952 5724 3203 5780 ﬁnitimis
3243 5718 3522 5793 episcOpis

145 5815 393 5909 gregalis
415 5815 614 5883 vobis,
655 5824 709 5872 et
739 5833 864 5874 meo
914 5818 1143 5889 spiritu,
1187 5819 1446 5876 traditum
1470 5818 1790 5889 huiusmodi

446 5915 742 5977 PATROL.
792 5916 1127 5984 CXXXV.

1900 5820 2162 5894 dignatur
2186 5819 2458 5886 scribere,
2508 5825 2604 5876 aut
2631 5832 2662 5872 e
2703 5817 2876 5874 latere
2933 5832 3035 5872 suo
3066 5815 3253 5883 mittit,
3285 5810 3377 5880 qui
3419 5809 3520 5862 ha-

3191 5911 3229 5972 6
