3912 6400
424 389 521 443 171

1541 371 1911 428 FLODOARDI
1952 369 2256 424 CANONICI
2298 370 2624 425 REMENSIS

3687 372 3786 425 I72

425 513 624 567 bentes
654 510 776 578 ejus
805 506 1185 562 auctoritatem
1245 510 1542 574 praesentes
1589 515 1714 553 cum
1748 495 2050 567 'episc0pis
2073 501 2122 566 Α
2149 496 2204 549 in
2225 497 2497 566 synodum
2521 497 2722 551 deduci
2755 496 3130 566 permisimus,
3166 498 3527 569 parvipensis
3577 506 3634 552 et
3668 498 3788 551 sine.

423 601 698 670 judicent,
729 606 785 654 et
814 598 1113 671 diligenter
1141 609 1359 648 causam
1392 589 1713 661 inquisitam
1747 586 2042 640 diffiniant:

431 697 527 743 aut
557 687 816 761 dignatur
845 685 1073 740 credere
1095 682 1389 754 episcOpOs
1426 678 1704 740 sufficere,
1732 686 1795 730 ut
1823 674 2046 749 negotio

433 777 731 832 terminum
767 773 978 844 possint
1019 773 1323 842 imponere.
1362 769 1422 822 Et
1463 767 1824 822 Innocentius
1868 764 2042 834 (epist.

432 871 489 936 2,
522 886 548 923 c
600 869 653 934 3)
688 885 700 920 :
731 895 752 912 ιι
784 867 838 920 Si
873 880 997 936 quae
1014 878 1194 917 causae
1225 861 1308 915 vel
1331 859 1721 914 contentiones
1753 857 1896 910 inter
1925 856 2044 910 cle-

436 962 579 1015 ricos
607 967 715 1013 tam
758 953 1064 1025 superioris
1093 952 1325 1016 ordinis,
1379 967 1541 1022 quam
1571 950 1735 1005 etiam
1766 947 2051 1002 inferioris

436 1048 643 1104 fuerint
707 1053 931 1108 exortae,
1002 1041 1349 1115 congregatis
1406 1039 1714 1093 secundum
1778 1035 2051 1106 synodum

437 1139 712 1193 Nicmnam
743 1136 894 1203 (Syn.
929 1135 1046 1189 Nic.
1093 1147 1141 1186 c.
1193 1131 1241 1199 5)
1293 1129 1544 1197 ejusdem
1593 1124 1892 1198 provinciae
1922 1123 2050 1193 epi-

439 1229 622 1300 scopis
672 1226 916 1300 jurgium
974 1223 1227 1294 praecipit
1277 1221 1579 1277 terminari.
1644 1219 1706 1274 Et
1746 1216 2060 1273 Bonifacius

438 1322 539 1388 (cp.
569 1318 623 1383 2)
675 1316 742 1369 de
765 1313 1000 1368 Maximo
1032 1311 1246 1375 scribit,
1279 1319 1340 1364 ut
1365 1310 1434 1363 ad
1478 1307 1818 1379 provinciam
1870 1303 2060 1360 venire

439 1415 685 1478 cogatur,
719 1411 774 1458 et
807 1402 922 1456 illic
951 1417 1011 1455 se
1039 1399 1341 1455 constituto
1384 1403 1722 1468 praesentare
1745 1394 1980 1464 judicio,
2008 1399 2063 1446 et

440 1497 715 1570 quidquid
749 1496 817 1549 de
845 1494 940 1548 illo
971 1491 1235 1546 duxerint
1266 1489 1565 1560 provinciae
1587 1487 1833 1558 episc0pi
1865 1485 2060 1540 decer—

441 1590 710 1655 nendum,
742 1603 866 1642 cum
890 1586 957 1639 ad
987 1600 1112 1638 cum
1160 1583 1390 1636 relatum
1436 1581 1595 1644 foret,
1622 1595 1722 1634 sua
1752 1578 2062 1632 firmaretur

441 1682 769 1736 auctoritate
803 1698 815 1732 :
848 1686 1144 1750 quatenus,
1202 1683 1261 1731 ut
1291 1675 1438 1730 idem
1469 1677 1641 1744 (epist.
1675 1672 1728 1737 3,
1761 1687 1882 1724 can.
1908 1670 1957 1739 6)
1992 1669 2056 1722 ad

445 1773 708 1826 Hilarium
743 1770 958 1832 scribit,
982 1765 1395 1838 metropolitani
1424 1764 1507 1818 sui
1551 1776 1896 1833 unaquaeque
1930 1774 2058 1830 pro—

743 1817 958 1832 -V.-----,
985 1817 1393 1838 ---_---r--_-e-,,
1432 1817 1471 1818 η
1684 1817 1696 1833 _
1809 1817 1822 1832 _
1930 1817 1944 1830 ,

443 1859 697 1914 vinciain
729 1858 992 1913 omnibus
1029 1856 1197 1910 rebus
1252 1852 1663 1908 ordinationem
1711 1864 1932 1917 semper
1970 1863 2066 1900 ex-
2093 1817 2146 1885 Β

445 1961 678 2024 spectet,
700 1952 843 2006 sicut
862 1951 1127 2019 scriptum
1159 1947 1309 2002 estin
1329 1947 1549 2000 Nicaeno
1568 1942 1806 1998 concilio
1829 1945 1963 2011 (can.
1984 1941 2062 2010 5),

446 2047 667 2100 utsicut
696 2044 843 2114 apud
876 2041 1282 2106 Alexandriam,
1313 2039 1443 2110 quia
1464 2048 1518 2092 et
1545 2037 1701 2092 urbis
1733 2037 1916 2090 Romae
1936 2033 2063 2104 epi-

445 2154 614 2209 sc0po
647 2136 835 2207 parilis
863 2151 982 2189 mos
1012 2141 1112 2187 est.
1157 2132 1418 2186 Similiter
1445 2129 1665 2199 etapud
1699 2126 2063 2191 Antiochiam,

445 2238 786 2298 craterasque
815 2224 1149 2296 provincias,
1182 2223 1296 2277 suis
1326 2221 1615 2292 privilegia
1643 2227 1933 2274 serventur
1964 2217 2066 2270 Ec-

448 2321 650 2378 clesiis.
680 2344 704 2365 n
738 2341 762 2366 α
787 2318 939 2372 Unde
986 2317 1130 2371 bene
1181 2315 1383 2386 placuit
1415 2315 1428 2384 (
1459 2314 1628 2379 Ibid.,
1669 2329 1792 2366 can.
1829 2310 1877 2374 5)
1909 2309 2068 2363 annis

449 2411 687 2487 singulis
718 2426 818 2480 per
845 2410 1293 2479 unamquamque
1325 2405 1666 2476 provinciam
1703 2405 1789 2460 bis
1838 2405 1894 2459 in
1924 2419 2069 2458 anno

449 2501 684 2558 concilia
739 2498 1032 2564 celebrari,
1098 2504 1157 2551 ut
1215 2496 1586 2552 communiter
1615 2495 1876 2550 omnibus
1903 2494 2068 2548 simul

449 2589 730 2662 episcopis
757 2586 1108 2660 congregatis
1126 2585 1447 2656 provincias,
1473 2584 1844 2639 discutiantur
1872 2584 2070 2652 hujus-

451 2680 598 2736 modi
640 2678 991 2749 quaestiones.
1025 2695 1050 2725 ι)

528 2793 549 2821 ι
585 2772 648 2824 Et
665 2771 781 2824 hmo
797 2765 1240 2836 dico,non,quod
1262 2763 1427 2831 absit,
1453 2763 1822 2834 prrejudicans
1843 2777 2070 2818 summa:

450 2865 599 2920 sedis
624 2861 966 2934 apostolica),
1009 2865 1064 2912 et
1114 2857 1289 2912 sancti
1318 2857 1662 2927 apostolatus
1686 2856 1853 2925 vestri
1888 2856 1944 2909 in
1971 2856 2073 2910 ali-

448 2969 559 3025 quo
591 2957 941 3024 potestatem,
977 2947 1063 3002 cui
1127 2946 1184 2999 in
1216 2944 1477 2999 omnibus
1507 2961 1652 3010 sum,
1679 2945 1821 3000 sicut
1859 2951 2069 2999 rectum

449 3055 552 3112 est,
583 3043 813 3099 obedire
864 3049 1103 3111 paratus.
1164 3037 1270 3092 Sed
1339 3037 1470 3107 quia
1499 3051 1729 3091 summa
1758 3035 2070 3090 auctoritati

449 3141 642 3189 vestrae
671 3129 1004 3200 obsequium
1055 3133 1315 3199 prmstare
1377 3141 1464 3178 me
1514 3132 1668 3196 puto,
1703 3142 1827 3180 cum
1853 3141 1917 3179 ea
1948 3140 2070 3196 quae

451 3226 656 3291 sentio,
688 3229 783 3278 aut
831 3222 898 3275 ad
949 3219 1356 3290 probationem,
1420 3225 1512 3272 aut
1546 3217 1614 3271 ad
1669 3217 2071 3271 correctionem
2099 3189 2147 3257 (ί

450 3319 738 3374 humiliter
766 3314 1057 3386 sapientiae
1085 3312 1251 3367 vestri
1285 3310 1586 3384 magisterii
1617 3309 1800 3380 pando
1833 3325 1846 3376 ;
1883 3317 1936 3364 et
1967 3310 2075 3364 Ro-

451 3406 602 3462 thadi
642 3420 826 3459 mores
855 3402 1014 3457 vobis
1065 3401 1323 3455 intimare
1357 3414 1613 3469 procuro,
1648 3415 1718 3452 ne
1749 3415 1872 3453 mea
1894 3399 2075 3471 negli-

449 3496 660 3572 gentia,
688 3495 783 3565 qui
817 3509 914 3548 eos
933 3493 1082 3557 novi,
1116 3507 1213 3546 vos
1239 3491 1467 3557 lateant,
1527 3496 1805 3560 quatenus
1865 3491 2072 3545 certius

449 3591 598 3664 quod
629 3589 785 3646 vobis
816 3586 1088 3658 placuerit
1113 3586 1181 3640 de
1241 3586 1335 3640 illo
1388 3601 1520 3639 vera
1553 3585 1853 3639 auctoritas
1882 3585 2076 3640 decer-

450 3695 583 3734 nere
605 3679 800 3733 valeat.
854 3675 1025 3738 Quem
1072 3674 1115 3728 si
1140 3690 1287 3729 nunc
1317 3673 1370 3727 in
1405 3673 1774 3743 dispositione
1801 3673 2074 3741 judicium

449 3779 692 3826 vestrum
732 3784 958 3823 manere
1002 3765 1336 3831 decreverit,
1394 3765 1603 3819 scimus
1627 3764 1696 3818 dc
1729 3765 2075 3838 benignitate

451 3871 505 3918 et
530 3861 799 3917 modestia
840 3876 902 3914 ac
930 3859 1135 3929 pietate
1186 3857 1280 3911 filii
1337 3857 1502 3912 vestri
1549 3856 1738 3911 domni
1770 3857 1942 3911 nostri
1971 3857 2076 3910 Ka-

448 3952 573 4016 roli,
608 3950 872 4021 quoniam
922 3945 1193 4017 quidquid
1235 3945 1306 3999 de
1339 3944 1432 4000 illo
1491 3943 1713 4014 praefato
1743 3943 1858 3999 filio
1891 3953 2072 4000 vestro

449 4041 828 4114 przeceperitis
849 4047 904 4094 et
934 4037 1340 4093 rationabiliter
1368 4035 1913 4106 poteritadimplere,
1950 4037 2071 4091 sine

449 4136 562 4188 ulla
600 4131 991 4187 retractatione
1030 4129 1274 4183 obediet.
1319 4128 1426 4180 Sed
1459 4135 1514 4180 et
1539 4127 1859 4197 coepiscOpi
1895 4129 2069 4182 nostri

449 4225 519 4277 de
551 4221 920 4277 Ecclesiarum
978 4232 1202 4272 suarum
1248 4215 1546 4286 stipendiis
1589 4215 2070 4271 abundantissime

450 4312 532 4366 illi
553 4310 897 4381 impendent.
929 4307 1046 4362 Mea
1075 4305 1240 4360 etiam
1259 4304 1552 4377 exiguitas,
1597 4305 1743 4359 sicut
1788 4322 2070 4377 nunquam

449 4405 518 4457 ad
548 4401 974 4456 retributionem
1024 4397 1153 4452 mali
1210 4403 1439 4468 pr0pter
1476 4404 1824 4466 contemptus
1854 4405 1908 4452 et
1938 4414 2076 4453 con-

2147 583 2332 654 aliqua
2353 587 2697 640 correctione
2747 585 2990 639 dimissis
3033 586 3120 639 eis
3149 586 3433 656 capitulis,
3461 587 3785 641 auctoritati

2147 680 2342 726 vestrae
2370 673 2473 727 sub
2524 673 2651 728 ﬁdei
2702 674 3093 744 astipulatione
3151 675 3401 742 directis,
3439 692 3540 746 pro
3574 676 3786 746 quibus

2151 761 2329 816 fuerat
2357 763 2638 830 judicatus
2667 764 2734 817 ab
2759 765 3058 835 episcopis,
3118 766 3188 820 ad
3233 782 3472 836 quorum
3501 766 3786 835 judicium

2154 857 2564 918 provocaverat,
2622 852 2928 906 secundum
2986 869 3247 924 expressa
3281 871 3573 911 sacrorum
3605 870 3785 909 cano-

2155 957 2286 994 num
2313 948 2367 994 ct
2392 942 2705 1010 apostolicae
2749 945 2899 998 sedis
2940 945 3184 1011 decreta,
3225 946 3530 1001 Coelestino
3552 946 3781 1001 dicente

2157 1033 2333 1100 (epist.
2357 1030 2412 1098 3)
2446 1049 2458 1084 :
2509 1051 2533 1081 «
2561 1032 2689 1096 Quae
2705 1033 2854 1086 enim
2885 1049 2915 1086 a
2939 1034 3100 1088 nobis
3129 1050 3217 1088 res
3239 1035 3412 1109 digna
3440 1035 3784 1098 servabitur,

2157 1125 2203 1177 si
2232 1123 2591 1178 decretalium
2616 1140 2807 1180 norma
2844 1127 3268 1182 constitutorum
3323 1143 3424 1198 pro
3465 1129 3786 1199 aliquorum

2160 1215 2570 1270 libitulicentia
2624 1217 2845 1286 populis
2903 1218 3191 1287 permissa,
3245 1218 3580 1289 frangatur?
3612 1241 3636 1270 υ
3672 1221 3788 1274 Mox

2162 1313 2358 1362 vestrae
2391 1309 2644 1378 potestati
2690 1308 3133 1378 placueritillum
3153 1310 3469 1376 restituere,
3501 1319 3564 1365 ut
3597 1312 3790 1382 prima)

2163 1401 2314 1455 sedis
2337 1410 2391 1455 et
2446 1403 2638 1456 matris
2667 1419 2732 1457 ac
2795 1404 3070 1476 magistra:
3127 1404 3380 1458 omnium
3411 1405 3788 1459 Ecclesiarum

2162 1492 2461 1563 pontiﬁcis,
2493 1502 2928 1566 cunctorumque
2970 1495 3360 1566 episcOporum
3408 1496 3585 1566 patris
3625 1507 3791 1567 atque

2163 1589 2407 1663 magistri
2475 1591 2723 1663 regulare
2777 1590 3048 1658 judicium
3102 1590 3244 1644 ferre
3293 1591 3579 1655 convenit,
3629 1608 3790 1663 aequo

2163 1681 2346 1735 animo
2368 1680 2558 1734 feram.
2599 1680 2774 1734 Credo
2817 1687 3001 1734 tamen
3041 1681 3527 1754 diligentissimam
3575 1683 3792 1738 discre-

2167 1772 2373 1827 tionem
2431 1779 2667 1825 vestram
2717 1770 3057 1841 provisuram
3125 1779 3506 1841 contemptum
3568 1791 3635 1827 ac
3659 1789 3792 1827 con-

2166 1863 2459 1918 tumaciam
2493 1863 2864 1930 subjectorum
2894 1877 3023 1931 erga
3063 1861 3321 1931 praelatos
3351 1877 3503 1925 suos,
3537 1872 3595 1917 et
3625 1865 3796 1918 liber-

2170 1965 2335 2012 tatem
2354 1957 2581 2027 impune
2599 1956 2964 2026 delinquendi
2981 1965 3171 2010 contra
3192 1972 3438 2011 canones
3454 1973 3798 2029 sacros.qn;e

2172 2045 2297 2100 hinc
2326 2045 2378 2098 in
2411 2046 2613 2100 nostris
2668 2045 2989 2116 regionibus
3041 2050 3301 2115 poterunt
3345 2048 3422 2114 (ut
3456 2047 3796 2118 quibusdam

2167 2143 2404 2210 videtur)
2427 2142 2619 2196 noxias
2659 2141 2805 2195 vires
2849 2141 3141 2211 accipere:
3174 2141 3484 2212 praesertim
3535 2158 3667 2197 cum
3715 2161 3800 2197 sa-

2170 2232 2526 2302 pientissimae
2559 2231 2870 2287 auctoritati
2922 2238 3116 2286 vestrae
3163 2240 3380 2286 constet
3412 2249 3538 2288 esse
3564 2237 3796 2289 notissi-

2171 2337 2341 2387 mum,
2361 2322 2744 2374 demonstrare
2795 2318 3121 2373 Sardicense
3150 2320 3451 2374 concilium
3472 2320 3529 2373 in
3558 2319 3797 2388 septimo

2171 2427 2270 2466 suo
2296 2411 2534 2480 capitulo
2559 2427 2572 2462 :
2601 2408 2840 2481 qualiter
2861 2406 3061 2476 dejecti
3082 2413 3138 2461 et
3175 2407 3245 2461 ad
3261 2423 3320 2462 se
3348 2407 3650 2462 clamantis
3673 2409 3796 2478 epi-

2170 2501 2324 2571 scopi
2348 2499 2732 2566 restitutionis,
2778 2498 2864 2553 vel
2910 2498 2964 2551 in
2999 2496 3351 2567 depositione
3387 2501 3802 2568 permansionis

2174 2591 2473 2657 exsecutio,
2497 2607 2619 2646 cum
2649 2589 3011 2644 indemnitate
3042 2588 3373 2658 simpliciter
3421 2589 3794 2657 judicantium

2174 2686 2242 2740 ab
2265 2685 2564 2757 apostolica
2607 2686 2738 2739 sede
2791 2683 2996 2738 debeat
3022 2681 3315 2737 celebrari.
3350 2682 3510 2746 Quod
3534 2692 3594 2739 et
3638 2686 3796 2739 Inno-

2174 2781 2407 2848 centius,
2434 2797 2497 2836 ac
2538 2779 2873 2846 Bonifacius,
2927 2794 3114 2833 verum
3155 2777 3263 2831 Leo
3317 2777 3373 2830 in
3421 2778 3675 2834 decretis
3698 2783 3800 2848 {ubi

2173 2873 2385 2941 supra),
2409 2879 2464 2924 et
2482 2868 2780 2943 Gregorius
2810 2865 3126 2921 exidentius
3166 2863 3221 2917 in
3245 2864 3504 2934 epistolis
3545 2865 3670 2918 suis
3711 2866 3796 2918 de-

2177 2969 2502 3029 monstrant,
2536 2960 2984 3033 Carthaginensis
3005 2957 3250 3023 concilii,
3303 2956 3415 3011 imo
3479 2959 3797 3028 apostolica

2173 3059 2351 3124 Sedis,
2381 3073 2502 3128 qua:
2530 3056 2586 3109 in
2627 3055 2743 3110 suis
2789 3055 2971 3108 eidem
3031 3052 3292 3123 praesedit
3321 3050 3552 3107 vicariis
3584 3051 3798 3105 decreta

2172 3157 2470 3220 sequentes
2499 3148 2672 3216 (Cone.
2714 3145 2898 3200 Carth.
2958 3159 3036 3205 Ill,
3080 3157 3202 3196 can.
3240 3142 3323 3212 10)
3363 3159 3377 3194 :
3421 3162 3446 3192 ε
3477 3141 3798 3196 Videliceta

2174 3239 2600 3311 quibuscunque
2613 3235 2902 3305 judicibus
2923 3233 3313 3288 ecclesiasticis
3327 3232 3394 3286 ad
3417 3232 3562 3288 alios
3585 3233 3800 3300 judices

2177 3331 2600 3396 ecclesiasticos,
2623 3328 2717 3383 ubi
2746 3334 2831 3382 est
2889 3327 3065 3394 major
3116 3325 3443 3391 auctoritas,
3473 3325 3649 3380 fuerit
3683 3341 3801 3395 pro—

2175 3432 2449 3489 vocatum,
2474 3438 2583 3478 non
2613 3422 2694 3476 eis
2709 3421 2875 3487 obsit,
2908 3434 3145 3490 quorum
3178 3417 3345 3472 fuerit
3375 3417 3562 3472 soluta
3590 3429 3803 3472 senten-

2179 3513 2274 3578 tia,
2295 3513 2340 3566 si
2371 3510 2624 3567 convinci
2673 3525 2784 3564 non
2833 3507 3141 3579 potuerint,
3192 3506 3276 3560 vel
3331 3505 3568 3561 inimico
3622 3507 3801 3561 animo

2173 3604 2477 3673 judicasse,
2535 3602 2618 3656 vel
2676 3601 2860 3671 aliqua
2916 3598 3222 3669 cupiditate
3257 3605 3353 3652 aut
3385 3599 3570 3672 gratia
3603 3598 3802 3668 depra-

2176 3697 2361 3751 vari.»
2397 3696 2549 3750 Unde
2572 3693 2733 3749 nobis
2762 3701 2816 3747 et
2851 3690 3193 3748 conscientia
3248 3689 3646 3744 testimonium
3681 3707 3798 3760 per-

2177 3788 2352 3854 hibet,
2405 3795 2460 3841 et
2489 3785 2751 3841 omnibus
2798 3784 2891 3856 qui
2940 3781 3312 3837 interfuerunt
3362 3789 3558 3837 notum
3603 3782 3794 3835 factum

2173 3879 2345 3934 fuisse
2394 3877 2759 3952 dignoscitur,
2815 3875 3080 3947 quoniam
3139 3873 3294 3928 illum
3349 3889 3581 3928 servare
3642 3890 3796 3944 quam

2169 3970 2422 4037 judicare
2477 3964 2848 4031 maluimus,si
2903 3979 3005 4035 pro
3052 3977 3331 4018 sacrorum
3396 3978 3680 4017 canonum
3714 3979 3802 4016 ne-

2172 4059 2352 4134 glectu
2381 4073 2569 4112 eorum
2595 4053 2829 4124 judicio,
2857 4069 2956 4124 per
2985 4067 3125 4124 quos
3154 4050 3363 4122 Spiritu
3392 4059 3590 4107 sancto
3625 4053 3794 4122 inspi-

2175 4159 2328 4204 rante
2351 4145 2681 4218 promulgati
2713 4151 2861 4207 sunt,
2915 4159 3038 4198 cum
3073 4158 3139 4197 eo
3187 4157 3353 4212 quem
3385 4142 3674 4213 corrigere
3704 4160 3790 4196 ne-

2174 4238 2491 4310 quibamus,
2524 4234 2772 4289 damnari
2808 4232 3016 4303 pariter
3085 4246 3196 4286 non
3229 4230 3561 4284 timeremus
3620 4233 3682 4286 Et
3711 4233 3790 4287 id-

2174 4329 2322 4384 circo
2381 4326 2531 4380 nullo
2589 4323 2816 4378 inimico
2861 4321 3069 4386 animo,
3123 4319 3276 4374 nulla
3329 4319 3649 4389 cupiditate
3708 4331 3787 4375 aut

2177 4420 2354 4494 gratia
2385 4417 2689 4489 depravati,
2720 4415 2920 4469 ﬂentes
2949 4414 3100 4468 illius
3133 4411 3584 4484 incorrigibilem
3618 4431 3791 4470 socor-

449 4495 705 4550 Wmelias
743 4494 810 4548 ab
853 4493 946 4548 lno
993 4491 1128 4545 mihi
1187 4490 1367 4545 malas
1426 4488 1715 4560 νετνεηὶτθ
1770 4490 1919 4545 νοῙυί
1955 4508 1970 4556 4
2002 4492 2144 4577 ita“
2177 4488 2346 4576 diam,
2403 4488 2473 4563 eti
2509 4505 2928 4561 irrevocabilem
2987 4501 3370 4573 pertinaciam,
3437 4504 3723 4577 regularia
3749 4505 3790 4556 in

449 4585 721 4656 quidquid
752 4582 1115 4658 benignitatis
1148 4590 1359 4652 potero,
1387 4580 1754 4635 libentissime
1777 4581 2071 4636 abundan-
2091 4562 2150 4631 D
2174 4619 2300 4658 cum
2327 4562 2540 4670 judicia
2567 4596 2810 4652 exsecuti
2848 4562 3060 4662 sumtis,
3111 4610 3233 4665 qua}
3254 4593 3322 4647 ab
3353 4562 3422 4648 ἑο
3450 4562 3792 4665 suvspendere

453 4679 562 4733 tius
581 4679 770 4743 etiam,
819 4693 982 4748 quam
1011 4691 1253 4746 unquam
1305 4673 1552 4740 fecerim,
1592 4675 1914 4745 impendere
1945 4691 2073 4745 pro-

450 4770 676 4826 curabo.
725 4769 778 4824 Si
822 4785 952 4824 vero
982 4768 1102 4822 sine
1132 4769 1246 4821 ulla
1301 4766 1679 4822 satisfactione
1711 4773 1817 4821 tam
1873 4767 2070 4821 diutini

450 4871 801 4934 contemptus
839 4877 1121 4917 sacrorum
1177 4877 1475 4924 canonum,
1502 4861 1726 4915 etsedis
1755 4861 2072 4931 apostolica:

451 4957 824 5018 decretorum,
857 4969 921 5007 ac
945 4968 1058 5006 suae
1109 4951 1432 5022 metrOpolis
1465 4951 1760 5024 privilegii,
1788 4961 1952 5021 atque
1983 4967 2074 5022 sy-

450 5045 733 5099 nodalium
761 5045 1124 5112 judiciorum,
1153 5043 1358 5114 quibus
1416 5059 1519 5097 nec
1583 5043 1838 5111 obedire,
1881 5059 1985 5098 nec
2011 5060 2073 5098 se

452 5134 804 5189 obediturum
839 5137 906 5189 de
932 5144 1133 5192 caetero
1161 5134 1407 5205 profiteri
1449 5134 1534 5189 vel
1579 5134 1936 5189 subscribere
1966 5149 2069 5189 vo—

454 5224 574 5288 luit,
597 5231 651 5276 et
706 5223 912 5294 absque
980 5224 1344 5294 professione,
1401 5224 1489 5279 vel
1532 5224 1900 5295 suscriptione
1957 5239 2071 5279 suae

455 5313 814 5369 correctionis
871 5325 924 5369 et
971 5317 1329 5383 obedientiaa,
1406 5331 1590 5371 coram
1633 5314 1897 5370 fratribus
1936 5315 2072 5382 suis,

455 5423 690 5477 quorum
726 5407 1002 5463 multoties
1055 5410 1327 5480 regularia
1359 5416 1644 5480 spreverat
1676 5409 1904 5475 monita,
1945 5425 2070 5464 cum

456 5497 586 5550 inde
610 5496 892 5565 pluraliter
923 5499 978 5550 in
1029 5499 1228 5552 Leonis
1273 5507 1328 5553 et
1358 5500 1607 5570 Gregorii
1635 5499 1888 5570 epistolis
1929 5501 2072 5554 rele—

452 5597 632 5660 gatur.
657 5588 714 5642 Si
741 5589 925 5654 etiam,
958 5598 1017 5642 ut
1044 5591 1138 5643 illa
1190 5599 1581 5659 praetereamus
1612 5608 1735 5663 quae
1775 5591 1847 5646 ob
1877 5571 2068 5647 sacer-

452 5678 591 5734 dotii
640 5676 1032 5731 verecundiam
1072 5685 1125 5729 et
1153 5679 1518 5746 Opprobrium
1568 5679 1934 5740 saecularium,
1971 5695 2068 5734 se-

454 5781 692 5844 quentes
720 5770 1030 5825 Africanum
1059 5769 1375 5837 concilium,
1408 5789 1509 5826 nec
1539 5774 1608 5827 ad
1632 5773 2068 5828 nominationem

2175 4691 2385 4746 diutius
2412 4703 2523 4744 non
2553 4685 3028 4758 praesumpsimus.

2253 4801 2272 4828 α
2304 4780 2493 4833 Vestra
2519 4776 2684 4831 etiam
2717 4783 2774 4829 et
2793 4789 3007 4829 summa
3023 4769 3322 4826 auctoritas
3346 4769 3403 4823 in
3436 4770 3795 4827 decernendo

2175 4871 2424 4926 attendet
2475 4868 2795 4938 Apostolum
2847 4865 3160 4930 docentem,
3239 4862 3373 4932 quia
3431 4866 3796 4933 quorumdam

2174 4971 2400 5034 peccata
2430 4957 2803 5030 praecedentia
2831 4964 2962 5010 sunt
2990 4954 3058 5009 ad
3100 4952 3400 5022 judicium,
3432 4956 3798 5024 quorumdam

2174 5053 2340 5106 etiam
2372 5057 2427 5105 et
2455 5049 2872 5118 subsequuntur
2893 5046 2939 5115 (Ι
2969 5047 3105 5099 Tim.
3141 5044 3210 5112 v).
3238 5044 3390 5109 Quae,
3425 5043 3579 5099 sicut
3618 5046 3800 5100 beatus

2175 5136 2742 5211 exponitAmbrosius
2775 5135 2886 5202 (lib.
2921 5150 2936 5186 ι
2968 5136 3041 5187 De
3069 5134 3218 5202 apol.
3248 5132 3446 5196 David,
3481 5148 3534 5186 c.
3570 5134 3654 5201 6),
3685 5151 3744 5189 ac
3763 5133 3798 5184 si

2175 5231 2355 5303 posita
2384 5231 2442 5284 in
2463 5229 2702 5294 bilance,
2722 5224 3011 5296 injudicio
3042 5233 3172 5279 sunt
3203 5223 3607 5290 examinanda,
3628 5234 3796 5280 utrum

2175 5321 2322 5376 bona
2361 5335 2533 5390 opera
2560 5317 2798 5389 amplius
2839 5315 3126 5387 pensando
3157 5313 3573 5368 remuneranda
3604 5329 3798 5385 prme-

2178 5414 2330 5480 dant,
2361 5420 2416 5467 et
2463 5412 2608 5466 male
2655 5410 2798 5465 facta
2849 5408 3081 5464 minima
3128 5406 3582 5460 misericorditer
3625 5407 3799 5460 dimit—

2174 5506 2338 5561 tenda
2369 5505 2753 5559 demonstrent
2787 5519 2799 5556 :
2825 5517 2893 5555 an
2917 5500 3062 5554 male
3093 5498 3232 5553 facta
3253 5497 3499 5567 amplius
3519 5500 3797 5569 pensando

2173 5597 2508 5667 praecedant,
2566 5602 2626 5650 ut
2669 5599 2990 5648 mereantur
3020 5589 3395 5644 damnationis
3421 5590 3728 5657 judicium,
3757 5600 3796 5642 et

2173 5683 2319 5740 bona
2366 5684 2598 5755 paucula
2651 5682 2942 5738 suffocent.
3004 5680 3142 5743 Quia
3175 5687 3231 5732 et
3287 5694 3391 5733 nos
3443 5695 3548 5749 pro
3585 5680 3795 5735 modulo

2174 5783 2362 5829 nostro
2386 5789 2497 5830 non
2515 5774 2694 5831 solum
2731 5771 3114 5838 inutilitatem,
3147 5785 3340 5823 verum
3370 5778 3428 5822 et
3467 5771 3792 5826 noxietatem
