3912 6418
162 392 266 446 173

811 394 1139 451 HlSTORl/E
1181 398 1508 454 ECCLESI/E
1548 401 1874 457 REMENSIS
1917 404 2090 459 LIBRI
2133 405 2456 470 QUATUOR.
2485 440 2556 448 —
2597 409 2719 470 LIB.
2765 411 2854 463 Ill.

3397 395 3498 472 m

160 520 220 573 in
261 520 516 576 Rothado
558 537 683 576 cum
737 521 894 578 factis
945 527 1060 579 suis
1100 529 1499 597 pensavimus:
1541 540 1596 584 et
1634 533 1856 604 velutA
1881 536 2184 589 secundum
2234 537 2476 606 Apostoli
2512 537 2891 609 Evangelium,
2926 538 3268 594 redditurum
3319 542 3500 597 Domi-

159 609 461 666 ﬁculneam
501 610 924 680 infructuosam,
977 622 1173 669 terram
1209 617 1530 671 rationalem
1577 619 1787 674 diutius

160 702 438 758 inutiliter
475 713 861 774 occupantem,
896 718 951 762 et
981 708 1143 762 etiam
1167 718 1293 778 post
1324 711 1482 780 plura
1513 717 1784 781 tempora,

161 796 466 868 pluresque
497 797 931 866 admonitiones,
956 801 1113 871 quasi
1135 802 1406 873 cophinos
1428 803 1787 876 pinguedinis

158 892 268 946 sibi
299 895 587 964 appositos
617 910 728 950 non
759 897 1145 968 recipientem,
1169 901 1266 954 sed
1295 900 1538 955 sterilem
1567 917 1788 972 perma-

159 994 411 1051 nentem,
436 1001 548 1041 non
571 985 693 1040 sine
715 987 907 1041 dolore
928 989 1110 1043 cordis
1130 991 1521 1046 succidendum
1551 992 1790 1063 providi-

159 1092 306 1130 mus.
337 1076 401 1130 Et
429 1091 555 1130 cum
582 1076 700 1130 haec
730 1076 802 1131 ite
833 1093 891 1130 se
923 1079 1184 1143 habeant,
1203 1081 1412 1152 absque
1443 1082 1789 1138 dubitatione

159 1162 410 1229 conﬁdo,
445 1164 574 1234 quia
608 1163 764 1231 illud,
795 1165 945 1236 quod
987 1169 1039 1220 in
1080 1169 1304 1238 praefato
1346 1169 1792 1245 Carthaginensis

158 1257 386 1312 concilii
409 1258 594 1326 (Cone.
617 1259 651 1311 3
669 1258 856 1313 Carth.
881 1261 1104 1316 canJO.
1125 1269 1179 1315 et
1199 1265 1514 1330 Afric.can.
1539 1266 1622 1331 89)
1639 1266 1789 1335 capi-

161 1350 279 1405 tulo
313 1351 436 1404 sine
466 1350 579 1404 ulla
611 1350 1059 1421 interpellatione
1095 1355 1472 1427 subsequitur,
1505 1357 1788 1413 decretum

161 1439 343 1493 vestri
377 1442 775 1496 moderaminis
803 1459 1153 1515 nequaquam
1188 1447 1492 1516 praeteriet:
1517 1447 1680 1514 Sane,
1703 1448 1789 1501 in-

161 1533 310 1604 quit,
343 1535 390 1588 si
432 1551 500 1589 ex
537 1551 808 1591 consensu
839 1537 1076 1606 partium
1107 1539 1270 1593 electi
1312 1538 1518 1594 fuerint
1549 1541 1790 1608 judices,

160 1625 330 1680 etiam
359 1643 392 1681 a
412 1627 670 1696 pauciore
695 1645 950 1693 numero,
975 1645 1140 1700 quam
1162 1631 1522 1686 constitutum
1555 1641 1659 1699 est,
1679 1649 1791 1689 non

158 1721 330 1778 liceat
359 1725 667 1794 provocari.
703 1725 801 1790 Qui
827 1742 1092 1782 numerus
1123 1729 1454 1784 constitutus
1483 1730 1539 1783 in
1568 1730 1789 1784 duode-

159 1813 310 1869 cimo
341 1815 617 1887 superiori
651 1817 894 1888 capitulo
926 1819 1360 1882 demonstratus,
1395 1827 1449 1875 et
1487 1837 1792 1878 consensus

161 1910 408 1979 partium
439 1909 737 1980 expetitus,
782 1911 838 1965 in
873 1912 1270 1981 dijudicatione
1298 1915 1535 1970 Rothadi
1576 1924 1790 1971 constat

160 1998 340 2054 fuisse
365 2000 692 2070 completus.
735 2001 974 2065 Quorum
1008 2008 1063 2056 et
1103 2003 1148 2056 si
1177 2003 1448 2072 judicium
1491 2021 1590 2074 pro
1649 2023 1790 2077 qua—

158 2107 388 2163 cunque
429 2108 593 2147 causa
633 2092 774 2149 forte
821 2095 1256 2162 rationabiliore,
1302 2106 1356 2153 et
1408 2099 1590 2155 adhuc
1629 2100 1791 2155 nobis

157 2184 476 2257 incognita,
525 2192 722 2240 vestrae
752 2201 981 2240 summa!
1027 2189 1360 2252 auctoritati,
1396 2207 1558 2262 quam
1618 2192 1790 2246 multa

158 2275 333 2330 nobis
377 2277 593 2332 occulta
642 2293 752 2333 non
814 2288 1117 2344 transeunt,
1181 2281 1452 2352 placuerit
1501 2281 1784 2354 refragari,

153 2367 292 2438 quia
322 2382 502 2422 meum
535 2373 619 2423 est
649 2384 769 2424 mea
803 2370 960 2425 vobis
985 2371 1302 2426 obedienda
1331 2372 1696 2440 committere,
1729 2381 1783 2428 et

154 2475 274 2515 non
321 2461 532 2530 judicia
561 2470 742 2518 vestra
793 2464 1090 2530 discutere,
1138 2467 1450 2535 sustinebo,
1498 2477 1552 2522 et
1591 2477 1782 2524 contra

148 2564 400 2612 vestram
455 2557 762 2632 regularem
813 2560 1243 2624 restitutionem,
1313 2564 1361 2618 si
1411 2563 1550 2619 forte
1605 2565 1659 2619 in
1716 2583 1780 2623 eo

151 2651 383 2724 agenda
418 2650 540 2704 visa
570 2649 730 2705 fuerit
781 2650 854 2720 (in
896 2668 1003 2722 qua
1033 2662 1211 2708 vestra
1253 2652 1509 2725 disponet
1539 2658 1780 2712 auctori-

153 2750 269 2808 tas,
305 2741 544 2812 qualiter
575 2740 720 2794 idem
751 2742 946 2808 victor,
997 2751 1058 2797 ut
1110 2745 1271 2812 solet,
1317 2754 1370 2801 et
1407 2747 1518 2802 voti
1559 2764 1786 2819 compos

154 2847 289 2904 quae
317 2840 446 2887 sunt
475 2831 720 2904 episcopi
752 2833 820 2888 de
860 2834 1078 2906 reliquo
1117 2835 1296 2905 faciat)
1329 2855 1434 2893 non
1470 2840 1786 2894 recalcitra-

155 2925 260 2984 bo,
295 2925 509 2978 ducens
537 2938 639 2993 pro
672 2939 893 2995 magno,
922 2925 967 2978 si
996 2941 1026 2980 a
1053 2925 1283 2981 diutinis
1315 2935 1368 2981 et
1396 2929 1586 2983 multis
1616 2929 1793 2984 mole-

157 3015 315 3079 stiis,
350 3031 490 3084 quas
520 3013 589 3068 ab
613 3014 706 3070 illo
729 3024 784 3069 et
804 3029 903 3085 pro
926 3015 1021 3070 illo
1044 3031 1239 3086 passus
1261 3033 1404 3081 sum,
1423 3017 1536 3084 jam
1570 3018 1789 3072 tandem

157 3109 468 3180 aliquando
493 3109 702 3163 valeam
732 3110 1005 3181 respirare
1037 3128 1049 3163 :
1083 3121 1138 3166 et
1169 3128 1451 3183 nunquam
1483 3114 1618 3167 mihi
1649 3129 1791 3168 con-

158 3203 347 3276 tingat
390 3201 624 3257 ulterius
655 3206 845 3257 contra
893 3203 1047 3258 illius
1076 3203 1493 3274 inquietudines
1527 3207 1795 3262 inutiliter

157 3293 441 3349 laborare.
486 3293 548 3348 Et
585 3295 732 3365 quod
774 3310 885 3350 non
916 3295 1092 3350 solum
1125 3295 1194 3350 ab
1227 3297 1620 3353 ecclesiasticis
1651 3315 1785 3370 per-

156 3385 342 3450 sonis,
394 3401 582 3440 verum
629 3393 683 3441 et
724 3387 895 3442 multo
926 3388 1103 3462 magis
1141 3389 1306 3443 etiam
1348 3407 1376 3443 a
1431 3389 1787 3444 saecularibus

159 3487 360 3533 nostra
387 3478 598 3545 judicia
628 3487 1080 3546 contemnuntur,
1123 3489 1177 3534 et
1217 3497 1314 3552 pro
1355 3481 1528 3538 nihilo
1574 3483 1787 3537 ducun-

159 3577 274 3634 tur,
312 3566 631 3622 dicentibus
662 3569 766 3636 eis,
795 3575 850 3623 et
878 3569 944 3623 ad
975 3569 1218 3624 medium
1251 3571 1651 3627 devocantibus
1676 3574 1791 3641 illa,

161 3675 295 3729 quae
329 3659 463 3712 mihi
494 3666 690 3714 vestra:
721 3659 1036 3715 auctoritati
1069 3675 1179 3716 non
1207 3670 1336 3716 sunt
1359 3663 1708 3730 ascribenda,
1735 3676 1796 3719 ut

161 3767 281 3806 non
333 3751 579 3805 animum
611 3752 921 3807 dulcedinis
975 3760 1172 3809 vestrae
1203 3754 1260 3808 in
1289 3755 1478 3826 aliquo
1517 3771 1791 3823 moveam,

161 3844 321 3917 quod
362 3860 719 3916 summopere
771 3861 965 3902 cavere
1012 3846 1289 3902 desidero.
1325 3848 1378 3901 Si
1427 3849 1521 3919 qui
1556 3849 1611 3902 in
1662 3865 1793 3920 pro-

160 3934 353 3990 vincia
378 3941 586 3998 nostra,
620 3949 855 4005 quorum
895 3935 1124 4006 querela
1153 3935 1268 4004 (illo
1301 3935 1665 4002 restituto)ad
1695 3954 1791 3993 vos

161 4027 352 4082 valeat
378 4025 692 4096 pervenire,
736 4025 1040 4096 majoribus
1081 4027 1264 4082 causis
1291 4028 1360 4082 de
1405 4036 1604 4085 caetero
1635 4047 1790 4102 quae-

159 4118 296 4173 dam
356 4117 754 4183 commiserint,
786 4118 931 4173 sicut
984 4119 1054 4173 dc
1095 4119 1428 4190 quibusdam
1482 4121 1650 4175 rebus
1680 4121 1793 4176 fre-

161 4207 436 4279 quentius
509 4206 566 4260 in
645 4206 786 4273 istis,
852 4223 1017 4278 quam
1095 4209 1380 4263 retroactis
1453 4210 1795 4280 temporibus

161 4299 613 4367 committuntur,
664 4316 734 4355 ne
785 4318 818 4356 a
883 4302 992 4357 Deo
1071 4302 1302 4357 damner
1389 4304 1636 4373 silentio,
1698 4321 1794 4360 eos

163 4407 528 4449 commonere
603 4394 861 4459 studebo,
895 4403 950 4449 et
1006 4396 1050 4450 si
1096 4397 1372 4470 corrigere
1417 4414 1478 4452 se
1519 4398 1796 4454 voluerint

161 4483 561 4556 congaudebo.
613 4483 709 4537 Sin
737 4491 941 4552 autem,
1003 4485 1071 4539 ad
1103 4493 1347 4540 vestrum
1393 4501 1490 4542 eos
1523 4487 1794 4555 judicium

165 4572 510 4644 provocabo.
573 4573 672 4638 Qui
706 4575 751 4628 si
796 4575 876 4629 ire
934 4575 1230 4643 voluerint,
1270 4583 1446 4630 vestra
1473 4584 1663 4631 sancta
1709 4593 1799 4630 sa-

163 4663 388 4735 pientia
441 4664 573 4735 quid
623 4664 754 4718 inde
798 4664 1005 4719 melius
1051 4665 1272 4732 viderit,
1315 4665 1617 4720 decernere
1670 4682 1800 4737 pro-

161 4755 413 4812 curabit.
462 4756 515 4810 Si
548 4763 730 4811 autem
772 4756 851 4811 ire
900 4757 1200 4823 noluerint,
1254 4756 1458 4813 facient
1491 4758 1640 4829 quod
1689 4759 1796 4813 sibi

162 4846 311 4902 utile
353 4846 742 4913 judicaverint.
791 4847 872 4901 Me
928 4847 1137 4902 utinam
1166 4847 1296 4902 hinc
1337 4863 1368 4902 a
1413 4847 1599 4902 divina
1645 4848 1793 4902 dam-

163 4935 403 4991 natione
450 4936 733 4990 sententia
763 4936 937 4990 sancti
979 4936 1251 4992 Ambrosii
1296 4937 1514 4999 liberet,
1559 4953 1666 5008 qua
1705 4937 1791 4992 di-

163 5026 246 5081 cit
275 5042 288 5078 :
323 5024 403 5090 Si,
439 5024 719 5095 inquiens,
747 5025 875 5097 quis
903 5033 1232 5096 potestatem
1266 5041 1376 5081 non
1410 5025 1596 5093 habet,
1629 5042 1794 5098 quam

165 5119 281 5172 scit
312 5132 466 5171 reum
489 5117 752 5186 abjicere,
797 5118 1149 5189 autprobare
1189 5135 1300 5174 non
1333 5119 1500 5185 valet,
1535 5119 1797 5174 immunis

169 5220 278 5266 est.
330 5210 532 5281 Sicque
578 5217 639 5265 ut
677 5217 832 5282 puto,
885 5211 1016 5281 quia
1056 5211 1112 5265 in
1146 5212 1332 5266 multis
1374 5221 1697 5283 occupatus,
1743 5222 1798 5267 et

168 5303 398 5358 itineris
453 5302 799 5375 longitudine
845 5311 1007 5376 atque
1050 5304 1105 5358 in
1168 5304 1448 5360 soliditate
1502 5304 1797 5360 obstrictus

167 5392 243 5447 de
276 5391 566 5460 omnibus,
598 5399 896 5462 antequam
937 5392 1296 5448 insolentium
1328 5394 1555 5464 querela
1590 5394 1658 5447 ad
1701 5409 1801 5448 vos

165 5485 486 5556 perveniat,
517 5485 586 5538 ad
620 5484 978 5554 apostolicam
1009 5485 1197 5539 sedem
1228 5484 1437 5540 referre
1481 5500 1591 5540 non
1622 5485 1798 5552 valeo,

164 5573 498 5630 inﬁrmitate
535 5580 815 5647 gravatus,
867 5584 921 5629 et
972 5574 1196 5648 (gratias
1237 5575 1370 5642 Deo)
1415 5575 1650 5630 termino
1687 5575 1800 5643 jam

162 5665 409 5728 vicinus,
446 5672 644 5734 potero
675 5679 1009 5734 praecavere,
1051 5679 1120 5718 ne
1152 5680 1183 5718 a
1213 5679 1546 5735 quocunque
1597 5663 1804 5718 sancti-

161 5754 301 5808 tatis
343 5760 545 5808 vestraa
595 5751 814 5806 animus
850 5768 980 5825 erga
1028 5767 1116 5807 me
1161 5761 1470 5820 moveatur,
1521 5760 1582 5807 ut
1617 5753 1802 5825 aliqua

167 5841 308 5897 mihi
350 5839 850 5898 excommunicatio
910 5841 1233 5897 intentetur.
1273 5840 1335 5896 Et
1377 5841 1509 5895 licet
1547 5841 1800 5897 noverim

1888 642 2017 680 num
2063 627 2366 698 unicuique
2414 629 2719 683 secundum
2755 645 2923 701 opera
2958 633 3078 698 ejus
3117 633 3208 700 (ΙΙ
3254 633 3373 689 Cor.
3429 638 3497 702 v),

1887 715 2266 770 testimonium
2311 717 2581 771 reddente
2633 718 2740 772 illis
2797 719 3140 774 conscientia
3193 723 3366 789 (Rom.
3423 726 3502 794 ιι),

1887 812 1942 860 et
1973 806 2116 860 inter
2158 823 2217 861 se
2261 807 2497 863 invicem
2544 809 2936 883 cogitationum
2968 813 3368 878 accusantium,
3411 824 3504 870 aut

1889 898 2052 952 etiam
2087 899 2524 967 defendentium,
2572 901 2627 954 in
2687 901 2778 956 die
2826 918 2934 972 qua
2978 902 3255 971 judicabit
3295 906 3506 961 occulta

1891 990 2196 1045 hominum.
2233 991 2294 1046 Et
2332 997 2391 1046 ut
2430 992 2536 1047 Leo
2568 992 2703 1048 dicit
2733 1009 2746 1046 :
2803 992 2855 1046 Si
2895 993 3029 1063 quid
3060 1009 3159 1064 per
3185 997 3504 1052 servitutem

1892 1086 2132 1135 nostram
2191 1080 2449 1135 videlicet
2503 1081 2921 1147 sacerdotalem,
2984 1081 3130 1136 bono
3197 1085 3394 1138 ordine
3452 1091 3507 1140 et

1891 1172 2219 1244 gratulando
2265 1172 2528 1242 impletur
2580 1171 2798 1238 affectu,
2846 1187 2956 1227 non
3014 1173 3358 1247 ambigamus
3410 1193 3509 1247 per

1891 1260 2152 1331 Spiritum
2194 1268 2442 1315 sanctum
2475 1260 2636 1316 nobis
2684 1260 2857 1316 fuisse
2905 1263 3212 1328 donatum;
3274 1272 3328 1319 et
3358 1268 3507 1336 quod

1890 1365 2054 1404 secus
2097 1349 2281 1418 fuerit,
2316 1357 2493 1404 ratum
2527 1365 2649 1404 esse
2675 1365 2784 1405 non
2818 1351 3061 1421 poterit:
3119 1353 3302 1408 modis
3328 1356 3510 1410 omni—

1892 1441 2019 1506 bus,
2063 1448 2331 1512 quantum
2375 1441 2495 1511 ipse
2524 1441 2830 1507 donaverit,
2872 1460 2902 1496 a
2936 1459 3044 1514 quo
3075 1451 3158 1497 est
3203 1460 3369 1499 omne
3413 1447 3512 1500 da-

1897 1538 2009 1586 tum
2056 1532 2325 1602 Optimum
2360 1538 2414 1586 et
2467 1547 2634 1586 omne
2679 1533 2884 1587 donum
2926 1533 3228 1604 perfectum
3259 1537 3393 1601 (Jac.
3450 1543 3508 1602 ι),

1894 1621 2186 1690 providere
2216 1620 2476 1686 studebo,
2511 1635 2580 1676 ne
2610 1637 2641 1675 a
2683 1621 3074 1676 communione
3104 1621 3255 1676 sedis
3285 1633 3512 1694 aposto-

1893 1709 2014 1764 lica:
2036 1710 2202 1781 (quod
2231 1710 2394 1778 absit)
2412 1710 2840 1779 quolibetmodo
2857 1717 3128 1766 extorrem
3169 1729 3256 1766 me
3287 1713 3514 1769 ultimus

1893 1801 2014 1854 dies
2067 1800 2161 1871 qui
2195 1800 2333 1854 mihi
2367 1800 2610 1855 incertus
2649 1809 2754 1867 est,
2791 1808 2846 1856 et
2874 1801 3061 1857 subito
3087 1803 3279 1857 venire
3307 1811 3510 1873 potest,

1819 1861 1866 1928 Β
1893 1892 2156 1947 inveniat.
2203 1892 2311 1946 Erit
2348 1892 2518 1959 enim,
2549 1893 2801 1963 quamvis
2837 1893 3051 1948 tardius
3089 1911 3252 1966 quam
3287 1911 3513 1951 necesse

1890 1988 1982 2053 sit,
2037 1987 2300 2059 quoniam
2353 2003 2457 2059 ego
2507 1988 2689 2060 gravis
2737 1997 3033 2060 peccator,
3093 1991 3244 2064 gravi
3293 2007 3513 2046 carcere

1891 2081 2141 2150 corporis
2198 2081 2291 2134 diu
2353 2081 2598 2135 inclusus
2659 2089 2891 2149 teneor,
2953 2084 3151 2139 merito
3210 2085 3264 2138 in
3323 2085 3512 2140 multis

1890 2177 2149 2244 afﬂictus,
2208 2178 2704 2249 providentissimo
2758 2176 2991 2232 Domino
3049 2176 3398 2247 providente,
3457 2185 3512 2232 et

1891 2275 2127 2337 tempus,
2175 2274 2232 2321 et
2263 2283 2502 2337 persona
2533 2266 2588 2320 in
2621 2267 2922 2321 Remorum
2972 2265 3234 2331 Ecclesia,
3265 2266 3509 2337 quando,

1888 2363 1943 2410 et
1973 2357 2028 2409 in
2063 2372 2171 2427 qua
2193 2356 2263 2411 ab
2296 2357 2598 2428 apostolica
2628 2355 2954 2412 auctoritate
2984 2356 3337 2428 privilegium
3371 2356 3514 2411 inte-

1882 2462 2096 2526 gratum
2155 2453 2261 2507 sibi
2315 2470 2380 2509 ex
2416 2453 2646 2525 antiqua
2688 2451 3097 2508 consuetudine
3153 2453 3412 2506 collatum
3457 2460 3512 2505 et

1882 2556 2264 2603 conservatum
2330 2547 2667 2602 habebitur:
2735 2563 2858 2618 quae
2913 2562 3218 2618 nunquam,
3281 2553 3511 2616 excepto

1889 2639 2138 2694 Romano
2168 2638 2454 2710 pontifice,
2513 2639 2801 2708 primatem
2854 2637 3067 2705 habuit,
3111 2637 3222 2692 nisi
3264 2637 3510 2708 quandiu

1891 2735 2070 2800 ejecto
2101 2733 2224 2786 sine
2254 2730 2368 2786 ullo
2401 2730 2632 2785 crimine
2658 2729 2726 2784 ab
2759 2745 2824 2784 ea
2847 2745 2947 2784 suo
2987 2728 3272 2800 pontiﬁce,
3299 2730 3515 2784 violen-

1890 2823 1966 2877 tia
2011 2822 2230 2893 tyranni
2283 2821 2524 2888 Milonis,
2574 2829 2822 2891 tempore
2872 2821 3051 2875 Karoli
3094 2820 3363 2891 principis
3414 2838 3515 2891 pa-

1896 2918 2045 2966 store
2102 2926 2322 2975 vacans,
2391 2909 2669 2964 Bonifacio
2730 2909 3047 2979 apostolicze
3104 2910 3254 2964 sedis
3310 2910 3516 2981 legato,

1895 3003 2238 3074 aliquandiu,
2269 3002 2414 3057 sicut
2452 3009 2506 3056 et
2543 2997 2788 3056 Ecclesia
2815 3000 3194 3062 Treverensis,
3224 3000 3516 3054 commissa

1897 3099 2016 3155 fuit.
2055 3101 2205 3154 lnter
2233 3115 2392 3170 quas,
2429 3099 2756 3153 Remensem
2792 3097 3004 3151 scilicet
3033 3106 3087 3150 et
3115 3097 3513 3151 Treverensem

1897 3193 2192 3249 Ecclesiam
2228 3193 2345 3263 (has
2389 3191 2539 3246 enim
2571 3190 2711 3244 duas
2765 3195 2975 3243 tantum
3035 3187 3347 3258 provincias
3394 3189 3517 3242 Bel-

1847 3275 1865 3298 ¹
1898 3286 2020 3360 gica
2056 3284 2210 3357 regio
2257 3283 2449 3353 habet)
2479 3283 2596 3336 haec
2635 3296 2855 3352 semper
2898 3280 3186 3335 distinctio
3219 3279 3342 3347 fuit,
3372 3280 3516 3335 sicut

1899 3381 1954 3436 in
1981 3377 2366 3435 ecclesiasticis
2395 3375 2770 3432 monumentis
2800 3375 3136 3440 invenimus,
3169 3382 3224 3429 et
3253 3374 3516 3429 vetustis-

1897 3477 2090 3532 simam
2131 3473 2593 3529 consuetudinem
2625 3488 2846 3542 semper
2890 3470 3202 3526 obtinuisse
3234 3470 3516 3541 comperi-

1894 3581 2041 3631 mus,
2085 3570 2146 3617 ut
2197 3562 2371 3617 isdem
2411 3561 2711 3632 episcopus
2766 3574 2879 3615 non
2921 3559 3045 3625 loci,
3095 3559 3192 3614 sed
3249 3559 3518 3632 dignitate

1897 3658 2109 3716 ordinis
2153 3657 2303 3728 prior
2349 3655 2653 3711 secundum
2701 3671 2887 3709 sacras
2941 3653 3160 3728 regulas
3201 3653 3519 3708 haberetur.

1899 3755 1993 3826 qui
2021 3753 2164 3810 foret
2193 3753 2252 3806 in
2283 3751 2530 3823 qualibet
2561 3751 2785 3805 istarum
2827 3748 3196 3803 Ecclesiarum
3225 3748 3518 3818 metrOpoli

1892 3857 2054 3905 antea
2101 3849 2406 3904 ordinatus.
2441 3847 2571 3902 Mihi
2602 3861 2735 3902 vero
2770 3858 3002 3899 necesse
3042 3843 3168 3908 erit,
3220 3858 3308 3897 me
3339 3842 3523 3898 taliter

1891 3958 2108 4015 gerere,
2153 3958 2223 3996 ne
2264 3940 2428 3996 toties
2482 3937 2824 3994 auctoritatis
2861 3943 3057 3992 vestrae
3108 3933 3373 4006 epistolas
3421 3950 3520 3987 ex-

1890 4036 2426 4094 communicationes
2446 4035 2787 4090 intentantes
2819 4039 2873 4088 et
2901 4029 3339 4106 objurgationes,
3383 4044 3522 4099 quas

1895 4143 2017 4183 raro
2061 4133 2116 4182 et
2145 4142 2345 4199 magna
2390 4125 2720 4181 necessitate
2760 4122 2975 4178 ﬁendas
3013 4123 3072 4177 in
3132 4119 3516 4192 apostolorum

1893 4217 2138 4272 virorum
2185 4215 2386 4270 litteris
2433 4213 2691 4288 legimus,
2753 4211 2995 4267 ferentes
3050 4210 3118 4265 de
3169 4209 3386 4280 reliquo
3429 4223 3521 4262 ac-

1898 4305 2122 4376 cipiam,
2145 4303 2287 4359 sicut
2318 4303 2436 4358 istis
2457 4301 2822 4373 temporibus,
2865 4300 3104 4372 peccatis
3133 4298 3277 4354 meis
3298 4313 3521 4352 meren-

1897 4396 2047 4451 tibus
2096 4395 2416 4467 frequenter
2463 4394 2672 4464 accepi.
2717 4392 2870 4457 Quod
2925 4392 2970 4447 si
3012 4391 3284 4446 sanctitati
3326 4398 3520 4445 vestra:

1897 4484 2190 4556 placuerit,
2215 4499 2324 4538 non
2356 4482 2515 4538 vobis
2563 4497 2704 4552 Opus
2731 4497 2894 4554 agere
2927 4481 2982 4534 in
3011 4479 3358 4550 postmodum
3395 4480 3517 4545 erit,
3610 4487 3622 4498 ‘

1899 4573 2080 4628 donec
2107 4571 2412 4642 apostolica
2441 4577 2620 4625 vestra
2655 4570 2833 4638 jussio
2875 4585 2963 4623 me
3003 4569 3422 4623 inobedientem
3465 4567 3520 4620 in

1899 4661 2086 4732 aliquo
2117 4668 2308 4715 contra
2338 4659 2561 4732 regulas
2589 4673 2772 4713 sacras
2804 4674 2905 4728 per
2935 4665 3336 4728 contemptum,
3371 4655 3518 4727 quod

1899 4751 2063 4816 absit,
2099 4749 2391 4804 invenerit.
2427 4749 2526 4813 Qui
2559 4749 2707 4803 enim
2749 4765 2920 4820 quare
2953 4747 3218 4802 Dominus
3247 4747 3302 4800 in
3345 4747 3524 4801 Evan—

1896 4843 2044 4917 gelio
2073 4842 2416 4898 centurionis
2448 4840 2613 4923 fidem
2646 4843 2786 4910 (sub.
2811 4841 3141 4905 laudaverit,
3173 4841 3256 4894 vel
3281 4840 3417 4909 quid
3448 4842 3525 4892 si-

1893 4939 2059 5006 mile),
2094 4938 2373 4992 dicentis:
2421 4937 2516 4993 Dic
2566 4937 2738 4993 verbo
2773 4946 2826 4992 et
2867 4935 3151 4991 sanabitur
3189 4949 3327 5006 puer
3365 4950 3525 4988 meus

1896 5034 2112 5102 (Matth.
2131 5033 2268 5099 vni),
2291 5032 2555 5104 intelligit
2576 5047 2739 5103 quam
2759 5029 3131 5102 Operatorium
3162 5028 3233 5082 sit
3250 5028 3521 5099 epiSCOpi,

1897 5122 2010 5178 imo
2057 5121 2201 5176 sicut
2259 5122 2314 5175 in
2367 5121 2532 5176 Paulo
2598 5121 2654 5174 in
2715 5135 2774 5175 se
2832 5117 3110 5190 loquentis
3175 5116 3374 5172 Christi
3439 5117 3532 5186 (Π

1901 5213 2023 5269 σον.
2060 5215 2201 5285 xm),
2242 5213 2466 5285 quando
2501 5211 2678 5287 magis
2717 5209 2997 5281 pontificis
3022 5208 3343 5279 apostolica:
3376 5207 3529 5261 sedis

1900 5309 2152 5370 verbum,
2188 5317 2244 5364 et
2288 5324 2460 5380 quam
2510 5305 2826 5362 obedienda
2855 5305 2926 5360 sit
2975 5303 3150 5375 ipsius
3204 5302 3528 5374 praeceptio,

1901 5400 2066 5456 etiam
2113 5405 2234 5455 sine
2275 5400 2387 5455 ulla
2418 5397 2787 5467 adjurationis
2837 5395 3171 5465 adjectionc,
3219 5393 3524 5470 cognoscit.

1905 5495 2060 5560 Quod
2091 5503 2146 5550 et
2187 5494 2494 5549 scientibus
2541 5491 2838 5559 inculcare,
2881 5500 2937 5546 et
2967 5489 3348 5546 nescientibus
3399 5487 3533 5542 inti—

1903 5604 2074 5654 mare,
2114 5589 2464 5660 sapientibus
2502 5595 2557 5643 et
2597 5587 2992 5658 insipientibus
3030 5586 3319 5641 debitores
3358 5582 3535 5638 debe-

1902 5695 2032 5734 mus
2059 5680 2325 5750 episcopi.
2357 5679 2564 5745 Quibus
2593 5677 2639 5733 si
2671 5677 2741 5733 de
2774 5677 2988 5748 reliquo
3019 5675 3190 5731 verba
3217 5675 3535 5746 iniquorum

1903 5768 2296 5840 praevaluerint
2349 5768 2643 5825 adversum
2684 5782 2810 5834 nos,
2853 5767 2996 5838 sicut
3051 5763 3308 5833 jactitant
3357 5758 3536 5831 profe-

1904 5868 2112 5928 rentes,
2143 5874 2254 5914 non
2286 5859 2388 5914 erit
2429 5875 2657 5914 necesse
2697 5859 2765 5912 de
2805 5855 3240 5929 provincialibus
3279 5847 3531 5920 synodis,
