  <div class='ocr_page' id='page_1' title='image "/cluster/home/n/w/nwhite01/storage/ocr_20150623/134-135/uc1.31175013627537/607.png"; bbox 0 0 3912 6404; ppageno 0'>
   <div class='ocr_carea' id='block_1_1' title="bbox 419 370 524 425">
    <p class='ocr_par' dir='ltr' id='par_1_1' title="bbox 419 370 524 425">
     <span class='ocr_line' id='line_1_1' title="bbox 419 370 524 425; baseline -0.019 0"><span class='ocrx_word' id='word_1_1' title='bbox 419 370 524 425; x_wconf 76' lang='grc'><strong>1⁸15</strong></span> 
     </span>
    </p>
   </div>
   <div class='ocr_carea' id='block_1_2' title="bbox 1550 365 2634 426">
    <p class='ocr_par' dir='ltr' id='par_1_2' title="bbox 1550 365 2634 426">
     <span class='ocr_line' id='line_1_2' title="bbox 1550 365 2634 426; baseline 0.004 -4"><span class='ocrx_word' id='word_1_2' title='bbox 1550 365 1914 423; x_wconf 79' lang='lat' dir='ltr'><strong>FLODOARDI</strong></span> <span class='ocrx_word' id='word_1_3' title='bbox 1958 365 2261 423; x_wconf 84' lang='lat' dir='ltr'><strong>CANONICI</strong></span> <span class='ocrx_word' id='word_1_4' title='bbox 2303 369 2634 426; x_wconf 85' lang='lat' dir='ltr'><strong>REMENSIS</strong></span> 
     </span>
    </p>
   </div>
   <div class='ocr_carea' id='block_1_3' title="bbox 3671 378 3766 431">
    <p class='ocr_par' dir='ltr' id='par_1_3' title="bbox 3671 378 3766 431">
     <span class='ocr_line' id='line_1_3' title="bbox 3671 378 3766 431; baseline 0.011 -1"><span class='ocrx_word' id='word_1_5' title='bbox 3671 378 3766 431; x_wconf 79' lang='grc'><strong>176</strong></span> 
     </span>
    </p>
   </div>
   <div class='ocr_carea' id='block_1_4' title="bbox 419 503 3763 583">
    <p class='ocr_par' dir='ltr' id='par_1_4' title="bbox 419 503 3763 583">
     <span class='ocr_line' id='line_1_4' title="bbox 419 503 3763 583; baseline 0.001 -21"><span class='ocrx_word' id='word_1_6' title='bbox 419 509 477 562; x_wconf 91' lang='lat' dir='ltr'><strong>in</strong></span> <span class='ocrx_word' id='word_1_7' title='bbox 515 506 718 578; x_wconf 87' lang='lat' dir='ltr'><strong>quibus</strong></span> <span class='ocrx_word' id='word_1_8' title='bbox 757 506 1025 560; x_wconf 79' lang='lat' dir='ltr'><strong>hactenus</strong></span> <span class='ocrx_word' id='word_1_9' title='bbox 1069 504 1460 572; x_wconf 86' lang='lat' dir='ltr'><strong>laboravimus,</strong></span> <span class='ocrx_word' id='word_1_10' title='bbox 1507 519 1842 580; x_wconf 82' lang='lat' dir='ltr'><strong>magnopere</strong></span> <span class='ocrx_word' id='word_1_11' title='bbox 1887 503 2043 558; x_wconf 87' lang='lat' dir='ltr'><strong>labo—</strong></span> <span class='ocrx_word' id='word_1_12' title='bbox 2068 510 2117 576; x_wconf 87' lang='grc' dir='ltr'>Α</span> <span class='ocrx_word' id='word_1_13' title='bbox 2143 507 2412 562; x_wconf 82' lang='lat' dir='ltr'><strong>hactenus</strong></span> <span class='ocrx_word' id='word_1_14' title='bbox 2446 523 2697 563; x_wconf 86' lang='lat' dir='ltr'><strong>servasse</strong></span> <span class='ocrx_word' id='word_1_15' title='bbox 2722 513 3000 579; x_wconf 76' lang='lat' dir='ltr'><strong>putamus.</strong></span> <span class='ocrx_word' id='word_1_16' title='bbox 3041 509 3148 564; x_wconf 91' lang='lat' dir='ltr'><strong>Vos</strong></span> <span class='ocrx_word' id='word_1_17' title='bbox 3184 510 3451 566; x_wconf 78' lang='lat' dir='ltr'><strong>videbitis</strong></span> <span class='ocrx_word' id='word_1_18' title='bbox 3471 511 3607 583; x_wconf 88' lang='lat' dir='ltr'><strong>quid</strong></span> <span class='ocrx_word' id='word_1_19' title='bbox 3639 512 3763 568; x_wconf 90' lang='lat' dir='ltr'><strong>inde</strong></span> 
     </span>
    </p>
   </div>
   <div class='ocr_carea' id='block_1_5' title="bbox 422 595 2041 669">
    <p class='ocr_par' dir='ltr' id='par_1_5' title="bbox 422 595 2041 669">
     <span class='ocr_line' id='line_1_5' title="bbox 422 595 2041 669; baseline -0.003 -16"><span class='ocrx_word' id='word_1_20' title='bbox 422 615 583 653; x_wconf 87' lang='lat' dir='ltr'><strong>rare:</strong></span> <span class='ocrx_word' id='word_1_21' title='bbox 635 597 842 669; x_wconf 90' lang='lat' dir='ltr'><strong>quippe</strong></span> <span class='ocrx_word' id='word_1_22' title='bbox 907 595 1172 666; x_wconf 90' lang='lat' dir='ltr'><strong>quoniam</strong></span> <span class='ocrx_word' id='word_1_23' title='bbox 1226 596 1334 650; x_wconf 89' lang='lat' dir='ltr'><strong>erit</strong></span> <span class='ocrx_word' id='word_1_24' title='bbox 1405 605 1462 652; x_wconf 92' lang='lat' dir='ltr'><strong>et</strong></span> <span class='ocrx_word' id='word_1_25' title='bbox 1512 597 1597 650; x_wconf 87' lang='lat' dir='ltr'><strong>lex</strong></span> <span class='ocrx_word' id='word_1_26' title='bbox 1653 603 1708 650; x_wconf 92' lang='lat' dir='ltr'><strong>et</strong></span> <span class='ocrx_word' id='word_1_27' title='bbox 1755 612 1883 666; x_wconf 87' lang='lat' dir='ltr'><strong>spes</strong></span> <span class='ocrx_word' id='word_1_28' title='bbox 1935 595 2041 649; x_wconf 90' lang='lat' dir='ltr'>sibi</span> 
     </span>
    </p>
   </div>
   <div class='ocr_carea' id='block_1_6' title="bbox 422 686 2042 762">
    <p class='ocr_par' dir='ltr' id='par_1_6' title="bbox 422 686 2042 762">
     <span class='ocr_line' id='line_1_6' title="bbox 422 686 2042 762; baseline -0.001 -19"><span class='ocrx_word' id='word_1_29' title='bbox 422 689 675 762; x_wconf 80' lang='lat' dir='ltr'><strong>quisque,</strong></span> <span class='ocrx_word' id='word_1_30' title='bbox 739 687 894 752; x_wconf 86' lang='lat' dir='ltr'><strong>Quod</strong></span> <span class='ocrx_word' id='word_1_31' title='bbox 956 686 1188 758; x_wconf 86' lang='lat' dir='ltr'><strong>quidem</strong></span> <span class='ocrx_word' id='word_1_32' title='bbox 1242 694 1423 741; x_wconf 88' lang='lat' dir='ltr'><strong>vestra</strong></span> <span class='ocrx_word' id='word_1_33' title='bbox 1487 686 1781 741; x_wconf 77' lang='lat' dir='ltr'><strong>humilitati</strong></span> <span class='ocrx_word' id='word_1_34' title='bbox 1841 692 2042 741; x_wconf 65' lang='lat' dir='ltr'><strong>nostra:</strong></span> 
     </span>
    </p>
   </div>
   <div class='ocr_carea' id='block_1_7' title="bbox 422 779 2040 851">
    <p class='ocr_par' dir='ltr' id='par_1_7' title="bbox 422 779 2040 851">
     <span class='ocr_line' id='line_1_7' title="bbox 422 779 2040 851; baseline -0.002 -15"><span class='ocrx_word' id='word_1_35' title='bbox 422 781 642 851; x_wconf 88' lang='lat' dir='ltr'><strong>scripsit</strong></span> <span class='ocrx_word' id='word_1_36' title='bbox 677 779 1010 846; x_wconf 87' lang='lat' dir='ltr'><strong>sublimitas,</strong></span> <span class='ocrx_word' id='word_1_37' title='bbox 1068 779 1248 850; x_wconf 87' lang='lat' dir='ltr'><strong>primo</strong></span> <span class='ocrx_word' id='word_1_38' title='bbox 1297 795 1396 834; x_wconf 90' lang='lat' dir='ltr'><strong>vos</strong></span> <span class='ocrx_word' id='word_1_39' title='bbox 1447 787 1754 834; x_wconf 92' lang='lat' dir='ltr'><strong>commotos</strong></span> <span class='ocrx_word' id='word_1_40' title='bbox 1793 794 1918 832; x_wconf 89' lang='lat' dir='ltr'><strong>esse</strong></span> <span class='ocrx_word' id='word_1_41' title='bbox 1972 779 2040 832; x_wconf 91' lang='lat' dir='ltr'><strong>ad</strong></span> 
     </span>
    </p>
   </div>
   <div class='ocr_carea' id='block_1_8' title="bbox 424 871 2040 942">
    <p class='ocr_par' dir='ltr' id='par_1_8' title="bbox 424 871 2040 942">
     <span class='ocr_line' id='line_1_8' title="bbox 424 871 2040 942; baseline -0.001 -16"><span class='ocrx_word' id='word_1_42' title='bbox 424 873 658 928; x_wconf 88' lang='lat' dir='ltr'><strong>Rothadi</strong></span> <span class='ocrx_word' id='word_1_43' title='bbox 709 889 929 927; x_wconf 86' lang='lat' dir='ltr'><strong>causam</strong></span> <span class='ocrx_word' id='word_1_44' title='bbox 976 871 1385 942; x_wconf 88' lang='lat' dir='ltr'><strong>inquirendam,</strong></span> <span class='ocrx_word' id='word_1_45' title='bbox 1427 888 1576 938; x_wconf 88' lang='lat' dir='ltr'><strong>cura,</strong></span> <span class='ocrx_word' id='word_1_46' title='bbox 1643 888 1752 942; x_wconf 90' lang='lat' dir='ltr'><strong>qua</strong></span> <span class='ocrx_word' id='word_1_47' title='bbox 1783 886 1882 941; x_wconf 89' lang='lat' dir='ltr'><strong>pro</strong></span> <span class='ocrx_word' id='word_1_48' title='bbox 1912 871 2040 925; x_wconf 91' lang='lat' dir='ltr'><strong>uni-</strong></span> 
     </span>
    </p>
   </div>
   <div class='ocr_carea' id='block_1_9' title="bbox 423 959 2040 1034">
    <p class='ocr_par' dir='ltr' id='par_1_9' title="bbox 423 959 2040 1034">
     <span class='ocr_line' id='line_1_9' title="bbox 423 959 2040 1034; baseline -0.002 -18"><span class='ocrx_word' id='word_1_49' title='bbox 423 962 598 1017; x_wconf 84' lang='lat' dir='ltr'><strong>versis</strong></span> <span class='ocrx_word' id='word_1_50' title='bbox 645 961 904 1016; x_wconf 84' lang='lat' dir='ltr'><strong>fratribus</strong></span> <span class='ocrx_word' id='word_1_51' title='bbox 940 960 1135 1015; x_wconf 83' lang='lat' dir='ltr'><strong>vestris</strong></span> <span class='ocrx_word' id='word_1_52' title='bbox 1180 960 1646 1034; x_wconf 81' lang='lat' dir='ltr'><strong>constringimini,</strong></span> <span class='ocrx_word' id='word_1_53' title='bbox 1697 977 1822 1015; x_wconf 90' lang='lat' dir='ltr'><strong>cum</strong></span> <span class='ocrx_word' id='word_1_54' title='bbox 1877 959 2040 1014; x_wconf 89' lang='lat' dir='ltr'><strong>debi-</strong></span> 
     </span>
    </p>
   </div>
   <div class='ocr_carea' id='block_1_10' title="bbox 424 1050 2041 1126">
    <p class='ocr_par' dir='ltr' id='par_1_10' title="bbox 424 1050 2041 1126">
     <span class='ocr_line' id='line_1_10' title="bbox 424 1050 2041 1126; baseline -0.002 -19"><span class='ocrx_word' id='word_1_55' title='bbox 424 1057 479 1107; x_wconf 90' lang='lat' dir='ltr'><strong>ta</strong></span> <span class='ocrx_word' id='word_1_56' title='bbox 539 1053 846 1107; x_wconf 84' lang='lat' dir='ltr'><strong>reverentia</strong></span> <span class='ocrx_word' id='word_1_57' title='bbox 899 1058 1181 1126; x_wconf 82' lang='lat' dir='ltr'><strong>gratanter</strong></span> <span class='ocrx_word' id='word_1_58' title='bbox 1235 1051 1470 1121; x_wconf 88' lang='lat' dir='ltr'><strong>accepi:</strong></span> <span class='ocrx_word' id='word_1_59' title='bbox 1533 1050 1848 1125; x_wconf 79' lang='lat' dir='ltr'><strong>intelligens</strong></span> <span class='ocrx_word' id='word_1_60' title='bbox 1910 1050 2041 1121; x_wconf 88' lang='lat' dir='ltr'><strong>quia</strong></span> 
     </span>
    </p>
   </div>
   <div class='ocr_carea' id='block_1_11' title="bbox 428 1142 2048 1215">
    <p class='ocr_par' dir='ltr' id='par_1_11' title="bbox 428 1142 2048 1215">
     <span class='ocr_line' id='line_1_11' title="bbox 428 1142 2048 1215; baseline -0.002 -17"><span class='ocrx_word' id='word_1_61' title='bbox 428 1145 482 1198; x_wconf 91' lang='lat' dir='ltr'><strong>in</strong></span> <span class='ocrx_word' id='word_1_62' title='bbox 540 1159 772 1200; x_wconf 91' lang='lat' dir='ltr'><strong>numero</strong></span> <span class='ocrx_word' id='word_1_63' title='bbox 823 1143 1054 1199; x_wconf 83' lang='lat' dir='ltr'><strong>fratrum</strong></span> <span class='ocrx_word' id='word_1_64' title='bbox 1109 1159 1212 1199; x_wconf 85' lang='lat' dir='ltr'><strong>nos</strong></span> <span class='ocrx_word' id='word_1_65' title='bbox 1265 1144 1681 1215; x_wconf 88' lang='lat' dir='ltr'><strong>qualescunque</strong></span> <span class='ocrx_word' id='word_1_66' title='bbox 1729 1142 2048 1213; x_wconf 86' lang='lat' dir='ltr'><strong>metropoli-</strong></span> 
     </span>
    </p>
   </div>
   <div class='ocr_carea' id='block_1_12' title="bbox 426 1235 2047 1307">
    <p class='ocr_par' dir='ltr' id='par_1_12' title="bbox 426 1235 2047 1307">
     <span class='ocr_line' id='line_1_12' title="bbox 426 1235 2047 1307; baseline -0.001 -17"><span class='ocrx_word' id='word_1_67' title='bbox 426 1236 538 1290; x_wconf 87' lang='lat' dir='ltr'><strong>tani</strong></span> <span class='ocrx_word' id='word_1_68' title='bbox 594 1236 900 1307; x_wconf 88' lang='lat' dir='ltr'><strong>computari</strong></span> <span class='ocrx_word' id='word_1_69' title='bbox 958 1235 1250 1299; x_wconf 82' lang='lat' dir='ltr'><strong>debemus.</strong></span> <span class='ocrx_word' id='word_1_70' title='bbox 1298 1236 1373 1290; x_wconf 90' lang='lat' dir='ltr'><strong>Ea</strong></span> <span class='ocrx_word' id='word_1_71' title='bbox 1411 1244 1635 1306; x_wconf 88' lang='lat' dir='ltr'><strong>propter</strong></span> <span class='ocrx_word' id='word_1_72' title='bbox 1675 1235 1817 1290; x_wconf 90' lang='lat' dir='ltr'><strong>sicut</strong></span> <span class='ocrx_word' id='word_1_73' title='bbox 1854 1243 2047 1289; x_wconf 65' lang='lat' dir='ltr'><strong>vestrae</strong></span> 
     </span>
    </p>
   </div>
   <div class='ocr_carea' id='block_1_13' title="bbox 431 1326 2048 1399">
    <p class='ocr_par' dir='ltr' id='par_1_13' title="bbox 431 1326 2048 1399">
     <span class='ocr_line' id='line_1_13' title="bbox 431 1326 2048 1399; baseline -0.001 -18"><span class='ocrx_word' id='word_1_74' title='bbox 431 1328 750 1383; x_wconf 89' lang='lat' dir='ltr'><strong>discretioni</strong></span> <span class='ocrx_word' id='word_1_75' title='bbox 790 1328 1197 1399; x_wconf 90' lang='lat' dir='ltr'><strong>providendum</strong></span> <span class='ocrx_word' id='word_1_76' title='bbox 1230 1334 1336 1395; x_wconf 89' lang='lat' dir='ltr'><strong>est,</strong></span> <span class='ocrx_word' id='word_1_77' title='bbox 1377 1343 1448 1382; x_wconf 92' lang='lat' dir='ltr'><strong>ne</strong></span> <span class='ocrx_word' id='word_1_78' title='bbox 1477 1326 1715 1396; x_wconf 88' lang='lat' dir='ltr'><strong>subjecti</strong></span> <span class='ocrx_word' id='word_1_79' title='bbox 1747 1326 1994 1396; x_wconf 88' lang='lat' dir='ltr'><strong>episc0pi</strong></span> <span class='ocrx_word' id='word_1_80' title='bbox 2018 1342 2048 1380; x_wconf 87' lang='lat' dir='ltr'><strong>a</strong></span> 
     </span>
    </p>
   </div>
   <div class='ocr_carea' id='block_1_14' title="bbox 427 1417 2045 1492">
    <p class='ocr_par' dir='ltr' id='par_1_14' title="bbox 427 1417 2045 1492">
     <span class='ocr_line' id='line_1_14' title="bbox 427 1417 2045 1492; baseline -0.001 -19"><span class='ocrx_word' id='word_1_81' title='bbox 427 1419 868 1490; x_wconf 89' lang='lat' dir='ltr'><strong>metropolitanis</strong></span> <span class='ocrx_word' id='word_1_82' title='bbox 908 1420 1285 1492; x_wconf 89' lang='lat' dir='ltr'><strong>irregulariter</strong></span> <span class='ocrx_word' id='word_1_83' title='bbox 1322 1420 1804 1475; x_wconf 89' lang='lat' dir='ltr'><strong>condemnentur:</strong></span> <span class='ocrx_word' id='word_1_84' title='bbox 1847 1419 1922 1472; x_wconf 91' lang='lat' dir='ltr'><strong>ita</strong></span> <span class='ocrx_word' id='word_1_85' title='bbox 1953 1417 2045 1471; x_wconf 64' lang='lat' dir='ltr'><strong>ni»</strong></span> 
     </span>
    </p>
   </div>
   <div class='ocr_carea' id='block_1_15' title="bbox 427 1505 2043 1578">
    <p class='ocr_par' dir='ltr' id='par_1_15' title="bbox 427 1505 2043 1578">
     <span class='ocr_line' id='line_1_15' title="bbox 427 1505 2043 1578; baseline -0.001 -18"><span class='ocrx_word' id='word_1_86' title='bbox 427 1507 728 1563; x_wconf 84' lang='lat' dir='ltr'><strong>hilominus</strong></span> <span class='ocrx_word' id='word_1_87' title='bbox 750 1507 1150 1578; x_wconf 89' lang='lat' dir='ltr'><strong>providendum</strong></span> <span class='ocrx_word' id='word_1_88' title='bbox 1173 1514 1276 1573; x_wconf 89' lang='lat' dir='ltr'><strong>est,</strong></span> <span class='ocrx_word' id='word_1_89' title='bbox 1307 1515 1367 1562; x_wconf 91' lang='lat' dir='ltr'><strong>ut</strong></span> <span class='ocrx_word' id='word_1_90' title='bbox 1384 1506 1794 1578; x_wconf 87' lang='lat' dir='ltr'><strong>metropolitani</strong></span> <span class='ocrx_word' id='word_1_91' title='bbox 1816 1522 1845 1559; x_wconf 89' lang='lat' dir='ltr'><strong>a</strong></span> <span class='ocrx_word' id='word_1_92' title='bbox 1862 1505 2043 1573; x_wconf 83' lang='lat' dir='ltr'><strong>subje-</strong></span> 
     </span>
    </p>
   </div>
   <div class='ocr_carea' id='block_1_16' title="bbox 427 1600 2047 1677">
    <p class='ocr_par' dir='ltr' id='par_1_16' title="bbox 427 1600 2047 1677">
     <span class='ocr_line' id='line_1_16' title="bbox 427 1600 2047 1677; baseline -0.002 -20"><span class='ocrx_word' id='word_1_93' title='bbox 427 1602 531 1657; x_wconf 91' lang='lat' dir='ltr'><strong>ctis</strong></span> <span class='ocrx_word' id='word_1_94' title='bbox 562 1602 844 1673; x_wconf 81' lang='lat' dir='ltr'><strong>episcopis</strong></span> <span class='ocrx_word' id='word_1_95' title='bbox 870 1618 980 1658; x_wconf 91' lang='lat' dir='ltr'><strong>non</strong></span> <span class='ocrx_word' id='word_1_96' title='bbox 1009 1603 1385 1677; x_wconf 89' lang='lat' dir='ltr'><strong>irregulariter</strong></span> <span class='ocrx_word' id='word_1_97' title='bbox 1415 1609 1856 1658; x_wconf 88' lang='lat' dir='ltr'><strong>contemnantur.</strong></span> <span class='ocrx_word' id='word_1_98' title='bbox 1891 1600 2047 1654; x_wconf 90' lang='lat' dir='ltr'><strong>Dein-</strong></span> 
     </span>
    </p>
   </div>
   <div class='ocr_carea' id='block_1_17' title="bbox 429 1689 2045 1762">
    <p class='ocr_par' dir='ltr' id='par_1_17' title="bbox 429 1689 2045 1762">
     <span class='ocr_line' id='line_1_17' title="bbox 429 1689 2045 1762; baseline -0.002 -17"><span class='ocrx_word' id='word_1_99' title='bbox 429 1692 498 1745; x_wconf 91' lang='lat' dir='ltr'><strong>de</strong></span> <span class='ocrx_word' id='word_1_100' title='bbox 521 1692 670 1762; x_wconf 92' lang='lat' dir='ltr'><strong>quod</strong></span> <span class='ocrx_word' id='word_1_101' title='bbox 695 1693 1141 1762; x_wconf 90' lang='lat' dir='ltr'><strong>perspectissime</strong></span> <span class='ocrx_word' id='word_1_102' title='bbox 1158 1691 1458 1762; x_wconf 88' lang='lat' dir='ltr'><strong>scripsistis</strong></span> <span class='ocrx_word' id='word_1_103' title='bbox 1483 1691 1751 1756; x_wconf 82' lang='lat' dir='ltr'><strong>secundo,</strong></span> <span class='ocrx_word' id='word_1_104' title='bbox 1785 1689 2045 1762; x_wconf 89' lang='lat' dir='ltr'><strong>quoniam</strong></span> 
     </span>
    </p>
   </div>
   <div class='ocr_carea' id='block_1_18' title="bbox 2144 599 3763 669">
    <p class='ocr_par' dir='ltr' id='par_1_18' title="bbox 2144 599 3763 669">
     <span class='ocr_line' id='line_1_18' title="bbox 2144 599 3763 669; baseline 0.004 -18"><span class='ocrx_word' id='word_1_105' title='bbox 2144 599 2286 654; x_wconf 87' lang='lat' dir='ltr'><strong>facto</strong></span> <span class='ocrx_word' id='word_1_106' title='bbox 2317 599 2515 654; x_wconf 90' lang='lat' dir='ltr'><strong>melius</strong></span> <span class='ocrx_word' id='word_1_107' title='bbox 2535 601 2659 666; x_wconf 88' lang='lat' dir='ltr'><strong>erit,</strong></span> <span class='ocrx_word' id='word_1_108' title='bbox 2685 608 2738 655; x_wconf 92' lang='lat' dir='ltr'><strong>et</strong></span> <span class='ocrx_word' id='word_1_109' title='bbox 2769 599 2931 656; x_wconf 91' lang='lat' dir='ltr'><strong>nobis</strong></span> <span class='ocrx_word' id='word_1_110' title='bbox 2951 601 3230 669; x_wconf 90' lang='lat' dir='ltr'><strong>injudicio</strong></span> <span class='ocrx_word' id='word_1_111' title='bbox 3259 609 3446 658; x_wconf 89' lang='lat' dir='ltr'><strong>vestro</strong></span> <span class='ocrx_word' id='word_1_112' title='bbox 3469 604 3763 658; x_wconf 90' lang='lat' dir='ltr'><strong>videndum</strong></span> 
     </span>
    </p>
   </div>
   <div class='ocr_carea' id='block_1_19' title="bbox 2143 691 3767 766">
    <p class='ocr_par' dir='ltr' id='par_1_19' title="bbox 2143 691 3767 766">
     <span class='ocr_line' id='line_1_19' title="bbox 2143 691 3767 766; baseline 0.004 -22"><span class='ocrx_word' id='word_1_113' title='bbox 2143 695 2246 756; x_wconf 90' lang='lat' dir='ltr'><strong>est,</strong></span> <span class='ocrx_word' id='word_1_114' title='bbox 2275 691 2408 759; x_wconf 92' lang='lat' dir='ltr'><strong>quid</strong></span> <span class='ocrx_word' id='word_1_115' title='bbox 2427 691 2571 745; x_wconf 90' lang='lat' dir='ltr'><strong>Deus</strong></span> <span class='ocrx_word' id='word_1_116' title='bbox 2598 692 2730 746; x_wconf 89' lang='lat' dir='ltr'><strong>velit</strong></span> <span class='ocrx_word' id='word_1_117' title='bbox 2755 709 2769 758; x_wconf 90' lang='lat'><strong>;</strong></span> <span class='ocrx_word' id='word_1_118' title='bbox 2801 693 3061 763; x_wconf 89' lang='lat' dir='ltr'><strong>quoniam</strong></span> <span class='ocrx_word' id='word_1_119' title='bbox 3089 694 3290 763; x_wconf 90' lang='lat' dir='ltr'><strong>injusta</strong></span> <span class='ocrx_word' id='word_1_120' title='bbox 3323 711 3449 750; x_wconf 87' lang='lat' dir='ltr'><strong>esse</strong></span> <span class='ocrx_word' id='word_1_121' title='bbox 3471 711 3586 751; x_wconf 93' lang='lat' dir='ltr'><strong>non</strong></span> <span class='ocrx_word' id='word_1_122' title='bbox 3616 705 3767 766; x_wconf 84' lang='lat' dir='ltr'><strong>pote-</strong></span> 
     </span>
    </p>
   </div>
   <div class='ocr_carea' id='block_1_20' title="bbox 2143 785 3765 858">
    <p class='ocr_par' dir='ltr' id='par_1_20' title="bbox 2143 785 3765 858">
     <span class='ocr_line' id='line_1_20' title="bbox 2143 785 3765 858; baseline 0.002 -19"><span class='ocrx_word' id='word_1_123' title='bbox 2143 793 2269 840; x_wconf 91' lang='lat' dir='ltr'><strong>runt</strong></span> <span class='ocrx_word' id='word_1_124' title='bbox 2315 785 2500 840; x_wconf 91' lang='lat' dir='ltr'><strong>divina</strong></span> <span class='ocrx_word' id='word_1_125' title='bbox 2557 786 2788 854; x_wconf 90' lang='lat' dir='ltr'><strong>judicia,</strong></span> <span class='ocrx_word' id='word_1_126' title='bbox 2831 787 2961 858; x_wconf 89' lang='lat' dir='ltr'><strong>quia</strong></span> <span class='ocrx_word' id='word_1_127' title='bbox 3001 803 3032 840; x_wconf 91' lang='lat' dir='ltr'><strong>a</strong></span> <span class='ocrx_word' id='word_1_128' title='bbox 3063 788 3339 844; x_wconf 91' lang='lat' dir='ltr'><strong>soliditate</strong></span> <span class='ocrx_word' id='word_1_129' title='bbox 3401 789 3765 844; x_wconf 82' lang='lat' dir='ltr'><strong>confessionis</strong></span> 
     </span>
    </p>
   </div>
   <div class='ocr_carea' id='block_1_21' title="bbox 2141 877 3760 951">
    <p class='ocr_par' dir='ltr' id='par_1_21' title="bbox 2141 877 3760 951">
     <span class='ocr_line' id='line_1_21' title="bbox 2141 877 3760 951; baseline 0.003 -22"><span class='ocrx_word' id='word_1_130' title='bbox 2141 877 2455 946; x_wconf 67' lang='lat' dir='ltr'><strong>apostolicae</strong></span> <span class='ocrx_word' id='word_1_131' title='bbox 2510 885 2700 947; x_wconf 79' lang='lat' dir='ltr'><strong>petrae,</strong></span> <span class='ocrx_word' id='word_1_132' title='bbox 2749 879 3012 933; x_wconf 89' lang='lat' dir='ltr'><strong>adversus</strong></span> <span class='ocrx_word' id='word_1_133' title='bbox 3059 895 3222 950; x_wconf 89' lang='lat' dir='ltr'><strong>quam</strong></span> <span class='ocrx_word' id='word_1_134' title='bbox 3265 878 3429 933; x_wconf 88' lang='lat' dir='ltr'><strong>inferi</strong></span> <span class='ocrx_word' id='word_1_135' title='bbox 3485 890 3680 951; x_wconf 58' lang='lat' dir='ltr'><strong>portae,</strong></span> <span class='ocrx_word' id='word_1_136' title='bbox 3713 881 3760 934; x_wconf 93' lang='lat' dir='ltr'><strong>id</strong></span> 
     </span>
    </p>
   </div>
   <div class='ocr_carea' id='block_1_22' title="bbox 2142 969 3762 1042">
    <p class='ocr_par' dir='ltr' id='par_1_22' title="bbox 2142 969 3762 1042">
     <span class='ocr_line' id='line_1_22' title="bbox 2142 969 3762 1042; baseline 0.004 -22"><span class='ocrx_word' id='word_1_137' title='bbox 2142 975 2246 1033; x_wconf 92' lang='lat' dir='ltr'><strong>est,</strong></span> <span class='ocrx_word' id='word_1_138' title='bbox 2272 969 2658 1042; x_wconf 89' lang='lat' dir='ltr'><strong>suggestiones</strong></span> <span class='ocrx_word' id='word_1_139' title='bbox 2686 969 2774 1024; x_wconf 93' lang='lat' dir='ltr'><strong>vel</strong></span> <span class='ocrx_word' id='word_1_140' title='bbox 2805 971 3155 1040; x_wconf 87' lang='lat' dir='ltr'><strong>Operationes</strong></span> <span class='ocrx_word' id='word_1_141' title='bbox 3184 989 3368 1042; x_wconf 69' lang='lat' dir='ltr'><strong>prava:</strong></span> <span class='ocrx_word' id='word_1_142' title='bbox 3410 987 3523 1028; x_wconf 89' lang='lat' dir='ltr'><strong>non</strong></span> <span class='ocrx_word' id='word_1_143' title='bbox 3563 988 3762 1042; x_wconf 73' lang='lat' dir='ltr'><strong>praeva-</strong></span> 
     </span>
    </p>
   </div>
   <div class='ocr_carea' id='block_1_23' title="bbox 2146 1059 3767 1134">
    <p class='ocr_par' dir='ltr' id='par_1_23' title="bbox 2146 1059 3767 1134">
     <span class='ocr_line' id='line_1_23' title="bbox 2146 1059 3767 1134; baseline 0.003 -22"><span class='ocrx_word' id='word_1_144' title='bbox 2146 1059 2338 1114; x_wconf 90' lang='lat' dir='ltr'><strong>lebunt</strong></span> <span class='ocrx_word' id='word_1_145' title='bbox 2383 1062 2602 1126; x_wconf 86' lang='lat' dir='ltr'><strong>(Matth.</strong></span> <span class='ocrx_word' id='word_1_146' title='bbox 2653 1065 2782 1128; x_wconf 75' lang='lat' dir='ltr'><strong>xw),</strong></span> <span class='ocrx_word' id='word_1_147' title='bbox 2835 1062 3076 1116; x_wconf 89' lang='lat' dir='ltr'><strong>dictante</strong></span> <span class='ocrx_word' id='word_1_148' title='bbox 3128 1063 3344 1131; x_wconf 88' lang='lat' dir='ltr'><strong>justitia</strong></span> <span class='ocrx_word' id='word_1_149' title='bbox 3398 1063 3767 1134; x_wconf 86' lang='lat' dir='ltr'><strong>proferentur.</strong></span> 
     </span>
    </p>
   </div>
   <div class='ocr_carea' id='block_1_24' title="bbox 2150 1151 3766 1223">
    <p class='ocr_par' dir='ltr' id='par_1_24' title="bbox 2150 1151 3766 1223">
     <span class='ocr_line' id='line_1_24' title="bbox 2150 1151 3766 1223; baseline 0.003 -19"><span class='ocrx_word' id='word_1_150' title='bbox 2150 1151 2444 1221; x_wconf 86' lang='lat' dir='ltr'><strong>Epistolam</strong></span> <span class='ocrx_word' id='word_1_151' title='bbox 2476 1168 2638 1223; x_wconf 91' lang='lat' dir='ltr'><strong>quam</strong></span> <span class='ocrx_word' id='word_1_152' title='bbox 2662 1153 2799 1207; x_wconf 90' lang='lat' dir='ltr'><strong>mihi</strong></span> <span class='ocrx_word' id='word_1_153' title='bbox 2829 1154 3128 1209; x_wconf 88' lang='lat' dir='ltr'><strong>auctoritas</strong></span> <span class='ocrx_word' id='word_1_154' title='bbox 3145 1163 3347 1223; x_wconf 87' lang='lat' dir='ltr'><strong>vestra,</strong></span> <span class='ocrx_word' id='word_1_155' title='bbox 3373 1172 3497 1210; x_wconf 91' lang='lat' dir='ltr'><strong>cum</strong></span> <span class='ocrx_word' id='word_1_156' title='bbox 3527 1157 3766 1210; x_wconf 87' lang='lat' dir='ltr'><strong>obtesta-</strong></span> 
     </span>
    </p>
   </div>
   <div class='ocr_carea' id='block_1_25' title="bbox 2149 1241 3766 1318">
    <p class='ocr_par' dir='ltr' id='par_1_25' title="bbox 2149 1241 3766 1318">
     <span class='ocr_line' id='line_1_25' title="bbox 2149 1241 3766 1318; baseline 0.004 -25"><span class='ocrx_word' id='word_1_157' title='bbox 2149 1241 2298 1296; x_wconf 89' lang='lat' dir='ltr'><strong>tione</strong></span> <span class='ocrx_word' id='word_1_158' title='bbox 2319 1243 2581 1314; x_wconf 83' lang='lat' dir='ltr'><strong>praecepit</strong></span> <span class='ocrx_word' id='word_1_159' title='bbox 2611 1243 2861 1299; x_wconf 89' lang='lat' dir='ltr'><strong>Rothado</strong></span> <span class='ocrx_word' id='word_1_160' title='bbox 2890 1245 3151 1318; x_wconf 66' lang='lat' dir='ltr'><strong>dirigere,</strong></span> <span class='ocrx_word' id='word_1_161' title='bbox 3175 1247 3417 1301; x_wconf 90' lang='lat' dir='ltr'><strong>domnus</strong></span> <span class='ocrx_word' id='word_1_162' title='bbox 3452 1254 3644 1302; x_wconf 88' lang='lat' dir='ltr'><strong>noster</strong></span> <span class='ocrx_word' id='word_1_163' title='bbox 3661 1263 3766 1308; x_wconf 79' lang='lat' dir='ltr'><strong>rex,</strong></span> 
     </span>
    </p>
   </div>
   <div class='ocr_carea' id='block_1_26' title="bbox 2151 1329 3768 1406">
    <p class='ocr_par' dir='ltr' id='par_1_26' title="bbox 2151 1329 3768 1406">
     <span class='ocr_line' id='line_1_26' title="bbox 2151 1329 3768 1406; baseline 0.004 -23"><span class='ocrx_word' id='word_1_164' title='bbox 2151 1329 2297 1384; x_wconf 89' lang='lat' dir='ltr'><strong>ﬁlius</strong></span> <span class='ocrx_word' id='word_1_165' title='bbox 2331 1338 2534 1400; x_wconf 88' lang='lat' dir='ltr'><strong>vester,</strong></span> <span class='ocrx_word' id='word_1_166' title='bbox 2591 1348 2717 1388; x_wconf 89' lang='lat' dir='ltr'><strong>mox</strong></span> <span class='ocrx_word' id='word_1_167' title='bbox 2755 1340 2816 1388; x_wconf 91' lang='lat' dir='ltr'><strong>ut</strong></span> <span class='ocrx_word' id='word_1_168' title='bbox 2862 1333 2931 1388; x_wconf 91' lang='lat' dir='ltr'><strong>ad</strong></span> <span class='ocrx_word' id='word_1_169' title='bbox 2972 1349 3098 1389; x_wconf 89' lang='lat' dir='ltr'><strong>eum</strong></span> <span class='ocrx_word' id='word_1_170' title='bbox 3153 1336 3322 1400; x_wconf 87' lang='lat' dir='ltr'><strong>venit,</strong></span> <span class='ocrx_word' id='word_1_171' title='bbox 3365 1351 3466 1406; x_wconf 89' lang='lat' dir='ltr'><strong>per</strong></span> <span class='ocrx_word' id='word_1_172' title='bbox 3517 1337 3768 1392; x_wconf 88' lang='lat' dir='ltr'><strong>abbatem</strong></span> 
     </span>
    </p>
   </div>
   <div class='ocr_carea' id='block_1_27' title="bbox 2150 1422 2846 1481">
    <p class='ocr_par' dir='ltr' id='par_1_27' title="bbox 2150 1422 2846 1481">
     <span class='ocr_line' id='line_1_27' title="bbox 2150 1422 2846 1481; baseline 0.004 -5"><span class='ocrx_word' id='word_1_173' title='bbox 2150 1439 2310 1476; x_wconf 90' lang='lat' dir='ltr'><strong>suum</strong></span> <span class='ocrx_word' id='word_1_174' title='bbox 2342 1422 2596 1480; x_wconf 83' lang='lat' dir='ltr'><strong>Rothado</strong></span> <span class='ocrx_word' id='word_1_175' title='bbox 2627 1425 2846 1481; x_wconf 88' lang='lat' dir='ltr'><strong>direxit.</strong></span> 
     </span>
    </p>
   </div>
   <div class='ocr_carea' id='block_1_28' title="bbox 2225 1533 3770 1606">
    <p class='ocr_par' dir='ltr' id='par_1_28' title="bbox 2225 1533 3770 1606">
     <span class='ocr_line' id='line_1_28' title="bbox 2225 1533 3770 1606; baseline 0.001 -18"><span class='ocrx_word' id='word_1_176' title='bbox 2225 1554 2246 1581; x_wconf 76' lang='grc' dir='ltr'><strong>α</strong></span> <span class='ocrx_word' id='word_1_177' title='bbox 2289 1533 2813 1606; x_wconf 89' lang='lat' dir='ltr'><strong>Rodulfusquoque,</strong></span> <span class='ocrx_word' id='word_1_178' title='bbox 2833 1534 3085 1603; x_wconf 81' lang='lat' dir='ltr'><strong>ejusdem</strong></span> <span class='ocrx_word' id='word_1_179' title='bbox 3100 1534 3378 1591; x_wconf 90' lang='lat' dir='ltr'><strong>ﬁliivestri</strong></span> <span class='ocrx_word' id='word_1_180' title='bbox 3395 1537 3588 1590; x_wconf 85' lang='lat' dir='ltr'><strong>domui</strong></span> <span class='ocrx_word' id='word_1_181' title='bbox 3605 1539 3770 1592; x_wconf 80' lang='lat' dir='ltr'><strong>nostri</strong></span> 
     </span>
    </p>
   </div>
   <div class='ocr_carea' id='block_1_29' title="bbox 2147 1621 3767 1694">
    <p class='ocr_par' dir='ltr' id='par_1_29' title="bbox 2147 1621 3767 1694">
     <span class='ocr_line' id='line_1_29' title="bbox 2147 1621 3767 1694; baseline 0.001 -17"><span class='ocrx_word' id='word_1_182' title='bbox 2147 1622 2292 1694; x_wconf 89' lang='lat' dir='ltr'><strong>regis</strong></span> <span class='ocrx_word' id='word_1_183' title='bbox 2314 1621 2638 1687; x_wconf 90' lang='lat' dir='ltr'><strong>avunculus,</strong></span> <span class='ocrx_word' id='word_1_184' title='bbox 2663 1639 2724 1676; x_wconf 87' lang='grc' dir='ltr'><strong>ιιι</strong></span> <span class='ocrx_word' id='word_1_185' title='bbox 2755 1622 2884 1677; x_wconf 89' lang='lat' dir='ltr'><strong>ldus</strong></span> <span class='ocrx_word' id='word_1_186' title='bbox 2917 1639 3065 1677; x_wconf 93' lang='lat' dir='ltr'><strong>nunc</strong></span> <span class='ocrx_word' id='word_1_187' title='bbox 3086 1623 3262 1694; x_wconf 90' lang='lat' dir='ltr'><strong>elapsi</strong></span> <span class='ocrx_word' id='word_1_188' title='bbox 3293 1624 3507 1678; x_wconf 86' lang='lat' dir='ltr'><strong>mensis</strong></span> <span class='ocrx_word' id='word_1_189' title='bbox 3534 1625 3767 1679; x_wconf 73' lang='lat' dir='ltr'><strong>Dec-em-</strong></span> 
     </span>
    </p>
   </div>
   <div class='ocr_carea' id='block_1_30' title="bbox 2147 1713 3768 1789">
    <p class='ocr_par' dir='ltr' id='par_1_30' title="bbox 2147 1713 3768 1789">
     <span class='ocr_line' id='line_1_30' title="bbox 2147 1713 3768 1789; baseline 0.002 -23"><span class='ocrx_word' id='word_1_190' title='bbox 2147 1713 2262 1768; x_wconf 86' lang='lat' dir='ltr'><strong>bris</strong></span> <span class='ocrx_word' id='word_1_191' title='bbox 2310 1715 2378 1768; x_wconf 90' lang='lat' dir='ltr'><strong>ab</strong></span> <span class='ocrx_word' id='word_1_192' title='bbox 2419 1714 2694 1769; x_wconf 86' lang='lat' dir='ltr'><strong>Ludovico</strong></span> <span class='ocrx_word' id='word_1_193' title='bbox 2753 1714 3056 1768; x_wconf 77' lang='lat' dir='ltr'><strong>Germaniae</strong></span> <span class='ocrx_word' id='word_1_194' title='bbox 3101 1730 3229 1789; x_wconf 89' lang='lat' dir='ltr'><strong>rege</strong></span> <span class='ocrx_word' id='word_1_195' title='bbox 3294 1725 3609 1783; x_wconf 84' lang='lat' dir='ltr'><strong>revertens,</strong></span> <span class='ocrx_word' id='word_1_196' title='bbox 3651 1733 3768 1772; x_wconf 90' lang='lat' dir='ltr'><strong>cum</strong></span> 
     </span>
    </p>
   </div>
   <div class='ocr_carea' id='block_1_31' title="bbox 426 1782 3771 1879">
    <p class='ocr_par' dir='ltr' id='par_1_31' title="bbox 426 1782 3771 1879">
     <span class='ocr_line' id='line_1_31' title="bbox 426 1782 3771 1879; baseline 0.001 -19"><span class='ocrx_word' id='word_1_197' title='bbox 426 1783 616 1838; x_wconf 71' lang='lat' dir='ltr'><strong>sedem</strong></span> <span class='ocrx_word' id='word_1_198' title='bbox 675 1784 1360 1879; x_wconf 53' lang='grc' dir='ltr'><strong>θρρειοιὲοεξιτι-Ηίξηιᾲάιιε</strong></span> <span class='ocrx_word' id='word_1_199' title='bbox 1417 1784 1662 1838; x_wconf 50' lang='lat' dir='ltr'><strong>nosam&quot;</strong></span> <span class='ocrx_word' id='word_1_200' title='bbox 1703 1782 2042 1879; x_wconf 22' lang='lat' dir='ltr'><strong>‘aPPeilasset</strong></span> <span class='ocrx_word' id='word_1_201' title='bbox 2071 1804 2124 1873; x_wconf 90' lang='lat' dir='ltr'>B</span> <span class='ocrx_word' id='word_1_202' title='bbox 2145 1805 2304 1860; x_wconf 90' lang='lat' dir='ltr'><strong>valde</strong></span> <span class='ocrx_word' id='word_1_203' title='bbox 2333 1806 2546 1876; x_wconf 87' lang='lat' dir='ltr'><strong>vesperi</strong></span> <span class='ocrx_word' id='word_1_204' title='bbox 2575 1823 2607 1859; x_wconf 90' lang='lat' dir='ltr'><strong>a</strong></span> <span class='ocrx_word' id='word_1_205' title='bbox 2635 1813 2785 1860; x_wconf 88' lang='lat' dir='ltr'><strong>certe</strong></span> <span class='ocrx_word' id='word_1_206' title='bbox 2821 1807 2968 1879; x_wconf 85' lang='lat' dir='ltr'><strong>regis</strong></span> <span class='ocrx_word' id='word_1_207' title='bbox 2999 1782 3276 1862; x_wconf 69' lang='lat' dir='ltr'><strong>nostriad</strong></span> <span class='ocrx_word' id='word_1_208' title='bbox 3310 1782 3638 1863; x_wconf 90' lang='lat' dir='ltr'><strong>mansiones</strong></span> <span class='ocrx_word' id='word_1_209' title='bbox 3671 1825 3771 1863; x_wconf 89' lang='lat' dir='ltr'><strong>no-</strong></span> 
     </span>
    </p>
   </div>
   <div class='ocr_carea' id='block_1_32' title="bbox 427 1874 2042 1946">
    <p class='ocr_par' dir='ltr' id='par_1_32' title="bbox 427 1874 2042 1946">
     <span class='ocr_line' id='line_1_32' title="bbox 427 1874 2042 1946; baseline -0.002 -16"><span class='ocrx_word' id='word_1_210' title='bbox 427 1885 482 1931; x_wconf 90' lang='lat' dir='ltr'><strong>et</strong></span> <span class='ocrx_word' id='word_1_211' title='bbox 545 1893 616 1930; x_wconf 91' lang='lat' dir='ltr'><strong>ne</strong></span> <span class='ocrx_word' id='word_1_212' title='bbox 668 1875 967 1930; x_wconf 89' lang='lat' dir='ltr'><strong>videamini</strong></span> <span class='ocrx_word' id='word_1_213' title='bbox 1035 1877 1288 1931; x_wconf 71' lang='lat' dir='ltr'><strong>Ecclesia)</strong></span> <span class='ocrx_word' id='word_1_214' title='bbox 1363 1883 1557 1931; x_wconf 65' lang='lat' dir='ltr'><strong>vestra:</strong></span> <span class='ocrx_word' id='word_1_215' title='bbox 1632 1874 2042 1946; x_wconf 85' lang='lat' dir='ltr'><strong>privilegiorum</strong></span> 
     </span>
    </p>
   </div>
   <div class='ocr_carea' id='block_1_33' title="bbox 429 1969 2041 2041">
    <p class='ocr_par' dir='ltr' id='par_1_33' title="bbox 429 1969 2041 2041">
     <span class='ocr_line' id='line_1_33' title="bbox 429 1969 2041 2041; baseline -0.002 -16"><span class='ocrx_word' id='word_1_216' title='bbox 429 1971 763 2026; x_wconf 88' lang='lat' dir='ltr'><strong>detrimenta.</strong></span> <span class='ocrx_word' id='word_1_217' title='bbox 811 1971 1007 2025; x_wconf 87' lang='lat' dir='ltr'><strong>diebus</strong></span> <span class='ocrx_word' id='word_1_218' title='bbox 1064 1970 1260 2026; x_wconf 87' lang='lat' dir='ltr'><strong>vestris</strong></span> <span class='ocrx_word' id='word_1_219' title='bbox 1325 1969 1712 2041; x_wconf 66' lang='lat' dir='ltr'><strong>aequanimiter</strong></span> <span class='ocrx_word' id='word_1_220' title='bbox 1769 1969 2041 2024; x_wconf 89' lang='lat' dir='ltr'><strong>tolerare:</strong></span> 
     </span>
    </p>
   </div>
   <div class='ocr_carea' id='block_1_34' title="bbox 431 2061 2047 2127">
    <p class='ocr_par' dir='ltr' id='par_1_34' title="bbox 431 2061 2047 2127">
     <span class='ocr_line' id='line_1_34' title="bbox 431 2061 2047 2127; baseline -0.001 -11"><span class='ocrx_word' id='word_1_221' title='bbox 431 2070 485 2117; x_wconf 89' lang='lat' dir='ltr'><strong>et</strong></span> <span class='ocrx_word' id='word_1_222' title='bbox 546 2063 651 2118; x_wconf 89' lang='lat' dir='ltr'><strong>hoc</strong></span> <span class='ocrx_word' id='word_1_223' title='bbox 706 2062 1068 2117; x_wconf 87' lang='lat' dir='ltr'><strong>nihilominus</strong></span> <span class='ocrx_word' id='word_1_224' title='bbox 1123 2079 1153 2116; x_wconf 91' lang='lat' dir='ltr'><strong>a</strong></span> <span class='ocrx_word' id='word_1_225' title='bbox 1209 2062 1391 2127; x_wconf 89' lang='lat' dir='ltr'><strong>nobis,</strong></span> <span class='ocrx_word' id='word_1_226' title='bbox 1434 2069 1489 2116; x_wconf 92' lang='lat' dir='ltr'><strong>et</strong></span> <span class='ocrx_word' id='word_1_227' title='bbox 1542 2062 1611 2116; x_wconf 91' lang='lat' dir='ltr'><strong>ab</strong></span> <span class='ocrx_word' id='word_1_228' title='bbox 1649 2061 1910 2116; x_wconf 90' lang='lat' dir='ltr'><strong>omnibus</strong></span> <span class='ocrx_word' id='word_1_229' title='bbox 1965 2067 2047 2114; x_wconf 88' lang='lat' dir='ltr'><strong>est</strong></span> 
     </span>
    </p>
   </div>
   <div class='ocr_carea' id='block_1_35' title="bbox 429 2153 2046 2224">
    <p class='ocr_par' dir='ltr' id='par_1_35' title="bbox 429 2153 2046 2224">
     <span class='ocr_line' id='line_1_35' title="bbox 429 2153 2046 2224; baseline -0.001 -17"><span class='ocrx_word' id='word_1_230' title='bbox 429 2155 736 2209; x_wconf 89' lang='lat' dir='ltr'><strong>rectissime</strong></span> <span class='ocrx_word' id='word_1_231' title='bbox 765 2154 1206 2224; x_wconf 90' lang='lat' dir='ltr'><strong>suscipiendum,</strong></span> <span class='ocrx_word' id='word_1_232' title='bbox 1235 2162 1290 2208; x_wconf 90' lang='lat' dir='ltr'><strong>et</strong></span> <span class='ocrx_word' id='word_1_233' title='bbox 1314 2153 1681 2208; x_wconf 86' lang='lat' dir='ltr'><strong>solertissime</strong></span> <span class='ocrx_word' id='word_1_234' title='bbox 1712 2168 2046 2208; x_wconf 87' lang='lat' dir='ltr'><strong>conservan-</strong></span> 
     </span>
    </p>
   </div>
   <div class='ocr_carea' id='block_1_36' title="bbox 431 2241 2043 2314">
    <p class='ocr_par' dir='ltr' id='par_1_36' title="bbox 431 2241 2043 2314">
     <span class='ocr_line' id='line_1_36' title="bbox 431 2241 2043 2314; baseline -0.001 -20"><span class='ocrx_word' id='word_1_235' title='bbox 431 2241 580 2295; x_wconf 91' lang='lat' dir='ltr'><strong>dum.</strong></span> <span class='ocrx_word' id='word_1_236' title='bbox 617 2242 771 2307; x_wconf 85' lang='lat' dir='ltr'><strong>Quod</strong></span> <span class='ocrx_word' id='word_1_237' title='bbox 797 2249 852 2296; x_wconf 90' lang='lat' dir='ltr'><strong>et</strong></span> <span class='ocrx_word' id='word_1_238' title='bbox 882 2258 984 2314; x_wconf 88' lang='lat' dir='ltr'><strong>ego</strong></span> <span class='ocrx_word' id='word_1_239' title='bbox 1016 2257 1114 2312; x_wconf 91' lang='lat' dir='ltr'><strong>pro</strong></span> <span class='ocrx_word' id='word_1_240' title='bbox 1144 2241 1371 2297; x_wconf 93' lang='lat' dir='ltr'><strong>modulo</strong></span> <span class='ocrx_word' id='word_1_241' title='bbox 1403 2257 1527 2297; x_wconf 91' lang='lat' dir='ltr'><strong>meo</strong></span> <span class='ocrx_word' id='word_1_242' title='bbox 1558 2241 1891 2297; x_wconf 87' lang='lat' dir='ltr'><strong>servandum</strong></span> <span class='ocrx_word' id='word_1_243' title='bbox 1923 2256 2043 2293; x_wconf 87' lang='lat' dir='ltr'><strong>esse</strong></span> 
     </span>
    </p>
   </div>
   <div class='ocr_carea' id='block_1_37' title="bbox 431 2335 2044 2403">
    <p class='ocr_par' dir='ltr' id='par_1_37' title="bbox 431 2335 2044 2403">
     <span class='ocr_line' id='line_1_37' title="bbox 431 2335 2044 2403; baseline 0.001 -16"><span class='ocrx_word' id='word_1_244' title='bbox 431 2336 601 2402; x_wconf 92' lang='lat' dir='ltr'><strong>volui,</strong></span> <span class='ocrx_word' id='word_1_245' title='bbox 633 2345 687 2391; x_wconf 92' lang='lat' dir='ltr'><strong>et</strong></span> <span class='ocrx_word' id='word_1_246' title='bbox 716 2337 863 2403; x_wconf 92' lang='lat' dir='ltr'><strong>volo,</strong></span> <span class='ocrx_word' id='word_1_247' title='bbox 904 2345 959 2391; x_wconf 91' lang='lat' dir='ltr'><strong>et</strong></span> <span class='ocrx_word' id='word_1_248' title='bbox 998 2336 1217 2392; x_wconf 88' lang='lat' dir='ltr'><strong>favente</strong></span> <span class='ocrx_word' id='word_1_249' title='bbox 1247 2336 1481 2392; x_wconf 92' lang='lat' dir='ltr'><strong>Domino</strong></span> <span class='ocrx_word' id='word_1_250' title='bbox 1521 2337 1578 2390; x_wconf 93' lang='lat' dir='ltr'><strong>in</strong></span> <span class='ocrx_word' id='word_1_251' title='bbox 1619 2338 1721 2391; x_wconf 91' lang='lat' dir='ltr'><strong>hac</strong></span> <span class='ocrx_word' id='word_1_252' title='bbox 1750 2335 2044 2390; x_wconf 85' lang='lat' dir='ltr'><strong>devotione</strong></span> 
     </span>
    </p>
   </div>
   <div class='ocr_carea' id='block_1_38' title="bbox 429 2426 2047 2500">
    <p class='ocr_par' dir='ltr' id='par_1_38' title="bbox 429 2426 2047 2500">
     <span class='ocr_line' id='line_1_38' title="bbox 429 2426 2047 2500; baseline 0.001 -20"><span class='ocrx_word' id='word_1_253' title='bbox 429 2427 686 2489; x_wconf 88' lang='lat' dir='ltr'><strong>manebo,</strong></span> <span class='ocrx_word' id='word_1_254' title='bbox 741 2428 923 2482; x_wconf 91' lang='lat' dir='ltr'><strong>sciens</strong></span> <span class='ocrx_word' id='word_1_255' title='bbox 987 2427 1335 2500; x_wconf 78' lang='lat' dir='ltr'><strong>privilegium</strong></span> <span class='ocrx_word' id='word_1_256' title='bbox 1402 2426 1840 2497; x_wconf 83' lang='lat' dir='ltr'><strong>metropolitanae</strong></span> <span class='ocrx_word' id='word_1_257' title='bbox 1897 2427 2047 2482; x_wconf 88' lang='lat' dir='ltr'><strong>sedis</strong></span> 
     </span>
    </p>
   </div>
   <div class='ocr_carea' id='block_1_39' title="bbox 430 2517 2044 2591">
    <p class='ocr_par' dir='ltr' id='par_1_39' title="bbox 430 2517 2044 2591">
     <span class='ocr_line' id='line_1_39' title="bbox 430 2517 2044 2591; baseline -0.001 -17"><span class='ocrx_word' id='word_1_258' title='bbox 430 2519 862 2587; x_wconf 90' lang='lat' dir='ltr'><strong>Remorum,(cui</strong></span> <span class='ocrx_word' id='word_1_259' title='bbox 892 2535 980 2573; x_wconf 93' lang='lat' dir='ltr'><strong>me</strong></span> <span class='ocrx_word' id='word_1_260' title='bbox 1011 2517 1198 2573; x_wconf 91' lang='lat' dir='ltr'><strong>divina</strong></span> <span class='ocrx_word' id='word_1_261' title='bbox 1219 2517 1468 2591; x_wconf 83' lang='lat' dir='ltr'><strong>dignatio</strong></span> <span class='ocrx_word' id='word_1_262' title='bbox 1489 2517 1697 2572; x_wconf 88' lang='lat' dir='ltr'><strong>servire</strong></span> <span class='ocrx_word' id='word_1_263' title='bbox 1729 2517 2044 2588; x_wconf 76' lang='lat' dir='ltr'><strong>diSposuit),</strong></span> 
     </span>
    </p>
   </div>
   <div class='ocr_carea' id='block_1_40' title="bbox 431 2612 2048 2686">
    <p class='ocr_par' dir='ltr' id='par_1_40' title="bbox 431 2612 2048 2686">
     <span class='ocr_line' id='line_1_40' title="bbox 431 2612 2048 2686; baseline 0 -18"><span class='ocrx_word' id='word_1_264' title='bbox 431 2614 486 2668; x_wconf 92' lang='lat' dir='ltr'><strong>in</strong></span> <span class='ocrx_word' id='word_1_265' title='bbox 522 2629 737 2668; x_wconf 87' lang='lat' dir='ltr'><strong>summo</strong></span> <span class='ocrx_word' id='word_1_266' title='bbox 771 2612 1060 2686; x_wconf 89' lang='lat' dir='ltr'><strong>privilegio</strong></span> <span class='ocrx_word' id='word_1_267' title='bbox 1090 2621 1292 2667; x_wconf 82' lang='lat' dir='ltr'><strong>sanctae</strong></span> <span class='ocrx_word' id='word_1_268' title='bbox 1331 2613 1481 2667; x_wconf 89' lang='lat' dir='ltr'><strong>sedis</strong></span> <span class='ocrx_word' id='word_1_269' title='bbox 1510 2612 1771 2667; x_wconf 64' lang='lat' dir='ltr'><strong>Romanae</strong></span> <span class='ocrx_word' id='word_1_270' title='bbox 1800 2628 2048 2682; x_wconf 88' lang='lat' dir='ltr'><strong>manere,</strong></span> 
     </span>
    </p>
   </div>
   <div class='ocr_carea' id='block_1_41' title="bbox 427 2708 2049 2784">
    <p class='ocr_par' dir='ltr' id='par_1_41' title="bbox 427 2708 2049 2784">
     <span class='ocr_line' id='line_1_41' title="bbox 427 2708 2049 2784; baseline 0.001 -22"><span class='ocrx_word' id='word_1_271' title='bbox 427 2719 482 2765; x_wconf 89' lang='lat' dir='ltr'><strong>et</strong></span> <span class='ocrx_word' id='word_1_272' title='bbox 503 2709 855 2784; x_wconf 88' lang='lat' dir='ltr'><strong>privilegium</strong></span> <span class='ocrx_word' id='word_1_273' title='bbox 883 2725 1006 2764; x_wconf 90' lang='lat' dir='ltr'><strong>esse</strong></span> <span class='ocrx_word' id='word_1_274' title='bbox 1027 2709 1176 2764; x_wconf 88' lang='lat' dir='ltr'><strong>sedis</strong></span> <span class='ocrx_word' id='word_1_275' title='bbox 1208 2709 1489 2776; x_wconf 63' lang='lat' dir='ltr'><strong>Romanae,</strong></span> <span class='ocrx_word' id='word_1_276' title='bbox 1522 2708 1568 2762; x_wconf 93' lang='lat' dir='ltr'><strong>si</strong></span> <span class='ocrx_word' id='word_1_277' title='bbox 1595 2724 1694 2763; x_wconf 88' lang='lat' dir='ltr'><strong>sua</strong></span> <span class='ocrx_word' id='word_1_278' title='bbox 1725 2709 2049 2763; x_wconf 85' lang='lat' dir='ltr'><strong>auctoritate</strong></span> 
     </span>
    </p>
   </div>
   <div class='ocr_carea' id='block_1_42' title="bbox 427 2796 2047 2872">
    <p class='ocr_par' dir='ltr' id='par_1_42' title="bbox 427 2796 2047 2872">
     <span class='ocr_line' id='line_1_42' title="bbox 427 2796 2047 2872; baseline -0.002 -19"><span class='ocrx_word' id='word_1_279' title='bbox 427 2798 780 2872; x_wconf 85' lang='lat' dir='ltr'><strong>privilegium</strong></span> <span class='ocrx_word' id='word_1_280' title='bbox 848 2799 953 2852; x_wconf 92' lang='lat' dir='ltr'><strong>sibi</strong></span> <span class='ocrx_word' id='word_1_281' title='bbox 1026 2797 1290 2866; x_wconf 56' lang='lat' dir='ltr'><strong>subjecta</strong></span> <span class='ocrx_word' id='word_1_282' title='bbox 1351 2797 1500 2852; x_wconf 90' lang='lat' dir='ltr'><strong>sedis</strong></span> <span class='ocrx_word' id='word_1_283' title='bbox 1586 2796 1777 2851; x_wconf 89' lang='lat' dir='ltr'><strong>fecerit</strong></span> <span class='ocrx_word' id='word_1_284' title='bbox 1839 2796 2047 2870; x_wconf 88' lang='lat' dir='ltr'><strong>vigere,</strong></span> 
     </span>
    </p>
   </div>
   <div class='ocr_carea' id='block_1_43' title="bbox 427 2884 2050 2956">
    <p class='ocr_par' dir='ltr' id='par_1_43' title="bbox 427 2884 2050 2956">
     <span class='ocr_line' id='line_1_43' title="bbox 427 2884 2050 2956; baseline -0.001 -15"><span class='ocrx_word' id='word_1_285' title='bbox 427 2893 484 2941; x_wconf 91' lang='lat' dir='ltr'><strong>et</strong></span> <span class='ocrx_word' id='word_1_286' title='bbox 517 2887 792 2942; x_wconf 89' lang='lat' dir='ltr'><strong>studuerit</strong></span> <span class='ocrx_word' id='word_1_287' title='bbox 820 2884 1171 2942; x_wconf 80' lang='lat' dir='ltr'><strong>confirmare.</strong></span> <span class='ocrx_word' id='word_1_288' title='bbox 1207 2887 1280 2941; x_wconf 91' lang='lat' dir='ltr'><strong>De</strong></span> <span class='ocrx_word' id='word_1_289' title='bbox 1304 2901 1370 2940; x_wconf 92' lang='lat' dir='ltr'><strong>eo</strong></span> <span class='ocrx_word' id='word_1_290' title='bbox 1399 2901 1530 2941; x_wconf 93' lang='lat' dir='ltr'><strong>vero</strong></span> <span class='ocrx_word' id='word_1_291' title='bbox 1562 2885 1708 2956; x_wconf 91' lang='lat' dir='ltr'><strong>quod</strong></span> <span class='ocrx_word' id='word_1_292' title='bbox 1739 2885 1898 2940; x_wconf 90' lang='lat' dir='ltr'><strong>tertio</strong></span> <span class='ocrx_word' id='word_1_293' title='bbox 1930 2885 2050 2939; x_wconf 92' lang='lat' dir='ltr'><strong>loco</strong></span> 
     </span>
    </p>
   </div>
   <div class='ocr_carea' id='block_1_44' title="bbox 428 2979 2051 3050">
    <p class='ocr_par' dir='ltr' id='par_1_44' title="bbox 428 2979 2051 3050">
     <span class='ocr_line' id='line_1_44' title="bbox 428 2979 2051 3050; baseline 0 -16"><span class='ocrx_word' id='word_1_294' title='bbox 428 2980 497 3035; x_wconf 91' lang='lat' dir='ltr'><strong>ad</strong></span> <span class='ocrx_word' id='word_1_295' title='bbox 530 2980 777 3037; x_wconf 91' lang='lat' dir='ltr'><strong>medium</strong></span> <span class='ocrx_word' id='word_1_296' title='bbox 810 2982 1140 3047; x_wconf 88' lang='lat' dir='ltr'><strong>devocastis,</strong></span> <span class='ocrx_word' id='word_1_297' title='bbox 1171 2980 1417 3036; x_wconf 89' lang='lat' dir='ltr'><strong>scribere</strong></span> <span class='ocrx_word' id='word_1_298' title='bbox 1447 2979 1598 3034; x_wconf 85' lang='lat' dir='ltr'><strong>aliud</strong></span> <span class='ocrx_word' id='word_1_299' title='bbox 1617 2979 1758 3034; x_wconf 89' lang='lat' dir='ltr'><strong>nihil</strong></span> <span class='ocrx_word' id='word_1_300' title='bbox 1785 2995 2051 3050; x_wconf 60' lang='lat' dir='ltr'><strong>praesum-</strong></span> 
     </span>
    </p>
   </div>
   <div class='ocr_carea' id='block_1_45' title="bbox 426 3068 2049 3142">
    <p class='ocr_par' dir='ltr' id='par_1_45' title="bbox 426 3068 2049 3142">
     <span class='ocr_line' id='line_1_45' title="bbox 426 3068 2049 3142; baseline -0.001 -18"><span class='ocrx_word' id='word_1_301' title='bbox 426 3070 532 3140; x_wconf 91' lang='lat' dir='ltr'><strong>psi,</strong></span> <span class='ocrx_word' id='word_1_302' title='bbox 581 3071 688 3126; x_wconf 89' lang='lat' dir='ltr'><strong>nisi</strong></span> <span class='ocrx_word' id='word_1_303' title='bbox 740 3072 872 3142; x_wconf 88' lang='lat' dir='ltr'><strong>quia</strong></span> <span class='ocrx_word' id='word_1_304' title='bbox 899 3087 1067 3127; x_wconf 88' lang='lat' dir='ltr'><strong>causa</strong></span> <span class='ocrx_word' id='word_1_305' title='bbox 1118 3070 1352 3126; x_wconf 88' lang='lat' dir='ltr'><strong>Rothadi</strong></span> <span class='ocrx_word' id='word_1_306' title='bbox 1400 3086 1432 3123; x_wconf 91' lang='lat' dir='ltr'><strong>a</strong></span> <span class='ocrx_word' id='word_1_307' title='bbox 1470 3069 1655 3124; x_wconf 87' lang='lat' dir='ltr'><strong>causis</strong></span> <span class='ocrx_word' id='word_1_308' title='bbox 1699 3068 1942 3136; x_wconf 92' lang='lat' dir='ltr'><strong>illorum,</strong></span> <span class='ocrx_word' id='word_1_309' title='bbox 1980 3069 2049 3122; x_wconf 90' lang='lat' dir='ltr'><strong>de</strong></span> 
     </span>
    </p>
   </div>
   <div class='ocr_carea' id='block_1_46' title="bbox 427 3159 2049 3234">
    <p class='ocr_par' dir='ltr' id='par_1_46' title="bbox 427 3159 2049 3234">
     <span class='ocr_line' id='line_1_46' title="bbox 427 3159 2049 3234; baseline -0.001 -18"><span class='ocrx_word' id='word_1_310' title='bbox 427 3161 632 3232; x_wconf 89' lang='lat' dir='ltr'><strong>quibus</strong></span> <span class='ocrx_word' id='word_1_311' title='bbox 668 3163 984 3234; x_wconf 88' lang='lat' dir='ltr'><strong>scripsistis,</strong></span> <span class='ocrx_word' id='word_1_312' title='bbox 1021 3170 1106 3217; x_wconf 92' lang='lat' dir='ltr'><strong>est</strong></span> <span class='ocrx_word' id='word_1_313' title='bbox 1132 3177 1276 3233; x_wconf 92' lang='lat' dir='ltr'><strong>pene</strong></span> <span class='ocrx_word' id='word_1_314' title='bbox 1308 3161 1363 3214; x_wconf 92' lang='lat' dir='ltr'><strong>in</strong></span> <span class='ocrx_word' id='word_1_315' title='bbox 1403 3160 1616 3216; x_wconf 90' lang='lat' dir='ltr'><strong>cunctis</strong></span> <span class='ocrx_word' id='word_1_316' title='bbox 1637 3159 1939 3216; x_wconf 91' lang='lat' dir='ltr'><strong>dissimilis.</strong></span> <span class='ocrx_word' id='word_1_317' title='bbox 1973 3159 2049 3214; x_wconf 91' lang='lat' dir='ltr'><strong>De</strong></span> 
     </span>
    </p>
   </div>
   <div class='ocr_carea' id='block_1_47' title="bbox 425 3249 2049 3325">
    <p class='ocr_par' dir='ltr' id='par_1_47' title="bbox 425 3249 2049 3325">
     <span class='ocr_line' id='line_1_47' title="bbox 425 3249 2049 3325; baseline -0.002 -17"><span class='ocrx_word' id='word_1_318' title='bbox 425 3269 493 3308; x_wconf 89' lang='lat' dir='ltr'><strong>eo</strong></span> <span class='ocrx_word' id='word_1_319' title='bbox 523 3253 672 3324; x_wconf 92' lang='lat' dir='ltr'><strong>quod</strong></span> <span class='ocrx_word' id='word_1_320' title='bbox 725 3253 946 3307; x_wconf 89' lang='lat' dir='ltr'><strong>tandem</strong></span> <span class='ocrx_word' id='word_1_321' title='bbox 987 3251 1291 3323; x_wconf 91' lang='lat' dir='ltr'><strong>apostolica</strong></span> <span class='ocrx_word' id='word_1_322' title='bbox 1327 3257 1510 3307; x_wconf 88' lang='lat' dir='ltr'><strong>vestra</strong></span> <span class='ocrx_word' id='word_1_323' title='bbox 1537 3249 1851 3325; x_wconf 89' lang='lat' dir='ltr'><strong>benignitas</strong></span> <span class='ocrx_word' id='word_1_324' title='bbox 1901 3249 2049 3305; x_wconf 80' lang='lat' dir='ltr'><strong>indi-</strong></span> 
     </span>
    </p>
   </div>
   <div class='ocr_carea' id='block_1_48' title="bbox 426 3342 2046 3418">
    <p class='ocr_par' dir='ltr' id='par_1_48' title="bbox 426 3342 2046 3418">
     <span class='ocr_line' id='line_1_48' title="bbox 426 3342 2046 3418; baseline -0.001 -20"><span class='ocrx_word' id='word_1_325' title='bbox 426 3343 622 3418; x_wconf 90' lang='lat' dir='ltr'><strong>gnitati</strong></span> <span class='ocrx_word' id='word_1_326' title='bbox 659 3360 796 3398; x_wconf 79' lang='lat' dir='ltr'><strong>meae</strong></span> <span class='ocrx_word' id='word_1_327' title='bbox 837 3344 1083 3399; x_wconf 89' lang='lat' dir='ltr'><strong>scribere</strong></span> <span class='ocrx_word' id='word_1_328' title='bbox 1115 3351 1198 3398; x_wconf 92' lang='lat' dir='ltr'><strong>est</strong></span> <span class='ocrx_word' id='word_1_329' title='bbox 1227 3344 1472 3418; x_wconf 89' lang='lat' dir='ltr'><strong>dignata,</strong></span> <span class='ocrx_word' id='word_1_330' title='bbox 1513 3350 1574 3398; x_wconf 90' lang='lat' dir='ltr'><strong>ut</strong></span> <span class='ocrx_word' id='word_1_331' title='bbox 1613 3343 1731 3398; x_wconf 78' lang='lat' dir='ltr'><strong>haec</strong></span> <span class='ocrx_word' id='word_1_332' title='bbox 1759 3342 2046 3398; x_wconf 91' lang='lat' dir='ltr'><strong>vobiscum</strong></span> 
     </span>
    </p>
   </div>
   <div class='ocr_carea' id='block_1_49' title="bbox 426 3435 2046 3507">
    <p class='ocr_par' dir='ltr' id='par_1_49' title="bbox 426 3435 2046 3507">
     <span class='ocr_line' id='line_1_49' title="bbox 426 3435 2046 3507; baseline 0 -17"><span class='ocrx_word' id='word_1_333' title='bbox 426 3435 686 3507; x_wconf 85' lang='lat' dir='ltr'><strong>cogitem,</strong></span> <span class='ocrx_word' id='word_1_334' title='bbox 724 3443 779 3491; x_wconf 93' lang='lat' dir='ltr'><strong>et</strong></span> <span class='ocrx_word' id='word_1_335' title='bbox 807 3435 956 3506; x_wconf 92' lang='lat' dir='ltr'><strong>quod</strong></span> <span class='ocrx_word' id='word_1_336' title='bbox 999 3436 1066 3489; x_wconf 89' lang='lat' dir='ltr'><strong>de</strong></span> <span class='ocrx_word' id='word_1_337' title='bbox 1108 3436 1360 3492; x_wconf 88' lang='lat' dir='ltr'><strong>Rothado</strong></span> <span class='ocrx_word' id='word_1_338' title='bbox 1391 3436 1690 3491; x_wconf 88' lang='lat' dir='ltr'><strong>decernitis</strong></span> <span class='ocrx_word' id='word_1_339' title='bbox 1717 3435 2046 3507; x_wconf 88' lang='lat' dir='ltr'><strong>approbem,</strong></span> 
     </span>
    </p>
   </div>
   <div class='ocr_carea' id='block_1_50' title="bbox 423 3530 2043 3606">
    <p class='ocr_par' dir='ltr' id='par_1_50' title="bbox 423 3530 2043 3606">
     <span class='ocr_line' id='line_1_50' title="bbox 423 3530 2043 3606; baseline 0.001 -21"><span class='ocrx_word' id='word_1_340' title='bbox 423 3538 481 3585; x_wconf 87' lang='lat' dir='ltr'><strong>et</strong></span> <span class='ocrx_word' id='word_1_341' title='bbox 512 3546 622 3586; x_wconf 93' lang='lat' dir='ltr'><strong>non</strong></span> <span class='ocrx_word' id='word_1_342' title='bbox 652 3530 718 3586; x_wconf 91' lang='lat' dir='ltr'><strong>ad</strong></span> <span class='ocrx_word' id='word_1_343' title='bbox 751 3531 861 3586; x_wconf 91' lang='lat' dir='ltr'><strong>mei</strong></span> <span class='ocrx_word' id='word_1_344' title='bbox 914 3531 1169 3600; x_wconf 87' lang='lat' dir='ltr'><strong>injuriam</strong></span> <span class='ocrx_word' id='word_1_345' title='bbox 1202 3531 1257 3586; x_wconf 90' lang='lat' dir='ltr'><strong>id</strong></span> <span class='ocrx_word' id='word_1_346' title='bbox 1287 3548 1385 3587; x_wconf 91' lang='lat' dir='ltr'><strong>vos</strong></span> <span class='ocrx_word' id='word_1_347' title='bbox 1429 3532 1611 3606; x_wconf 87' lang='lat' dir='ltr'><strong>egisse</strong></span> <span class='ocrx_word' id='word_1_348' title='bbox 1639 3532 2043 3603; x_wconf 90' lang='lat' dir='ltr'><strong>aliquantulum</strong></span> 
     </span>
    </p>
   </div>
   <div class='ocr_carea' id='block_1_51' title="bbox 425 3621 2044 3693">
    <p class='ocr_par' dir='ltr' id='par_1_51' title="bbox 425 3621 2044 3693">
     <span class='ocr_line' id='line_1_51' title="bbox 425 3621 2044 3693; baseline 0.002 -19"><span class='ocrx_word' id='word_1_349' title='bbox 425 3626 726 3690; x_wconf 89' lang='lat' dir='ltr'><strong>autumem,</strong></span> <span class='ocrx_word' id='word_1_350' title='bbox 760 3627 1026 3693; x_wconf 91' lang='lat' dir='ltr'><strong>quantum</strong></span> <span class='ocrx_word' id='word_1_351' title='bbox 1058 3621 1213 3677; x_wconf 89' lang='lat' dir='ltr'><strong>valeo</strong></span> <span class='ocrx_word' id='word_1_352' title='bbox 1236 3623 1365 3678; x_wconf 92' lang='lat' dir='ltr'><strong>totis</strong></span> <span class='ocrx_word' id='word_1_353' title='bbox 1394 3622 1655 3677; x_wconf 90' lang='lat' dir='ltr'><strong>medullis</strong></span> <span class='ocrx_word' id='word_1_354' title='bbox 1686 3623 1890 3682; x_wconf 88' lang='lat' dir='ltr'><strong>cordis.</strong></span> <span class='ocrx_word' id='word_1_355' title='bbox 1921 3638 2044 3678; x_wconf 88' lang='lat' dir='ltr'><strong>cum</strong></span> 
     </span>
    </p>
   </div>
   <div class='ocr_carea' id='block_1_52' title="bbox 424 3713 2044 3786">
    <p class='ocr_par' dir='ltr' id='par_1_52' title="bbox 424 3713 2044 3786">
     <span class='ocr_line' id='line_1_52' title="bbox 424 3713 2044 3786; baseline 0.002 -18"><span class='ocrx_word' id='word_1_356' title='bbox 424 3714 574 3768; x_wconf 92' lang='lat' dir='ltr'><strong>omni</strong></span> <span class='ocrx_word' id='word_1_357' title='bbox 610 3713 1015 3786; x_wconf 89' lang='lat' dir='ltr'><strong>supplicatione</strong></span> <span class='ocrx_word' id='word_1_358' title='bbox 1048 3722 1102 3768; x_wconf 91' lang='lat' dir='ltr'><strong>et</strong></span> <span class='ocrx_word' id='word_1_359' title='bbox 1133 3713 1322 3768; x_wconf 90' lang='lat' dir='ltr'><strong>debita</strong></span> <span class='ocrx_word' id='word_1_360' title='bbox 1345 3731 1409 3769; x_wconf 89' lang='lat' dir='ltr'><strong>ac</strong></span> <span class='ocrx_word' id='word_1_361' title='bbox 1433 3715 1707 3770; x_wconf 90' lang='lat' dir='ltr'><strong>submissa</strong></span> <span class='ocrx_word' id='word_1_362' title='bbox 1733 3715 2044 3770; x_wconf 88' lang='lat' dir='ltr'><strong>humilitate</strong></span> 
     </span>
    </p>
   </div>
   <div class='ocr_carea' id='block_1_53' title="bbox 425 3802 2042 3877">
    <p class='ocr_par' dir='ltr' id='par_1_53' title="bbox 425 3802 2042 3877">
     <span class='ocr_line' id='line_1_53' title="bbox 425 3802 2042 3877; baseline 0.001 -20"><span class='ocrx_word' id='word_1_363' title='bbox 425 3805 722 3857; x_wconf 91' lang='lat' dir='ltr'><strong>immensas</strong></span> <span class='ocrx_word' id='word_1_364' title='bbox 783 3802 1082 3877; x_wconf 84' lang='lat' dir='ltr'><strong>gratiarum</strong></span> <span class='ocrx_word' id='word_1_365' title='bbox 1144 3802 1391 3859; x_wconf 92' lang='lat' dir='ltr'><strong>actiones</strong></span> <span class='ocrx_word' id='word_1_366' title='bbox 1464 3812 1654 3859; x_wconf 90' lang='lat' dir='ltr'><strong>sancto</strong></span> <span class='ocrx_word' id='word_1_367' title='bbox 1711 3804 2042 3874; x_wconf 87' lang='lat' dir='ltr'><strong>apostolatui</strong></span> 
     </span>
    </p>
   </div>
   <div class='ocr_carea' id='block_1_54' title="bbox 423 3892 2042 3963">
    <p class='ocr_par' dir='ltr' id='par_1_54' title="bbox 423 3892 2042 3963">
     <span class='ocr_line' id='line_1_54' title="bbox 423 3892 2042 3963; baseline 0.001 -18"><span class='ocrx_word' id='word_1_368' title='bbox 423 3901 608 3949; x_wconf 89' lang='lat' dir='ltr'><strong>vestro</strong></span> <span class='ocrx_word' id='word_1_369' title='bbox 640 3893 908 3963; x_wconf 88' lang='lat' dir='ltr'><strong>rependo,</strong></span> <span class='ocrx_word' id='word_1_370' title='bbox 941 3908 1067 3948; x_wconf 92' lang='lat' dir='ltr'><strong>cum</strong></span> <span class='ocrx_word' id='word_1_371' title='bbox 1097 3893 1280 3948; x_wconf 92' lang='lat' dir='ltr'><strong>omnis</strong></span> <span class='ocrx_word' id='word_1_372' title='bbox 1311 3893 1601 3948; x_wconf 90' lang='lat' dir='ltr'><strong>inceritate</strong></span> <span class='ocrx_word' id='word_1_373' title='bbox 1631 3892 1804 3948; x_wconf 90' lang='lat' dir='ltr'><strong>animi</strong></span> <span class='ocrx_word' id='word_1_374' title='bbox 1839 3894 2042 3949; x_wconf 90' lang='lat' dir='ltr'><strong>rescri-</strong></span> 
     </span>
    </p>
   </div>
   <div class='ocr_carea' id='block_1_55' title="bbox 425 3983 2044 4057">
    <p class='ocr_par' dir='ltr' id='par_1_55' title="bbox 425 3983 2044 4057">
     <span class='ocr_line' id='line_1_55' title="bbox 425 3983 2044 4057; baseline 0.001 -20"><span class='ocrx_word' id='word_1_375' title='bbox 425 3983 586 4053; x_wconf 87' lang='lat' dir='ltr'><strong>bcns,</strong></span> <span class='ocrx_word' id='word_1_376' title='bbox 619 3984 749 4055; x_wconf 91' lang='lat' dir='ltr'><strong>quia</strong></span> <span class='ocrx_word' id='word_1_377' title='bbox 779 3984 922 4039; x_wconf 91' lang='lat' dir='ltr'><strong>sicut</strong></span> <span class='ocrx_word' id='word_1_378' title='bbox 963 3984 1099 4038; x_wconf 91' lang='lat' dir='ltr'><strong>mihi</strong></span> <span class='ocrx_word' id='word_1_379' title='bbox 1133 3983 1379 4038; x_wconf 90' lang='lat' dir='ltr'><strong>scribere</strong></span> <span class='ocrx_word' id='word_1_380' title='bbox 1416 3984 1627 4057; x_wconf 90' lang='lat' dir='ltr'><strong>dignati</strong></span> <span class='ocrx_word' id='word_1_381' title='bbox 1658 3984 1812 4051; x_wconf 89' lang='lat' dir='ltr'><strong>estis,</strong></span> <span class='ocrx_word' id='word_1_382' title='bbox 1844 3984 1918 4039; x_wconf 90' lang='lat' dir='ltr'><strong>ita</strong></span> <span class='ocrx_word' id='word_1_383' title='bbox 1946 4000 2044 4055; x_wconf 92' lang='lat' dir='ltr'><strong>per</strong></span> 
     </span>
    </p>
   </div>
   <div class='ocr_carea' id='block_1_56' title="bbox 422 4075 2039 4152">
    <p class='ocr_par' dir='ltr' id='par_1_56' title="bbox 422 4075 2039 4152">
     <span class='ocr_line' id='line_1_56' title="bbox 422 4075 2039 4152; baseline -0.001 -20"><span class='ocrx_word' id='word_1_384' title='bbox 422 4078 612 4133; x_wconf 89' lang='lat' dir='ltr'><strong>omnia</strong></span> <span class='ocrx_word' id='word_1_385' title='bbox 640 4077 827 4133; x_wconf 90' lang='lat' dir='ltr'><strong>credo.</strong></span> <span class='ocrx_word' id='word_1_386' title='bbox 864 4077 925 4131; x_wconf 91' lang='lat' dir='ltr'><strong>Et</strong></span> <span class='ocrx_word' id='word_1_387' title='bbox 946 4077 1077 4148; x_wconf 89' lang='lat' dir='ltr'><strong>quia</strong></span> <span class='ocrx_word' id='word_1_388' title='bbox 1104 4075 1456 4152; x_wconf 87' lang='lat' dir='ltr'><strong>privilegium</strong></span> <span class='ocrx_word' id='word_1_389' title='bbox 1489 4076 1654 4132; x_wconf 92' lang='lat' dir='ltr'><strong>vestri</strong></span> <span class='ocrx_word' id='word_1_390' title='bbox 1683 4077 1881 4130; x_wconf 89' lang='lat' dir='ltr'><strong>summi</strong></span> <span class='ocrx_word' id='word_1_391' title='bbox 1904 4091 2039 4148; x_wconf 89' lang='lat' dir='ltr'><strong>pon-</strong></span> 
     </span>
    </p>
   </div>
   <div class='ocr_carea' id='block_1_57' title="bbox 421 4167 2036 4234">
    <p class='ocr_par' dir='ltr' id='par_1_57' title="bbox 421 4167 2036 4234">
     <span class='ocr_line' id='line_1_57' title="bbox 421 4167 2036 4234; baseline 0 -11"><span class='ocrx_word' id='word_1_392' title='bbox 421 4168 681 4233; x_wconf 88' lang='lat' dir='ltr'><strong>tiﬁcatus,</strong></span> <span class='ocrx_word' id='word_1_393' title='bbox 714 4175 774 4222; x_wconf 93' lang='lat' dir='ltr'><strong>ut</strong></span> <span class='ocrx_word' id='word_1_394' title='bbox 812 4167 1103 4233; x_wconf 88' lang='lat' dir='ltr'><strong>condecet,</strong></span> <span class='ocrx_word' id='word_1_395' title='bbox 1137 4173 1191 4221; x_wconf 92' lang='lat' dir='ltr'><strong>et</strong></span> <span class='ocrx_word' id='word_1_396' title='bbox 1217 4182 1412 4222; x_wconf 90' lang='lat' dir='ltr'><strong>omnes</strong></span> <span class='ocrx_word' id='word_1_397' title='bbox 1438 4167 1838 4234; x_wconf 87' lang='lat' dir='ltr'><strong>desideramus,</strong></span> <span class='ocrx_word' id='word_1_398' title='bbox 1874 4168 2036 4223; x_wconf 88' lang='lat' dir='ltr'><strong>evin-</strong></span> 
     </span>
    </p>
   </div>
   <div class='ocr_carea' id='block_1_58' title="bbox 423 4261 2044 4333">
    <p class='ocr_par' dir='ltr' id='par_1_58' title="bbox 423 4261 2044 4333">
     <span class='ocr_line' id='line_1_58' title="bbox 423 4261 2044 4333; baseline 0 -15"><span class='ocrx_word' id='word_1_399' title='bbox 423 4263 662 4328; x_wconf 86' lang='lat' dir='ltr'><strong>dicatum</strong></span> <span class='ocrx_word' id='word_1_400' title='bbox 696 4261 937 4329; x_wconf 89' lang='lat' dir='ltr'><strong>habetis,</strong></span> <span class='ocrx_word' id='word_1_401' title='bbox 969 4261 1118 4333; x_wconf 92' lang='lat' dir='ltr'><strong>quod</strong></span> <span class='ocrx_word' id='word_1_402' title='bbox 1160 4277 1322 4317; x_wconf 90' lang='lat' dir='ltr'><strong>nemo</strong></span> <span class='ocrx_word' id='word_1_403' title='bbox 1348 4269 1594 4318; x_wconf 89' lang='lat' dir='ltr'><strong>nostrum</strong></span> <span class='ocrx_word' id='word_1_404' title='bbox 1635 4263 2044 4318; x_wconf 86' lang='lat' dir='ltr'><strong>contradixerat</strong></span> 
     </span>
    </p>
   </div>
   <div class='ocr_carea' id='block_1_59' title="bbox 424 4355 2042 4428">
    <p class='ocr_par' dir='ltr' id='par_1_59' title="bbox 424 4355 2042 4428">
     <span class='ocr_line' id='line_1_59' title="bbox 424 4355 2042 4428; baseline 0 -16"><span class='ocrx_word' id='word_1_405' title='bbox 424 4359 480 4412; x_wconf 91' lang='lat' dir='ltr'><strong>in</strong></span> <span class='ocrx_word' id='word_1_406' title='bbox 506 4359 846 4414; x_wconf 91' lang='lat' dir='ltr'><strong>deductione</strong></span> <span class='ocrx_word' id='word_1_407' title='bbox 875 4355 1310 4423; x_wconf 90' lang='lat' dir='ltr'><strong>Rothadi,sicuti</strong></span> <span class='ocrx_word' id='word_1_408' title='bbox 1344 4356 1688 4428; x_wconf 65' lang='lat' dir='ltr'><strong>praecepistis</strong></span> <span class='ocrx_word' id='word_1_409' title='bbox 1713 4357 1780 4411; x_wconf 88' lang='lat' dir='ltr'><strong>ad</strong></span> <span class='ocrx_word' id='word_1_410' title='bbox 1808 4366 2042 4412; x_wconf 89' lang='lat' dir='ltr'><strong>vestram</strong></span> 
     </span>
    </p>
   </div>
   <div class='ocr_carea' id='block_1_60' title="bbox 423 4451 2044 4526">
    <p class='ocr_par' dir='ltr' id='par_1_60' title="bbox 423 4451 2044 4526">
     <span class='ocr_line' id='line_1_60' title="bbox 423 4451 2044 4526; baseline 0 -18"><span class='ocrx_word' id='word_1_411' title='bbox 423 4453 805 4524; x_wconf 57' lang='lat' dir='ltr'><strong>prasentiam:</strong></span> <span class='ocrx_word' id='word_1_412' title='bbox 835 4461 896 4508; x_wconf 93' lang='lat' dir='ltr'><strong>ut</strong></span> <span class='ocrx_word' id='word_1_413' title='bbox 925 4453 1236 4524; x_wconf 88' lang='lat' dir='ltr'><strong>perdonare</strong></span> <span class='ocrx_word' id='word_1_414' title='bbox 1267 4452 1476 4526; x_wconf 88' lang='lat' dir='ltr'><strong>dignati</strong></span> <span class='ocrx_word' id='word_1_415' title='bbox 1511 4452 1662 4518; x_wconf 89' lang='lat' dir='ltr'><strong>estis,</strong></span> <span class='ocrx_word' id='word_1_416' title='bbox 1685 4451 1873 4508; x_wconf 90' lang='lat' dir='ltr'><strong>videre</strong></span> <span class='ocrx_word' id='word_1_417' title='bbox 1897 4453 2044 4508; x_wconf 87' lang='lat' dir='ltr'><strong>desi-</strong></span> 
     </span>
    </p>
   </div>
   <div class='ocr_carea' id='block_1_61' title="bbox 2148 1897 3771 1973">
    <p class='ocr_par' dir='ltr' id='par_1_61' title="bbox 2148 1897 3771 1973">
     <span class='ocr_line' id='line_1_61' title="bbox 2148 1897 3771 1973; baseline 0.002 -22"><span class='ocrx_word' id='word_1_418' title='bbox 2148 1904 2289 1952; x_wconf 91' lang='lat' dir='ltr'><strong>stras</strong></span> <span class='ocrx_word' id='word_1_419' title='bbox 2321 1913 2488 1967; x_wconf 87' lang='lat' dir='ltr'><strong>super</strong></span> <span class='ocrx_word' id='word_1_420' title='bbox 2525 1897 2749 1953; x_wconf 87' lang='lat' dir='ltr'><strong>ﬂuvium</strong></span> <span class='ocrx_word' id='word_1_421' title='bbox 2780 1898 3036 1972; x_wconf 86' lang='lat' dir='ltr'><strong>Ligerim,</strong></span> <span class='ocrx_word' id='word_1_422' title='bbox 3078 1913 3239 1952; x_wconf 91' lang='lat' dir='ltr'><strong>secus</strong></span> <span class='ocrx_word' id='word_1_423' title='bbox 3267 1898 3580 1954; x_wconf 88' lang='lat' dir='ltr'><strong>conﬁnium</strong></span> <span class='ocrx_word' id='word_1_424' title='bbox 3621 1903 3771 1973; x_wconf 84' lang='lat' dir='ltr'><strong>regni</strong></span> 
     </span>
    </p>
   </div>
   <div class='ocr_carea' id='block_1_62' title="bbox 2147 1985 3772 2057">
    <p class='ocr_par' dir='ltr' id='par_1_62' title="bbox 2147 1985 3772 2057">
     <span class='ocr_line' id='line_1_62' title="bbox 2147 1985 3772 2057; baseline 0.003 -18"><span class='ocrx_word' id='word_1_425' title='bbox 2147 1986 2450 2057; x_wconf 61' lang='lat' dir='ltr'><strong>Aquitania:</strong></span> <span class='ocrx_word' id='word_1_426' title='bbox 2474 1985 2879 2051; x_wconf 88' lang='lat' dir='ltr'><strong>festinaremus,</strong></span> <span class='ocrx_word' id='word_1_427' title='bbox 2904 1986 3050 2040; x_wconf 91' lang='lat' dir='ltr'><strong>misit</strong></span> <span class='ocrx_word' id='word_1_428' title='bbox 3079 1986 3148 2039; x_wconf 91' lang='lat' dir='ltr'><strong>ad</strong></span> <span class='ocrx_word' id='word_1_429' title='bbox 3170 2001 3260 2039; x_wconf 90' lang='lat' dir='ltr'><strong>me</strong></span> <span class='ocrx_word' id='word_1_430' title='bbox 3285 1987 3570 2041; x_wconf 87' lang='lat' dir='ltr'><strong>hominem</strong></span> <span class='ocrx_word' id='word_1_431' title='bbox 3593 2004 3772 2044; x_wconf 90' lang='lat' dir='ltr'><strong>suum.</strong></span> 
     </span>
    </p>
   </div>
   <div class='ocr_carea' id='block_1_63' title="bbox 2149 2072 3770 2144">
    <p class='ocr_par' dir='ltr' id='par_1_63' title="bbox 2149 2072 3770 2144">
     <span class='ocr_line' id='line_1_63' title="bbox 2149 2072 3770 2144; baseline 0.001 -19"><span class='ocrx_word' id='word_1_432' title='bbox 2149 2073 2371 2128; x_wconf 89' lang='lat' dir='ltr'><strong>nomine</strong></span> <span class='ocrx_word' id='word_1_433' title='bbox 2403 2072 2718 2140; x_wconf 84' lang='lat' dir='ltr'><strong>Rodulfum,</strong></span> <span class='ocrx_word' id='word_1_434' title='bbox 2759 2074 3030 2129; x_wconf 88' lang='lat' dir='ltr'><strong>mandans</strong></span> <span class='ocrx_word' id='word_1_435' title='bbox 3067 2074 3196 2144; x_wconf 88' lang='lat' dir='ltr'><strong>quia</strong></span> <span class='ocrx_word' id='word_1_436' title='bbox 3227 2073 3492 2143; x_wconf 73' lang='lat' dir='ltr'><strong>praefatus</strong></span> <span class='ocrx_word' id='word_1_437' title='bbox 3534 2090 3631 2128; x_wconf 88' lang='lat' dir='ltr'><strong>rex</strong></span> <span class='ocrx_word' id='word_1_438' title='bbox 3665 2075 3770 2128; x_wconf 88' lang='lat' dir='ltr'><strong>Lu-</strong></span> 
     </span>
    </p>
   </div>
   <div class='ocr_carea' id='block_1_64' title="bbox 2147 2165 3776 2237">
    <p class='ocr_par' dir='ltr' id='par_1_64' title="bbox 2147 2165 3776 2237">
     <span class='ocr_line' id='line_1_64' title="bbox 2147 2165 3776 2237; baseline -0.002 -16"><span class='ocrx_word' id='word_1_439' title='bbox 2147 2166 2375 2221; x_wconf 90' lang='lat' dir='ltr'><strong>dovicus</strong></span> <span class='ocrx_word' id='word_1_440' title='bbox 2401 2165 2693 2237; x_wconf 90' lang='lat' dir='ltr'><strong>quemdam</strong></span> <span class='ocrx_word' id='word_1_441' title='bbox 2736 2166 3014 2221; x_wconf 88' lang='lat' dir='ltr'><strong>hominem</strong></span> <span class='ocrx_word' id='word_1_442' title='bbox 3067 2166 3322 2228; x_wconf 89' lang='lat' dir='ltr'><strong>Rothadi,</strong></span> <span class='ocrx_word' id='word_1_443' title='bbox 3359 2183 3488 2221; x_wconf 91' lang='lat' dir='ltr'><strong>cum</strong></span> <span class='ocrx_word' id='word_1_444' title='bbox 3526 2168 3776 2236; x_wconf 83' lang='lat' dir='ltr'><strong>epistolis</strong></span> 
     </span>
    </p>
   </div>
   <div class='ocr_carea' id='block_1_65' title="bbox 2146 2247 3772 2325">
    <p class='ocr_par' dir='ltr' id='par_1_65' title="bbox 2146 2247 3772 2325">
     <span class='ocr_line' id='line_1_65' title="bbox 2146 2247 3772 2325; baseline -0.001 -11"><span class='ocrx_word' id='word_1_445' title='bbox 2146 2266 2340 2314; x_wconf 77' lang='lat' dir='ltr'><strong>vestrae</strong></span> <span class='ocrx_word' id='word_1_446' title='bbox 2393 2259 2720 2325; x_wconf 87' lang='lat' dir='ltr'><strong>sanctitatis,</strong></span> <span class='ocrx_word' id='word_1_447' title='bbox 2762 2247 2974 2325; x_wconf 75' lang='lat' dir='ltr'><strong>manui,</strong></span> <span class='ocrx_word' id='word_1_448' title='bbox 3021 2266 3073 2313; x_wconf 91' lang='lat' dir='ltr'><strong>et</strong></span> <span class='ocrx_word' id='word_1_449' title='bbox 3129 2257 3259 2314; x_wconf 88' lang='lat' dir='ltr'><strong>ﬁdei</strong></span> <span class='ocrx_word' id='word_1_450' title='bbox 3307 2275 3421 2313; x_wconf 70' lang='lat' dir='ltr'><strong>suae</strong></span> <span class='ocrx_word' id='word_1_451' title='bbox 3461 2260 3772 2314; x_wconf 84' lang='lat' dir='ltr'><strong>commisit:</strong></span> 
     </span>
    </p>
   </div>
   <div class='ocr_carea' id='block_1_66' title="bbox 2146 2347 3773 2420">
    <p class='ocr_par' dir='ltr' id='par_1_66' title="bbox 2146 2347 3773 2420">
     <span class='ocr_line' id='line_1_66' title="bbox 2146 2347 3773 2420; baseline 0 -18"><span class='ocrx_word' id='word_1_452' title='bbox 2146 2354 2421 2418; x_wconf 90' lang='lat' dir='ltr'><strong>quatenus</strong></span> <span class='ocrx_word' id='word_1_453' title='bbox 2455 2347 2527 2402; x_wconf 89' lang='lat' dir='ltr'><strong>ita</strong></span> <span class='ocrx_word' id='word_1_454' title='bbox 2557 2347 2625 2401; x_wconf 91' lang='lat' dir='ltr'><strong>ad</strong></span> <span class='ocrx_word' id='word_1_455' title='bbox 2658 2347 3008 2416; x_wconf 67' lang='lat' dir='ltr'><strong>priesentiam</strong></span> <span class='ocrx_word' id='word_1_456' title='bbox 3052 2347 3242 2402; x_wconf 84' lang='lat' dir='ltr'><strong>domui</strong></span> <span class='ocrx_word' id='word_1_457' title='bbox 3284 2347 3459 2402; x_wconf 88' lang='lat' dir='ltr'><strong>nostri</strong></span> <span class='ocrx_word' id='word_1_458' title='bbox 3503 2349 3657 2420; x_wconf 85' lang='lat' dir='ltr'><strong>regis</strong></span> <span class='ocrx_word' id='word_1_459' title='bbox 3682 2349 3773 2402; x_wconf 79' lang='lat' dir='ltr'><strong>lia-</strong></span> 
     </span>
    </p>
   </div>
   <div class='ocr_carea' id='block_1_67' title="bbox 2147 2436 3774 2507">
    <p class='ocr_par' dir='ltr' id='par_1_67' title="bbox 2147 2436 3774 2507">
     <span class='ocr_line' id='line_1_67' title="bbox 2147 2436 3774 2507; baseline 0 -17"><span class='ocrx_word' id='word_1_460' title='bbox 2147 2437 2247 2491; x_wconf 92' lang='lat' dir='ltr'><strong>roli</strong></span> <span class='ocrx_word' id='word_1_461' title='bbox 2293 2453 2415 2490; x_wconf 90' lang='lat' dir='ltr'><strong>cum</strong></span> <span class='ocrx_word' id='word_1_462' title='bbox 2449 2436 2660 2490; x_wconf 84' lang='lat' dir='ltr'><strong>eisdem</strong></span> <span class='ocrx_word' id='word_1_463' title='bbox 2692 2436 2970 2507; x_wconf 89' lang='lat' dir='ltr'><strong>episcopis</strong></span> <span class='ocrx_word' id='word_1_464' title='bbox 3007 2453 3134 2490; x_wconf 91' lang='lat' dir='ltr'><strong>eum</strong></span> <span class='ocrx_word' id='word_1_465' title='bbox 3165 2436 3523 2506; x_wconf 88' lang='lat' dir='ltr'><strong>perduceret,</strong></span> <span class='ocrx_word' id='word_1_466' title='bbox 3565 2445 3622 2490; x_wconf 91' lang='lat' dir='ltr'><strong>ut</strong></span> <span class='ocrx_word' id='word_1_467' title='bbox 3657 2440 3774 2492; x_wconf 88' lang='lat' dir='ltr'><strong>uul-</strong></span> 
     </span>
    </p>
   </div>
   <div class='ocr_carea' id='block_1_68' title="bbox 2147 2524 3771 2595">
    <p class='ocr_par' dir='ltr' id='par_1_68' title="bbox 2147 2524 3771 2595">
     <span class='ocr_line' id='line_1_68' title="bbox 2147 2524 3771 2595; baseline 0.002 -17"><span class='ocrx_word' id='word_1_468' title='bbox 2147 2524 2257 2579; x_wconf 93' lang='lat' dir='ltr'><strong>lum</strong></span> <span class='ocrx_word' id='word_1_469' title='bbox 2289 2525 2494 2578; x_wconf 90' lang='lat' dir='ltr'><strong>malum</strong></span> <span class='ocrx_word' id='word_1_470' title='bbox 2526 2525 2576 2578; x_wconf 91' lang='lat' dir='ltr'><strong>ei</strong></span> <span class='ocrx_word' id='word_1_471' title='bbox 2607 2524 2854 2579; x_wconf 85' lang='lat' dir='ltr'><strong>inferret.</strong></span> <span class='ocrx_word' id='word_1_472' title='bbox 2885 2524 2976 2578; x_wconf 89' lang='lat' dir='ltr'><strong>Est</strong></span> <span class='ocrx_word' id='word_1_473' title='bbox 3007 2524 3156 2578; x_wconf 91' lang='lat' dir='ltr'><strong>enim</strong></span> <span class='ocrx_word' id='word_1_474' title='bbox 3187 2525 3336 2595; x_wconf 91' lang='lat' dir='ltr'><strong>apud</strong></span> <span class='ocrx_word' id='word_1_475' title='bbox 3364 2525 3641 2580; x_wconf 82' lang='lat' dir='ltr'><strong>domuum</strong></span> <span class='ocrx_word' id='word_1_476' title='bbox 3675 2544 3771 2581; x_wconf 92' lang='lat' dir='ltr'><strong>no-</strong></span> 
     </span>
    </p>
   </div>
   <div class='ocr_carea' id='block_1_69' title="bbox 2149 2613 3773 2686">
    <p class='ocr_par' dir='ltr' id='par_1_69' title="bbox 2149 2613 3773 2686">
     <span class='ocr_line' id='line_1_69' title="bbox 2149 2613 3773 2686; baseline 0.001 -20"><span class='ocrx_word' id='word_1_477' title='bbox 2149 2621 2321 2668; x_wconf 89' lang='lat' dir='ltr'><strong>strum</strong></span> <span class='ocrx_word' id='word_1_478' title='bbox 2355 2628 2540 2686; x_wconf 90' lang='lat' dir='ltr'><strong>regem</strong></span> <span class='ocrx_word' id='word_1_479' title='bbox 2572 2613 2716 2667; x_wconf 91' lang='lat' dir='ltr'><strong>idem</strong></span> <span class='ocrx_word' id='word_1_480' title='bbox 2750 2613 2912 2668; x_wconf 91' lang='lat' dir='ltr'><strong>homo</strong></span> <span class='ocrx_word' id='word_1_481' title='bbox 2943 2619 3251 2674; x_wconf 87' lang='lat' dir='ltr'><strong>accusatus.</strong></span> <span class='ocrx_word' id='word_1_482' title='bbox 3286 2613 3436 2685; x_wconf 90' lang='lat' dir='ltr'><strong>quod</strong></span> <span class='ocrx_word' id='word_1_483' title='bbox 3470 2613 3692 2669; x_wconf 88' lang='lat' dir='ltr'><strong>furatus</strong></span> <span class='ocrx_word' id='word_1_484' title='bbox 3712 2618 3773 2669; x_wconf 87' lang='lat' dir='ltr'><strong>sit</strong></span> 
     </span>
    </p>
   </div>
   <div class='ocr_carea' id='block_1_70' title="bbox 2151 2705 3775 2776">
    <p class='ocr_par' dir='ltr' id='par_1_70' title="bbox 2151 2705 3775 2776">
     <span class='ocr_line' id='line_1_70' title="bbox 2151 2705 3775 2776; baseline 0.001 -18"><span class='ocrx_word' id='word_1_485' title='bbox 2151 2721 2239 2759; x_wconf 92' lang='lat' dir='ltr'><strong>res</strong></span> <span class='ocrx_word' id='word_1_486' title='bbox 2268 2712 2323 2759; x_wconf 88' lang='lat' dir='ltr'><strong>et</strong></span> <span class='ocrx_word' id='word_1_487' title='bbox 2372 2707 2690 2759; x_wconf 89' lang='lat' dir='ltr'><strong>thesaurum</strong></span> <span class='ocrx_word' id='word_1_488' title='bbox 2736 2705 3013 2768; x_wconf 64' lang='lat' dir='ltr'><strong>Ecclesiae,</strong></span> <span class='ocrx_word' id='word_1_489' title='bbox 3049 2713 3102 2760; x_wconf 90' lang='lat' dir='ltr'><strong>et</strong></span> <span class='ocrx_word' id='word_1_490' title='bbox 3133 2713 3256 2776; x_wconf 87' lang='lat' dir='ltr'><strong>post</strong></span> <span class='ocrx_word' id='word_1_491' title='bbox 3300 2705 3616 2776; x_wconf 75' lang='lat' dir='ltr'><strong>periurium</strong></span> <span class='ocrx_word' id='word_1_492' title='bbox 3652 2709 3775 2760; x_wconf 85' lang='lat' dir='ltr'><strong>inde</strong></span> 
     </span>
    </p>
   </div>
   <div class='ocr_carea' id='block_1_71' title="bbox 2150 2797 3776 2871">
    <p class='ocr_par' dir='ltr' id='par_1_71' title="bbox 2150 2797 3776 2871">
     <span class='ocr_line' id='line_1_71' title="bbox 2150 2797 3776 2871; baseline 0.001 -20"><span class='ocrx_word' id='word_1_493' title='bbox 2150 2797 2523 2864; x_wconf 90' lang='lat' dir='ltr'><strong>commissum,</strong></span> <span class='ocrx_word' id='word_1_494' title='bbox 2555 2797 2684 2870; x_wconf 89' lang='lat' dir='ltr'><strong>fuga</strong></span> <span class='ocrx_word' id='word_1_495' title='bbox 2711 2798 2916 2868; x_wconf 88' lang='lat' dir='ltr'><strong>lapsus,</strong></span> <span class='ocrx_word' id='word_1_496' title='bbox 2947 2797 3014 2850; x_wconf 89' lang='lat' dir='ltr'><strong>ad</strong></span> <span class='ocrx_word' id='word_1_497' title='bbox 3050 2797 3389 2852; x_wconf 84' lang='lat' dir='ltr'><strong>Ludovicum</strong></span> <span class='ocrx_word' id='word_1_498' title='bbox 3422 2815 3618 2871; x_wconf 89' lang='lat' dir='ltr'><strong>regem</strong></span> <span class='ocrx_word' id='word_1_499' title='bbox 3654 2817 3776 2870; x_wconf 84' lang='lat' dir='ltr'><strong>per-</strong></span> 
     </span>
    </p>
   </div>
   <div class='ocr_carea' id='block_1_72' title="bbox 2151 2884 3777 2960">
    <p class='ocr_par' dir='ltr' id='par_1_72' title="bbox 2151 2884 3777 2960">
     <span class='ocr_line' id='line_1_72' title="bbox 2151 2884 3777 2960; baseline 0.001 -22"><span class='ocrx_word' id='word_1_500' title='bbox 2151 2884 2374 2940; x_wconf 88' lang='lat' dir='ltr'><strong>rexerit.</strong></span> <span class='ocrx_word' id='word_1_501' title='bbox 2413 2885 2565 2939; x_wconf 91' lang='lat' dir='ltr'><strong>Unde</strong></span> <span class='ocrx_word' id='word_1_502' title='bbox 2615 2885 2762 2939; x_wconf 91' lang='lat' dir='ltr'><strong>idem</strong></span> <span class='ocrx_word' id='word_1_503' title='bbox 2807 2884 3078 2940; x_wconf 86' lang='lat' dir='ltr'><strong>Rodulfus</strong></span> <span class='ocrx_word' id='word_1_504' title='bbox 3124 2885 3306 2955; x_wconf 88' lang='lat' dir='ltr'><strong>petiit,</strong></span> <span class='ocrx_word' id='word_1_505' title='bbox 3358 2891 3418 2939; x_wconf 90' lang='lat' dir='ltr'><strong>ut</strong></span> <span class='ocrx_word' id='word_1_506' title='bbox 3465 2902 3575 2960; x_wconf 85' lang='lat' dir='ltr'><strong>ego</strong></span> <span class='ocrx_word' id='word_1_507' title='bbox 3631 2888 3777 2941; x_wconf 87' lang='lat' dir='ltr'><strong>illum</strong></span> 
     </span>
    </p>
   </div>
   <div class='ocr_carea' id='block_1_73' title="bbox 2150 2976 3779 3052">
    <p class='ocr_par' dir='ltr' id='par_1_73' title="bbox 2150 2976 3779 3052">
     <span class='ocr_line' id='line_1_73' title="bbox 2150 2976 3779 3052; baseline 0.001 -21"><span class='ocrx_word' id='word_1_508' title='bbox 2150 2977 2298 3032; x_wconf 90' lang='lat' dir='ltr'><strong>unde</strong></span> <span class='ocrx_word' id='word_1_509' title='bbox 2323 2976 2470 3048; x_wconf 89' lang='lat' dir='ltr'><strong>apud</strong></span> <span class='ocrx_word' id='word_1_510' title='bbox 2497 2977 2782 3033; x_wconf 91' lang='lat' dir='ltr'><strong>dominum</strong></span> <span class='ocrx_word' id='word_1_511' title='bbox 2815 2985 3064 3033; x_wconf 86' lang='lat' dir='ltr'><strong>nostrum</strong></span> <span class='ocrx_word' id='word_1_512' title='bbox 3113 2993 3298 3052; x_wconf 88' lang='lat' dir='ltr'><strong>regem</strong></span> <span class='ocrx_word' id='word_1_513' title='bbox 3332 2977 3695 3048; x_wconf 79' lang='lat' dir='ltr'><strong>adjuvat-em:</strong></span> <span class='ocrx_word' id='word_1_514' title='bbox 3732 2990 3779 3033; x_wconf 83' lang='lat' dir='ltr'><strong>ut</strong></span> 
     </span>
    </p>
   </div>
   <div class='ocr_carea' id='block_1_74' title="bbox 2150 3065 3778 3138">
    <p class='ocr_par' dir='ltr' id='par_1_74' title="bbox 2150 3065 3778 3138">
     <span class='ocr_line' id='line_1_74' title="bbox 2150 3065 3778 3138; baseline 0.001 -17"><span class='ocrx_word' id='word_1_515' title='bbox 2150 3067 2411 3138; x_wconf 89' lang='lat' dir='ltr'><strong>quoniam</strong></span> <span class='ocrx_word' id='word_1_516' title='bbox 2445 3067 2769 3137; x_wconf 82' lang='lat' dir='ltr'><strong>praedictum</strong></span> <span class='ocrx_word' id='word_1_517' title='bbox 2799 3066 3081 3121; x_wconf 89' lang='lat' dir='ltr'><strong>hominem</strong></span> <span class='ocrx_word' id='word_1_518' title='bbox 3105 3065 3162 3120; x_wconf 90' lang='lat' dir='ltr'><strong>in</strong></span> <span class='ocrx_word' id='word_1_519' title='bbox 3193 3082 3296 3120; x_wconf 91' lang='lat' dir='ltr'><strong>sua</strong></span> <span class='ocrx_word' id='word_1_520' title='bbox 3320 3065 3430 3121; x_wconf 88' lang='lat' dir='ltr'><strong>ﬁde</strong></span> <span class='ocrx_word' id='word_1_521' title='bbox 3462 3083 3778 3138; x_wconf 85' lang='lat' dir='ltr'><strong>acceperat,</strong></span> 
     </span>
    </p>
   </div>
   <div class='ocr_carea' id='block_1_75' title="bbox 2079 3157 3780 3270">
    <p class='ocr_par' dir='ltr' id='par_1_75' title="bbox 2079 3157 3780 3270">
     <span class='ocr_line' id='line_1_75' title="bbox 2079 3157 3780 3270; baseline 0.002 -59"><span class='ocrx_word' id='word_1_522' title='bbox 2079 3158 2363 3270; x_wconf 85' lang='lat' dir='ltr'><strong>Cnullum</strong></span> <span class='ocrx_word' id='word_1_523' title='bbox 2407 3158 2611 3212; x_wconf 92' lang='lat' dir='ltr'><strong>malum</strong></span> <span class='ocrx_word' id='word_1_524' title='bbox 2658 3157 2913 3214; x_wconf 84' lang='lat' dir='ltr'><strong>haberet.</strong></span> <span class='ocrx_word' id='word_1_525' title='bbox 2963 3157 3060 3213; x_wconf 89' lang='lat' dir='ltr'><strong>Cui</strong></span> <span class='ocrx_word' id='word_1_526' title='bbox 3104 3158 3395 3228; x_wconf 90' lang='lat' dir='ltr'><strong>respondi,</strong></span> <span class='ocrx_word' id='word_1_527' title='bbox 3455 3166 3516 3213; x_wconf 93' lang='lat' dir='ltr'><strong>ut</strong></span> <span class='ocrx_word' id='word_1_528' title='bbox 3571 3169 3780 3215; x_wconf 86' lang='lat' dir='ltr'><strong>teneret</strong></span> 
     </span>
    </p>
   </div>
   <div class='ocr_carea' id='block_1_76' title="bbox 2150 3251 3777 3322">
    <p class='ocr_par' dir='ltr' id='par_1_76' title="bbox 2150 3251 3777 3322">
     <span class='ocr_line' id='line_1_76' title="bbox 2150 3251 3777 3322; baseline 0.002 -18"><span class='ocrx_word' id='word_1_529' title='bbox 2150 3251 2333 3322; x_wconf 92' lang='lat' dir='ltr'><strong>ipsum</strong></span> <span class='ocrx_word' id='word_1_530' title='bbox 2384 3251 2663 3307; x_wconf 89' lang='lat' dir='ltr'><strong>hominem</strong></span> <span class='ocrx_word' id='word_1_531' title='bbox 2704 3267 2916 3318; x_wconf 90' lang='lat' dir='ltr'><strong>secum,</strong></span> <span class='ocrx_word' id='word_1_532' title='bbox 2965 3266 3038 3306; x_wconf 90' lang='lat' dir='ltr'><strong>ne</strong></span> <span class='ocrx_word' id='word_1_533' title='bbox 3078 3251 3298 3306; x_wconf 91' lang='lat' dir='ltr'><strong>interim</strong></span> <span class='ocrx_word' id='word_1_534' title='bbox 3347 3251 3528 3307; x_wconf 90' lang='lat' dir='ltr'><strong>ullum</strong></span> <span class='ocrx_word' id='word_1_535' title='bbox 3570 3254 3777 3308; x_wconf 88' lang='lat' dir='ltr'><strong>malum</strong></span> 
     </span>
    </p>
   </div>
   <div class='ocr_carea' id='block_1_77' title="bbox 2149 3343 3778 3416">
    <p class='ocr_par' dir='ltr' id='par_1_77' title="bbox 2149 3343 3778 3416">
     <span class='ocr_line' id='line_1_77' title="bbox 2149 3343 3778 3416; baseline -0.001 -17"><span class='ocrx_word' id='word_1_536' title='bbox 2149 3353 2430 3415; x_wconf 90' lang='lat' dir='ltr'><strong>pateretur</strong></span> <span class='ocrx_word' id='word_1_537' title='bbox 2455 3386 2468 3412; x_wconf 91' lang='lat'><strong>,</strong></span> <span class='ocrx_word' id='word_1_538' title='bbox 2510 3344 2691 3400; x_wconf 91' lang='lat' dir='ltr'><strong>donec</strong></span> <span class='ocrx_word' id='word_1_539' title='bbox 2734 3345 2803 3399; x_wconf 87' lang='lat' dir='ltr'><strong>ad</strong></span> <span class='ocrx_word' id='word_1_540' title='bbox 2843 3351 3050 3400; x_wconf 89' lang='lat' dir='ltr'><strong>cortem</strong></span> <span class='ocrx_word' id='word_1_541' title='bbox 3093 3343 3356 3412; x_wconf 80' lang='lat' dir='ltr'><strong>redirem,</strong></span> <span class='ocrx_word' id='word_1_542' title='bbox 3401 3354 3459 3398; x_wconf 91' lang='lat' dir='ltr'><strong>et</strong></span> <span class='ocrx_word' id='word_1_543' title='bbox 3501 3354 3778 3416; x_wconf 87' lang='lat' dir='ltr'><strong>quantum</strong></span> 
     </span>
    </p>
   </div>
   <div class='ocr_carea' id='block_1_78' title="bbox 2149 3435 3780 3508">
    <p class='ocr_par' dir='ltr' id='par_1_78' title="bbox 2149 3435 3780 3508">
     <span class='ocr_line' id='line_1_78' title="bbox 2149 3435 3780 3508; baseline -0.001 -16"><span class='ocrx_word' id='word_1_544' title='bbox 2149 3451 2369 3508; x_wconf 90' lang='lat' dir='ltr'><strong>possem</strong></span> <span class='ocrx_word' id='word_1_545' title='bbox 2400 3435 2531 3490; x_wconf 91' lang='lat' dir='ltr'><strong>inde</strong></span> <span class='ocrx_word' id='word_1_546' title='bbox 2562 3435 2714 3491; x_wconf 91' lang='lat' dir='ltr'><strong>illum</strong></span> <span class='ocrx_word' id='word_1_547' title='bbox 2747 3436 3007 3504; x_wconf 88' lang='lat' dir='ltr'><strong>adjuvare</strong></span> <span class='ocrx_word' id='word_1_548' title='bbox 3038 3451 3311 3491; x_wconf 89' lang='lat' dir='ltr'><strong>curarem.</strong></span> <span class='ocrx_word' id='word_1_549' title='bbox 3357 3437 3547 3506; x_wconf 85' lang='lat' dir='ltr'><strong>ipsum</strong></span> <span class='ocrx_word' id='word_1_550' title='bbox 3597 3447 3780 3492; x_wconf 77' lang='lat' dir='ltr'><strong>autem</strong></span> 
     </span>
    </p>
   </div>
   <div class='ocr_carea' id='block_1_79' title="bbox 2149 3525 3784 3598">
    <p class='ocr_par' dir='ltr' id='par_1_79' title="bbox 2149 3525 3784 3598">
     <span class='ocr_line' id='line_1_79' title="bbox 2149 3525 3784 3598; baseline 0.001 -18"><span class='ocrx_word' id='word_1_551' title='bbox 2149 3527 2430 3582; x_wconf 90' lang='lat' dir='ltr'><strong>hominem</strong></span> <span class='ocrx_word' id='word_1_552' title='bbox 2463 3543 2569 3583; x_wconf 90' lang='lat' dir='ltr'><strong>nec</strong></span> <span class='ocrx_word' id='word_1_553' title='bbox 2599 3535 2754 3592; x_wconf 91' lang='lat' dir='ltr'><strong>tunc,</strong></span> <span class='ocrx_word' id='word_1_554' title='bbox 2785 3541 2892 3581; x_wconf 89' lang='lat' dir='ltr'><strong>nec</strong></span> <span class='ocrx_word' id='word_1_555' title='bbox 2913 3532 3104 3597; x_wconf 90' lang='lat' dir='ltr'><strong>postea</strong></span> <span class='ocrx_word' id='word_1_556' title='bbox 3123 3525 3258 3589; x_wconf 87' lang='lat' dir='ltr'><strong>vidi,</strong></span> <span class='ocrx_word' id='word_1_557' title='bbox 3284 3542 3389 3582; x_wconf 90' lang='lat' dir='ltr'><strong>nec</strong></span> <span class='ocrx_word' id='word_1_558' title='bbox 3416 3543 3532 3598; x_wconf 91' lang='lat' dir='ltr'><strong>quo</strong></span> <span class='ocrx_word' id='word_1_559' title='bbox 3555 3529 3784 3583; x_wconf 82' lang='lat' dir='ltr'><strong>absces-</strong></span> 
     </span>
    </p>
   </div>
   <div class='ocr_carea' id='block_1_80' title="bbox 2147 3617 3783 3690">
    <p class='ocr_par' dir='ltr' id='par_1_80' title="bbox 2147 3617 3783 3690">
     <span class='ocr_line' id='line_1_80' title="bbox 2147 3617 3783 3690; baseline -0.003 -15"><span class='ocrx_word' id='word_1_560' title='bbox 2147 3621 2277 3675; x_wconf 89' lang='lat' dir='ltr'><strong>serit</strong></span> <span class='ocrx_word' id='word_1_561' title='bbox 2315 3637 2440 3675; x_wconf 90' lang='lat' dir='ltr'><strong>cum</strong></span> <span class='ocrx_word' id='word_1_562' title='bbox 2489 3619 2764 3690; x_wconf 91' lang='lat' dir='ltr'><strong>epistolis,</strong></span> <span class='ocrx_word' id='word_1_563' title='bbox 2813 3617 3018 3672; x_wconf 90' lang='lat' dir='ltr'><strong>audivi.</strong></span> <span class='ocrx_word' id='word_1_564' title='bbox 3066 3617 3194 3681; x_wconf 79' lang='lat' dir='ltr'><strong>Quae</strong></span> <span class='ocrx_word' id='word_1_565' title='bbox 3236 3617 3448 3673; x_wconf 88' lang='lat' dir='ltr'><strong>idcirco</strong></span> <span class='ocrx_word' id='word_1_566' title='bbox 3497 3619 3783 3673; x_wconf 86' lang='lat' dir='ltr'><strong>sanctitati</strong></span> 
     </span>
    </p>
   </div>
   <div class='ocr_carea' id='block_1_81' title="bbox 2145 3710 3787 3782">
    <p class='ocr_par' dir='ltr' id='par_1_81' title="bbox 2145 3710 3787 3782">
     <span class='ocr_line' id='line_1_81' title="bbox 2145 3710 3787 3782; baseline -0.001 -14"><span class='ocrx_word' id='word_1_567' title='bbox 2145 3719 2341 3768; x_wconf 79' lang='lat' dir='ltr'><strong>vestrae</strong></span> <span class='ocrx_word' id='word_1_568' title='bbox 2378 3713 2618 3768; x_wconf 90' lang='lat' dir='ltr'><strong>scribere</strong></span> <span class='ocrx_word' id='word_1_569' title='bbox 2660 3711 2869 3778; x_wconf 90' lang='lat' dir='ltr'><strong>studui,</strong></span> <span class='ocrx_word' id='word_1_570' title='bbox 2907 3718 2968 3766; x_wconf 94' lang='lat' dir='ltr'><strong>ut</strong></span> <span class='ocrx_word' id='word_1_571' title='bbox 2997 3710 3042 3766; x_wconf 92' lang='lat' dir='ltr'><strong>si</strong></span> <span class='ocrx_word' id='word_1_572' title='bbox 3073 3710 3274 3782; x_wconf 88' lang='lat' dir='ltr'><strong>aliquis</strong></span> <span class='ocrx_word' id='word_1_573' title='bbox 3305 3711 3639 3766; x_wconf 85' lang='lat' dir='ltr'><strong>malivorum</strong></span> <span class='ocrx_word' id='word_1_574' title='bbox 3687 3727 3787 3766; x_wconf 88' lang='lat' dir='ltr'><strong>no-</strong></span> 
     </span>
    </p>
   </div>
   <div class='ocr_carea' id='block_1_82' title="bbox 2145 3799 3784 3871">
    <p class='ocr_par' dir='ltr' id='par_1_82' title="bbox 2145 3799 3784 3871">
     <span class='ocr_line' id='line_1_82' title="bbox 2145 3799 3784 3871; baseline 0.001 -17"><span class='ocrx_word' id='word_1_575' title='bbox 2145 3808 2382 3856; x_wconf 90' lang='lat' dir='ltr'><strong>strorum</strong></span> <span class='ocrx_word' id='word_1_576' title='bbox 2423 3803 2599 3870; x_wconf 87' lang='lat' dir='ltr'><strong>(more</strong></span> <span class='ocrx_word' id='word_1_577' title='bbox 2639 3807 2762 3866; x_wconf 90' lang='lat' dir='ltr'><strong>suo)</strong></span> <span class='ocrx_word' id='word_1_578' title='bbox 2789 3800 2943 3856; x_wconf 88' lang='lat' dir='ltr'><strong>vobis</strong></span> <span class='ocrx_word' id='word_1_579' title='bbox 2984 3799 3290 3871; x_wconf 89' lang='lat' dir='ltr'><strong>quidquam</strong></span> <span class='ocrx_word' id='word_1_580' title='bbox 3331 3800 3550 3855; x_wconf 89' lang='lat' dir='ltr'><strong>sinistri</strong></span> <span class='ocrx_word' id='word_1_581' title='bbox 3582 3817 3648 3854; x_wconf 85' lang='lat' dir='ltr'><strong>ex</strong></span> <span class='ocrx_word' id='word_1_582' title='bbox 3686 3802 3784 3855; x_wconf 74' lang='lat' dir='ltr'><strong>hcc</strong></span> 
     </span>
    </p>
   </div>
   <div class='ocr_carea' id='block_1_83' title="bbox 2143 3892 3782 3968">
    <p class='ocr_par' dir='ltr' id='par_1_83' title="bbox 2143 3892 3782 3968">
     <span class='ocr_line' id='line_1_83' title="bbox 2143 3892 3782 3968; baseline -0.002 -20"><span class='ocrx_word' id='word_1_583' title='bbox 2143 3909 2444 3968; x_wconf 86' lang='lat' dir='ltr'><strong>suggerere</strong></span> <span class='ocrx_word' id='word_1_584' title='bbox 2472 3893 2732 3961; x_wconf 88' lang='lat' dir='ltr'><strong>voluerit,</strong></span> <span class='ocrx_word' id='word_1_585' title='bbox 2756 3892 2888 3963; x_wconf 92' lang='lat' dir='ltr'><strong>quid</strong></span> <span class='ocrx_word' id='word_1_586' title='bbox 2923 3892 3054 3946; x_wconf 92' lang='lat' dir='ltr'><strong>inde</strong></span> <span class='ocrx_word' id='word_1_587' title='bbox 3084 3908 3274 3946; x_wconf 89' lang='lat' dir='ltr'><strong>verum</strong></span> <span class='ocrx_word' id='word_1_588' title='bbox 3307 3893 3380 3946; x_wconf 90' lang='lat' dir='ltr'><strong>sit</strong></span> <span class='ocrx_word' id='word_1_589' title='bbox 3401 3894 3782 3965; x_wconf 82' lang='lat' dir='ltr'><strong>cognoscatis,</strong></span> 
     </span>
    </p>
   </div>
   <div class='ocr_carea' id='block_1_84' title="bbox 2142 3984 3493 4057">
    <p class='ocr_par' dir='ltr' id='par_1_84' title="bbox 2142 3984 3493 4057">
     <span class='ocr_line' id='line_1_84' title="bbox 2142 3984 3493 4057; baseline 0.001 -18"><span class='ocrx_word' id='word_1_590' title='bbox 2142 3991 2198 4040; x_wconf 91' lang='lat' dir='ltr'><strong>et</strong></span> <span class='ocrx_word' id='word_1_591' title='bbox 2224 3999 2356 4057; x_wconf 88' lang='lat' dir='ltr'><strong>erga</strong></span> <span class='ocrx_word' id='word_1_592' title='bbox 2383 4001 2473 4039; x_wconf 90' lang='lat' dir='ltr'><strong>me</strong></span> <span class='ocrx_word' id='word_1_593' title='bbox 2497 3993 2741 4040; x_wconf 87' lang='lat' dir='ltr'><strong>vestrum</strong></span> <span class='ocrx_word' id='word_1_594' title='bbox 2771 3984 3018 4040; x_wconf 90' lang='lat' dir='ltr'><strong>animum</strong></span> <span class='ocrx_word' id='word_1_595' title='bbox 3049 3999 3161 4039; x_wconf 92' lang='lat' dir='ltr'><strong>non</strong></span> <span class='ocrx_word' id='word_1_596' title='bbox 3193 3985 3493 4040; x_wconf 86' lang='lat' dir='ltr'><strong>moveatis.</strong></span> 
     </span>
    </p>
   </div>
   <div class='ocr_carea' id='block_1_85' title="bbox 2217 4092 3777 4164">
    <p class='ocr_par' dir='ltr' id='par_1_85' title="bbox 2217 4092 3777 4164">
     <span class='ocr_line' id='line_1_85' title="bbox 2217 4092 3777 4164; baseline 0.003 -19"><span class='ocrx_word' id='word_1_597' title='bbox 2217 4115 2243 4145; x_wconf 86' lang='grc'><strong>‹‹</strong></span> <span class='ocrx_word' id='word_1_598' title='bbox 2286 4094 2572 4149; x_wconf 82' lang='lat' dir='ltr'><strong>Rationem</strong></span> <span class='ocrx_word' id='word_1_599' title='bbox 2613 4094 2855 4164; x_wconf 91' lang='lat' dir='ltr'><strong>denique</strong></span> <span class='ocrx_word' id='word_1_600' title='bbox 2883 4109 3048 4164; x_wconf 89' lang='lat' dir='ltr'><strong>quam</strong></span> <span class='ocrx_word' id='word_1_601' title='bbox 3097 4092 3314 4147; x_wconf 90' lang='lat' dir='ltr'><strong>reddidi</strong></span> <span class='ocrx_word' id='word_1_602' title='bbox 3359 4108 3551 4149; x_wconf 88' lang='lat' dir='ltr'><strong>coram</strong></span> <span class='ocrx_word' id='word_1_603' title='bbox 3584 4095 3777 4149; x_wconf 84' lang='lat' dir='ltr'><strong>electis</strong></span> 
     </span>
    </p>
   </div>
   <div class='ocr_carea' id='block_1_86' title="bbox 2135 4184 3773 4257">
    <p class='ocr_par' dir='ltr' id='par_1_86' title="bbox 2135 4184 3773 4257">
     <span class='ocr_line' id='line_1_86' title="bbox 2135 4184 3773 4257; baseline -0.002 -15"><span class='ocrx_word' id='word_1_604' title='bbox 2135 4187 2440 4257; x_wconf 91' lang='lat' dir='ltr'><strong>judicibus,</strong></span> <span class='ocrx_word' id='word_1_605' title='bbox 2471 4187 2541 4241; x_wconf 92' lang='lat' dir='ltr'><strong>de</strong></span> <span class='ocrx_word' id='word_1_606' title='bbox 2572 4185 2777 4257; x_wconf 89' lang='lat' dir='ltr'><strong>quibus</strong></span> <span class='ocrx_word' id='word_1_607' title='bbox 2816 4201 2914 4255; x_wconf 88' lang='lat' dir='ltr'><strong>per</strong></span> <span class='ocrx_word' id='word_1_608' title='bbox 2952 4184 3208 4240; x_wconf 90' lang='lat' dir='ltr'><strong>libellum</strong></span> <span class='ocrx_word' id='word_1_609' title='bbox 3255 4186 3682 4255; x_wconf 86' lang='lat' dir='ltr'><strong>provocationis</strong></span> <span class='ocrx_word' id='word_1_610' title='bbox 3711 4188 3773 4241; x_wconf 84' lang='lat' dir='ltr'><strong>ad</strong></span> 
     </span>
    </p>
   </div>
   <div class='ocr_carea' id='block_1_87' title="bbox 2142 4272 3775 4344">
    <p class='ocr_par' dir='ltr' id='par_1_87' title="bbox 2142 4272 3775 4344">
     <span class='ocr_line' id='line_1_87' title="bbox 2142 4272 3775 4344; baseline -0.002 -13"><span class='ocrx_word' id='word_1_611' title='bbox 2142 4276 2444 4332; x_wconf 90' lang='lat' dir='ltr'><strong>electorum</strong></span> <span class='ocrx_word' id='word_1_612' title='bbox 2496 4275 2768 4343; x_wconf 91' lang='lat' dir='ltr'><strong>judicium</strong></span> <span class='ocrx_word' id='word_1_613' title='bbox 2815 4273 3026 4329; x_wconf 89' lang='lat' dir='ltr'><strong>fueram</strong></span> <span class='ocrx_word' id='word_1_614' title='bbox 3077 4289 3108 4327; x_wconf 88' lang='lat' dir='ltr'><strong>a</strong></span> <span class='ocrx_word' id='word_1_615' title='bbox 3157 4272 3412 4328; x_wconf 90' lang='lat' dir='ltr'><strong>Rolhado</strong></span> <span class='ocrx_word' id='word_1_616' title='bbox 3460 4273 3775 4344; x_wconf 81' lang='lat' dir='ltr'><strong>impelitus,</strong></span> 
     </span>
    </p>
   </div>
   <div class='ocr_carea' id='block_1_88' title="bbox 2143 4363 3778 4436">
    <p class='ocr_par' dir='ltr' id='par_1_88' title="bbox 2143 4363 3778 4436">
     <span class='ocr_line' id='line_1_88' title="bbox 2143 4363 3778 4436; baseline -0.001 -17"><span class='ocrx_word' id='word_1_617' title='bbox 2143 4364 2249 4436; x_wconf 92' lang='lat' dir='ltr'><strong>ipsi</strong></span> <span class='ocrx_word' id='word_1_618' title='bbox 2278 4364 2623 4421; x_wconf 88' lang='lat' dir='ltr'><strong>venerabiles</strong></span> <span class='ocrx_word' id='word_1_619' title='bbox 2648 4363 2897 4434; x_wconf 88' lang='lat' dir='ltr'><strong>episcopi</strong></span> <span class='ocrx_word' id='word_1_620' title='bbox 2928 4369 3125 4417; x_wconf 73' lang='lat' dir='ltr'><strong>vestra:</strong></span> <span class='ocrx_word' id='word_1_621' title='bbox 3143 4363 3458 4418; x_wconf 83' lang='lat' dir='ltr'><strong>auctoritati</strong></span> <span class='ocrx_word' id='word_1_622' title='bbox 3491 4366 3778 4418; x_wconf 87' lang='lat' dir='ltr'><strong>transmit-</strong></span> 
     </span>
    </p>
   </div>
   <div class='ocr_carea' id='block_1_89' title="bbox 2144 4450 3777 4524">
    <p class='ocr_par' dir='ltr' id='par_1_89' title="bbox 2144 4450 3777 4524">
     <span class='ocr_line' id='line_1_89' title="bbox 2144 4450 3777 4524; baseline -0.001 -16"><span class='ocrx_word' id='word_1_623' title='bbox 2144 4459 2287 4509; x_wconf 88' lang='lat' dir='ltr'><strong>tunt.</strong></span> <span class='ocrx_word' id='word_1_624' title='bbox 2325 4453 2401 4508; x_wconf 92' lang='lat' dir='ltr'><strong>De</strong></span> <span class='ocrx_word' id='word_1_625' title='bbox 2451 4453 2618 4524; x_wconf 87' lang='lat' dir='ltr'><strong>gestis</strong></span> <span class='ocrx_word' id='word_1_626' title='bbox 2644 4467 2777 4507; x_wconf 88' lang='lat' dir='ltr'><strong>vero</strong></span> <span class='ocrx_word' id='word_1_627' title='bbox 2807 4468 2838 4505; x_wconf 91' lang='lat' dir='ltr'><strong>a</strong></span> <span class='ocrx_word' id='word_1_628' title='bbox 2869 4450 3117 4506; x_wconf 91' lang='lat' dir='ltr'><strong>Rothado</strong></span> <span class='ocrx_word' id='word_1_629' title='bbox 3161 4457 3286 4520; x_wconf 91' lang='lat' dir='ltr'><strong>post</strong></span> <span class='ocrx_word' id='word_1_630' title='bbox 3311 4454 3777 4507; x_wconf 76' lang='lat' dir='ltr'><strong>excommunica-</strong></span> 
     </span>
    </p>
   </div>
   <div class='ocr_carea' id='block_1_90' title="bbox 421 4537 3778 4640">
    <p class='ocr_par' dir='ltr' id='par_1_90' title="bbox 421 4537 3778 4640">
     <span class='ocr_line' id='line_1_90' title="bbox 421 4537 3778 4640; baseline 0.001 -47"><span class='ocrx_word' id='word_1_631' title='bbox 421 4539 579 4609; x_wconf 91' lang='lat' dir='ltr'><strong>dero,</strong></span> <span class='ocrx_word' id='word_1_632' title='bbox 623 4548 677 4595; x_wconf 90' lang='lat' dir='ltr'><strong>et</strong></span> <span class='ocrx_word' id='word_1_633' title='bbox 718 4541 960 4596; x_wconf 91' lang='lat' dir='ltr'><strong>visurum</strong></span> <span class='ocrx_word' id='word_1_634' title='bbox 993 4558 1081 4595; x_wconf 91' lang='lat' dir='ltr'><strong>me</strong></span> <span class='ocrx_word' id='word_1_635' title='bbox 1113 4558 1240 4596; x_wconf 86' lang='lat' dir='ltr'><strong>esse</strong></span> <span class='ocrx_word' id='word_1_636' title='bbox 1269 4540 1489 4597; x_wconf 88' lang='lat' dir='ltr'><strong>conﬁdo</strong></span> <span class='ocrx_word' id='word_1_637' title='bbox 1520 4558 1535 4608; x_wconf 89' lang='lat'><strong>;</strong></span> <span class='ocrx_word' id='word_1_638' title='bbox 1595 4542 1726 4612; x_wconf 91' lang='lat' dir='ltr'><strong>quia</strong></span> <span class='ocrx_word' id='word_1_639' title='bbox 1755 4558 1867 4598; x_wconf 90' lang='lat' dir='ltr'><strong>non</strong></span> <span class='ocrx_word' id='word_1_640' title='bbox 1893 4542 2041 4597; x_wconf 91' lang='lat' dir='ltr'><strong>aliud</strong></span> <span class='ocrx_word' id='word_1_641' title='bbox 2059 4570 2120 4640; x_wconf 85' lang='lat' dir='ltr'><strong>D</strong></span> <span class='ocrx_word' id='word_1_642' title='bbox 2146 4541 2350 4597; x_wconf 90' lang='lat' dir='ltr'><strong>tionem</strong></span> <span class='ocrx_word' id='word_1_643' title='bbox 2384 4557 2538 4596; x_wconf 91' lang='lat' dir='ltr'><strong>suam</strong></span> <span class='ocrx_word' id='word_1_644' title='bbox 2569 4541 2624 4594; x_wconf 91' lang='lat' dir='ltr'><strong>in</strong></span> <span class='ocrx_word' id='word_1_645' title='bbox 2657 4538 2984 4611; x_wconf 90' lang='lat' dir='ltr'><strong>provinciali</strong></span> <span class='ocrx_word' id='word_1_646' title='bbox 3029 4537 3245 4610; x_wconf 83' lang='lat' dir='ltr'><strong>synodo</strong></span> <span class='ocrx_word' id='word_1_647' title='bbox 3276 4539 3618 4609; x_wconf 89' lang='lat' dir='ltr'><strong>compilatis.</strong></span> <span class='ocrx_word' id='word_1_648' title='bbox 3659 4557 3778 4613; x_wconf 66' lang='lat' dir='ltr'><strong>quae</strong></span> 
     </span>
    </p>
   </div>
   <div class='ocr_carea' id='block_1_91' title="bbox 420 4629 2044 4704">
    <p class='ocr_par' dir='ltr' id='par_1_91' title="bbox 420 4629 2044 4704">
     <span class='ocr_line' id='line_1_91' title="bbox 420 4629 2044 4704; baseline 0.002 -21"><span class='ocrx_word' id='word_1_649' title='bbox 420 4629 532 4683; x_wconf 92' lang='lat' dir='ltr'><strong>nisi</strong></span> <span class='ocrx_word' id='word_1_650' title='bbox 569 4635 629 4684; x_wconf 91' lang='lat' dir='ltr'><strong>ut</strong></span> <span class='ocrx_word' id='word_1_651' title='bbox 664 4646 830 4700; x_wconf 90' lang='lat' dir='ltr'><strong>supra</strong></span> <span class='ocrx_word' id='word_1_652' title='bbox 859 4630 1181 4696; x_wconf 89' lang='lat' dir='ltr'><strong>monstravi,</strong></span> <span class='ocrx_word' id='word_1_653' title='bbox 1227 4630 1376 4701; x_wconf 91' lang='lat' dir='ltr'><strong>quod</strong></span> <span class='ocrx_word' id='word_1_654' title='bbox 1403 4630 1608 4704; x_wconf 69' lang='lat' dir='ltr'><strong>regula:</strong></span> <span class='ocrx_word' id='word_1_655' title='bbox 1648 4646 1816 4686; x_wconf 66' lang='lat' dir='ltr'><strong>sacrte</strong></span> <span class='ocrx_word' id='word_1_656' title='bbox 1857 4633 2044 4702; x_wconf 67' lang='lat' dir='ltr'><strong>praeci-</strong></span> 
     </span>
    </p>
   </div>
   <div class='ocr_carea' id='block_1_92' title="bbox 421 4720 2040 4791">
    <p class='ocr_par' dir='ltr' id='par_1_92' title="bbox 421 4720 2040 4791">
     <span class='ocr_line' id='line_1_92' title="bbox 421 4720 2040 4791; baseline 0.002 -17"><span class='ocrx_word' id='word_1_657' title='bbox 421 4721 602 4790; x_wconf 89' lang='lat' dir='ltr'><strong>piunt,</strong></span> <span class='ocrx_word' id='word_1_658' title='bbox 632 4728 686 4776; x_wconf 91' lang='lat' dir='ltr'><strong>et</strong></span> <span class='ocrx_word' id='word_1_659' title='bbox 713 4720 852 4775; x_wconf 90' lang='lat' dir='ltr'><strong>mihi</strong></span> <span class='ocrx_word' id='word_1_660' title='bbox 882 4721 1182 4791; x_wconf 91' lang='lat' dir='ltr'><strong>petendum</strong></span> <span class='ocrx_word' id='word_1_661' title='bbox 1215 4730 1270 4776; x_wconf 93' lang='lat' dir='ltr'><strong>et</strong></span> <span class='ocrx_word' id='word_1_662' title='bbox 1298 4721 1456 4777; x_wconf 88' lang='lat' dir='ltr'><strong>vobis</strong></span> <span class='ocrx_word' id='word_1_663' title='bbox 1487 4721 1907 4777; x_wconf 89' lang='lat' dir='ltr'><strong>concedendum</strong></span> <span class='ocrx_word' id='word_1_664' title='bbox 1939 4730 2040 4791; x_wconf 90' lang='lat' dir='ltr'><strong>est,</strong></span> 
     </span>
    </p>
   </div>
   <div class='ocr_carea' id='block_1_93' title="bbox 421 4813 2042 4887">
    <p class='ocr_par' dir='ltr' id='par_1_93' title="bbox 421 4813 2042 4887">
     <span class='ocr_line' id='line_1_93' title="bbox 421 4813 2042 4887; baseline -0.001 -15"><span class='ocrx_word' id='word_1_665' title='bbox 421 4814 686 4887; x_wconf 89' lang='lat' dir='ltr'><strong>postulo:</strong></span> <span class='ocrx_word' id='word_1_666' title='bbox 729 4813 1006 4881; x_wconf 89' lang='lat' dir='ltr'><strong>videlicet,</strong></span> <span class='ocrx_word' id='word_1_667' title='bbox 1069 4813 1236 4868; x_wconf 88' lang='lat' dir='ltr'><strong>utsic</strong></span> <span class='ocrx_word' id='word_1_668' title='bbox 1296 4813 1546 4869; x_wconf 87' lang='lat' dir='ltr'><strong>Rothado</strong></span> <span class='ocrx_word' id='word_1_669' title='bbox 1599 4813 1668 4868; x_wconf 91' lang='lat' dir='ltr'><strong>ab</strong></span> <span class='ocrx_word' id='word_1_670' title='bbox 1723 4816 2042 4871; x_wconf 87' lang='lat' dir='ltr'><strong>auctoritate</strong></span> 
     </span>
    </p>
   </div>
   <div class='ocr_carea' id='block_1_94' title="bbox 421 4905 2044 4978">
    <p class='ocr_par' dir='ltr' id='par_1_94' title="bbox 421 4905 2044 4978">
     <span class='ocr_line' id='line_1_94' title="bbox 421 4905 2044 4978; baseline 0.001 -15"><span class='ocrx_word' id='word_1_671' title='bbox 421 4915 600 4964; x_wconf 90' lang='lat' dir='ltr'><strong>vestra</strong></span> <span class='ocrx_word' id='word_1_672' title='bbox 635 4905 945 4977; x_wconf 90' lang='lat' dir='ltr'><strong>compassio</strong></span> <span class='ocrx_word' id='word_1_673' title='bbox 979 4905 1323 4972; x_wconf 87' lang='lat' dir='ltr'><strong>exhibeatur,</strong></span> <span class='ocrx_word' id='word_1_674' title='bbox 1356 4912 1416 4959; x_wconf 90' lang='lat' dir='ltr'><strong>ut</strong></span> <span class='ocrx_word' id='word_1_675' title='bbox 1455 4907 1613 4978; x_wconf 80' lang='lat' dir='ltr'><strong>vigor</strong></span> <span class='ocrx_word' id='word_1_676' title='bbox 1642 4907 2044 4964; x_wconf 90' lang='lat' dir='ltr'><strong>ecclesiasticus</strong></span> 
     </span>
    </p>
   </div>
   <div class='ocr_carea' id='block_1_95' title="bbox 422 4996 2042 5071">
    <p class='ocr_par' dir='ltr' id='par_1_95' title="bbox 422 4996 2042 5071">
     <span class='ocr_line' id='line_1_95' title="bbox 422 4996 2042 5071; baseline 0 -17"><span class='ocrx_word' id='word_1_677' title='bbox 422 5017 532 5055; x_wconf 93' lang='lat' dir='ltr'><strong>non</strong></span> <span class='ocrx_word' id='word_1_678' title='bbox 562 4999 894 5053; x_wconf 88' lang='lat' dir='ltr'><strong>dissolvatur</strong></span> <span class='ocrx_word' id='word_1_679' title='bbox 928 5014 940 5051; x_wconf 94' lang='lat'><strong>:</strong></span> <span class='ocrx_word' id='word_1_680' title='bbox 987 5002 1042 5051; x_wconf 92' lang='lat' dir='ltr'><strong>et</strong></span> <span class='ocrx_word' id='word_1_681' title='bbox 1079 4997 1159 5052; x_wconf 93' lang='lat' dir='ltr'><strong>sic</strong></span> <span class='ocrx_word' id='word_1_682' title='bbox 1189 4996 1344 5071; x_wconf 88' lang='lat' dir='ltr'><strong>vigor</strong></span> <span class='ocrx_word' id='word_1_683' title='bbox 1371 4997 1783 5052; x_wconf 89' lang='lat' dir='ltr'><strong>ecclesiasticus</strong></span> <span class='ocrx_word' id='word_1_684' title='bbox 1814 5014 2042 5055; x_wconf 89' lang='lat' dir='ltr'><strong>conser-</strong></span> 
     </span>
    </p>
   </div>
   <div class='ocr_carea' id='block_1_96' title="bbox 419 5084 2042 5155">
    <p class='ocr_par' dir='ltr' id='par_1_96' title="bbox 419 5084 2042 5155">
     <span class='ocr_line' id='line_1_96' title="bbox 419 5084 2042 5155; baseline -0.001 -12"><span class='ocrx_word' id='word_1_685' title='bbox 419 5097 598 5155; x_wconf 87' lang='lat' dir='ltr'><strong>vetur,</strong></span> <span class='ocrx_word' id='word_1_686' title='bbox 629 5094 688 5140; x_wconf 88' lang='lat' dir='ltr'><strong>ut</strong></span> <span class='ocrx_word' id='word_1_687' title='bbox 715 5084 902 5140; x_wconf 89' lang='lat' dir='ltr'><strong>debita</strong></span> <span class='ocrx_word' id='word_1_688' title='bbox 933 5085 1309 5141; x_wconf 87' lang='lat' dir='ltr'><strong>misericordia</strong></span> <span class='ocrx_word' id='word_1_689' title='bbox 1339 5093 1391 5140; x_wconf 91' lang='lat' dir='ltr'><strong>et</strong></span> <span class='ocrx_word' id='word_1_690' title='bbox 1419 5086 1728 5141; x_wconf 91' lang='lat' dir='ltr'><strong>necessaria</strong></span> <span class='ocrx_word' id='word_1_691' title='bbox 1760 5087 2042 5144; x_wconf 82' lang='lat' dir='ltr'><strong>sufficien-</strong></span> 
     </span>
    </p>
   </div>
   <div class='ocr_carea' id='block_1_97' title="bbox 420 5174 2040 5248">
    <p class='ocr_par' dir='ltr' id='par_1_97' title="bbox 420 5174 2040 5248">
     <span class='ocr_line' id='line_1_97' title="bbox 420 5174 2040 5248; baseline 0.001 -18"><span class='ocrx_word' id='word_1_692' title='bbox 420 5177 494 5232; x_wconf 86' lang='lat' dir='ltr'><strong>tia</strong></span> <span class='ocrx_word' id='word_1_693' title='bbox 525 5175 576 5230; x_wconf 93' lang='lat' dir='ltr'><strong>ei</strong></span> <span class='ocrx_word' id='word_1_694' title='bbox 609 5190 719 5227; x_wconf 92' lang='lat' dir='ltr'><strong>non</strong></span> <span class='ocrx_word' id='word_1_695' title='bbox 750 5174 1054 5246; x_wconf 85' lang='lat' dir='ltr'><strong>denegetur</strong></span> <span class='ocrx_word' id='word_1_696' title='bbox 1087 5190 1100 5230; x_wconf 91' lang='lat'><strong>:</strong></span> <span class='ocrx_word' id='word_1_697' title='bbox 1152 5180 1424 5245; x_wconf 86' lang='lat' dir='ltr'><strong>quatenus</strong></span> <span class='ocrx_word' id='word_1_698' title='bbox 1455 5190 1560 5229; x_wconf 91' lang='lat' dir='ltr'><strong>nec</strong></span> <span class='ocrx_word' id='word_1_699' title='bbox 1586 5175 1759 5245; x_wconf 90' lang='lat' dir='ltr'><strong>ipsius</strong></span> <span class='ocrx_word' id='word_1_700' title='bbox 1787 5177 2040 5248; x_wconf 88' lang='lat' dir='ltr'><strong>exemplo</strong></span> 
     </span>
    </p>
   </div>
   <div class='ocr_carea' id='block_1_98' title="bbox 420 5264 2042 5339">
    <p class='ocr_par' dir='ltr' id='par_1_98' title="bbox 420 5264 2042 5339">
     <span class='ocr_line' id='line_1_98' title="bbox 420 5264 2042 5339; baseline 0.002 -20"><span class='ocrx_word' id='word_1_701' title='bbox 420 5266 488 5319; x_wconf 87' lang='lat' dir='ltr'><strong>ad</strong></span> <span class='ocrx_word' id='word_1_702' title='bbox 527 5264 909 5318; x_wconf 79' lang='lat' dir='ltr'><strong>excedendum</strong></span> <span class='ocrx_word' id='word_1_703' title='bbox 951 5266 1043 5320; x_wconf 87' lang='lat' dir='ltr'><strong>alii</strong></span> <span class='ocrx_word' id='word_1_704' title='bbox 1076 5274 1461 5336; x_wconf 89' lang='lat' dir='ltr'><strong>provocentur,</strong></span> <span class='ocrx_word' id='word_1_705' title='bbox 1495 5283 1564 5322; x_wconf 90' lang='lat' dir='ltr'><strong>ne</strong></span> <span class='ocrx_word' id='word_1_706' title='bbox 1605 5267 1807 5339; x_wconf 89' lang='lat' dir='ltr'><strong>quibus</strong></span> <span class='ocrx_word' id='word_1_707' title='bbox 1837 5269 1892 5322; x_wconf 92' lang='lat' dir='ltr'><strong>in</strong></span> <span class='ocrx_word' id='word_1_708' title='bbox 1925 5269 2042 5323; x_wconf 92' lang='lat' dir='ltr'><strong>istis</strong></span> 
     </span>
    </p>
   </div>
   <div class='ocr_carea' id='block_1_99' title="bbox 424 5353 2041 5430">
    <p class='ocr_par' dir='ltr' id='par_1_99' title="bbox 424 5353 2041 5430">
     <span class='ocr_line' id='line_1_99' title="bbox 424 5353 2041 5430; baseline 0.006 -23"><span class='ocrx_word' id='word_1_709' title='bbox 424 5353 744 5428; x_wconf 83' lang='lat' dir='ltr'><strong>regionibus</strong></span> <span class='ocrx_word' id='word_1_710' title='bbox 770 5353 986 5430; x_wconf 88' lang='lat' dir='ltr'><strong>longius</strong></span> <span class='ocrx_word' id='word_1_711' title='bbox 1002 5358 1070 5412; x_wconf 90' lang='lat' dir='ltr'><strong>ab</strong></span> <span class='ocrx_word' id='word_1_712' title='bbox 1099 5359 1402 5430; x_wconf 88' lang='lat' dir='ltr'><strong>apostolica</strong></span> <span class='ocrx_word' id='word_1_713' title='bbox 1428 5361 1561 5414; x_wconf 89' lang='lat' dir='ltr'><strong>sede</strong></span> <span class='ocrx_word' id='word_1_714' title='bbox 1592 5361 1818 5416; x_wconf 89' lang='lat' dir='ltr'><strong>remotis</strong></span> <span class='ocrx_word' id='word_1_715' title='bbox 1840 5377 2041 5416; x_wconf 87' lang='lat' dir='ltr'><strong>censu-</strong></span> 
     </span>
    </p>
   </div>
   <div class='ocr_carea' id='block_1_100' title="bbox 425 5440 2036 5523">
    <p class='ocr_par' dir='ltr' id='par_1_100' title="bbox 425 5440 2036 5523">
     <span class='ocr_line' id='line_1_100' title="bbox 425 5440 2036 5523; baseline 0.006 -28"><span class='ocrx_word' id='word_1_716' title='bbox 425 5460 496 5498; x_wconf 80' lang='lat' dir='ltr'><strong>rae</strong></span> <span class='ocrx_word' id='word_1_717' title='bbox 525 5440 912 5497; x_wconf 57' lang='lat' dir='ltr'><strong>ecclesiasticae</strong></span> <span class='ocrx_word' id='word_1_718' title='bbox 943 5448 1246 5503; x_wconf 86' lang='lat' dir='ltr'><strong>moderatio</strong></span> <span class='ocrx_word' id='word_1_719' title='bbox 1273 5455 1354 5504; x_wconf 85' lang='lat' dir='ltr'><strong>est</strong></span> <span class='ocrx_word' id='word_1_720' title='bbox 1375 5449 1686 5516; x_wconf 90' lang='lat' dir='ltr'><strong>commissa,</strong></span> <span class='ocrx_word' id='word_1_721' title='bbox 1719 5449 1848 5505; x_wconf 90' lang='lat' dir='ltr'><strong>hinc</strong></span> <span class='ocrx_word' id='word_1_722' title='bbox 1871 5450 2036 5523; x_wconf 89' lang='lat' dir='ltr'><strong>(quod</strong></span> 
     </span>
    </p>
   </div>
   <div class='ocr_carea' id='block_1_101' title="bbox 422 5528 2037 5612">
    <p class='ocr_par' dir='ltr' id='par_1_101' title="bbox 422 5528 2037 5612">
     <span class='ocr_line' id='line_1_101' title="bbox 422 5528 2037 5612; baseline 0.007 -29"><span class='ocrx_word' id='word_1_723' title='bbox 422 5529 587 5597; x_wconf 80' lang='lat' dir='ltr'><strong>absit)</strong></span> <span class='ocrx_word' id='word_1_724' title='bbox 617 5528 978 5597; x_wconf 80' lang='lat' dir='ltr'><strong>conSpiciant,</strong></span> <span class='ocrx_word' id='word_1_725' title='bbox 1025 5535 1173 5589; x_wconf 93' lang='lat' dir='ltr'><strong>unde</strong></span> <span class='ocrx_word' id='word_1_726' title='bbox 1220 5544 1313 5591; x_wconf 87' lang='lat' dir='ltr'><strong>aut</strong></span> <span class='ocrx_word' id='word_1_727' title='bbox 1350 5537 1690 5612; x_wconf 86' lang='lat' dir='ltr'><strong>negligentia</strong></span> <span class='ocrx_word' id='word_1_728' title='bbox 1738 5544 1832 5592; x_wconf 90' lang='lat' dir='ltr'><strong>aut</strong></span> <span class='ocrx_word' id='word_1_729' title='bbox 1861 5539 2037 5594; x_wconf 87' lang='lat' dir='ltr'><strong>disso-</strong></span> 
     </span>
    </p>
   </div>
   <div class='ocr_carea' id='block_1_102' title="bbox 421 5619 2038 5700">
    <p class='ocr_par' dir='ltr' id='par_1_102' title="bbox 421 5619 2038 5700">
     <span class='ocr_line' id='line_1_102' title="bbox 421 5619 2038 5700; baseline 0.007 -27"><span class='ocrx_word' id='word_1_730' title='bbox 421 5619 635 5676; x_wconf 90' lang='lat' dir='ltr'><strong>lutione</strong></span> <span class='ocrx_word' id='word_1_731' title='bbox 693 5627 996 5688; x_wconf 83' lang='lat' dir='ltr'><strong>tepescant,</strong></span> <span class='ocrx_word' id='word_1_732' title='bbox 1051 5627 1136 5679; x_wconf 89' lang='lat' dir='ltr'><strong>vel</strong></span> <span class='ocrx_word' id='word_1_733' title='bbox 1190 5629 1456 5684; x_wconf 86' lang='lat' dir='ltr'><strong>terminos</strong></span> <span class='ocrx_word' id='word_1_734' title='bbox 1522 5644 1661 5700; x_wconf 90' lang='lat' dir='ltr'><strong>quos</strong></span> <span class='ocrx_word' id='word_1_735' title='bbox 1727 5635 2038 5686; x_wconf 84' lang='lat' dir='ltr'><strong>statuerunt</strong></span> 
     </span>
    </p>
   </div>
   <div class='ocr_carea' id='block_1_103' title="bbox 421 5715 2036 5792">
    <p class='ocr_par' dir='ltr' id='par_1_103' title="bbox 421 5715 2036 5792">
     <span class='ocr_line' id='line_1_103' title="bbox 421 5715 2036 5792; baseline 0.006 -23"><span class='ocrx_word' id='word_1_736' title='bbox 421 5721 608 5782; x_wconf 88' lang='lat' dir='ltr'><strong>patres</strong></span> <span class='ocrx_word' id='word_1_737' title='bbox 681 5715 837 5777; x_wconf 78' lang='lat' dir='ltr'><strong>(Prov</strong></span> <span class='ocrx_word' id='word_1_738' title='bbox 899 5716 1050 5781; x_wconf 72' lang='lat' dir='ltr'><strong>xxxi),</strong></span> <span class='ocrx_word' id='word_1_739' title='bbox 1119 5721 1558 5792; x_wconf 89' lang='lat' dir='ltr'><strong>transgrediendi</strong></span> <span class='ocrx_word' id='word_1_740' title='bbox 1623 5723 1909 5778; x_wconf 89' lang='lat' dir='ltr'><strong>materiam</strong></span> <span class='ocrx_word' id='word_1_741' title='bbox 1977 5740 2036 5778; x_wconf 89' lang='lat' dir='ltr'><strong>se</strong></span> 
     </span>
    </p>
   </div>
   <div class='ocr_carea' id='block_1_104' title="bbox 419 5805 2038 5880">
    <p class='ocr_par' dir='ltr' id='par_1_104' title="bbox 419 5805 2038 5880">
     <span class='ocr_line' id='line_1_104' title="bbox 419 5805 2038 5880; baseline 0.008 -22"><span class='ocrx_word' id='word_1_742' title='bbox 419 5822 642 5862; x_wconf 89' lang='lat' dir='ltr'><strong>sumere</strong></span> <span class='ocrx_word' id='word_1_743' title='bbox 671 5820 836 5875; x_wconf 86' lang='lat' dir='ltr'><strong>posse</strong></span> <span class='ocrx_word' id='word_1_744' title='bbox 882 5805 1102 5860; x_wconf 86' lang='lat' dir='ltr'><strong>dicant:</strong></span> <span class='ocrx_word' id='word_1_745' title='bbox 1141 5824 1279 5876; x_wconf 79' lang='lat' dir='ltr'><strong>quos</strong></span> <span class='ocrx_word' id='word_1_746' title='bbox 1325 5811 1468 5866; x_wconf 86' lang='lat' dir='ltr'><strong>sicut</strong></span> <span class='ocrx_word' id='word_1_747' title='bbox 1498 5814 1887 5880; x_wconf 87' lang='lat' dir='ltr'><strong>intelleximus,</strong></span> <span class='ocrx_word' id='word_1_748' title='bbox 1938 5831 2038 5871; x_wconf 90' lang='lat' dir='ltr'><strong>nos</strong></span> 
     </span>
    </p>
   </div>
   <div class='ocr_carea' id='block_1_105' title="bbox 2143 4631 3776 4705">
    <p class='ocr_par' dir='ltr' id='par_1_105' title="bbox 2143 4631 3776 4705">
     <span class='ocr_line' id='line_1_105' title="bbox 2143 4631 3776 4705; baseline -0.002 -17"><span class='ocrx_word' id='word_1_749' title='bbox 2143 4650 2243 4705; x_wconf 89' lang='lat' dir='ltr'><strong>per</strong></span> <span class='ocrx_word' id='word_1_750' title='bbox 2271 4635 2482 4691; x_wconf 91' lang='lat' dir='ltr'><strong>vicinos</strong></span> <span class='ocrx_word' id='word_1_751' title='bbox 2507 4641 2726 4688; x_wconf 91' lang='lat' dir='ltr'><strong>nostros</strong></span> <span class='ocrx_word' id='word_1_752' title='bbox 2753 4631 2823 4686; x_wconf 92' lang='lat' dir='ltr'><strong>ad</strong></span> <span class='ocrx_word' id='word_1_753' title='bbox 2851 4647 2950 4687; x_wconf 89' lang='lat' dir='ltr'><strong>vos</strong></span> <span class='ocrx_word' id='word_1_754' title='bbox 2976 4631 3031 4685; x_wconf 90' lang='lat' dir='ltr'><strong>in</strong></span> <span class='ocrx_word' id='word_1_755' title='bbox 3063 4631 3486 4702; x_wconf 90' lang='lat' dir='ltr'><strong>derogationem</strong></span> <span class='ocrx_word' id='word_1_756' title='bbox 3530 4642 3776 4689; x_wconf 85' lang='lat' dir='ltr'><strong>nostram</strong></span> 
     </span>
    </p>
   </div>
   <div class='ocr_carea' id='block_1_106' title="bbox 2143 4723 3780 4798">
    <p class='ocr_par' dir='ltr' id='par_1_106' title="bbox 2143 4723 3780 4798">
     <span class='ocr_line' id='line_1_106' title="bbox 2143 4723 3780 4798; baseline -0.002 -17"><span class='ocrx_word' id='word_1_757' title='bbox 2143 4727 2465 4798; x_wconf 90' lang='lat' dir='ltr'><strong>pervenisse</strong></span> <span class='ocrx_word' id='word_1_758' title='bbox 2495 4725 2825 4792; x_wconf 90' lang='lat' dir='ltr'><strong>audivimus,</strong></span> <span class='ocrx_word' id='word_1_759' title='bbox 2853 4723 3101 4794; x_wconf 89' lang='lat' dir='ltr'><strong>episcopi</strong></span> <span class='ocrx_word' id='word_1_760' title='bbox 3134 4723 3434 4778; x_wconf 83' lang='lat' dir='ltr'><strong>Remorum</strong></span> <span class='ocrx_word' id='word_1_761' title='bbox 3470 4727 3780 4795; x_wconf 63' lang='lat' dir='ltr'><strong>provinciae</strong></span> 
     </span>
    </p>
   </div>
   <div class='ocr_carea' id='block_1_107' title="bbox 2145 4814 3779 4887">
    <p class='ocr_par' dir='ltr' id='par_1_107' title="bbox 2145 4814 3779 4887">
     <span class='ocr_line' id='line_1_107' title="bbox 2145 4814 3779 4887; baseline 0 -15"><span class='ocrx_word' id='word_1_762' title='bbox 2145 4832 2245 4887; x_wconf 90' lang='lat' dir='ltr'><strong>per</strong></span> <span class='ocrx_word' id='word_1_763' title='bbox 2291 4830 2614 4871; x_wconf 90' lang='lat' dir='ltr'><strong>communes</strong></span> <span class='ocrx_word' id='word_1_764' title='bbox 2669 4814 2882 4887; x_wconf 88' lang='lat' dir='ltr'><strong>legatos</strong></span> <span class='ocrx_word' id='word_1_765' title='bbox 2934 4819 3156 4869; x_wconf 90' lang='lat' dir='ltr'><strong>nostros</strong></span> <span class='ocrx_word' id='word_1_766' title='bbox 3212 4819 3410 4867; x_wconf 65' lang='lat' dir='ltr'><strong>vestrae</strong></span> <span class='ocrx_word' id='word_1_767' title='bbox 3465 4816 3779 4872; x_wconf 82' lang='lat' dir='ltr'><strong>sanctitati.</strong></span> 
     </span>
    </p>
   </div>
   <div class='ocr_carea' id='block_1_108' title="bbox 2144 4906 3785 4980">
    <p class='ocr_par' dir='ltr' id='par_1_108' title="bbox 2144 4906 3785 4980">
     <span class='ocr_line' id='line_1_108' title="bbox 2144 4906 3785 4980; baseline -0.002 -17"><span class='ocrx_word' id='word_1_768' title='bbox 2144 4923 2268 4980; x_wconf 63' lang='lat' dir='ltr'><strong>quae</strong></span> <span class='ocrx_word' id='word_1_769' title='bbox 2288 4909 2494 4973; x_wconf 89' lang='lat' dir='ltr'><strong>sciunt,</strong></span> <span class='ocrx_word' id='word_1_770' title='bbox 2518 4907 2774 4961; x_wconf 90' lang='lat' dir='ltr'><strong>intimare</strong></span> <span class='ocrx_word' id='word_1_771' title='bbox 2799 4913 3079 4962; x_wconf 88' lang='lat' dir='ltr'><strong>curarunt.</strong></span> <span class='ocrx_word' id='word_1_772' title='bbox 3108 4929 3132 4952; x_wconf 74' lang='grc' dir='ltr'><strong><em>α</em></strong></span> <span class='ocrx_word' id='word_1_773' title='bbox 3160 4906 3294 4959; x_wconf 89' lang='lat' dir='ltr'><strong>Item</strong></span> <span class='ocrx_word' id='word_1_774' title='bbox 3327 4912 3460 4976; x_wconf 87' lang='lat' dir='ltr'><strong>post</strong></span> <span class='ocrx_word' id='word_1_775' title='bbox 3491 4907 3785 4978; x_wconf 84' lang='lat' dir='ltr'><strong>aliquanta</strong></span> 
     </span>
    </p>
   </div>
   <div class='ocr_carea' id='block_1_109' title="bbox 2143 4997 3786 5071">
    <p class='ocr_par' dir='ltr' id='par_1_109' title="bbox 2143 4997 3786 5071">
     <span class='ocr_line' id='line_1_109' title="bbox 2143 4997 3786 5071; baseline -0.001 -17"><span class='ocrx_word' id='word_1_776' title='bbox 2143 5001 2212 5054; x_wconf 94' lang='lat' dir='ltr'><strong>de</strong></span> <span class='ocrx_word' id='word_1_777' title='bbox 2243 4999 2593 5071; x_wconf 91' lang='lat' dir='ltr'><strong>promotione</strong></span> <span class='ocrx_word' id='word_1_778' title='bbox 2621 4998 2798 5069; x_wconf 89' lang='lat' dir='ltr'><strong>ipsius</strong></span> <span class='ocrx_word' id='word_1_779' title='bbox 2826 4997 3018 5053; x_wconf 91' lang='lat' dir='ltr'><strong>domni</strong></span> <span class='ocrx_word' id='word_1_780' title='bbox 3046 4997 3329 5051; x_wconf 83' lang='lat' dir='ltr'><strong>Hincmari</strong></span> <span class='ocrx_word' id='word_1_781' title='bbox 3360 4998 3434 5052; x_wconf 89' lang='lat' dir='ltr'><strong>ad</strong></span> <span class='ocrx_word' id='word_1_782' title='bbox 3475 5000 3786 5070; x_wconf 83' lang='lat' dir='ltr'><strong>episc0pa—</strong></span> 
     </span>
    </p>
   </div>
   <div class='ocr_carea' id='block_1_110' title="bbox 2143 5089 3786 5164">
    <p class='ocr_par' dir='ltr' id='par_1_110' title="bbox 2143 5089 3786 5164">
     <span class='ocr_line' id='line_1_110' title="bbox 2143 5089 3786 5164; baseline -0.001 -16"><span class='ocrx_word' id='word_1_783' title='bbox 2143 5100 2278 5157; x_wconf 91' lang='lat' dir='ltr'><strong>tum,</strong></span> <span class='ocrx_word' id='word_1_784' title='bbox 2312 5108 2434 5164; x_wconf 83' lang='lat' dir='ltr'><strong>quae</strong></span> <span class='ocrx_word' id='word_1_785' title='bbox 2467 5091 2579 5158; x_wconf 89' lang='lat' dir='ltr'><strong>jam</strong></span> <span class='ocrx_word' id='word_1_786' title='bbox 2611 5090 2866 5161; x_wconf 90' lang='lat' dir='ltr'><strong>superius</strong></span> <span class='ocrx_word' id='word_1_787' title='bbox 2897 5089 3097 5161; x_wconf 86' lang='lat' dir='ltr'><strong>partim</strong></span> <span class='ocrx_word' id='word_1_788' title='bbox 3127 5098 3436 5159; x_wconf 58' lang='lat' dir='ltr'><strong>praenotata</strong></span> <span class='ocrx_word' id='word_1_789' title='bbox 3466 5106 3588 5146; x_wconf 88' lang='lat' dir='ltr'><strong>non</strong></span> <span class='ocrx_word' id='word_1_790' title='bbox 3620 5109 3786 5148; x_wconf 77' lang='lat' dir='ltr'><strong>cura-</strong></span> 
     </span>
    </p>
   </div>
   <div class='ocr_carea' id='block_1_111' title="bbox 2141 5177 3784 5249">
    <p class='ocr_par' dir='ltr' id='par_1_111' title="bbox 2141 5177 3784 5249">
     <span class='ocr_line' id='line_1_111' title="bbox 2141 5177 3784 5249; baseline -0.002 -13"><span class='ocrx_word' id='word_1_791' title='bbox 2141 5182 2320 5236; x_wconf 89' lang='lat' dir='ltr'><strong>vimus</strong></span> <span class='ocrx_word' id='word_1_792' title='bbox 2350 5181 2440 5235; x_wconf 93' lang='lat' dir='ltr'><strong>hic</strong></span> <span class='ocrx_word' id='word_1_793' title='bbox 2481 5179 2751 5234; x_wconf 90' lang='lat' dir='ltr'><strong>iteranda.</strong></span> <span class='ocrx_word' id='word_1_794' title='bbox 2789 5203 2815 5226; x_wconf 78' lang='grc'>»</span> <span class='ocrx_word' id='word_1_795' title='bbox 2860 5178 3112 5249; x_wconf 90' lang='lat' dir='ltr'><strong>Denique</strong></span> <span class='ocrx_word' id='word_1_796' title='bbox 3157 5177 3386 5248; x_wconf 72' lang='lat' dir='ltr'><strong>praefato</strong></span> <span class='ocrx_word' id='word_1_797' title='bbox 3429 5179 3633 5235; x_wconf 90' lang='lat' dir='ltr'><strong>Ebone</strong></span> <span class='ocrx_word' id='word_1_798' title='bbox 3690 5181 3784 5234; x_wconf 87' lang='lat' dir='ltr'><strong>de-</strong></span> 
     </span>
    </p>
   </div>
   <div class='ocr_carea' id='block_1_112' title="bbox 2142 5269 3783 5342">
    <p class='ocr_par' dir='ltr' id='par_1_112' title="bbox 2142 5269 3783 5342">
     <span class='ocr_line' id='line_1_112' title="bbox 2142 5269 3783 5342; baseline -0.001 -14"><span class='ocrx_word' id='word_1_799' title='bbox 2142 5274 2349 5340; x_wconf 89' lang='lat' dir='ltr'><strong>functo,</strong></span> <span class='ocrx_word' id='word_1_800' title='bbox 2383 5271 2649 5340; x_wconf 88' lang='lat' dir='ltr'><strong>Ecclesia,</strong></span> <span class='ocrx_word' id='word_1_801' title='bbox 2688 5272 2788 5327; x_wconf 92' lang='lat' dir='ltr'><strong>sed</strong></span> <span class='ocrx_word' id='word_1_802' title='bbox 2828 5279 2883 5327; x_wconf 90' lang='lat' dir='ltr'><strong>et</strong></span> <span class='ocrx_word' id='word_1_803' title='bbox 2912 5269 3174 5342; x_wconf 91' lang='lat' dir='ltr'><strong>parochia</strong></span> <span class='ocrx_word' id='word_1_804' title='bbox 3202 5276 3414 5338; x_wconf 80' lang='lat' dir='ltr'><strong>nostra,</strong></span> <span class='ocrx_word' id='word_1_805' title='bbox 3457 5273 3783 5328; x_wconf 83' lang='lat' dir='ltr'><strong>secundum</strong></span> 
     </span>
    </p>
   </div>
   <div class='ocr_carea' id='block_1_113' title="bbox 2141 5359 3783 5433">
    <p class='ocr_par' dir='ltr' id='par_1_113' title="bbox 2141 5359 3783 5433">
     <span class='ocr_line' id='line_1_113' title="bbox 2141 5359 3783 5433; baseline -0.003 -13"><span class='ocrx_word' id='word_1_806' title='bbox 2141 5362 2599 5420; x_wconf 90' lang='lat' dir='ltr'><strong>consuetudinem</strong></span> <span class='ocrx_word' id='word_1_807' title='bbox 2651 5378 2815 5433; x_wconf 89' lang='lat' dir='ltr'><strong>quam</strong></span> <span class='ocrx_word' id='word_1_808' title='bbox 2865 5377 2930 5415; x_wconf 79' lang='lat' dir='ltr'><strong>ex</strong></span> <span class='ocrx_word' id='word_1_809' title='bbox 2959 5359 3189 5431; x_wconf 88' lang='lat' dir='ltr'><strong>antiquo</strong></span> <span class='ocrx_word' id='word_1_810' title='bbox 3240 5359 3436 5415; x_wconf 90' lang='lat' dir='ltr'><strong>habuit</strong></span> <span class='ocrx_word' id='word_1_811' title='bbox 3466 5361 3669 5429; x_wconf 87' lang='lat' dir='ltr'><strong>(etiam</strong></span> <span class='ocrx_word' id='word_1_812' title='bbox 3717 5363 3783 5415; x_wconf 82' lang='lat' dir='ltr'><strong>de</strong></span> 
     </span>
    </p>
   </div>
   <div class='ocr_carea' id='block_1_114' title="bbox 2137 5451 3781 5528">
    <p class='ocr_par' dir='ltr' id='par_1_114' title="bbox 2137 5451 3781 5528">
     <span class='ocr_line' id='line_1_114' title="bbox 2137 5451 3781 5528; baseline -0.004 -17"><span class='ocrx_word' id='word_1_813' title='bbox 2137 5457 2246 5524; x_wconf 92' lang='lat' dir='ltr'><strong>his,</strong></span> <span class='ocrx_word' id='word_1_814' title='bbox 2279 5471 2401 5528; x_wconf 63' lang='lat' dir='ltr'><strong>qua:</strong></span> <span class='ocrx_word' id='word_1_815' title='bbox 2442 5456 2497 5509; x_wconf 94' lang='lat' dir='ltr'><strong>in</strong></span> <span class='ocrx_word' id='word_1_816' title='bbox 2535 5455 2859 5526; x_wconf 88' lang='lat' dir='ltr'><strong>episcopatu</strong></span> <span class='ocrx_word' id='word_1_817' title='bbox 2903 5469 3083 5524; x_wconf 90' lang='lat' dir='ltr'><strong>usque</strong></span> <span class='ocrx_word' id='word_1_818' title='bbox 3113 5452 3181 5507; x_wconf 90' lang='lat' dir='ltr'><strong>ad</strong></span> <span class='ocrx_word' id='word_1_819' title='bbox 3223 5451 3436 5507; x_wconf 88' lang='lat' dir='ltr'><strong>obitum</strong></span> <span class='ocrx_word' id='word_1_820' title='bbox 3469 5453 3530 5507; x_wconf 89' lang='lat' dir='ltr'><strong>in</strong></span> <span class='ocrx_word' id='word_1_821' title='bbox 3580 5456 3781 5508; x_wconf 74' lang='lat' dir='ltr'><strong>eadem</strong></span> 
     </span>
    </p>
   </div>
   <div class='ocr_carea' id='block_1_115' title="bbox 2140 5544 3780 5618">
    <p class='ocr_par' dir='ltr' id='par_1_115' title="bbox 2140 5544 3780 5618">
     <span class='ocr_line' id='line_1_115' title="bbox 2140 5544 3780 5618; baseline -0.004 -14"><span class='ocrx_word' id='word_1_822' title='bbox 2140 5549 2381 5604; x_wconf 86' lang='lat' dir='ltr'><strong>Ecclesia</strong></span> <span class='ocrx_word' id='word_1_823' title='bbox 2411 5562 2523 5602; x_wconf 92' lang='lat' dir='ltr'><strong>non</strong></span> <span class='ocrx_word' id='word_1_824' title='bbox 2553 5548 2995 5618; x_wconf 89' lang='lat' dir='ltr'><strong>permanserunt)</strong></span> <span class='ocrx_word' id='word_1_825' title='bbox 3029 5544 3207 5614; x_wconf 90' lang='lat' dir='ltr'><strong>ipsius</strong></span> <span class='ocrx_word' id='word_1_826' title='bbox 3253 5559 3458 5599; x_wconf 87' lang='lat' dir='ltr'><strong>nomen</strong></span> <span class='ocrx_word' id='word_1_827' title='bbox 3495 5547 3657 5600; x_wconf 86' lang='lat' dir='ltr'><strong>inter</strong></span> <span class='ocrx_word' id='word_1_828' title='bbox 3687 5563 3780 5599; x_wconf 80' lang='lat' dir='ltr'><strong>sa-</strong></span> 
     </span>
    </p>
   </div>
   <div class='ocr_carea' id='block_1_116' title="bbox 2139 5633 3778 5706">
    <p class='ocr_par' dir='ltr' id='par_1_116' title="bbox 2139 5633 3778 5706">
     <span class='ocr_line' id='line_1_116' title="bbox 2139 5633 3778 5706; baseline -0.006 -13"><span class='ocrx_word' id='word_1_829' title='bbox 2139 5643 2423 5693; x_wconf 83' lang='lat' dir='ltr'><strong>crosancta</strong></span> <span class='ocrx_word' id='word_1_830' title='bbox 2452 5635 2712 5706; x_wconf 89' lang='lat' dir='ltr'><strong>mysteria</strong></span> <span class='ocrx_word' id='word_1_831' title='bbox 2742 5635 2796 5689; x_wconf 91' lang='lat' dir='ltr'><strong>in</strong></span> <span class='ocrx_word' id='word_1_832' title='bbox 2826 5634 3217 5705; x_wconf 89' lang='lat' dir='ltr'><strong>episcoporum</strong></span> <span class='ocrx_word' id='word_1_833' title='bbox 3242 5633 3497 5705; x_wconf 85' lang='lat' dir='ltr'><strong>catalogo</strong></span> <span class='ocrx_word' id='word_1_834' title='bbox 3533 5637 3778 5689; x_wconf 74' lang='lat' dir='ltr'><strong>recitare</strong></span> 
     </span>
    </p>
   </div>
   <div class='ocr_carea' id='block_1_117' title="bbox 2140 5721 3776 5797">
    <p class='ocr_par' dir='ltr' id='par_1_117' title="bbox 2140 5721 3776 5797">
     <span class='ocr_line' id='line_1_117' title="bbox 2140 5721 3776 5797; baseline -0.003 -17"><span class='ocrx_word' id='word_1_835' title='bbox 2140 5725 2362 5796; x_wconf 88' lang='lat' dir='ltr'><strong>pietatis</strong></span> <span class='ocrx_word' id='word_1_836' title='bbox 2391 5725 2567 5797; x_wconf 88' lang='lat' dir='ltr'><strong>gratia</strong></span> <span class='ocrx_word' id='word_1_837' title='bbox 2595 5724 2782 5794; x_wconf 88' lang='lat' dir='ltr'><strong>coepit,</strong></span> <span class='ocrx_word' id='word_1_838' title='bbox 2817 5730 2872 5777; x_wconf 87' lang='lat' dir='ltr'><strong>et</strong></span> <span class='ocrx_word' id='word_1_839' title='bbox 2897 5724 3171 5778; x_wconf 89' lang='lat' dir='ltr'><strong>hactenus</strong></span> <span class='ocrx_word' id='word_1_840' title='bbox 3198 5721 3346 5778; x_wconf 89' lang='lat' dir='ltr'><strong>facit.</strong></span> <span class='ocrx_word' id='word_1_841' title='bbox 3377 5723 3538 5786; x_wconf 83' lang='lat' dir='ltr'><strong>Quod</strong></span> <span class='ocrx_word' id='word_1_842' title='bbox 3568 5739 3686 5796; x_wconf 79' lang='lat' dir='ltr'><strong>ego</strong></span> <span class='ocrx_word' id='word_1_843' title='bbox 3713 5739 3776 5775; x_wconf 74' lang='lat' dir='ltr'><strong>ne</strong></span> 
     </span>
    </p>
   </div>
   <div class='ocr_carea' id='block_1_118' title="bbox 2137 5813 3774 5886">
    <p class='ocr_par' dir='ltr' id='par_1_118' title="bbox 2137 5813 3774 5886">
     <span class='ocr_line' id='line_1_118' title="bbox 2137 5813 3774 5886; baseline -0.003 -14"><span class='ocrx_word' id='word_1_844' title='bbox 2137 5816 2570 5873; x_wconf 88' lang='lat' dir='ltr'><strong>scandalizarem</strong></span> <span class='ocrx_word' id='word_1_845' title='bbox 2601 5816 2852 5886; x_wconf 87' lang='lat' dir='ltr'><strong>devotos,</strong></span> <span class='ocrx_word' id='word_1_846' title='bbox 2880 5813 3039 5886; x_wconf 89' lang='lat' dir='ltr'><strong>quasi</strong></span> <span class='ocrx_word' id='word_1_847' title='bbox 3073 5813 3337 5869; x_wconf 88' lang='lat' dir='ltr'><strong>invidens</strong></span> <span class='ocrx_word' id='word_1_848' title='bbox 3365 5815 3535 5869; x_wconf 88' lang='lat' dir='ltr'><strong>saluti</strong></span> <span class='ocrx_word' id='word_1_849' title='bbox 3566 5815 3774 5870; x_wconf 60' lang='lat' dir='ltr'><strong>frater-</strong></span> 
     </span>
    </p>
   </div>
  </div>
