3912 6432
172 434 263 487 17⁵7

800 425 1128 479 HlSTORl/E
1165 423 1500 480 ECCLESIAS
1537 424 1868 479 REMENSIS
1911 425 2086 480 LIBRI
2127 426 2458 489 QUATUOB.
2487 459 2558 467 —
2596 429 2721 483 LIB.
2764 431 2856 486 IlI.

3399 438 3500 494 l78

172 575 267 623 nae,
297 555 532 610 maxime
562 558 747 609 autem
806 551 1148 622 quiescentis
1204 552 1262 605 in
1309 551 1540 607 Domino
1562 551 1781 614 animae,
1807 556 1862 622 Α
1887 551 1980 622 qui
2003 551 2073 605 ad
2102 568 2201 607 sua
2223 559 2368 619 vota,
2393 553 2624 608 auribus
2656 555 2968 624 prurientes
2995 557 3034 625 (1
3079 560 3211 612 Tim.
3251 563 3345 628 IV),
3373 577 3496 615 ma-

166 651 254 722 qui
281 665 390 704 non
418 663 518 718 pro
551 644 960 701 exorbitatione
983 660 1016 698 a
1063 642 1367 699 catholica!
1382 642 1514 698 fidei
1547 643 1782 699 sanitate

169 735 674 800 anathematizatus,
734 735 833 789 sed
889 749 992 788 sua
1045 732 1389 789 conscientia
1442 732 1779 798 stimulante,

172 828 400 899 primum
425 824 678 894 aseipso,
705 831 761 878 et
790 828 982 892 postea
1023 837 1055 876 a
1084 819 1320 892 synodo,
1347 819 1445 875 sed
1468 827 1523 875 et
1552 827 1782 891 aposto-

170 921 268 975 lica
295 918 428 973 sede
459 917 752 971 damnatus
777 913 1003 981 exstitit,
1037 914 1145 968 hoc
1175 911 1473 983 prohibere
1495 911 1618 966 sine
1643 927 1782 983 apo-

171 1011 368 1067 stolicaa
398 1008 551 1064 sedis
577 1005 908 1063 auctoritate
938 1020 1289 1077 nequaquam
1320 1004 1668 1075 praesumpsi,
1697 1003 1783 1058 di-

171 1107 320 1156 cente
369 1099 532 1153 beato
564 1095 860 1152 Caelestino
890 1110 1034 1166 papa
1064 1094 1246 1163 (epist.
1281 1095 1334 1160 1,
1368 1109 1492 1164 cap.
1518 1093 1624 1162 l2).
1646 1092 1783 1158 Quia

171 1192 318 1248 nefas
340 1198 425 1246 est
453 1191 571 1245 haec
602 1187 714 1259 pati
758 1187 1048 1259 religiosas
1103 1185 1335 1252 animas,
1367 1199 1598 1256 quarum
1628 1183 1779 1238 afﬂi-

172 1283 347 1339 ctione
372 1279 524 1352 (quia
570 1277 822 1333 membra
869 1283 1058 1331 nostra
1084 1275 1232 1344 sunt)
1255 1289 1356 1329 nos
1385 1289 1609 1346 quoque
1648 1287 1784 1328 con-

170 1375 313 1429 venit
339 1370 627 1428 macerari.
659 1370 815 1424 Nunc
871 1375 1055 1423 autem
1105 1367 1162 1421 in
1191 1366 1440 1438 epistolis
1477 1365 1784 1421 sanctitatis

169 1471 374 1530 vestrae,
408 1477 547 1534 quas
577 1458 932 1532 Engelwinus
972 1458 1243 1513 diaconus
1268 1456 1433 1512 nobis
1459 1454 1663 1521 attulit,
1695 1455 1784 1510 in-

169 1556 433 1621 venimus,
465 1561 526 1609 ut
554 1551 957 1626 Teotgaudium
1011 1557 1068 1606 et
1094 1550 1419 1606 Guntarium
1443 1549 1499 1603 in
1530 1549 1780 1622 catalogo

169 1647 550 1719 episcOporum
582 1660 694 1700 non
724 1643 1080 1714 recipiamus.
1117 1643 1181 1697 Et
1207 1641 1614 1697 Antiochenum
1643 1655 1782 1696 con-

168 1742 347 1796 cilium
383 1741 638 1811 [subaudi
683 1737 897 1804 statuit,
927 1743 1022 1792 aut
1069 1737 1348 1808 praecepit]
1387 1744 1481 1791 :ut
1502 1735 1781 1807 praemisi-

171 1845 304 1895 mus,
335 1835 390 1883 et
420 1827 622 1882 melius
653 1825 760 1896 ipsi
784 1825 960 1892 scitis,
990 1824 1061 1880 de
1087 1839 1154 1880 eo
1187 1825 1280 1896 qui
1314 1832 1438 1895 post
1471 1824 1784 1880 damnatio-

171 1937 289 1976 nem
313 1920 469 1988 juxta
500 1918 911 1989 praecedentem
943 1915 1431 1983 consuetudinem,
1465 1916 1782 1987 episcopale

171 2011 444 2082 praesumit
493 2009 866 2064 ministerium
900 2011 921 2076 (
949 2008 1099 2079 quod
1155 2007 1402 2063 Ebonem
1441 2006 1641 2062 fecisse
1671 2024 1782 2063 non

173 2100 396 2154 dubium
431 2103 553 2167 est),
621 2097 929 2152 rescribere
974 2096 1110 2150 mihi
1169 2096 1432 2169 dignetur
1482 2097 1784 2167 apostolica

166 2195 336 2243 vestra
365 2187 690 2253 auctoritas,
720 2193 905 2241 utrum
933 2185 1191 2240 eumdem
1226 2185 1473 2241 Ebonem
1496 2186 1642 2241 inter
1663 2187 1784 2257 epi-

163 2292 353 2347 scopos
382 2277 440 2330 in
475 2275 647 2331 sacris
695 2275 976 2347 diptychis
1006 2275 1062 2330 in
1095 2275 1329 2330 ecclesia
1367 2284 1553 2330 nostra
1592 2276 1775 2331 nomi-

164 2386 290 2425 nare
316 2369 653 2441 permittam,
688 2385 780 2436 an,
811 2384 882 2422 ne
940 2368 1009 2423 de
1061 2377 1260 2424 caetero
1301 2368 1356 2422 in
1389 2368 1777 2439 episcoporum

159 2462 401 2537 catalogo
459 2461 778 2517 nominetur
816 2460 1120 2531 prohibere
1175 2460 1410 2516 debeam
1444 2479 1459 2527 ς
1501 2469 1777 2532 quatenus

159 2563 331 2608 vestra
357 2553 689 2609 auctoritate
716 2552 904 2616 fultus,
930 2553 1064 2624 quid
1093 2553 1146 2607 in
1171 2563 1359 2609 nostra
1387 2553 1628 2608 Ecclesia
1649 2553 1779 2607 inde

157 2646 226 2700 sit
248 2645 680 2711 observandum,
743 2644 867 2700 sine
906 2644 1293 2719 ambiguitate,
1346 2644 1780 2700 decernentibus

159 2735 310 2790 vobis
336 2735 717 2790 demonstrem
745 2735 924 2801 (Conc.
957 2734 1212 2789 Antioch.
1244 2751 1283 2800 ι,
1312 2750 1360 2788 c.
1393 2735 1471 2801 4).
1506 2754 1536 2784 ι)

789 2845 1002 2900 CAPUT
1033 2845 1168 2900 XIV.

402 2921 481 2973 De
511 2917 749 2988 quodam
789 2918 1132 2974 Gothescalco
1170 2918 1526 2972 schismatico.

226 3007 497 3062 Caeterum
525 3006 702 3061 Luido
732 3006 872 3060 mihi
902 3006 1062 3072 dixit,
1082 3005 1232 3077 quod
1261 3021 1385 3060 cum
1411 3020 1477 3060 eo
1507 3005 1778 3061 rationem

160 3099 223 3153 de
252 3099 614 3155 damnatione
646 3105 701 3154 et
757 3097 1071 3154 reclusione
1111 3097 1450 3153 Gothescalci
1495 3097 1784 3153 habuisse-

1884 645 2089 717 gistros
2119 646 2228 701 sibi
2261 661 2589 703 coacervare
2630 648 2937 716 decertant,
2971 665 3218 721 quaerere
3251 651 3500 709 indebite

1885 735 2173 806 (quoniam
2227 736 2474 808 legitime
2532 752 2644 792 non
2699 741 2932 811 poterat)
2987 739 3342 796 simulatione
3375 742 3498 797 vita

1883 823 2156 896 religiosae
2185 833 2240 880 et
2291 825 2543 881 doctrina
2599 843 2855 898 praeesse.
2914 830 3156 902 Quisque
3210 849 3243 886 a
3301 833 3502 890 Remo-

1883 936 2005 974 rum
2025 921 2446 992 chorepiscopo,
2503 922 2597 993 qui
2658 929 2789 978 tunc
2843 933 2980 989 erat,
3039 933 3230 981 contra
3284 928 3502 999 regulas

1883 1008 2176 1079 presbyter
2231 1009 2563 1074 ordinatus,
2630 1026 2660 1063 a
2723 1013 3064 1067 monasterio
3122 1013 3502 1085 irregulariter

1884 1096 2149 1163 existens,
2183 1097 2492 1170 peragratis
2530 1099 2854 1173 regionibus
2904 1100 3177 1171 plurimis,
3225 1110 3279 1156 et
3299 1102 3502 1158 exitio-

1884 1207 1945 1246 sa
1999 1190 2212 1244 semina
2268 1199 2418 1245 sator
2484 1192 2756 1260 pessimus
2811 1193 3114 1259 seminans,
3162 1195 3384 1248 tandem
3444 1194 3500 1249 in

1884 1277 2204 1350 Mogontina
2246 1278 2469 1333 civitate
2524 1279 2714 1335 habita
2743 1281 2954 1352 synodo
2986 1283 3094 1351 (an.
3128 1282 3277 1350 848),
3311 1283 3498 1339 Raba.

1889 1386 1960 1426 no
2018 1370 2441 1441 archiepiscopo
2484 1370 2735 1426 libellum
2794 1373 2880 1427 sui
2935 1375 3138 1429 erroris
3187 1376 3498 1449 porrigens,

1886 1461 2178 1514 damnatus
2226 1459 2295 1513 ab
2353 1459 2617 1515 omnibus
2663 1463 2970 1518 Germania:
3027 1464 3326 1536 episcOpis,
3374 1483 3498 1522 cum

1885 1548 2084 1603 litteris
2133 1549 2498 1620 synodalibus
2554 1550 2622 1605 ad
2679 1552 3029 1622 metrOpolim
3062 1552 3356 1608 Remorum
3388 1554 3497 1622 (cui

1878 1636 1992 1705 jam
2024 1647 2249 1692 auctore
2274 1638 2511 1693 Domino
2543 1641 2830 1711 praeeram)
2858 1647 2940 1695 est
2981 1641 3263 1696 remissus.
3307 1642 3500 1698 Postea

1886 1735 2071 1783 autem
2101 1745 2132 1783 a
2163 1729 2396 1803 Belgicae
2447 1731 2762 1798 Remorum,
2822 1748 2885 1787 ac
2943 1732 3238 1788 Galliarum
3273 1734 3498 1804 provin-

1885 1817 2095 1873 ciarum
2118 1818 2398 1890 episcopis
2449 1820 2693 1887 auditus,
2756 1829 2812 1875 et
2869 1821 3128 1877 inventus
3182 1822 3496 1888 haereticus,

1812 1879 2018 1981 Bquia
2075 1910 2408 1982 resipiscere
2456 1929 2488 1966 a
2542 1929 2642 1968 sua
2699 1914 2971 1984 pravitate
3034 1931 3146 1970 non
3201 1915 3396 1983 voluit,
3431 1931 3499 1970 ne

1885 1999 2012 2054 aliis
2042 2008 2288 2067 noceret,
2322 2002 2416 2073 qui
2439 2002 2546 2057 sibi
2569 2004 2834 2074 prodesse
2858 2003 3100 2073 nolebat,
3119 2005 3334 2074 judicio
3361 2022 3498 2077 prae-

1884 2088 2118 2143 fatarum
2166 2091 2577 2161 provinciarum
2639 2092 3048 2163 episcoporum,
3084 2094 3138 2148 in
3189 2104 3373 2150 nostra
3397 2112 3501 2166 pa-

1885 2181 2075 2236 rochia
2099 2182 2379 2253 (quoniam
2427 2183 2731 2251 Rothadns,
2785 2185 2856 2239 de
2885 2185 3046 2253 cujus
3075 2187 3336 2257 parochia
3363 2194 3500 2254 erat,

1882 2272 1961 2326 illi
1995 2273 2280 2331 nesciebat
2327 2275 2604 2346 resistere)
2635 2283 2690 2331 et
2745 2277 3020 2332 novitates
3045 2293 3236 2332 amans
3261 2278 3499 2333 timeba-

1882 2373 1969 2420 tur
1998 2383 2029 2420 a
2060 2367 2224 2422 nobis
2272 2383 2342 2422 ne
2382 2367 2622 2424 disceret
2675 2384 2842 2440 prava
2889 2369 3119 2436 sentire,
3171 2370 3266 2441 qui
3323 2371 3503 2426 noluit

1879 2463 2028 2510 recta
2049 2456 2265 2512 discere
2295 2457 2535 2522 docere;
2569 2473 2706 2512 neve
2737 2457 2884 2512 idem
2926 2458 3316 2514 Gothescalcus
3373 2476 3497 2516 cum
3563 2531 3574 2536 _

1880 2548 2005 2602 aliis
2029 2563 2380 2604 communem
2440 2549 2606 2605 vitam
2670 2551 2883 2606 ducens
2912 2552 3085 2606 errori
3141 2567 3242 2607 suo
3297 2551 3502 2607 faceret

1879 2653 2004 2692 esse
2034 2653 2376 2704 communes,
2430 2639 2810 2694 monasteriali
2859 2640 3126 2696 custodia:
3158 2643 3502 2712 mancipatus

1881 2735 1986 2794 est,
2027 2727 2260 2782 docente
2316 2727 2621 2798 Apostolo:
2684 2729 3009 2784 Haereticum
3064 2730 3344 2784 hominem
3377 2739 3503 2802 post

1881 2819 2114 2890 primam
2146 2827 2201 2874 et
2238 2820 2540 2874 secundam
2571 2821 2979 2891 correptionem
3011 2822 3196 2876 devita
3222 2824 3346 2892 (Tit.
3374 2826 3498 2893 III),

1881 2910 2066 2964 sciens
2103 2909 2429 2964 subversum
2462 2925 2584 2964 esse
2645 2909 2979 2979 hujusmodi,
3011 2918 3066 2965 et
3097 2911 3318 2982 prOprio
3344 2912 3500 2980 judi-

1882 3005 1968 3060 cio
1990 3004 2440 3061 condemnatum.
2487 3003 2586 3070 Qui
2639 3012 2699 3058 ut
2730 3003 2838 3058 Leo
2895 3019 3038 3074 papa
3095 3006 3272 3072 (epist.
3303 3006 3396 3075 13)
3429 3005 3500 3059 de

1884 3096 2172 3152 Eutichete
2195 3097 2350 3162 dicit,
2381 3113 2504 3152 cum
2518 3097 2733 3152 videret
2765 3097 3098 3167 insipientiae
3129 3114 3242 3152 suae
3273 3115 3497 3153 sensum

161 3186 241 3240 tis.
279 3187 434 3242 Unde
463 3185 727 3258 quoniam
764 3202 865 3256 per
891 3185 1031 3241 alios
1052 3185 1166 3254 jam
1207 3185 1515 3252 audieram,
1547 3185 1618 3239 ad
1647 3202 1777 3240 san-
1809 3201 1857 3270 ρ
1884 3185 2174 3241 catholicis
2203 3185 2430 3240 auribus
2475 3184 2794 3254 displicere,
2827 3201 3084 3240 revocare
3105 3202 3164 3241 se
3191 3203 3222 3240 a
3251 3203 3352 3241 sua
3377 3188 3502 3257 opi-

160 3278 400 3333 ctitatem
440 3284 684 3332 vestram
743 3276 914 3331 verba
970 3277 1208 3341 venisse,
1270 3276 1407 3330 mihi
1464 3277 1776 3332 auctoritati

160 3372 342 3420 vestra:
372 3366 632 3438 quaedam
662 3381 728 3420 ex
759 3365 950 3421 verbis
1004 3372 1061 3421 et
1090 3365 1493 3422 catholicorum
1522 3368 1780 3422 sensibus

161 3459 210 3512 in
242 3461 442 3528 rotula,
476 3459 718 3531 qualiter
760 3465 954 3515 contra
1010 3458 1184 3529 ipsius
1235 3459 1482 3528 pestiferi
1538 3460 1781 3516 hominis

159 3567 373 3607 sensum
412 3551 680 3617 sentiam,
711 3567 810 3622 per
858 3550 1104 3606 Odonem
1139 3551 1485 3622 episcopum,
1535 3558 1591 3607 et
1641 3553 1779 3607 nihil

162 3639 284 3694 inde
307 3639 696 3712 responsionis
713 3639 970 3710 accipere
1017 3640 1218 3695 merui.
1253 3640 1328 3695 De
1351 3656 1462 3712 quo
1494 3640 1782 3697 nihilomi-

159 3747 257 3786 nus
279 3740 338 3788 ut
368 3733 665 3788 redderem
685 3731 979 3798 rationem,
999 3731 1226 3803 quidam
1250 3732 1523 3803 episcopi,
1543 3749 1778 3804 quorum

163 3824 295 3878 nihil
327 3826 399 3880 de
431 3825 532 3880 illo
562 3823 830 3879 intererat
855 3823 1140 3894 (quoniam
1163 3839 1266 3878 nec
1286 3839 1403 3892 eos,
1430 3830 1490 3878 ut
1523 3824 1641 3894 ipse
1671 3843 1783 3881 ma-

163 3911 370 3968 nifestis
397 3911 627 3969 indiciis
659 3911 1052 3982 prodiderunt,
1101 3912 1170 3966 ad
1211 3913 1315 3969 hoc
1360 3913 1598 3968 charitas
1626 3931 1781 3970 com-

160 4005 428 4062 movebat.
461 4021 569 4060 nec
597 4003 897 4060 auctoritas
921 4004 1274 4073 deducebat),
1302 4021 1388 4060 me
1416 4005 1484 4060 ad
1516 4007 1784 4063 concilia-

161 4091 344 4149 bulum
379 4111 566 4166 nuper
593 4092 750 4148 Metis
774 4092 1048 4160 habitum,
1101 4093 1251 4164 quod
1286 4093 1464 4149 vocari
1505 4096 1777 4164 synodum

159 4186 428 4255 vetuistis,
470 4187 619 4241 sicut
673 4185 946 4258 intelligo,
1007 4185 1389 4258 irregulariter
1441 4194 1638 4257 quarto
1688 4189 1778 4243 die

159 4285 449 4350 antequam
483 4284 917 4352 congregaretur
944 4280 1057 4344 (an.
1085 4278 1233 4349 863),
1267 4295 1392 4335 cum
1424 4295 1528 4352 ego
1558 4280 1780 4357 longius

161 4383 319 4436 quam
347 4367 659 4439 octoginta,
709 4373 766 4421 et
822 4365 972 4422 idem
1028 4365 1419 4424 Gothescalcus
1486 4370 1778 4442 plusquam

160 4465 375 4512 centum
410 4455 662 4512 millibus
683 4455 751 4510 ab
799 4454 920 4526 ipsa
949 4455 1170 4512 civitate
1215 4457 1479 4528 disparati
1510 4475 1777 4518 essemus.

161 4544 292 4599 nihil
325 4562 414 4601 me
429 4545 564 4600 inde
584 4552 710 4600 ante
730 4545 1119 4616 praemonitum
1136 4563 1237 4617 per
1255 4547 1552 4617 quemdam
1577 4549 1847 4644 laicumD

159 4632 437 4689 hominem
471 4634 673 4689 litteris
722 4642 1078 4690 vocaverunt.
1111 4635 1173 4689 Et
1219 4651 1368 4691 nunc
1384 4635 1510 4691 ideo
1537 4636 1781 4694 breviter

159 4719 223 4774 de
244 4737 310 4778 eo
331 4723 612 4778 sanctitati
643 4730 838 4778 vestrae
867 4738 1127 4799 suggero,
1173 4726 1452 4796 quondam
1484 4733 1778 4797 antequam

161 4811 224 4863 ad
247 4811 610 4882 episc0patus
628 4812 881 4869 ordinem
903 4814 1275 4883 pervenirem,
1294 4815 1436 4870 sicut
1457 4815 1632 4871 abbas
1649 4833 1782 4872 suus

160 4907 211 4954 et
246 4902 532 4969 monachi,
572 4901 718 4957 inter
747 4918 889 4974 quos
919 4901 1097 4958 fuerat
1127 4915 1503 4973 conversatus,
1539 4907 1591 4961 ei
1624 4907 1782 4962 testi-

165 4993 403 5048 monium
431 4993 754 5064 perhibent,
779 4993 836 5048 in
859 4995 1184 5065 metropolis
1211 4995 1468 5052 Ecclesia:
1488 4998 1780 5054 Remorum

165 5083 524 5146 monasterio,
585 5083 639 5136 in
670 5083 1003 5140 Suessonica
1058 5085 1342 5156 parochia,
1383 5089 1530 5158 quod
1561 5088 1785 5144 Orbacis

167 5171 226 5241 [j,
259 5174 523 5246 Orbacus]
560 5175 784 5244 dicitur,
852 5176 1051 5232 habitu
1077 5181 1402 5247 monachus,
1438 5188 1622 5237 mente
1649 5182 1784 5237 feri-

168 5281 284 5330 nus,
319 5267 536 5338 quietis
564 5268 956 5340 impatiens,et
979 5287 1177 5328 vocum
1208 5273 1449 5329 novitate
1481 5275 1781 5343 delectans,

164 5373 223 5412 ac
251 5359 398 5414 inter
423 5376 560 5416 suos
586 5363 897 5419 mobilitate
927 5364 1089 5420 noxia
1141 5365 1459 5439 singularis,
1491 5369 1560 5424 de
1601 5371 1787 5425 omni-

166 5445 264 5502 bus
291 5465 415 5520 quze
450 5449 511 5503 in
563 5450 650 5505 his
699 5452 1025 5528 regionibus
1073 5470 1330 5525 perverse
1359 5466 1488 5513 tunc
1522 5461 1787 5530 temporis

161 5554 319 5594 sensa
348 5550 710 5614 cognoverat,
768 5545 1022 5615 quiedam
1062 5546 1170 5601 sibi
1237 5547 1407 5620 elegit
1436 5550 1695 5620 capitula,
1728 5561 1789 5608 ut

161 5631 396 5687 novitate
428 5649 631 5688 vocum
659 5633 935 5692 innotesci
976 5637 1204 5707 valeret,
1238 5647 1408 5712 utque
1447 5641 1784 5713 simplicium

163 5724 215 5770 et
250 5719 587 5777 devotorum
643 5738 844 5780 sensus
897 5735 1230 5797 pervertere,
1286 5737 1345 5785 et
1402 5730 1648 5805 magistri
1681 5735 1789 5790 sibi

166 5826 362 5869 nomen
376 5815 730 5884 usurpando,
764 5826 890 5887 post
913 5834 972 5874 se
991 5818 1547 5891 discipulostrahere,
1569 5823 1788 5896 illisque

1883 3278 2054 3333 nione
2083 3277 2372 3343 debuerat,
2407 3293 2512 3332 nec
2543 3278 2618 3332 ita
2639 3277 2896 3332 Ecclesia:
2927 3279 3194 3348 praesules
3250 3295 3500 3334 commo-

1879 3381 2030 3433 vere,
2061 3373 2121 3420 ut
2142 3365 2514 3421 damnationis
2531 3366 2862 3421 sententiam
2886 3376 3194 3422 mereretur
3218 3369 3496 3439 excipere.

1881 3459 2051 3524 Quam
2081 3459 2275 3529 utique
2329 3453 2374 3510 si
2439 3457 2493 3510 in
2543 3472 2644 3511 suo
2676 3472 2846 3511 sensu
2877 3455 3114 3512 voluerit
3152 3471 3499 3526 permanere,

1883 3549 2068 3602 nullus
2132 3547 2336 3618 poterit
2401 3547 2662 3602 relaxare.
2740 3549 2781 3601 A
2862 3565 2970 3620 qua
3029 3549 3386 3605 damnatione
3449 3551 3496 3604 si

1883 3638 2146 3693 voluisset
2173 3637 2241 3691 ad
2267 3653 2492 3692 sensum
2524 3637 2856 3692 catholicum
2886 3637 3241 3709 resipiscere,
3277 3649 3501 3710 paratus

1882 3747 2105 3802 semper
2162 3730 2241 3785 fui
2293 3739 2348 3785 et
2389 3746 2510 3784 sum
2545 3731 2822 3802 (quoniam
2885 3731 2967 3785 sic
3023 3731 3498 3800 venerabilesju-

1884 3823 2207 3876 dicaverunt
2271 3821 2540 3892 cpiscOpi)
2595 3836 2720 3875 eum
2786 3821 2842 3874 in
2904 3820 3190 3876 catholica-
3247 3821 3501 3877 Ecclesiae

1885 3910 2334 3967 communionem
2369 3911 2639 3981 recipere,
2689 3910 2832 3964 sicut
2885 3910 2934 3964 ei
2979 3911 3152 3979 jubeo
3197 3929 3320 3983 qua:
3370 3922 3501 3969 sunt

1885 4005 2106 4077 corpori
2165 4004 2480 4059 necessaria
2541 4003 2875 4058 ministrare.
2936 4003 2991 4057 Si
3068 4011 3251 4058 autem
3322 4015 3502 4061 vestra

1879 4098 2153 4154 catholica
2175 4096 2451 4167 sapientia
2482 4096 2598 4150 vult
2642 4096 2805 4158 scire,
2859 4112 2981 4167 quae
3041 4102 3231 4150 contra
3263 4097 3500 4152 catholi-

1881 4208 1998 4247 cam
2022 4189 2187 4244 ﬁdem
2228 4204 2294 4243 ex
2345 4188 2520 4243 veteri
2588 4187 2783 4242 haeresi
2834 4187 3319 4242 Przedestinatiana
3351 4192 3495 4260 (qua),

1882 4284 2119 4354 primum
2153 4282 2210 4336 in
2241 4280 2441 4347 Africa,
2479 4286 2672 4351 postea
2704 4280 2758 4333 in
2814 4280 3002 4334 Galliis
3052 4296 3151 4350 per
3183 4279 3328 4334 idem
3363 4289 3502 4336 tem-

1882 4393 2006 4448 pus,
2036 4374 2258 4446 quando
2291 4380 2345 4427 et
2374 4373 2699 4428 Nestoriana
2744 4372 2991 4438 lneresis,
3057 4380 3139 4426 est
3203 4379 3407 4436 exorta,
3449 4381 3504 4428 et

1883 4474 2129 4537 tempore
2161 4463 2438 4519 leestini
2495 4479 2652 4533 papae
2705 4461 2880 4532 ipsius
2931 4461 3277 4526 auctoritate,
3319 4471 3375 4519 et
3405 4462 3498 4516 in-

1882 4556 2084 4611 stantia
2112 4553 2285 4608 sancti
2319 4552 2577 4622 Prosperi
2627 4558 2710 4605 cst
2763 4551 2982 4618 revicta)
3017 4551 3202 4606 dicere
3224 4552 3499 4620 videatur,

1882 4643 1952 4698 de
1970 4641 2157 4697 multis
2201 4656 2377 4710 pauca
2435 4640 2596 4694 vobis
2648 4655 2900 4706 numero,
2934 4640 3032 4694 sed
3087 4655 3196 4695 non
3231 4639 3498 4710 pondere,

1883 4733 2224 4805 capitulatim
2247 4732 2644 4805 significamus.

1953 4823 2113 4889 Dicit,
2147 4822 2296 4894 quod
2319 4829 2374 4877 et
2421 4829 2636 4877 veteres
2687 4821 3160 4876 Przedcstinatiani
3217 4821 3502 4885 dixerunt,

1885 4913 2145 4983 quoniam
2173 4913 2314 4967 sicut
2364 4913 2508 4968 Deus
2556 4912 2825 4984 quosdam
2871 4913 2938 4967 ad
2997 4913 3161 4966 vitam
3213 4919 3500 4978 aeternam,

1886 5006 1958 5061 ita
2011 5008 2278 5079 quosdam
2331 5006 2745 5077 praedestinavit
2799 5007 2866 5060 ad
2925 5013 3158 5060 mortem
3213 5012 3498 5060 aiternam.
3562 5049 3572 5063 .

1886 5101 2045 5167 Dicit,
2115 5102 2263 5172 quod
2319 5109 2373 5155 et
2426 5109 2639 5156 veteres
2691 5098 3163 5154 Przedestinatiani
3220 5098 3500 5164 dixerunt,

1886 5192 2147 5262 quoniam
2182 5206 2291 5246 non
2312 5191 2429 5245 vult
2461 5191 2603 5244 Deus
2639 5205 2835 5244 omnes
2867 5188 3120 5244 homines
3148 5189 3330 5244 salvos
3361 5188 3501 5254 ﬁeri,

1888 5286 1986 5338 sed
2018 5292 2228 5340 tantum
2259 5301 2356 5340 eos
2395 5284 2490 5355 qui
2524 5284 2802 5338 salvantur
2833 5301 2846 5346 ;
2891 5298 3085 5337 omnes
3112 5291 3295 5337 autem
3329 5282 3502 5337 salva-

1888 5374 1931 5427 ri
1962 5388 2213 5445 quosque
2264 5374 2382 5443 ipse
2422 5372 2632 5427 salvare
2677 5372 2932 5436 voluerit,
2995 5388 3058 5426 ac
3091 5389 3191 5442 pcr
3215 5373 3321 5427 hoc
3375 5372 3504 5443 qui-

1889 5480 2106 5534 cunque
2149 5478 2260 5518 non
2290 5463 2590 5527 salvantur,
2632 5461 2854 5532 penitus
2917 5478 3024 5517 non
3059 5478 3181 5515 esse
3209 5461 3509 5517 voluntatis

1891 5557 2060 5622 illius,
2091 5563 2150 5610 ut
2207 5555 2524 5621 salventur;
2585 5554 2844 5626 quoniam
2904 5554 2948 5609 si
3001 5571 3112 5609 non
3153 5571 3347 5610 omnes
3395 5553 3510 5608 sal-

1890 5653 2088 5702 vantur
2117 5662 2256 5718 quos
2286 5644 2402 5699 vult
2424 5645 2566 5699 Deus
2595 5644 2774 5699 salvos
2800 5643 2943 5712 ﬁeri,
2997 5661 3106 5700 non
3139 5645 3324 5702 omnia
3355 5661 3509 5715 quae-

1891 5751 2116 5806 cunque
2148 5734 2322 5791 voluit
2379 5733 2528 5793 fecit,
2577 5742 2632 5787 et
2694 5733 2738 5786 si
2790 5733 2907 5788 vult
2936 5735 3084 5806 quod
3130 5749 3239 5788 non
3302 5738 3503 5802 potest,

1895 5842 2006 5884 non
2037 5826 2411 5898 omnipotens,
2452 5825 2550 5880 sed
2574 5823 2826 5880 infirmus
2852 5835 2954 5880 est.
3003 5825 3094 5880 Est
3116 5831 3298 5878 autem
3323 5817 3506 5875 omni-
