3912 6332
322 374 423 429 1⁸79

1416 367 1795 424 FLOI)OARDI
1835 367 2142 425 CANONlCl
2183 366 2532 422 REMENSIS.

3552 365 3656 422 180

322 511 520 576 potens
566 500 663 573 qui
714 499 844 556 t'ecit
890 514 1237 571 quaecunque
1277 496 1469 563 voluit,
1523 497 1743 553 dicente
1795 499 1942 553 Scri-
1965 503 2014 570 Α
2042 498 2268 554 rodunt.
2303 497 2481 553 Facile
2538 502 2744 562 autem,
2802 496 3096 565 adjuvante
3147 496 3402 562 Domino,
3436 507 3657 568 portare

323 604 486 667 ptura
519 592 753 649 :Omnia
817 605 1165 664 quaecunque
1223 588 1396 645 voluit
1424 588 1690 644 Dominus
1729 588 1861 645 fecit
1884 590 1941 644 in

325 687 468 744 coelo
494 693 551 741 et
601 686 656 740 in
708 692 872 748 terra,
919 683 976 736 in
1030 681 1166 738 mari
1226 690 1282 736 et
1335 680 1394 735 in
1438 681 1700 736 omnibus
1728 680 1944 751 abyssis

328 780 498 849 (Psal.
525 777 768 847 cxxxrv).
826 775 889 830 Et
936 775 1067 828 item
1105 790 1118 827 :
1155 774 1213 827 In
1271 771 1554 831 voluntate
1597 779 1712 839 tua,
1761 772 1945 828 Domi-

329 882 421 933 ne,
450 874 650 921 cuncta
694 871 821 919 sunt
871 861 1070 933 posita,
1129 869 1323 916 etnon
1353 868 1437 916 est
1489 861 1584 932 qui
1634 862 1807 932 possit
1835 869 1943 917 tua:

331 955 589 1010 resistere
651 950 921 1006 voluntati
996 950 1209 1019 (Esther
1270 950 1388 1017 xui)
1457 965 1471 1003 :
1522 948 1569 1003 si
1631 948 1946 1004 decreveris

330 1046 542 1101 salvare
586 1059 711 1110 nos,
767 1041 1034 1097 continuo
1091 1039 1479 1096 liberabimur.
1510 1040 1673 1109 Dicit,
1713 1040 1863 1112 quod
1892 1049 1947 1096 et

330 1139 547 1188 veteres
590 1127 1070 1184 Praedestinatiani
1142 1127 1423 1191 dixerunt,
1476 1127 1627 1199 quod
1677 1143 1788 1183 non
1846 1143 1947 1199 pro

331 1220 502 1276 totius
524 1217 717 1273 mundi
740 1215 1146 1287 redemptione,
1179 1215 1235 1270 id
1261 1224 1345 1270 est
1367 1229 1466 1285 pro
1488 1214 1736 1271 omnium
1771 1215 1949 1271 homi-

332 1325 465 1365 num
491 1307 667 1363 salute
705 1312 759 1361 et
776 1303 1160 1376 redemptione
1188 1302 1453 1358 Dominus
1481 1311 1537 1358 et
1565 1303 1813 1359 Salvator
1838 1318 1945 1359 no-

332 1412 443 1460 ster
479 1404 639 1458 Jesus
687 1401 934 1457 Christus
989 1400 1060 1454 sit
1106 1397 1402 1455 cruciﬁxus
1437 1406 1494 1454 et
1548 1408 1815 1465 mortuus,
1848 1400 1948 1455 sed

334 1501 544 1551 tantum
576 1508 677 1564 pro
717 1493 808 1547 his
853 1491 949 1563 qui
1000 1490 1303 1546 salvantur.
1337 1489 1477 1545 Dicit
1530 1506 1753 1562 quoque
1786 1491 1950 1547 modo

333 1586 544 1658 dispari
590 1584 912 1650 traditione,
956 1582 1140 1653 separi
1196 1596 1405 1649 errore,
1458 1582 1607 1653 quod
1644 1589 1700 1636 et
1738 1590 1954 1637 veteres

337 1677 808 1734 Praedestinatiani
839 1676 1417 1745 dixerunt,exponens
1455 1673 1787 1728 sententiam
1820 1689 1954 1745 apo-

336 1769 463 1824 stoli
492 1768 638 1823 Petri
670 1786 686 1821 :
720 1767 856 1821 Eum
905 1750 1027 1836 qui
1060 1762 1198 1819 emit
1225 1778 1344 1830 eos,
1403 1763 1695 1818 Dominum
1741 1777 1954 1837 negan-

339 1871 422 1916 tes
485 1862 586 1927 (II
641 1862 765 1914 Petr
850 1858 932 1927 ιι),
988 1855 1275 1927 Baptismi,
1341 1853 1542 1925 inquit,
1611 1861 1955 1910 sacramento

336 1965 436 2005 eos
465 1948 619 2015 emit,
670 1961 780 2001 non
809 1954 995 2000 tamen
1054 1959 1155 2015 pro
1201 1943 1282 1998 eis
1338 1958 1557 1998 crucem
1615 1942 1809 2008 subiit,
1853 1958 1957 1998 ne-

339 2057 451 2113 que
481 2045 715 2095 mortem
749 2036 995 2108 pertulit,
1024 2052 1209 2108 neque
1257 2034 1585 2108 sanguinem
1616 2033 1778 2090 fudit.
1803 2034 1958 2099 Quod

340 2136 524 2186 autem
550 2127 813 2199 baptismi
880 2125 1166 2197 perceptio
1218 2123 1533 2195 redemptio
1582 2132 1958 2194 nuncupatur,

341 2219 537 2274 doctor
584 2215 836 2291 gentium
912 2212 1203 2269 manifeste
1259 2211 1502 2268 fatetur:
1536 2211 1717 2267 Nolite
1755 2212 1962 2268 contri-

341 2319 508 2375 stare,
540 2307 741 2380 inquit,
772 2306 1037 2377 Spiritum
1084 2312 1336 2360 sanctum
1382 2304 1503 2371 Dei,
1535 2304 1592 2358 in
1618 2318 1729 2375 quo
1759 2303 1961 2376 signati

344 2400 480 2457 estis
500 2400 555 2454 in
600 2398 691 2454 die
749 2397 1152 2469 redemptionis
1200 2397 1421 2467 (Ephes.
1479 2402 1568 2461 ιν).
1625 2396 1689 2451 At
1715 2395 1811 2450 illa
1839 2412 1962 2467 qua:

345 2491 569 2564 propria
619 2498 674 2546 et
738 2489 999 2561 specialis
1049 2495 1136 2544 est
1188 2488 1435 2543 solorum
1474 2487 1724 2542 omnium
1753 2487 1965 2544 electo—

346 2598 490 2647 rum,
565 2595 729 2652 quam
777 2578 861 2633 eis
906 2575 1287 2633 tantummodo
1362 2571 1661 2629 cruciﬁxus
1712 2571 1964 2643 imperti-

346 2669 430 2730 vit
486 2673 613 2744 pius
659 2671 999 2741 Redemptor
1073 2668 1342 2738 ipsorum,
1403 2666 1548 2722 sicut
1615 2681 1645 2720 a
1711 2664 1965 2735 praeteri-

344 2766 435 2831 tis,
463 2765 538 2820 ita
562 2763 822 2818 nimirum
875 2770 930 2815 et
988 2776 1021 2813 a
1067 2757 1444 2830 praesentibus
1501 2765 1680 2822 natos,
1741 2763 1798 2810 et
1857 2770 1963 2810 na-

345 2853 605 2915 scituros,
660 2852 816 2906 vivos
854 2856 912 2904 et
968 2855 1238 2909 mortuos,
1288 2846 1547 2902 videlicet
1601 2861 1796 2901 omnes
1861 2861 1964 2916 pa-

346 2947 480 3001 riter
527 2945 733 3000 electos
784 2942 1062 3009 redemit,
1133 2940 1315 3005 cruit,
1364 2938 1653 3009 abluitque
1705 2938 1962 3009 peccatis.

347 3033 457 3105 Ipsi
522 3048 768 3103 prorsus,
828 3030 935 3102 ipsi
981 3039 1111 3085 sunt
1144 3028 1406 3097 mundus,
1467 3042 1564 3098 pro
1614 3043 1726 3100 quo
1776 3042 1970 3097 passus

347 3134 432 3182 est
498 3124 813 3193 Dominus,
870 3131 932 3178 ut
969 3123 1089 3195 ipse
1153 3122 1293 3178 dixit
1348 3140 1361 3176 :
1421 3125 1587 3180 Panis
1652 3139 1808 3194 quem
1873 3136 1967 3189 ego

2041 587 2261 654 valebo,
2322 582 2466 658 quid
2502 594 2557 640 et
2616 585 2753 640 mihi
2800 601 3038 656 paucum
3090 593 3344 656 superest
3390 588 3657 658 temporis

2043 679 2304 749 spatium,
2368 685 2424 733 et
2476 677 2521 732 si
2570 674 2719 731 inter
2773 674 2919 732 ﬁlios
2972 676 3249 744 Ecclesiae,
3303 679 3657 749 permittente

2045 770 2179 836 Deo,
2203 770 2260 824 in
2279 785 2368 824 me
2398 767 2718 839 acceperint
2758 773 3090 838 potestatem
3127 769 3490 841 corporaliter
3513 769 3659 826 afﬂi-

2044 862 2237 935 gendi,
2264 861 2453 917 divina
2498 860 2675 935 gratia
2721 860 3037 929 adjuvante,
3071 861 3411 918 exercebunt
3441 863 3660 935 patien-

2044 954 2199 1009 tiam.
2230 953 2338 1008 Sed
2368 950 2473 1006 etsi
2518 948 2900 1006 tantummodo
2944 950 3086 1005 male
3142 951 3436 1007 sentiendo
3466 953 3661 1008 adver-

2044 1042 2339 1106 sabuntur,
2379 1039 2718 1096 exercebunt
2772 1040 3323 1113 quantulamcunque
3345 1042 3658 1108 scientiam,

2047 1139 2193 1187 etut
2212 1131 2381 1186 etiam
2440 1129 2653 1185 inimici
2717 1130 3023 1185 secundum
3073 1139 3406 1201 praeceptum
3440 1131 3656 1187 Domini

2049 1220 2354 1291 diligantur
2383 1219 2595 1286 (Matth.
2630 1234 2684 1285 v,
2704 1218 2812 1289 44),
2833 1218 3172 1274 exercebunt
3192 1219 3657 1276 benevolentiam.

2051 1310 2345 1366 Praefatum
2393 1318 2579 1366 autem
2647 1308 3090 1376 Gothescalcum,
3144 1310 3191 1365 si
3244 1320 3425 1366 vestra
3471 1321 3665 1367 aucto-

2050 1403 2185 1458 ritas
2241 1402 2379 1457 mihi
2433 1401 2742 1473 scripserit,
2797 1408 2857 1457 ut
2905 1417 3034 1456 eum
3066 1419 3097 1457 a
3126 1403 3379 1459 custodia
3433 1404 3660 1468 solvam,

2052 1501 2108 1550 et
2129 1502 2225 1549 aut
2274 1501 2335 1549 ut
2388 1494 2457 1548 ad
2512 1508 2612 1548 vos
2641 1493 2832 1560 eundi,
2887 1501 2948 1549 ut
2999 1510 3098 1564 per
3127 1510 3222 1550 vos
3275 1495 3396 1564 ejus
3448 1495 3661 1551 doctri-

2053 1602 2179 1641 nam
2205 1584 2593 1656 experiamini,
2647 1594 2741 1641 aut
2795 1586 2864 1640 ad
2914 1601 3307 1659 quemcunque
3336 1602 3403 1642 ex
3441 1587 3666 1643 nomine

2053 1676 2401 1749 designatum
2434 1675 2701 1749 pergendi
2735 1674 3014 1730 licentiam
3045 1676 3269 1743 donem,
3296 1676 3429 1748 quia
3457 1682 3518 1730 ut
3545 1692 3668 1731 me-

2054 1763 2163 1819 lius
2196 1763 2302 1833 ipsi
2348 1763 2524 1829 scitis,
2567 1762 2711 1818 sicut
2760 1763 3017 1819 absolute
3052 1763 3294 1835 quisque
3344 1763 3670 1836 regulariter

2056 1852 2301 1911 ordinari
2331 1868 2442 1908 non
2489 1851 2655 1919 valet,
2722 1852 2797 1907 ita
2838 1852 2960 1906 nisi
3017 1868 3081 1906 ex
3137 1852 3311 1923 ipsius
3366 1867 3666 1918 consensu,

2055 1944 2216 2012 cujus
2271 1959 2394 2000 esse
2444 1942 2805 2018 dignoscitur,
2854 1950 3019 1998 certae
3077 1960 3327 2014 personae
3381 1961 3669 2000 commen-

2057 2033 2297 2099 dandus,
2327 2040 2382 2088 et
2435 2033 2504 2087 ad
2558 2042 2767 2087 certum
2809 2034 2987 2088 locum
3021 2035 3344 2097 monachus,
3404 2034 3487 2088 vel
3520 2035 3677 2105 quis-

2060 2141 2170 2198 que
2235 2124 2339 2181 sub
2388 2124 2579 2198 regula
2635 2123 2983 2189 constitutus,
3043 2140 3075 2177 a
3140 2124 3262 2179 loco
3321 2140 3421 2179 suo
3468 2124 3681 2179 absolvi

2055 2221 2211 2289 juxta
2242 2216 2483 2294 regulas-
2507 2235 2694 2274 sacras
2740 2234 2852 2275 non
2884 2218 3050 2285 valet,
3102 2217 3299 2272 vestris
3331 2215 3681 2285 jussionibus

2063 2311 2214 2366 nullo
2244 2309 2410 2365 modo
2432 2309 2732 2365 resultabo.
2760 2310 2991 2364 Tantum
3034 2316 3095 2364 ut
3159 2307 3542 2363 auctoritatem
3578 2323 3678 2362 ve-

2062 2409 2228 2455 stram
2252 2398 2506 2464 habeam,
2546 2414 2618 2453 ne
2666 2404 2940 2453 tantorum
2995 2394 3679 2468 episcOporumjudicium

2064 2506 2189 2545 mea
2215 2490 2645 2561 praesumptione
2699 2489 3100 2560 parvipendere
3128 2488 3336 2543 videar.
3385 2487 3501 2543 Non
3529 2487 3678 2541 enim

2065 2579 2212 2634 illius
2240 2578 2525 2644 ,delector,
2575 2594 2738 2649 quam
2820 2578 2971 2646 juste
3026 2577 3261 2631 sustinet
3324 2576 3683 2647 pertinaciter

2064 2679 2383 2738 contumax,
2415 2671 2906 2741 quantulacunque
2933 2668 3260 2724 reclusionis
3285 2668 3558 2735 molestia,
3582 2669 3678 2723 sed

2066 2759 2233 2816 doleo
2263 2776 2294 2814 a
2316 2775 2426 2831 qua
2478 2759 2724 2814 revocari
2782 2773 2895 2814 non
2924 2764 3105 2829 potest
3165 2756 3471 2829 perﬁdiam.
3506 2758 3678 2823 Quem

2067 2852 2113 2906 si
2142 2852 2456 2922 cuicunque
2509 2850 3035 2907 commendandum.
3062 2860 3243 2906 vestra
3268 2850 3565 2906 auctoritas
3600 2850 3684 2904 vi-

2070 2940 2234 3007 derit,
2258 2941 2361 2996 hoc
2403 2941 2459 2994 in
2514 2941 2999 2997 commendatione
3041 2941 3205 2996 etiam
3264 2940 3596 3011 providebit,
3621 2947 3685 2994 ut

2069 3030 2159 3084 cui
2209 3030 2686 3086 commendabitur
2749 3030 3052 3087 catholicus
3102 3031 3191 3096 sit,
3251 3037 3306 3084 et
3361 3029 3682 3100 gravitatem

2071 3122 2498 3177 ecclesiasticam
2518 3130 2574 3177 et
2620 3123 2863 3195 vigorem
2913 3138 2979 3177 ac
3040 3120 3441 3192 Scripturarum
3500 3121 3686 3176 scien-

345 3219 557 3284 dedero,
611 3232 736 3271 caro
792 3232 910 3271 mea
964 3192 1043 3271 est
1092 3231 1194 3285 pro
1239 3215 1434 3270 mundi
1482 3218 1599 3270 vita
1648 3192 1827 3282 (dedit.
1888 3192 2037 3280 v1,C
2062 3211 2193 3265 tiam
2244 3211 2466 3279 habeat,
2499 3212 2631 3283 quia
2680 3192 2790 3268 non
2819 3212 3000 3268 solum
3056 3212 3363 3283 Scripturas
3420 3211 3488 3265 ad
3519 3227 3679 3265 suum

347 3308 464 3377 52).
522 3307 585 3361 Et
635 3305 769 3360 item
824 3304 956 3361 alibi
1017 3304 1165 3359 idem
1252 3304 1645 3359 Gothescalcus
1696 3303 1893 3359 scribit
1945 3319 1958 3356 :

349 3398 503 3453 Absit
533 3396 723 3469 procul
753 3413 786 3451 a
810 3412 922 3463 me,
974 3403 1033 3451 ut
1094 3395 1180 3450 vel
1233 3395 1369 3451 illud
1414 3395 1766 3451 solummodo
1797 3394 1962 3451 velim

350 3491 651 3556 somniare,
701 3489 905 3544 nedum
937 3487 1107 3543 semel
1137 3503 1451 3554 susurrare,
1483 3496 1543 3542 ut
1568 3487 1739 3542 ullum
1770 3502 1962 3543 eorum

350 3579 751 3650 perpetualiter
778 3594 965 3633 secum
999 3577 1304 3648 periturum
1346 3576 1609 3649 antiquus
1641 3591 1833 3647 rapere
1859 3591 1961 3629 va-

348 3672 458 3726 leat
481 3670 702 3744 anguis,
748 3686 847 3741 pro
899 3668 1105 3741 quibus
1156 3667 1495 3724 redimendis
1554 3675 1660 3722 tam
1688 3666 1965 3738 pretiosus

350 3760 460 3815 Deo
488 3759 630 3814 Patri
685 3759 904 3817 Domini
962 3759 1054 3814 Dei
1116 3759 1290 3813 nostri
1343 3757 1461 3812 Filii
1521 3756 1629 3822 sui,
1682 3755 1836 3811 fusus
1882 3762 1966 3810 est

347 3853 595 3929 sanguis.
629 3854 821 3908 Amen.
881 3852 945 3906 Et
998 3852 1130 3907 item
1158 3850 1394 3921 loquens
1433 3848 1502 3903 ad
1533 3848 1705 3904 Deum
1742 3866 1754 3902 :
1784 3847 1964 3904 Claret

348 3946 534 4018 itaque
572 3945 706 4000 satis
753 3952 968 4015 aperte,
1013 3943 1163 4014 quod
1214 3941 1396 3997 nullus
1452 3940 1553 3996 tibi
1600 3940 1765 4011 perit,
1807 3940 1964 4012 quis-

347 4036 473 4107 quis
494 4036 815 4105 redemptus
834 4041 920 4087 est
958 4048 1058 4102 per
1087 4031 1417 4105 sanguinem
1449 4030 1629 4085 crucis
1655 4037 1781 4084 tuae.

418 4124 573 4190 Quod
614 4120 1093 4177 Praedestinatiani
1130 4127 1348 4174 veteres
1408 4133 1518 4173 non
1546 4117 1826 4183 dixerunt,
1862 4117 1963 4173 iste

346 4222 407 4271 ut
437 4215 727 4279 audacius,
773 4214 848 4268 ita
871 4222 926 4267 et
949 4209 1318 4282 perniciosius
1344 4210 1499 4276 dicit,
1544 4208 1802 4265 deitatem
1833 4226 1964 4264 san-

346 4316 446 4360 ctae
465 4302 745 4358 Trinitatis
794 4301 989 4357 trinam
1040 4315 1184 4355 esse.
1245 4298 1382 4354 Sunt
1434 4305 1489 4354 et
1515 4298 1644 4366 alia,
1690 4315 1813 4369 qua:
1844 4298 1962 4370 ipse

346 4391 514 4447 etalii
548 4391 735 4462 plures
785 4390 841 4444 in
886 4388 1008 4445 istis
1060 4388 1312 4460 partibus
1363 4388 1575 4456 dicunt,
1631 4405 1753 4460 quae
1800 4389 1961 4446 nobis

344 4497 491 4535 same
522 4478 651 4534 ﬁdei
692 4480 970 4535 adversari
1027 4478 1303 4545 videntur,
1336 4495 1460 4551 qua:
1505 4479 1636 4533 dum
1665 4494 1763 4548 per
1792 4479 1960 4534 alium

2062 3320 2287 3360 sensum
2318 3304 2591 3361 violenter
2622 3305 2874 3376 inﬁexas,
2904 3307 3004 3362 sed
3032 3315 3087 3360 et
3108 3304 3503 3360 catholicorum
3537 3303 3684 3358 dicta

2063 3398 2387 3454 detruncata
2425 3414 2526 3469 per
2584 3407 2758 3455 totum
2816 3399 2962 3454 diem
3020 3400 3141 3453 sine
3191 3397 3552 3468 respiratione
3581 3396 3685 3451 ali-

2064 3504 2175 3559 qua
2213 3489 2473 3560 praevalet
2527 3488 2849 3544 memoriter
2900 3488 3195 3543 decantare
3251 3487 3406 3542 Unde
3448 3501 3556 3541 non
3589 3502 3686 3541 so-

2065 3579 2176 3633 lum
2209 3578 2408 3633 idiotas
2447 3579 2506 3633 in
2559 3577 2985 3632 admirationem
3033 3578 3117 3632 sui
3160 3577 3458 3640 abducere,
3491 3593 3683 3633 verum

2064 3674 2121 3722 et
2147 3667 2349 3723 sciolos
2406 3673 2462 3721 et
2519 3666 2770 3723 incautos
2815 3673 2984 3737 atque
3031 3664 3209 3721 zelum
3267 3665 3386 3734 Dei,
3439 3669 3537 3724 sed
3572 3685 3684 3726 non

2062 3756 2369 3813 secundum
2430 3754 2717 3810 scientiam
2770 3754 3039 3809 habentes
3067 3759 3236 3824 (Rom.
3279 3775 3334 3826 x,
3364 3760 3442 3825 2),
3477 3759 3532 3813 in
3551 3775 3688 3815 sen—

2064 3851 2292 3906 tentiam
2341 3865 2496 3903 suam
2557 3848 2753 3903 solitus
2781 3855 2898 3903 erat
2926 3848 3240 3905 traducere.
3276 3850 3337 3905 Et
3357 3867 3470 3907 non
3502 3853 3682 3909 solum

2064 3944 2352 4000 doctorum
2375 3958 2600 3997 suorum
2635 3943 2830 3999 doctor
2875 3941 3049 3996 videri
3098 3944 3330 4014 appetit,
3358 3945 3457 4000 sed
3484 3953 3539 4000 et
3579 3947 3689 4001 hoc

2064 4037 2299 4093 solerter
2325 4035 2461 4090 satis
2512 4033 2769 4101 intendit,
2826 4042 2886 4090 ut
2937 4050 3125 4090 secum
3185 4035 3479 4106 loquentes
3509 4037 3593 4092 vel
3630 4037 3685 4092 in

2064 4140 2323 4179 sermone
2366 4139 2565 4194 capere
2609 4122 2807 4177 valeat.
2846 4124 2906 4179 Et
2946 4123 2993 4177 si
3025 4123 3094 4178 de
3154 4125 3384 4178 veritate
3438 4140 3549 4180 non
3581 4142 3690 4196 po-

2065 4217 2210 4283 terit,
2245 4217 2641 4273 invincibiliter
2697 4217 3059 4273 sacramentis
3116 4216 3394 4272 afﬁrmare
3442 4217 3681 4285 curabit,

2063 4321 2128 4360 ea
2147 4320 2333 4360 secum
2394 4306 2689 4376 loquentes
2743 4306 2968 4373 dixisse,
3051 4322 3173 4378 quae
3233 4307 3369 4362 forte
3427 4323 3533 4362 non
3591 4308 3684 4362 di-

2063 4405 2273 4462 xerant,
2304 4404 2363 4451 ut
2413 4398 2530 4468 ipse
2586 4414 2770 4465 verax,
2829 4408 2884 4452 et
2915 4398 2965 4453 ci
3005 4399 3099 4468 qui
3163 4398 3239 4451 illi
3294 4400 3685 4455 contradicunt

2064 4485 2372 4556 probentur
2400 4502 2522 4541 esse
2551 4488 2871 4553 mendaces,
2903 4495 2960 4542 et
2990 4487 3256 4543 adversus
3285 4503 3439 4542 suam
3467 4488 3680 4544 doctri-

345 4588 509 4643 quam
556 4588 655 4642 per
710 4571 1005 4626 utilitatem
1065 4585 1207 4626 mea;
1247 4587 1497 4642 persona:
1553 4572 1854 4629 auctoritas
1875 4561 2193 4633 ve—Dnam
2229 4578 2511 4633 docentes.

344 4672 455 4720 stra
484 4664 825 4738 cognoverit,
887 4663 1027 4741 forte
1083 4664 1334 4719 attendet
1382 4665 1664 4733 solertius,
1727 4673 1783 4720 et
1839 4683 1962 4738 qum

345 4757 474 4813 inde
506 4759 747 4814 tenenda
787 4764 918 4812 sunt
956 4758 1155 4813 docere
1182 4757 1430 4813 studebit
1467 4759 1817 4829 quantocius.
1850 4760 1963 4814 Erit

343 4851 564 4905 enimin
586 4850 837 4922 proximo
898 4850 1026 4904 inde
1069 4848 1569 4921 necessitas;quia
1619 4850 1741 4905 etsi
1768 4866 1959 4906 eorum

341 4941 507 4998 corda
534 4940 589 4995 in
641 4938 859 4995 insania
914 4938 1160 5010 perversi
1188 4954 1385 4993 sensus
1433 4938 1731 5005 ebulliunt,
1765 4940 1960 4995 ortho-

342 5032 468 5087 doxi
499 5039 687 5088 tamen
729 5031 876 5104 regis
931 5030 1106 5085 nostri
1151 5038 1424 5101 tempore,
1459 5047 1647 5101 prava,
1681 5047 1804 5101 qua:
1827 5048 1960 5086 sen-

342 5121 508 5188 tiunt,
551 5121 737 5192 eloqui
792 5136 903 5176 non
971 5129 1313 5192 praesumunt
1359 5122 1437 5175 lta
1464 5128 1735 5193 utaperte
1766 5122 1958 5178 videa-

343 5224 464 5263 mus
504 5209 718 5279 impleri
770 5209 919 5281 quod
967 5209 1232 5280 scriptum
1290 5216 1412 5264 est:
1444 5211 1788 5278 Congregans
1819 5214 1961 5267 sicut

340 5300 398 5351 in
422 5302 541 5352 utre
562 5298 706 5368 [ms.,
745 5304 917 5353 utrem
945 5298 960 5369 ]
994 5315 1167 5369 aquas
1183 5301 1353 5354 maris
1382 5300 1547 5368 (Psal.
1583 5301 1767 5369 χχχιι).
1801 5301 1954 5371 Aqua

341 5389 489 5442 enim
548 5390 716 5444 maris
779 5390 921 5444 sicut
986 5389 1041 5444 in
1089 5397 1210 5445 utre
1255 5398 1587 5465 congregata
1621 5399 1771 5447 .est:
1823 5392 1956 5462 quia

340 5495 523 5533 amara
539 5479 925 5535 haereticorum
939 5480 1176 5535 scientia
1192 5479 1466 5552 quidquid
1488 5481 1655 5537 hodie
1673 5482 1727 5534 in
1754 5481 1856 5536 isto
1871 5499 1952 5536 re~

338 5587 447 5643 gno
470 5569 567 5624 ﬁlii
584 5572 750 5627 vestri
773 5572 960 5626 domui
982 5572 1161 5628 Karoli
1195 5589 1418 5642 pravum
1437 5575 1629 5641 sentit;
1654 5575 1706 5628 in
1728 5586 1950 5646 pectore

337 5661 671 5732 comprimit,
727 5669 781 5716 et
811 5670 1000 5732 aperte
1047 5662 1235 5717 dicere
1284 5677 1393 5717 non
1440 5664 1745 5738 praesumit.
1774 5664 1946 5719 Meam

334 5767 554 5824 quoque
576 5751 933 5828 exiguitatem
985 5761 1040 5809 et
1094 5755 1309 5810 occulte
1357 5753 1559 5810 canino
1613 5755 1781 5810 dente
1820 5771 1943 5812 cor-

2132 4742 2208 4793 De
2219 4739 2376 4793 libris
2397 4754 2534 4808 quos
2552 4649 2917 4809 idem
2938 4650 3269 4795 gztcmarus
3291 4744 3603 4811 composuit.

2131 4848 2362 4920 Scripsit
2408 4850 2571 4904 etiam
2605 4847 2830 4919 praefato
2883 4863 3039 4919 papw
3083 4848 3306 4905 Nicolao
3373 4847 3504 4905 ﬁdei
3564 4867 3682 4906 suae

2060 4937 2441 5008 depromenda
2474 4946 2744 5003 tenorem,
2778 4945 2834 4991 et
2862 4952 3017 4991 suam
3046 4945 3238 4993 contra
3264 4939 3550 5010 praenotati
3573 4939 3685 4994 Go-

2060 5031 2318 5085 thescalci
2349 5047 2612 5099 errorem,
2645 5048 2809 5103 quam
2853 5030 2984 5087 ﬁdei
3037 5032 3320 5087 catholica:
3362 5031 3686 5102 dependere

2059 5124 2364 5198 satagebat,
2433 5126 2839 5182 defensionem.
2899 5124 3131 5196 Scripsit
3186 5132 3455 5196 praeterea
3485 5123 3682 5179 multa.

2061 5212 2281 5267 Librum
2314 5228 2539 5285 quoque
2583 5215 2876 5270 collectum
2937 5229 3001 5267 ex
3033 5214 3467 5269 orthodoxorum
3521 5211 3690 5268 dictis

2059 5304 2275 5360 Patrum
2307 5305 2376 5360 ad
2407 5304 2550 5360 ﬁlios
2600 5303 2855 5359 Ecclesiae
2886 5319 3020 5370 suae,
3061 5303 3211 5374 quod
3269 5302 3469 5357 divinae
3498 5302 3682 5359 Trini-

2054 5393 2182 5447 tatis
2213 5393 2389 5448 deitas
2418 5394 2561 5447 trina
2614 5407 2725 5448 non
2765 5392 2837 5448 sit
2875 5391 3133 5459 dicenda,
3184 5407 3308 5445 cum
3366 5391 3438 5447 sit
3498 5392 3679 5463 ipsius

2054 5497 2282 5535 summa:
2306 5481 2583 5536 Trinitatis
2611 5480 2815 5547 unitas,
2863 5479 2933 5534 ad
2987 5479 3323 5535 refellendas
3344 5496 3681 5550 praememo-

2054 5573 2153 5628 rati
2202 5573 2543 5628 Gothescalci
2604 5572 2980 5645 blasphemias
3030 5590 3044 5639 ;
3104 5572 3232 5627 item
3289 5572 3359 5625 ad
3417 5571 3675 5629 Karolum

2052 5677 2236 5737 regem
2282 5679 2451 5733 super
2480 5663 2583 5718 hac
2634 5663 2829 5719 eadem
2880 5680 2937 5718 re
2968 5662 3169 5718 librum
3225 5678 3416 5717 unum.
3446 5662 3678 5734 Scripsit

2046 5765 2102 5810 et
2131 5756 2199 5811 ad
2229 5756 2486 5812 eumdem
2518 5756 2770 5813 Karolum
2802 5772 2989 5830 regem
3028 5771 3169 5827 opus
3197 5754 3477 5827 quoddam
3509 5770 3675 5830 egre-
