3912 6422
204 399 306 452 181

860 393 1187 449 HISTORUE
1229 391 1559 447 ECCLESIE
1600 391 1929 446 REMENSIS
1970 391 2145 444 LIBRI
2185 391 2514 454 QUATUOR.
2547 423 2616 432 —
2649 393 2770 448 LlB.
2815 395 2906 448 lll.

3460 395 3560 450 182

206 527 364 601 gium
396 525 650 586 metrice,
686 523 757 578 de
784 523 958 594 gratia
987 531 1042 576 et
1071 521 1559 592 praedestinatione
1600 522 1692 576 Dei
1729 540 1742 587 ;
1776 522 1844 575 de
1870 528 1920 592 Α
1942 522 2332 578 ordinabiliter
2359 523 2606 593 plantare
2638 523 2968 588 debuerant,
2993 539 3054 578 ac
3085 523 3137 577 in
3162 523 3400 578 sublime
3427 525 3562 578 aedi-

209 616 576 674 sacramentis
624 630 848 686 quoque
909 613 1159 684 corporis
1202 620 1258 669 et
1305 614 1593 686 sanguinis
1622 612 1844 680 Christi,

213 719 270 763 et
295 708 365 761 de
392 705 635 760 videndo
694 706 829 770 Deo,
888 711 1054 774 atque
1087 703 1304 776 origine
1333 703 1553 768 animae,
1585 701 1752 756 simul
1783 717 1846 756 ac

213 800 284 853 de
313 797 422 852 fide
453 805 658 851 sanctae
697 794 999 860 Trinitatis,
1054 794 1200 866 quod
1231 810 1372 865 opus
1399 793 1699 865 appellavit
1723 795 1844 846 Fer-

212 893 395 946 culum
425 890 746 944 Salomonis.
784 889 920 942 Item
951 886 1176 960 collegit
1200 894 1366 956 atque
1399 884 1713 955 composuit
1743 899 1841 938 vo-

214 985 406 1038 lumen
433 969 632 1054 ingens
683 979 870 1051 plures
922 977 1216 1033 continens
1256 977 1429 1032 libros
1454 976 1522 1031 de
1556 976 1842 1048 praadesti-

217 1075 446 1130 natione
501 1073 597 1127 Dei
650 1081 708 1127 et
779 1071 958 1126 libero
1041 1069 1272 1125 arbitrio
1325 1077 1516 1125 contra
1573 1070 1842 1140 quosdam

215 1168 654 1238 reprehensores
691 1179 846 1229 suos,
903 1146 1069 1234 atque
1119 1163 1475 1217 Ratramnum
1507 1161 1842 1216 monachum

216 1254 636 1321 Corbeiensem,
663 1253 731 1308 ad
765 1251 1022 1307 eumdem
1072 1250 1328 1306 Karolum
1369 1267 1590 1323 regem;
1626 1249 1714 1305 cui
1756 1256 1841 1303 ta-

216 1350 325 1403 lem
359 1346 581 1419 przefert
621 1345 934 1417 epistolam.

292 1459 318 1486 α
360 1437 572 1490 Domno
603 1434 850 1507 glorioso
878 1433 995 1506 regi
1026 1433 1247 1488 Κλειοιο
1279 1431 1481 1502 (Calvo)
1505 1432 1839 1494 timeamus,

217 1525 468 1590 nomine,
501 1540 613 1579 non
644 1523 865 1588 merito,
899 1522 1195 1577 Remorum
1226 1520 1542 1591 episcOpus,
1571 1535 1635 1574 ac
1663 1517 1842 1590 plebis

215 1614 312 1667 Dei
344 1612 607 1676 famulus,
633 1626 744 1666 una
799 1626 924 1665 cum
957 1609 1184 1681 collegis
1214 1607 1433 1662 domnis
1471 1614 1526 1661 et
1577 1606 1838 1660 fratribus

215 1704 357 1759 meis
378 1703 716 1760 venerandis
741 1701 1044 1773 epise0pis,
1071 1700 1387 1756 oratoribus
1413 1699 1626 1754 scilicet
1647 1698 1840 1752 salutis

214 1799 384 1864 atque
414 1791 802 1863 prosperitatis
831 1799 1025 1846 vestrae
1055 1789 1290 1844 devotis.

1949 612 2175 669 ficantes
2196 616 2476 670 extollere.
2504 616 2578 670 De
2595 615 2836 686 quodam
2870 615 3035 670 etiam
3101 616 3366 686 capitulo,
3401 618 3555 686 quasi

1947 702 2248 758 ludificatio
2279 703 2465 774 aliqua
2497 703 2553 756 in
2588 704 2761 758 sacris
2804 705 3080 774 mysteriis
3111 720 3232 759 esse
3261 705 3454 774 possit,
3487 706 3562 760 ita

1946 794 2306 864 scripserunt,
2339 800 2397 846 ut
2428 793 2678 866 legentes
2729 793 2836 848 hoc
2875 810 2906 847 a
2939 794 3101 848 nobis
3147 794 3356 848 dictum
3391 793 3561 848 fuisse

1948 885 2256 958 intelligere
2298 886 2531 955 possint,
2553 886 2624 940 de
2655 901 2764 957 quo
2797 886 2934 940 nihil
2973 904 3003 941 a
3039 886 3202 941 nobis
3234 893 3316 940 est
3346 902 3558 942 memo-

1947 981 2122 1029 ratum
2147 992 2161 1038 ;
2197 983 2252 1028 et
2282 990 2452 1044 quare
2485 973 2622 1026 nihil
2647 990 2678 1028 a
2707 974 2868 1029 nobis
2899 974 3027 1027 inde
3056 973 3134 1027 sit.
3163 973 3391 1041 dictum,
3419 982 3474 1027 et
3504 974 3558 1028 in

1944 1064 2101 1131 cujus
2125 1063 2344 1133 scriptis
2374 1079 2404 1117 a
2435 1062 2598 1118 nobis
2629 1071 2819 1133 postea
2850 1080 3012 1134 quam
3066 1063 3307 1132 capitula
3331 1062 3561 1132 scripsi-

1945 1171 2088 1220 mus,
2122 1154 2194 1209 sit
2223 1156 2528 1220 inventum,
2595 1170 2696 1209 suo
2751 1154 2870 1208 loco
2903 1154 3168 1208 dicemus.
3205 1153 3561 1206 lnseruerunt

1945 1245 2109 1299 etiam
2145 1247 2198 1300 in
2226 1246 2437 1300 eisdem
2463 1247 2578 1300 suis
2632 1246 2855 1316 scriptis
2892 1247 2959 1299 de
2991 1245 3324 1316 quibusdam
3357 1245 3560 1299 sexde-

1944 1336 2049 1390 cim
2100 1337 2379 1407 capitulis,
2435 1338 2592 1409 quasi
2647 1337 2809 1393 nobis
2860 1338 3102 1392 debeant
3149 1337 3431 1408 imputari,
3489 1337 3558 1392 de

1943 1429 2146 1500 quibus
2178 1429 2318 1482 nihil
2343 1429 2780 1494 audivimus,vel
2804 1428 3042 1483 vidimus
3063 1439 3357 1500 antequam
3385 1445 3559 1484 vene-

1943 1520 2136 1575 rabilis
2165 1519 2278 1574 Ebo
2338 1517 2879 1588 Gratianopolitanus
2936 1518 3231 1587 episc0pus
3286 1517 3441 1571 vobis
3469 1533 3554 1583 ea,

1941 1612 2098 1684 quasi
2121 1628 2152 1665 a
2175 1611 2336 1665 bonae
2367 1610 2649 1665 memoria:
2682 1609 2846 1663 fratre
2884 1617 3066 1663 vestro
3093 1608 3350 1663 Lothario
3373 1616 3554 1662 trans-

1941 1701 2295 1770 missa,apud
2330 1700 2668 1754 Vcrmeriam
2727 1698 2990 1769 palatium
3031 1699 3248 1753 detulit.
3312 1699 3554 1763 Quorum

1939 1790 2302 1860 capitulorum
2361 1796 2640 1844 auctorem
2683 1805 2788 1843 nec
2843 1789 3162 1843 adnotatum
3222 1789 3555 1853 invenimus,

290 1906 311 1926 α
345 1882 458 1936 Deo
489 1880 695 1952 gratias
725 1879 960 1951 agimus,
1021 1878 1115 1948 qui
1151 1893 1248 1933 cor
1305 1883 1547 1931 vestrum
1582 1877 1649 1930 ad
1681 1891 1838 1931 amo-
1867 1846 1918 1913 B
1942 1897 2043 1935 nec
2074 1897 2198 1934 cum
2232 1881 2464 1935 multum
2514 1881 2897 1951 quaesierimus
2952 1880 3201 1934 invenire
3259 1878 3558 1933 valuimus.

214 1986 330 2023 rem
363 1986 523 2024 suum
547 1968 824 2034 accendit,
857 1975 914 2021 et
958 1966 1027 2021 ad
1077 1966 1452 2040 cognitionem
1505 1965 1754 2020 veritatis
1785 1973 1840 2020 et

212 2062 535 2116 orthodoxae
595 2059 725 2114 fidei
793 2059 1085 2114 scientiam
1117 2066 1173 2114 et
1217 2058 1564 2132 diligentiam
1622 2058 1838 2131 ignivit,

213 2154 566 2224 prudentiam
599 2167 822 2224 quoque
846 2160 900 2206 et
930 2150 1524 2225 intelligentiamvobis
1556 2149 1611 2202 in
1644 2149 1840 2204 litteris

208 2245 478 2300 divinitus
501 2244 786 2315 inspiratis
815 2243 1060 2308 donavit,
1093 2251 1149 2298 et
1176 2243 1233 2297 in
1255 2259 1442 2297 earum
1478 2242 1838 2296 meditatione

207 2343 377 2403 atque
415 2331 772 2394 excitatione,
833 2339 1101 2402 quantttm
1151 2331 1313 2385 vobis
1362 2346 1461 2401 pro
1517 2330 1837 2400 reipublicae

205 2423 449 2495 negotiis
476 2422 627 2484 licet,
659 2422 905 2476 studium
934 2430 1128 2476 vestra:
1160 2421 1471 2477 devotionis
1510 2422 1838 2492 quotidiano

207 2523 508 2589 augmento
537 2515 606 2568 ad
641 2514 938 2569 utilitatem
966 2523 1170 2568 sancta:
1198 2529 1311 2568 sua:
1354 2514 1612 2568 Ecclesia:
1641 2529 1839 2584 prove-

209 2609 306 2661 hit.
344 2607 616 2660 Czeterum
643 2605 886 2675 capitula
917 2605 1208 2677 synodalia
1264 2605 1672 2660 venerabilium
1703 2621 1837 2660 con-

208 2693 560 2749 sacerdotum
594 2701 932 2759 nostrorum,
965 2693 1128 2747 trium
1155 2693 1369 2747 scilicet
1400 2693 1832 2764 provinciarum,

209 2787 353 2842 sicut
384 2786 593 2840 ibidem
625 2786 964 2851 continetur,
1014 2792 1069 2840 et
1130 2784 1360 2840 inferius
1386 2785 1649 2856 scriptum
1681 2786 1832 2840 inve-

210 2875 414 2942 nietur,
441 2875 604 2930 vobis
643 2875 847 2940 delata,
892 2891 1014 2947 qum
1069 2883 1270 2929 nostra;
1322 2873 1621 2928 humilitati
1677 2875 1834 2943 juxta

209 2967 545 3038 Scripturam
579 2966 996 3037 prazcipientem
1028 2983 1040 3019 :
1077 2967 1359 3040 Interroga
1399 2966 1718 3020 sacerdotes
1749 2966 1832 3020 le-

212 3075 336 3129 gem
368 3075 547 3113 meam
583 3060 750 3126 (Agg.
806 3075 863 3112 ll.
926 3058 1036 3125 12),
1086 3057 1217 3129 quia
1261 3065 1316 3112 et
1346 3059 1523 3130 legem
1555 3057 1684 3112 fidei
1713 3073 1836 3112 esse

1946 1971 2096 2025 Unde
2120 1972 2434 2041 putavimus
2473 1973 2603 2043 quia
2633 1973 2865 2042 alicujus
2895 1971 3103 2026 invidia
3134 1971 3201 2025 ad
3233 1970 3558 2042 cujusquam

1941 2062 2260 2131 Opinionem
2291 2062 2666 2117 infamandam
2687 2062 2890 2116 fuerint
2907 2061 3223 2132 compilata,
3247 2061 3388 2116 sicut
3413 2078 3562 2132 saepe

1939 2152 2194 2225 legimus.
2229 2152 2293 2206 Ut
2320 2152 2388 2206 de
2420 2153 2604 2206 multis
2629 2168 2802 2222 pauca
2836 2166 3355 2215 commemoremus,
3387 2151 3558 2205 veluti

1939 2242 2172 2311 epistola
2203 2241 2567 2312 capitulorum
2599 2241 2826 2305 exstitit,
2863 2257 3029 2312 quam
3063 2243 3396 2297 venerabilis
3436 2243 3560 2296 lbas

1943 2331 2239 2400 episcopus
2267 2347 2422 2385 suam
2456 2347 2576 2385 esse
2627 2331 2681 2384 in
2739 2333 2952 2402 synodo
2989 2332 3302 2404 denegavit,
3336 2341 3391 2388 et
3415 2335 3558 2389 sicut

1942 2423 2165 2494 quidam
2189 2423 2372 2477 remuli
2405 2424 2475 2478 de
2535 2424 2720 2478 verbis
2773 2423 2920 2478 beati
2947 2425 3254 2498 EAugustini
3286 2407 3553 2481 adhuc’in

1940 2532 2039 2570 sua
2068 2515 2180 2569 vita
2212 2514 2481 2581 fecerunt,
2507 2534 2628 2587 quae
2676 2517 2768 2570 ille
2799 2527 2992 2591 argute
3041 2525 3096 2571 et
3143 2518 3411 2573 catholiee
3466 2535 3556 2574 re-

1937 2605 2102 2676 pulit,
2129 2613 2393 2676 quantum
2438 2607 2506 2661 ad
2557 2607 2703 2660 illius
2751 2606 3003 2661 notitiam
3035 2606 3235 2661 exinde
3282 2608 3554 2676 pervenit.

1939 2694 2066 2748 Post
2095 2694 2214 2761 ejus
2243 2695 2406 2748 etiam
2455 2695 2691 2762 obitum,
2724 2695 2951 2767 quidam
3003 2696 3172 2751 invidi
3215 2697 3556 2766 capitulatim

1937 2788 2005 2842 de
2033 2787 2153 2855 ejus
2180 2787 2354 2856 ipsius
2383 2787 2620 2857 scriptis,
2673 2804 2738 2842 ex
2768 2788 2856 2842 his
2888 2789 3052 2842 etiam
3087 2791 3233 2845 unde
3261 2809 3405 2847 nunc
3439 2793 3559 2866 agi-

1938 2883 2044 2939 tur,
2079 2875 2341 2949 colligere
2383 2883 2735 2942 curaverunt,
2772 2885 2830 2930 ut
2855 2877 3000 2932 illius
3026 2879 3330 2933 doctrinam
3359 2881 3555 2935 ortho-

1939 2967 2158 3033 doxam,
2191 2976 2357 3038 atque
2389 2967 2704 3034 utillimam,
2732 2968 2804 3023 ob
2855 2969 3556 3038 personaeilliusinvidiam

1938 3060 2218 3116 vilifacere
2251 3061 2636 3130 praevalerent,
2665 3069 2720 3113 e‘t
2775 3061 3006 3114 lectores
3057 3060 3286 3114 devotos
3307 3061 3376 3115 ab
3408 3062 3556 3116 illius

210 3147 466 3221 legimus,
516 3146 947 3214 praecedentium
1002 3162 1193 3219 regum
1234 3161 1408 3210 more,
1469 3147 1540 3201 ob
1591 3145 1836 3200 studium
1867 3167 1917 3234 Ο
1940 3150 2178 3204 lectione
2216 3165 2281 3204 ac
2310 3149 2608 3203 dilectione
2631 3155 2686 3202 et
2716 3147 3028 3202 necessaria
3049 3147 3376 3202 crudelitate
3404 3165 3560 3204 aver-

208 3239 611 3312 cognoscenda:
653 3237 921 3303 veritatis,
975 3237 1211 3310 legenda
1242 3247 1296 3292 et
1325 3237 1646 3292 ventilanda
1674 3238 1836 3292 dedi-

207 3332 330 3397 stis,
356 3331 708 3386 revolvimus.
743 3331 800 3383 [n
856 3330 1062 3401 quibus
1107 3345 1228 3394 nos,
1258 3329 1630 3386 licetnomina
1649 3337 1836 3385 nostra

209 3420 321 3473 sint
351 3419 538 3485 tacita,
585 3419 967 3493 designatione
1025 3428 1207 3474 tamen
1269 3418 1497 3474 effectus
1539 3420 1692 3474 velut
1722 3434 1832 3474 non

209 3511 517 3566 catholicos
541 3512 929 3582 reprehensos,
963 3519 1017 3566 et
1043 3511 1164 3566 sine
1188 3511 1548 3566 fraternitatis
1577 3519 1832 3582 respectu

210 3600 511 3669 despectos
533 3599 862 3670 reperimus.
898 3599 1146 3670 Capitula
1199 3615 1442 3671 quoque,
1475 3618 1595 3672 qua:
1623 3602 1694 3656 ob
1728 3618 1834 3658 no-

211 3698 318 3743 tam
348 3687 528 3754 vobis,
558 3700 611 3742 et
641 3687 783 3742 infra
805 3688 1263 3743 innotescendam
1310 3690 1717 3755 necessitatem,
1767 3707 1835 3746 ex

209 3776 608 3831 catholicorum
641 3776 859 3831 Patrum
909 3776 1170 3831 sensibus
1223 3785 1277 3832 et
1327 3778 1512 3834 verbis
1556 3779 1836 3850 excerpsi-

209 3886 353 3935 mus,
385 3869 536 3924 velut
568 3869 804 3934 inutilia,
847 3870 955 3923 imo
989 3869 1177 3934 noxia;
1211 3870 1432 3940 repulsa
1447 3879 1502 3926 et
1520 3871 1836 3926 abominata

208 3957 544 4012 invenimus.
588 3957 716 4022 Quae
773 3957 1036 4027 capitula,
1095 3957 1238 4013 sicut
1291 3975 1322 4012 a
1371 3957 1534 4013 nobis
1579 3968 1836 4030 excerpta

206 4056 358 4111 sunt,
418 4045 538 4101 suis
585 4045 811 4117 scriptis
865 4046 1113 4102 inserere
1168 4047 1486 4113 noluerunt,
1525 4063 1594 4102 ne
1626 4049 1694 4102 ab
1728 4048 1835 4103 illis

207 4139 548 4211 legerentur,
604 4139 662 4192 in
711 4154 948 4208 quorum
981 4155 1178 4193 manus
1204 4138 1424 4194 illorum
1465 4140 1705 4210 capitula
1735 4141 1834 4196 de-

209 4231 490 4295 venirent,
536 4231 632 4285 sed
691 4231 944 4302 quaedam
997 4231 1066 4286 de
1112 4230 1199 4285 his
1229 4248 1352 4302 quae
1408 4232 1463 4286 in
1516 4232 1774 4303 capitulis
1804 4250 1834 4288 a

208 4323 376 4378 nobis
405 4323 683 4392 exeerptis
732 4322 1032 4387 habentur,
1063 4322 1173 4377 alio
1218 4338 1388 4378 sensu
1413 4331 1467 4378 et
1510 4323 1631 4378 aliis
1652 4325 1837 4379 verbis

210 4415 539 4488 tetigerunt,
583 4423 643 4468 ut
668 4413 1046 4469 abominanda
1092 4414 1183 4468 illa
1234 4422 1608 4470 monstrarent
1643 4433 1656 4480 ;
1687 4432 1836 4486 quie-

1938 3247 2134 3295 terent.
2163 3242 2289 3304 Quae
2311 3239 2572 3294 videlicet
2615 3239 2939 3293 aemulorum
2986 3238 3273 3293 mendacia
3301 3257 3364 3293 ex
3403 3239 3556 3294 dele-

1935 3332 2157 3406 gatione
2189 3339 2393 3386 sanctae
2442 3330 2592 3383 sedis
2639 3330 2898 3384 Romanae
2930 3345 3030 3400 per
3056 3329 3413 3386 Caelestinum
3457 3349 3557 3402 pa-

1936 3439 2060 3493 pam
2107 3430 2326 3478 sanctus
2379 3421 2614 3491 Prosper
2660 3421 2931 3477 catholico
2971 3429 3025 3477 et
3088 3423 3347 3494 prudenti
3415 3425 3556 3495 stylo

1937 3514 2069 3568 falsa
2089 3527 2232 3578 esse,
2265 3520 2321 3565 et
2373 3509 2752 3580 imprudenter
2796 3509 3015 3579 objecta
3047 3512 3313 3578 ostendit,
3346 3520 3400 3568 et
3429 3529 3553 3568 me-

1935 3605 2130 3661 morati
2181 3621 2245 3659 ac
2284 3600 2625 3658 memorandi
2683 3600 2780 3654 viri
2849 3601 3152 3657 doctrinam
3196 3605 3554 3661 orthodoxam

1937 3710 2059 3749 esse
2089 3692 2426 3749 lucidissime
2450 3687 2870 3745 demonstravit.
2899 3690 3052 3746 Unde
3110 3700 3165 3747 et
3213 3692 3330 3748 fieri
3354 3701 3554 3763 potest,

1937 3786 2115 3841 utista
2145 3785 2404 3856 capitula,
2463 3800 2585 3856 quae
2615 3783 2775 3840 vobis
2831 3800 2896 3838 ex
2938 3783 3164 3838 nomine
3213 3784 3554 3840 cont‘ratrum

1938 3887 2248 3936 nostrorum
2289 3877 2359 3931 ab
2389 3876 2513 3931 aliis
2547 3893 2710 3948 quam
2762 3875 2830 3931 ab
2865 3875 2973 3929 illis
3014 3874 3217 3941 delata,
3249 3874 3334 3928 vel
3369 3881 3554 3928 trans-

1937 3972 2104 4026 missa
2141 3976 2289 4032 sunt,
2324 3969 2504 4023 taliter
2533 3967 2993 4043 insuggillatione
3021 3975 3206 4022 nostra
3238 3966 3552 4036 conscripta

1937 4075 2047 4116 non
2087 4058 2312 4125 fuerint,
2333 4058 2428 4112 sed
2457 4057 2754 4132 instigante
2777 4055 3160 4111 diabolointcr
3179 4066 3375 4110 caatera
3388 4057 3552 4122 mala,

1936 4169 2058 4224 qua:
2089 4167 2238 4205 nunc
2261 4151 2317 4204 in
2333 4151 2439 4205 hoc
2456 4150 2665 4204 mundo
2680 4148 3134 4214 crebrescunt,ad
3147 4147 3554 4202 immittendam

1937 4245 2082 4298 inter
2128 4242 2342 4297 Domini
2383 4241 2698 4296 sacerdotes
2750 4241 3083 4296 discordiam
3137 4241 3249 4295 sint
3277 4239 3550 4306 confecta,

1938 4335 2033 4406 qui
2075 4335 2400 4390 charitatem
2452 4334 2813 4390 vehementer
2861 4334 2915 4386 in
2939 4332 3100 4388 nobis
3127 4333 3356 4386 ettimet
3386 4339 3446 4386 et
3470 4333 3555 4386 in-

1938 4425 2258 4491 videt,cum
2310 4423 2460 4477 videt
2510 4423 2659 4477 illam
2717 4438 2746 4475 a
2799 4421 2960 4476 nobis
2995 4421 3202 4475 servari
3235 4419 3557 4475 hominibus

206 4507 337 4561 dam
369 4515 556 4561 δυῑθῐη
580 4515 1026 4576 suppresserunt,
1060 4513 1113 4560 et
1134 4505 1318 4560 ίδῙίῐθΓ
1349 4506 1480 4561 inde
1511 4507 1832 4561 memoriam
1859 4539 1914 4606 Π
1939 4517 2175 4573 terrenis
2205 4517 2260 4570 in
2289 4523 2452 4580 terra,
2485 4531 2649 4586 quam
2682 4513 2776 4568 ille
2802 4529 3020 4567 servare
3047 4513 3244 4567 nolens
3273 4513 3556 4585 angelicus

209 4598 549 4664 habuerunt,
594 4597 752 4669 quasi
806 4613 908 4652 nos
991 4609 1181 4655 contra
1239 4609 1554 4657 sanctorum
1613 4602 1833 4656 Patrum

207 4707 372 4745 sensa
423 4690 479 4744 in
549 4688 730 4743 Africa
775 4699 831 4744 et
882 4691 1141 4747 Arausica
1200 4693 1413 4764 synodo
1474 4693 1832 4747 senserimus.

209 4780 282 4833 De
306 4777 548 4850 quodam
577 4783 760 4831 autem
789 4779 1050 4849 capitulo,
1111 4780 1165 4834 id
1196 4787 1300 4845 est,
1329 4782 1479 4852 quod
1509 4797 1703 4837 omnes
1734 4783 1837 4837 ho-

207 4867 393 4921 mines
424 4866 543 4921 vult
575 4865 719 4921 Deus
747 4867 928 4922 salvos
974 4865 1094 4922 ﬁeri
1145 4871 1195 4935 (ι
1223 4872 1362 4935 Tim,
1393 4871 1548 4939 11,4),
1573 4870 1702 4926 licet
1721 4887 1834 4926 non

209 4971 406 5010 omnes
435 4954 740 5020 salventur,
773 4953 1026 5011 funditus
1075 4964 1387 5024 tacuerunt,
1417 4960 1558 5014 sicut
1588 4969 1834 5030 postmo-

211 5048 343 5101 dum
371 5045 690 5121 signantius
743 5047 1270 5116 demonstrabimus,
1299 5067 1423 5106 cum
1455 5051 1721 5107 Dominus
1747 5053 1836 5107 di-

210 5146 297 5192 cat
327 5140 496 5192 :Ecce
527 5139 788 5192 constitui
827 5143 876 5192 te
904 5154 1066 5209 super
1091 5144 1269 5206 gentes
1290 5146 1539 5210 etregna,
1570 5147 1629 5198 ut
1644 5145 1838 5200 evellas

209 5241 257 5288 et
285 5235 564 5300 destruas,
622 5234 934 5303 disperdas,
1000 5241 1049 5291 et
1087 5237 1339 5308 dissipes,
1398 5244 1448 5293 et
1499 5242 1746 5310 aediﬁces,
1788 5247 1837 5296 et

200 5328 581 5395 plantes(Jer.
634 5343 671 5391 1,
707 5326 810 5395 10).
846 5327 1003 5382 Prius
1049 5329 1220 5397 enim,
1272 5330 1318 5384 si
1368 5331 1436 5386 de
1495 5332 1838 5386 conscientia

205 5427 368 5472 rectae
391 5416 785 5491 intelligentiae
838 5417 990 5474 fuere
1022 5420 1240 5484 confisi,
1294 5430 1566 5492 ponentes
1595 5438 1682 5491 ea,
1716 5439 1839 5495 quae

202 5509 496 5563 destruere
528 5507 875 5575 nitebantur,
932 5511 1076 5567 sicut
1108 5512 1200 5566 illa
1246 5529 1371 5568 cum
1403 5514 1717 5588 integritate
1743 5531 1842 5569 sua

202 5608 562 5672 acceperant,
594 5599 653 5654 in
686 5601 892 5672 quibus
921 5603 1213 5660 evellenda
1230 5614 1286 5661 et
1316 5607 1638 5678 dissipanda
1660 5617 1837 5676 erant,

201 5692 527 5766 legentibus
575 5693 982 5761 demonstrare,
1039 5703 1094 5750 ct
1155 5704 1286 5753 tunc
1336 5699 1427 5754 illa
1457 5701 1841 5756 auctoritatem

207 5782 508 5838 destructis
567 5789 740 5852 atque
797 5782 1068 5854 dispersis
1109 5799 1252 5851 ;sua
1317 5788 1738 5855 rationabiliter,
1791 5798 1844 5845 et.

1939 4611 2164 4681 spiritus
2186 4609 2368 4664 amisit
2415 4608 2470 4662 in
2520 4607 2680 4662 caalo.
2712 4607 2998 4670 Quomodo
3016 4605 3165 4660 enim
3196 4604 3311 4659 fieri
3347 4613 3552 4675 posset,

1936 4706 1995 4752 ut
2025 4699 2106 4752 sic
2132 4697 2325 4751 fratres
2356 4695 2531 4751 nostri
2587 4711 2692 4750 nos
2735 4694 3091 4749 succensorie
3121 4709 3243 4748 cum
3273 4693 3554 4748 annihila-

1939 4787 2102 4842 tionis
2125 4787 2387 4856 despectu
2418 4785 2753 4853 judicarent,
2783 4783 2876 4854 qui
2911 4784 3154 4854 regulam
3190 4782 3551 4846 Dominicam,

1937 4875 2175 4946 qualiter
2239 4873 2571 4928 confratrem
2655 4872 2892 4943 quisque
2986 4871 3284 4924 admouere
3353 4869 3556 4923 debeat

1942 4968 2149 5036 (Matth.
2187 4983 2342 5031 xvm,
2373 4967 2487 5034 33),
2546 4966 2809 5020 continue
2850 4981 2960 5034 pra)
3015 4963 3189 5018 oculis
3237 4973 3292 5016 et
3343 4963 3399 5016 in
3451 4978 3553 5016 usu

1939 5059 2186 5131 quotidie
2219 5057 2460 5112 habeant
2489 5057 2517 5111 ?
2555 5057 2828 5127 Scriptum
2861 5055 3005 5110 enim
3039 5071 3160 5109 esse
3191 5061 3553 5128 cognoscunt:

1937 5150 2268 5217 Priusquam
2324 5149 2638 5214 interroges,
2684 5162 2752 5200 ne
2801 5148 3068 5214 vituperes
3135 5160 3478 5214 quemquam,
3509 5149 3556 5199 et

1935 5255 2054 5293 cum
2075 5241 2510 5305 interrogaveris,
2538 5239 2746 5306 corripe
2776 5237 2924 5306 justo
2945 5237 3142 5306 (Eccli.
3184 5252 3261 5302 χι,
3294 5237 3368 5304 7).

2012 5351 2037 5376 «
2072 5329 2303 5382 Sanctus
2344 5327 2490 5382 enim
2549 5325 2887 5400 Augustinus
2945 5326 3328 5381 haereticorum
3377 5333 3554 5380 etre-

1941 5421 2340 5491 prehensorum
2373 5434 2596 5474 suorum
2619 5419 2843 5489 scripta,
2875 5419 2920 5472 si
2950 5419 3003 5472 in
3027 5418 3110 5472 eis
3126 5418 3389 5489 quiddam
3415 5418 3556 5474 bene

1942 5512 2147 5566 dictum
2179 5510 2407 5578 invenit,
2441 5509 2838 5584 benignissime
2867 5511 3192 5581 aceeptavit,
3226 5520 3282 5565 et
3305 5511 3460 5582 plura
3491 5511 3558 5564 ad

1946 5611 2124 5658 rectos
2156 5618 2353 5657 sensus
2405 5601 2752 5672 interpretari
2808 5602 3131 5668 elaboravit,
3185 5603 3332 5658 nulla
3376 5611 3556 5657 autem

1946 5701 2013 5752 de
2047 5703 2195 5752 recto
2254 5711 2422 5750 sensu
2476 5697 2544 5749 ad
2605 5711 2831 5766 pravum
2893 5695 3160 5750 inclinare
3218 5695 3463 5751 tentavit.
3499 5693 3562 5745 Et

1947 5790 2224 5860 quomodo
2256 5788 2447 5844 fratres
2477 5788 2649 5844 nostri
2678 5787 2807 5843 talia
2846 5794 3095 5861 agerent,
3128 5797 3422 5858 antequam
3458 5798 3557 5837 nos
