3912 6466
325 479 429 538 183

1439 471 1808 529 FLODOARDI
1887 472 2192 529 CANONICI
2235 472 2584 529 REMENSIS.

3573 478 3683 532 184

323 606 635 671 secundum
657 610 1038 685 evangelieam
1089 610 1358 683 regulam,
1390 609 1477 663 vel
1534 610 1657 664 viva
1684 625 1840 672 voce,
1874 610 1960 664 vel
1991 614 2182 680 Aoum
2211 610 2331 681 ipse
2379 609 2504 680 plus
2560 608 2681 663 aliis
2734 607 3083 673 laboraverit,
3115 609 3257 665 sicut
3306 609 3361 664 in
3425 610 3683 682 epistolis

328 705 553 778 scriptis
609 704 725 760 suis
783 704 911 759 inde
957 703 1385 775 interrogarent,
1443 710 1505 755 ut
1570 701 1656 756 vel
1714 702 1962 757 volentes

331 798 551 854 discere
620 796 907 862 docerent,
962 794 1049 848 vel
1105 808 1332 863 pravum
1391 791 1718 859 sentientes,
1781 800 1838 847 et
1892 794 1961 848 ad

333 886 610 943 tramitem
650 883 900 939 veritatis
955 888 1012 936 ct
1089 879 1220 935 ﬁdei
1281 879 1463 935 redire
1518 887 1961 952 contemnentes,

336 978 571 1033 fraterne
631 981 688 1030 et
743 974 949 1045 saepius
1001 978 1443 1037 commonerent,
1505 981 1560 1027 et
1608 974 1961 1029 auctoritates

335 1066 552 1121 divinas
586 1064 704 1134 (aL,
752 1060 1094 1117 auctoritatis
1155 1060 1375 1131 divinae]
1428 1069 1483 1116 et
1510 1069 1825 1117 sanctorum
1858 1062 1962 1117 Pa-

337 1166 478 1211 trum
518 1153 724 1223 scripta
775 1150 937 1206 nobis
1001 1157 1400 1220 pr0ponerent,
1461 1160 1517 1206 et
1564 1158 1625 1206 ut
1684 1151 1737 1205 in
1790 1166 1959 1207 unum

337 1245 765 1303 conveniremus
811 1258 911 1298 nos
970 1257 1095 1296 cum
1147 1241 1576 1297 mansuetudine
1633 1250 1689 1298 et
1732 1242 1958 1300 lenitate

340 1335 652 1398 invitarent,
684 1330 928 1387 scientes
954 1329 1088 1401 quia
1107 1329 1407 1400 episcopus
1445 1329 1571 1384 ideo
1598 1330 1665 1385 ad
1688 1331 1959 1401 synodum

337 1421 795 1480 consacerdotum
824 1417 995 1474 debet
1047 1417 1259 1484 venire,
1298 1427 1359 1473 ut
1386 1426 1480 1473 aut
1509 1418 1703 1486 discat,
1734 1427 1829 1474 aut
1859 1422 1963 1476 do-

339 1520 463 1568 ceat
495 1510 523 1563 ?
544 1510 775 1564 Litteras
820 1522 1060 1579 namque
1113 1507 1485 1578 quorumdam
1516 1523 1706 1563 eorum
1738 1508 1963 1579 quidam

340 1606 652 1655 nostrorum
698 1596 1032 1669 benignitas,
1061 1604 1117 1651 et
1146 1595 1416 1651 fraternas
1461 1597 1830 1667 suscepimus,
1856 1612 1962 1652 no-

340 1700 594 1762 strasque
623 1689 732 1744 illis
758 1688 1089 1754 remisimus,
1123 1695 1179 1743 et
1209 1688 1346 1743 nihil
1378 1689 1486 1744 tale
1516 1688 1587 1744 de
1603 1704 1793 1745 eorum
1813 1698 1964 1760 parte

343 1778 749 1851 perspeximus,
806 1777 1138 1844 audivimus,
1210 1776 1606 1845 intelleximus,
1664 1779 1963 1849 sensimus,

343 1872 429 1927 vel
460 1869 748 1941 percipere
789 1868 1197 1939 pnevaluimus.
1251 1868 1307 1924 Si
1337 1876 1521 1925 autem
1563 1868 1696 1925 talia
1725 1870 1966 1941 scripse-

2062 699 2132 754 ad
2153 707 2407 754 sanctum
2440 697 2826 753 Innocentium
2878 714 3074 769 papam
3100 698 3339 770 scriptis,
3368 706 3424 755 et
3442 700 3510 754 ad
3541 701 3681 756 alios

2061 789 2379 860 apostolicae
2432 787 2582 842 sedis
2625 786 2892 858 praesules
2950 788 3202 853 (Aucusr.
3251 792 3402 857 epist.
3447 790 3535 853 90,
3584 790 3679 854 92,

2060 880 2176 948 95),
2202 880 2299 951 qui
2357 880 2545 954 legere
2591 878 2848 944 voluerit,
2900 879 3149 934 invenire
3185 879 3411 936 valebit.
3467 881 3579 936 Nec
3610 881 3683 935 de

2060 975 2176 1030 ullo
2208 975 2595 1046 episcOporum
2643 974 2700 1029 in
2742 974 2871 1030 ullis
2916 974 3168 1030 conciliis
3212 975 3374 1030 aliter
3420 976 3682 1049 legimus,

2061 1065 2167 1121 nisi
2221 1065 2358 1121 forte
2432 1066 2750 1137 apostolicae
2819 1065 3013 1121 litterae
3082 1074 3306 1136 propter
3362 1066 3681 1121 evidentem

2061 1169 2285 1209 causam
2316 1154 2557 1226 aliquem
2617 1154 3076 1225 coepiscoporum
3111 1153 3179 1207 ad
3236 1155 3341 1209 hoc
3392 1155 3681 1228 negotium

2060 1259 2187 1298 cum
2245 1243 2664 1315 archiepiscOpo
2714 1258 2814 1298 suo
2862 1258 2928 1297 ex
2989 1242 3214 1297 nomine
3258 1242 3536 1317 designari
3579 1244 3685 1297 de-

2061 1335 2359 1402 creverint,
2410 1334 2555 1391 sicut
2601 1335 2672 1390 de
2749 1334 3224 1407 Augustidunensi
3302 1334 3565 1405 episcopo
3625 1334 3681 1388 in

2066 1427 2317 1498 epistolis
2358 1427 2507 1484 beati
2554 1426 2804 1501 Gregorii
2844 1426 3101 1501 legimus.
3135 1426 3349 1490 Quanto
3375 1427 3550 1501 magis
3579 1426 3684 1481 iste

2067 1517 2380 1593 religiosus,
2432 1525 2488 1573 et
2534 1518 2617 1573 vir
2659 1524 2854 1573 cautus
2907 1517 2963 1571 in
3033 1515 3348 1585 hujusmodi
3386 1532 3446 1571 se
3489 1516 3686 1587 eﬂerre

2066 1607 2356 1676 noluisset,
2415 1616 2513 1663 aut
2564 1607 2812 1679 praeferri
2851 1607 3147 1678 despectis,
3212 1621 3277 1661 ac
3305 1604 3689 1677 praetermissis

2066 1699 2280 1754 caeteris
2305 1699 2671 1770 coepiscopis,
2716 1699 3057 1770 permisisset
3095 1697 3124 1750 ?
3155 1697 3268 1753 Hoc
3296 1696 3532 1767 accedit,
3554 1694 3688 1768 quia

2067 1792 2258 1849 fratres
2317 1794 2506 1862 nostri,
2579 1803 2635 1850 et
2689 1793 3111 1851 consacerdotes
3175 1793 3345 1849 surda
3403 1808 3533 1848 aure
3574 1807 3687 1847 non

2069 1887 2392 1942 debuissent
2447 1886 2683 1941 transire
2740 1886 3052 1942 Salomonis
3118 1885 3328 1939 dictum
3381 1882 3691 1939 commoni-

345 1974 499 2033 runt,
520 1966 566 2020 si
614 1964 752 2021 forte
782 1964 860 2020 illi
920 1964 1280 2036 scripserunt,
1348 1972 1406 2020 ut
1443 1981 1599 2021 suam
1635 1965 1966 2035 sapientiam
1996 1929 2225 2049 Btoris’
2257 1981 2302 2035 si
2343 1998 2408 2037 ex
2434 1982 2615 2049 nobis,
2654 1990 2748 2037 aut
2791 1982 3007 2050 auditu,
3055 1981 3374 2051 θυιεοι-ίριο
3423 1976 3691 2050 quiddam

345 2055 418 2109 de
444 2062 629 2110 nostra
682 2052 1001 2124 insipientia
1029 2053 1496 2120 demonstrarent,
1528 2061 1585 2108 et
1633 2054 1758 2125 plus
1786 2053 1857 2108 de
1880 2053 1965 2123 ja-

345 2144 551 2200 ctantia
575 2142 757 2199 laudis
784 2142 1092 2214 appetitum
1125 2149 1437 2213 quaererent
1466 2158 1633 2214 quam
1665 2141 1814 2197 bona
1867 2156 1968 2198 no-

346 2245 477 2303 stra,
500 2236 710 2292 etbene
740 2252 771 2290 a
792 2234 954 2291 nobis
973 2234 1143 2300 dicta,
1175 2235 1222 2291 si
1267 2234 1473 2303 forent,
1508 2251 1608 2306 per
1646 2235 1971 2291 charitatem

349 2341 452 2383 sua
506 2325 775 2391 facerent,
833 2323 882 2378 si
939 2323 1107 2379 etiam
1139 2340 1301 2379 secus
1357 2341 1389 2379 a
1420 2325 1581 2380 nobis
1632 2324 1780 2380 dicta
1810 2324 1972 2381 inve-

352 2426 576 2483 nerunt,
598 2417 723 2488 plus
769 2416 866 2471 illa
904 2415 1185 2486 publicare
1212 2432 1379 2487 quam
1432 2431 1534 2472 nos
1580 2415 1819 2472 fraterne
1847 2432 1975 2472 cor-

353 2511 532 2584 rigere
580 2508 912 2563 maluerunt.
986 2508 1245 2564 Miramur
1321 2510 1389 2564 de
1444 2509 1611 2565 tantis
1660 2518 1718 2587 et
1773 2509 1978 2567 talibus

354 2604 508 2670 viris,
557 2601 1011 2673 archiepiscopis,
1067 2608 1123 2657 et
1175 2602 1562 2674 episcoporum
1622 2605 1977 2675 primoribus,

357 2695 591 2750 maxime
638 2699 824 2749 autem
855 2692 928 2748 de
982 2692 1175 2749 Ebone
1234 2693 1368 2762 (’Ebo
1410 2696 1610 2751 Ebonis
1643 2697 1787 2752 Rem.
1822 2700 1974 2753 arch.

355 2786 558 2853 nepos),
613 2782 708 2853 qui
762 2781 1061 2852 religiosus
1110 2788 1214 2847 est,
1255 2790 1318 2837 ut
1370 2783 1706 2852 audivimus,
1770 2786 1981 2857 quippe

355 2872 498 2927 sicut
524 2872 594 2925 ab
616 2869 750 2941 ipsis
770 2884 914 2939 pene
945 2869 1239 2924 cunabulis
1265 2870 1371 2925 sub
1404 2870 1673 2944 religione
1704 2882 1763 2928 et
1787 2874 1979 2930 habitu

358 2962 596 3036 regulari
618 2961 860 3017 nutritus
890 2961 945 3014 in
980 2961 1268 3015 Remensis
1316 2962 1573 3039 Ecclesim
1625 2966 1979 3033 monasterio,

357 3050 456 3107 ubi
496 3050 791 3122 requiescit
837 3055 1064 3105 sanctus
1095 3050 1393 3124 Remigius.
1450 3052 1509 3105 ln
1538 3068 1648 3124 quo
1705 3054 1826 3109 loco
1853 3055 1984 3110 reli-

358 3146 514 3219 gioso
567 3159 722 3198 suam
780 3144 963 3218 exegit
1034 3149 1281 3209 aetatem,
1337 3160 1631 3216 quousque
1692 3162 1723 3201 a
1779 3146 1985 3205 domno

2067 2069 2275 2125 sinistri
2331 2079 2544 2126 secreto
2606 2070 2970 2142 accepissent,
3032 2078 3093 2125 ut
3138 2082 3489 2140 prmpropere
3551 2065 3691 2121 illud

2072 2160 2129 2214 in
2149 2159 2433 2231 publicum
2455 2175 2790 2232 quacunque
2806 2159 3111 2215 mobilitate
3143 2167 3329 2214 nostra
3352 2158 3486 2212 moti
3519 2156 3694 2227 (unde

2076 2267 2187 2308 non
2229 2268 2422 2308 sumus
2471 2252 2701 2319 conscii)
2733 2254 2803 2307 ad
2829 2252 3217 2308 contentiones
3252 2257 3307 2305 et
3341 2248 3524 2323 jurgia
3556 2263 3695 2319 pro-

2076 2343 2347 2414 palarent.
2425 2344 2510 2399 Ait
2557 2343 2705 2398 enim
2740 2360 2753 2397 :
2787 2343 2914 2410 Quae
2968 2342 3224 2397 viderunt
3282 2339 3427 2395 oculi
3475 2341 3580 2408 tui,
3636 2354 3707 2394 ne

2070 2437 2323 2505 proferas
2377 2439 2436 2490 in
2492 2436 2680 2505 jurgio
2729 2438 2854 2503 cito,
2911 2450 2977 2489 ne
3018 2439 3209 2505 postea
3266 2432 3552 2487 emendare
3594 2446 3707 2485 non

2074 2527 2274 2594 possis,
2306 2540 2424 2579 cum
2454 2525 2889 2579 dehonestaveris
2921 2525 3158 2578 amicum
3184 2527 3338 2576 tuum
3366 2524 3545 2587 (Prov.
3579 2536 3706 2583 xxv,

2079 2616 2152 2684 8).
2215 2616 2430 2671 Scimus
2496 2620 2681 2671 tamen
2725 2616 2858 2687 quia
2895 2621 3024 2670 sunt
3096 2613 3374 2679 nonnulli,
3424 2613 3521 2685 qui
3571 2612 3709 2667 dum

2081 2708 2208 2779 plus
2259 2724 2455 2779 sapere
2521 2724 2688 2780 quam
2742 2714 2964 2779 oportet
3021 2723 3219 2779 sapere
3279 2707 3506 2762 student
3535 2708 3710 2768 (Rom.

2082 2813 2179 2864 xu,
2208 2797 2281 2864 3),
2315 2813 2346 2852 a
2376 2798 2754 2869 proximorum
2810 2814 2947 2869 pace
3005 2797 3285 2863 resiliunt,
3328 2796 3458 2851 dum
3480 2810 3578 2850 eos
3605 2811 3708 2849 ve-

2083 2885 2165 2941 lut
2186 2885 2437 2951 hebetes,
2478 2886 2789 2957 stultosque
2848 2894 3235 2943 contemnunt.
3293 2888 3449 2944 Unde
3506 2902 3605 2958 per
3642 2901 3704 2940 se

2083 2973 2298 3029 Veritas
2343 2974 2625 3041 admonet,
2673 2975 2915 3030 dicens:
2950 2978 3151 3032 Habete
3210 2980 3268 3032 in
3326 2979 3476 3032 vobis
3519 2976 3622 3037 sal,
3656 2980 3711 3029 et

2079 3078 2269 3133 pacem
2299 3065 2484 3119 habete
2512 3066 2653 3119 inter
2709 3080 2802 3120 vos
2854 3066 3044 3132 (Marc.
3096 3082 3169 3132 ix,
3201 3065 3310 3135 49),
3363 3070 3423 3120 ut
3453 3061 3709 3137 quisquis

2089 3156 2295 3212 habere
2315 3158 2394 3211 sal
2425 3157 2711 3228 sapientiae
2754 3158 2958 3221 studet,
2993 3166 3150 3213 curet
3170 3173 3400 3213 necesse
3432 3168 3534 3222 est,
3564 3172 3706 3228 qua-

362 3235 548 3290 Ebonc
569 3232 842 3289 avunculo
869 3248 994 3299 suo,
1036 3242 1165 3288 tunc
1197 3232 1492 3288 Remorum
1542 3235 1982 3307 archiepiscopo.
2018 3254 2248 3345 etenus
2276 3264 2308 3301 ει
2337 3264 2472 3318 pace
2530 3246 2842 3304 concordia;
2898 3260 3187 3319 nunquam
3258 3247 3497 3302 recedat,
3554 3245 3710 3300 Unde

362 3323 566 3345 _'L:.I-__
635 3321 895 3345 J2---_.-_
957 3331 1304 3345 -A---‘_-a---
1388 3330 1436 3345 ,Α
1480 3323 1646 3345 ,1.1.--
1680 3326 1945 3345 _._-_-_L-
2096 3343 2101 3345 _
2204 3335 2238 3345 .-
2268 3336 2319 3345 ..ι
2459 3336 2491 3345 ,ι
2571 3337 2584 3345 .
2762 3337 2775 3345 .
3045 3336 3079 3345 ..
3295 3340 3328 3345 _
3662 3339 3673 3345 -

362 3323 570 3378 ibidem
632 3321 900 3378 diaconus
954 3331 1328 3382 consecratus.
1385 3330 1441 3377 et
1478 3323 1648 3378 abbas
1680 3326 1985 3382 monacho-

366 3429 483 3467 rum
515 3411 582 3467 ad
637 3411 941 3486 regularem
1000 3411 1252 3467 ordinem
1312 3412 1614 3467 tenendum
1674 3420 1730 3468 et
1780 3415 1986 3487 guber-

367 3500 1019 3557 nandumconstitutione
1032 3499 1336 3571 episcopali
1359 3506 1443 3555 est
1459 3500 1745 3556 ordinatus
1764 3520 1778 3567 ;
1797 3518 1987 3574 quem-

367 3607 479 3663 que
535 3590 609 3645 ita
662 3589 993 3645 humilitatis
1023 3597 1214 3644 tenore
1247 3581 1534 3655 nutritum,
1574 3598 1629 3644 et
1659 3590 1988 3647 humilitatis

367 3681 549 3737 locum
579 3686 864 3751 appetere,
918 3685 974 3734 et
1029 3686 1223 3733 tenere
1280 3676 1423 3732 velle
1481 3677 1736 3746 dicimus,
1792 3688 1852 3735 ut
1910 3680 1989 3736 illi

370 3778 427 3825 et
486 3770 749 3824 omnibus
796 3768 1063 3839 scriptum
1127 3775 1211 3822 est
1239 3784 1251 3820 :
1280 3767 1341 3823 Si
1396 3769 1626 3836 spiritus
1673 3774 1986 3838 potestatem

369 3862 615 3917 habentis
634 3862 936 3916 ascenderit
983 3876 1143 3929 super
1190 3864 1257 3923 te,
1323 3862 1493 3916 locum
1541 3864 1696 3916 tuum
1723 3879 1787 3916 ne
1811 3863 1983 3918 dimi-

369 3954 504 4007 seris
553 3951 741 4019 (Eccle.
792 3967 848 4020 χ,
895 3948 970 4018 2).
1030 3950 1272 4019 Spiritus
1329 3949 1478 4004 enim
1537 3954 1849 4017 potestatem
1887 3952 1989 4007 ha-

372 4047 541 4100 bentis
596 4044 821 4116 spiritus
873 4050 958 4099 est
1003 4043 1308 4114 superbiae,
1366 4044 1519 4100 locus
1566 4051 1750 4100 autem
1805 4054 1989 4102 noster

371 4137 655 4193 humilitas
702 4144 807 4203 est,
866 4152 1087 4208 quama
1125 4151 1185 4192 se
1241 4151 1369 4192 vere
1424 4136 1579 4193 locus
1635 4138 1902 4207 munitus,
1933 4145 1989 4194 et

372 4231 539 4286 turris
586 4229 928 4287 fortitudinis
976 4244 1079 4284 nos
1134 4229 1550 4297 discerejubet.
1594 4232 1793 4286 Discite
1821 4247 1856 4285 a
1884 4248 1986 4299 me,

371 4322 650 4394 inquiens,
699 4324 833 4393 quia
858 4323 1009 4378 mitis
1062 4336 1203 4388 sum,
1243 4326 1295 4376 et
1323 4322 1545 4377 humilis
1586 4323 1742 4377 corde
1773 4324 1985 4391 (Matth.

373 4428 447 4477 xi,
488 4411 595 4481 29).
652 4412 935 4482 Quamque
982 4424 1084 4480 pro
1140 4408 1264 4465 loco
1321 4416 1439 4465 tuto
1493 4416 1685 4466 contra
1734 4412 1991 4468 elationis

373 4519 437 4558 ac
468 4503 748 4571 jactantize
799 4501 1051 4574 spiritum
1102 4500 1388 4572 praefatum
1443 4501 1763 4576 religiosum
1814 4504 1991 4559 virum

373 4595 578 4651 obnixe
609 4604 803 4651 tenere
855 4593 997 4650 velle
1048 4593 1379 4659 audivimus,
1409 4603 1463 4650 et
1514 4610 1613 4666 pro
1665 4602 1817 4652 certo
1870 4612 1991 4653 cre-

374 4684 575 4751 dimus,
609 4693 665 4740 et
710 4683 916 4739 idcirco
966 4682 1335 4739 discredimus
1380 4684 1482 4740 ista
1533 4684 1776 4755 capitula
1826 4684 1894 4739 ab
1922 4700 1989 4742 eo

375 4779 646 4841 confecta,
710 4774 843 4847 quia
881 4773 1265 4844 praetermissis
1334 4773 1569 4830 aliorum
1623 4775 1991 4831 consacerdo-

377 4880 490 4928 tum
520 4868 863 4936 nominibus,
904 4866 1080 4941 solius
1131 4865 1337 4921 Ebonis
1389 4880 1590 4921 nomen
1639 4882 1764 4921 cum
1813 4866 1994 4921 archi-

375 4964 654 5036 episcopis
707 4972 791 5017 est
836 4961 1043 5016 ibidem
1096 4960 1383 5029 iactanter,
1444 4968 1504 5015 ut
1548 4960 1879 5031 quibusdam
1910 4961 1994 5015 vi-

376 5061 557 5125 detur,
607 5072 950 5128 expressum.
1010 5055 1072 5109 Et
1102 5054 1251 5126 quod
1303 5070 1467 5126 quam
1526 5054 1765 5110 maxime
1803 5055 1858 5109 in
1888 5056 1994 5111 hoc

378 5151 497 5221 ipse
541 5146 985 5212 eollaboraverit,
1042 5146 1200 5216 quasi
1247 5160 1277 5200 e
1351 5145 1576 5219 regione
1622 5145 1693 5200 sit
1745 5161 1990 5213 sensum,

378 5249 439 5294 ut
484 5240 652 5294 etiam
696 5253 821 5294 cum
892 5234 1328 5307 archiepiscopis
1395 5235 1568 5304 major
1641 5236 1875 5301 cazteris,
1940 5245 1995 5292 et

381 5331 593 5387 doctior
620 5329 677 5383 in
708 5329 986 5384 sententia
1002 5327 1188 5384 fuerit.

456 5440 477 5468 ι
524 5420 637 5474 lloe
664 5417 814 5474 enim
869 5418 937 5472 de
992 5423 1186 5473 sancto
1238 5416 1567 5489 Augustino,
1601 5416 1695 5488 qui
1754 5416 1809 5470 in
1858 5432 1996 5472 con-

377 5509 518 5565 ciliis
562 5508 828 5564 Africanis
876 5509 1144 5579 scientia,
1203 5519 1259 5564 et
1316 5508 1544 5576 labore,
1608 5524 1673 5564 ac
1715 5508 1997 5581 vigilantia

381 5601 557 5670 major
576 5601 808 5666 exstitit,
842 5617 1194 5672 nequaquam
1244 5601 1576 5657 invenimus.
1632 5601 1762 5655 Nam
1796 5608 1852 5656 et
1880 5601 1998 5672 ipse

378 5697 600 5747 sanctus
653 5690 990 5763 Augustinus
1040 5704 1149 5744 non
1207 5691 1384 5746 solum
1429 5706 1489 5745 se
1550 5690 1764 5745 caeteris
1809 5690 1998 5761 coepi-

376 5787 581 5857 scopis,
634 5785 898 5856 privatam
950 5784 1178 5855 gloriam
1230 5799 1506 5856 quterens,
1558 5800 1669 5841 non
1728 5784 1990 5856 praetulit,

373 5892 478 5933 nec
525 5872 773 5947 praaferri
819 5870 1072 5945 permisit
1119 5889 1134 5936 ;
1194 5888 1385 5930 verum
1434 5889 1495 5929 se
1519 5873 1642 5929 aliis
1679 5873 1994 5944 supposuit,

2089 3335 2412 3392 terribiliter
2457 3336 2659 3393 Paulus
2711 3337 2995 3405 admonet,
3025 3336 3255 3391 dicens:
3292 3340 3481 3392 Pacem
3520 3339 3708 3408 sequi-

2085 3428 2226 3480 mini
2249 3439 2368 3481 cum
2393 3426 2662 3493 omnibus,
2703 3431 2752 3481 et
2799 3427 3237 3493 sanctimoniam,
3283 3428 3399 3480 sine
3426 3442 3537 3497 qua
3558 3441 3713 3481 nemo

2086 3515 2290 3569 videbit
2326 3517 2488 3570 Deum
2538 3515 2717 3585 (Hebr.
2770 3531 2869 3580 xii,
2897 3515 3012 3583 14).
3067 3514 3355 3586 Praecipue
3385 3522 3570 3570 autem
3602 3529 3710 3570 nos

2087 3622 2208 3663 eam
2237 3623 2461 3663 servare
2519 3615 2577 3662 et
2614 3606 2898 3680 persequi,
2966 3607 3021 3662 id
3075 3616 3181 3675 est,
3241 3607 3485 3679 perfecte
3541 3606 3703 3680 sequi

2087 3695 2378 3764 debemus,
2411 3696 2507 3768 qui
2565 3696 2676 3752 Deo
2737 3696 2989 3768 quotidie
3036 3694 3351 3751 sacrificare
3408 3696 3703 3763 debemus,

2087 3794 2143 3842 et
2181 3787 2420 3843 Veritate
2462 3794 2810 3843 contestante
2860 3786 3181 3858 specialiter
3241 3789 3397 3861 quasi
3452 3787 3711 3860 praecipi-

2087 3892 2228 3941 mur,
2295 3886 2354 3930 ut
2398 3876 2445 3931 si
2476 3875 2772 3932 offeramus
2820 3892 3027 3932 munus
3069 3884 3317 3930 nostrum
3379 3876 3449 3931 ad
3506 3877 3701 3943 altare,

2087 3972 2142 4021 et
2169 3964 2247 4018 ibi
2269 3964 2541 4021 recordati
2590 3964 2859 4020 fuerimus
2899 3964 3031 4037 quia
3079 3964 3244 4018 frater
3292 3971 3483 4020 noster
3537 3965 3708 4021 habet

2087 4053 2297 4124 aliquid
2334 4052 2627 4108 adversum
2659 4068 2779 4119 nos,
2836 4053 3216 4124 relinquamus
3264 4052 3343 4107 ibi
3374 4068 3575 4107 munus
3605 4068 3713 4109 no-

2086 4149 2260 4197 strum
2290 4150 2417 4198 ante
2450 4141 2651 4209 altare,
2686 4150 2742 4197 et
2762 4158 2953 4198 eamus
2981 4143 3136 4214 prius
3178 4141 3524 4198 reconciliari
3558 4144 3710 4203 fratri

2089 4241 2301 4298 nostro,
2333 4240 2388 4287 et
2413 4240 2547 4287 tunc
2568 4232 2853 4288 venientes
2901 4231 3198 4288 offeramus
3217 4247 3419 4286 munus
3463 4239 3711 4286 nostrum

2089 4322 2307 4391 (Matth.
2340 4339 2393 4387 v,
2422 4321 2514 4390 23,
2537 4322 2650 4393 24).
2681 4322 2821 4377 Ecce
2842 4321 3042 4376 ductor
3070 4328 3126 4375 et
3146 4319 3341 4376 doctor
3363 4330 3551 4376 noster
3578 4319 3715 4375 adi-

2089 4409 2482 4466 scordantibus
2511 4425 2625 4466 non
2654 4411 2772 4466 vult
2799 4410 3057 4482 accipere
3077 4407 3708 4478 saeriticium,holocau-

2091 4507 2236 4554 stum
2268 4499 2554 4569 suscipere
2586 4506 2822 4555 recusat.
2847 4499 2943 4554 Hic
2964 4513 3096 4572 ergo
3114 4497 3577 4571 perpendendum
3604 4504 3707 4565 est,

2094 4599 2363 4663 quantum
2394 4591 2465 4646 sit
2494 4592 2698 4646 malum
2741 4589 3454 4662 discordiaa,propterquod
3484 4595 3540 4644 et
3570 4588 3708 4644 illud

2017 4649 2070 4716 θ
2095 4649 2208 4736 non
2240 4680 2571 4747 admittitur,
2602 4697 2702 4751 per
2720 4682 2872 4754 quod
2889 4649 3055 4752 culpa
3063 4649 3295 4736 laxatur.
3310 4649 3431 4736 lion
3447 4679 3598 4734 enim
3610 4694 3712 4734 nos

2095 4772 2360 4827 adversus
2389 4772 2589 4827 fratres
2612 4782 2832 4830 nostros
2862 4774 3152 4841 habemus,
3181 4772 3228 4827 si
3242 4771 3373 4828 talia
3400 4780 3593 4827 contra
3609 4786 3711 4826 nos

2095 4873 2223 4921 ante
2255 4866 2611 4922 collationem
2632 4868 3015 4939 scripserunt;
3047 4866 3145 4922 sed
3175 4866 3511 4922 credendum
3540 4870 3644 4932 est,
3666 4864 3711 4919 si

2092 4958 2187 5013 illa
2219 4959 2592 5031 scripsissent,
2621 4961 2691 5014 ad
2722 4976 2824 5016 nos
2853 4968 3044 5016 contra
3074 4975 3214 5031 quos
3242 4958 3335 5013 illa
3355 4956 3717 5029 scripserant,

2093 5051 2553 5119 transmisissent.
2613 5052 2770 5109 hunc
2837 5058 3021 5108 autem
3054 5051 3166 5106 illis
3205 5049 3483 5123 quomodo
3515 5048 3718 5104 rescri-

2093 5140 2228 5196 bere
2258 5156 2569 5212 possumus,
2603 5157 2729 5197 cum
2782 5148 2965 5197 utrum
3015 5141 3109 5196 illa
3137 5139 3462 5212 scripserint
3493 5138 3716 5211 ignore-

2093 5250 2216 5289 mus
2242 5234 2269 5288 ?
2298 5236 2687 5290 Verumtamen
2737 5251 2807 5291 ne
2836 5236 2957 5291 sine
3004 5250 3270 5308 responso
3310 5242 3498 5289 nostro
3528 5240 3709 5287 vestra

2094 5326 2400 5383 dominatio
2430 5335 2675 5395 maneat,
2737 5328 2898 5385 vobis
2957 5328 3026 5383 de
3049 5329 3208 5400 cujus
3234 5342 3399 5382 manu
3432 5325 3527 5381 illa
3556 5339 3715 5380 acce-

2096 5420 2508 5492 pimus,corde,
2543 5435 2639 5476 ore
2679 5430 2734 5476 et
2763 5421 2906 5493 stylo
2936 5436 3048 5477 non
3079 5420 3441 5477 formidantes
3473 5433 3715 5490 carpen-

2098 5509 2232 5564 tium
2245 5523 2367 5575 nos,
2391 5509 2810 5584 derogationem
2833 5508 2952 5580 [ηις.
2966 5551 2979 5580 ,
2993 5509 3359 5582 derogationi]
3378 5511 3718 5582 respondere

2098 5616 2374 5656 curamus.

2171 5718 2196 5741 ιι
2226 5694 2408 5749 Primo
2433 5693 2643 5750 scilicet
2673 5693 2964 5749 mittentes
2997 5708 3084 5758 ea,
3117 5709 3241 5767 quae
3272 5691 3341 5748 ab
3368 5693 3577 5749 eisdem
3611 5695 3723 5751 fra-

2097 5783 2274 5839 tribus
2304 5783 2509 5840 nostris
2539 5783 2595 5837 in
2643 5783 2857 5855 synodo
2909 5781 3225 5853 conscripta
3254 5780 3420 5837 fuisse
3442 5783 3721 5856 leguntur,

2098 5872 2229 5929 licet
2248 5874 2381 5929 hinc
2420 5879 2604 5941 antea,
2628 5873 2735 5928 alia
2783 5871 2956 5929 fuisse
3001 5872 3313 5943 conscripta
3352 5873 3726 5961 reperiantur.
3774 5907 3779 5911 -
