3912 6412
230 382 337 440 185

884 380 1209 438 HlSTORl/E
1247 381 1573 439 ECCLESIAB
1611 383 1939 440 REMENSIS
1981 384 2160 440 LIBRI
2199 385 2506 450 QUATUOR
2561 418 2627 428 —
2660 389 2786 443 LIB.
2829 391 2920 445 IlI.

3462 396 3565 452 186

224 508 337 564 Sed
366 506 498 579 quia
527 507 647 563 inec
671 505 730 561 in
787 506 1240 583 suggillationem
1282 516 1553 580 nostram,
1579 520 1636 568 et
1659 518 1851 568 contra
1873 515 1924 583 Α
1954 512 2194 587 Angelos
2223 520 2347 585 post
2370 514 2681 587 discipulos
2738 516 2886 573 beati
2927 517 3176 592 Gregorii
3197 520 3267 574 ad
3298 520 3568 578 eruditio-

231 603 493 667 excerpta
523 612 554 650 a
602 594 766 650 nobis
812 596 1057 667 capitula
1114 598 1366 655 confecta
1414 609 1743 669 noscuntur,
1785 617 1850 657 ea

228 688 469 760 primum
486 688 861 758 judicavimus
916 705 1151 760 ponere,
1185 708 1309 764 quae
1344 693 1568 763 majoris
1589 694 1849 761 nominis,

227 778 358 836 licet
391 794 504 835 non
545 779 911 846 auctoritatis,
963 780 1096 853 quia
1140 781 1339 852 partim
1399 797 1511 838 non
1576 784 1848 852 veritatis,

226 882 455 945 propter
505 874 834 945 synodalem
892 880 1077 930 tamen
1109 876 1594 946 prmtitulationem
1622 875 1848 951 dignum

216 962 480 1017 duximus
508 963 968 1039 magnipendere.
1008 962 1221 1018 Deinde
1257 963 1349 1018 illa
1386 979 1510 1036 quae
1537 980 1569 1019 a
1595 963 1851 1035 pluribus

218 1061 276 1107 et
305 1067 407 1122 per
434 1051 671 1107 aliorum
704 1067 904 1106 manus
936 1051 1005 1107 de
1047 1051 1307 1123 pluribus
1333 1067 1398 1107 ex
1441 1052 1528 1106 his
1556 1052 1737 1108 causis
1756 1069 1850 1109 ac-

221 1140 494 1211 cepimus,
553 1149 779 1210 propter
821 1155 989 1211 quam
1050 1139 1440 1195 necessitatem
1494 1155 1561 1194 ex
1615 1139 1850 1195 catholi-

226 1248 417 1287 corum
447 1231 664 1287 Patrum
699 1272 715 1298 ,
748 1238 807 1287 ut
833 1231 1095 1296 diximus,
1119 1232 1380 1287 sensibus
1409 1242 1464 1287 et
1482 1232 1668 1288 verbis
1695 1230 1851 1303 capi-

220 1322 336 1376 tula
391 1320 485 1375 illa
525 1328 761 1393 quatuor
836 1336 1198 1392 reexcerpere
1274 1320 1716 1392 procuravimus,
1784 1336 1851 1375 ea

222 1414 567 1477 conditione,
619 1420 680 1469 ut
728 1413 797 1468 de
844 1412 1192 1487 singulorum
1226 1412 1452 1485 scriptis
1508 1430 1573 1469 ex
1613 1412 1849 1488 singulis

222 1501 520 1557 sententiis
550 1517 672 1573 qua:
703 1517 734 1555 a
759 1500 922 1557 nobis
952 1501 1007 1555 iu
1067 1502 1342 1573 excerptis
1381 1501 1639 1573 capitulis
1667 1501 1850 1558 conti-

227 1600 451 1661 nentur,
483 1594 759 1666 quzedam,
788 1600 954 1665 prout
972 1610 1199 1649 necesse
1213 1592 1536 1660 viderimus,
1553 1609 1845 1667 ponamus.

228 1687 358 1743 Post
376 1687 511 1751 haec,
545 1686 789 1758 capitula
818 1702 849 1740 a
896 1686 1058 1742 nobis
1086 1696 1346 1759 excerpta
1367 1686 1435 1743 de
1475 1688 1693 1744 Patrum
1716 1704 1849 1743 sen-

228 1780 385 1835 sibus
410 1785 466 1834 et
486 1778 692 1842 verbis,
725 1785 785 1833 ut
839 1777 930 1834 illa
979 1780 1380 1851 excerpsimus,
1412 1795 1619 1850 ponere
1649 1796 1848 1851 procu-

232 1870 501 1936 rabimus,
532 1875 587 1924 et
615 1868 662 1924 si
695 1868 901 1923 divinis
959 1876 1015 1924 et
1066 1869 1402 1924 authenticis
1445 1868 1765 1940 Scripturis,
1797 1877 1851 1924 et

228 1957 515 2014 catholicae
544 1966 711 2029 atque
741 1957 1060 2028 apostolicae
1093 1957 1715 2029 Ecclesia3,sanctmque
1734 1958 1847 2014 Ro-

228 2068 405 2106 manae
426 2050 576 2105 sedis
598 2049 750 2117 lidei,
772 2056 826 2104 et
847 2050 1282 2105 orthodoxorum
1314 2049 1537 2105 Patrum
1570 2050 1848 2117 sensibus,

226 2143 321 2215 qui
350 2143 535 2199 eidem
577 2149 782 2198 sanctae
823 2142 983 2198 matri
1037 2142 1293 2198 Ecclesiae
1341 2142 1743 2213 praesederunt,
1798 2150 1854 2198 et

227 2234 321 2305 qui
348 2233 420 2287 ab
453 2233 649 2287 eadem
676 2232 985 2304 apostolica
1011 2231 1146 2286 sede
1198 2232 1447 2287 Romana
1488 2231 1649 2287 nobis
1681 2233 1735 2287 in
1755 2248 1851 2287 ca-

228 2339 372 2379 none
396 2321 707 2393 recipiendi
753 2321 865 2376 dati
910 2328 1040 2378 sunt
1098 2321 1261 2391 (Dist.
1290 2339 1378 2387 xv,
1412 2339 1461 2378 c.
1510 2323 1707 2377 Sancta
1733 2322 1849 2378 Ro-

227 2415 432 2487 mana),
483 2430 711 2470 sensum
765 2422 1013 2470 nostrum
1070 2414 1129 2469 in
1176 2413 1389 2470 eisdem
1446 2415 1701 2487 capitulis
1751 2431 1849 2470 ex-

226 2524 483 2579 pressum
514 2506 839 2562 concordari
870 2506 1251 2562 demonstrare
1283 2507 1650 2578 potuerimus,
1682 2523 1847 2581 agere

226 2598 520 2664 veraciter,
569 2595 875 2666 humiliter,
935 2612 1000 2651 ac
1046 2596 1245 2651 devote
1303 2596 1675 2664 studebimus,
1717 2598 1849 2669 quia

224 2674 559 2745 aliorum'ad
618 2687 998 2760 stipulandum
1048 2697 1250 2744 nostrae
1302 2688 1590 2745 catholicae
1639 2690 1849 2745 intelli-

226 2778 428 2850 gentiae
449 2793 675 2834 sensum
708 2777 1016 2833 sententias
1046 2778 1320 2848 recipere,
1353 2793 1458 2833 nec
1481 2778 1728 2849 proferre
1750 2794 1848 2835 vo-

226 2868 430 2935 lumus,
465 2883 591 2922 cum
626 2874 841 2921 constet
875 2866 1026 2922 illum
1058 2882 1182 2921 esse
1213 2882 1405 2921 verum
1448 2874 1615 2939 atque
1655 2868 1850 2924 catho-

229 2961 387 3016 licum
449 2958 599 3032 quod
640 2960 761 3030 ipsa
816 2969 992 3014 mater
1046 2960 1294 3016 omnium
1347 2961 1736 3028 Ecclesiarum,
1796 2969 1850 3017 et

227 3048 558 3104 universalis
590 3048 835 3104 Ecclesia
859 3048 1077 3105 duxerit
1122 3049 1564 3121 approbandum.
1602 3050 1730 3106 Etsi
1753 3050 1847 3123 qui

1953 621 2080 660 nem
2106 606 2452 674 transmisso,
2477 622 2588 663 non
2619 608 2976 665 mediocriter
3004 610 3284 679 instructi,
3311 628 3377 667 ac
3402 629 3567 670 vene-

1953 694 2138 748 randae
2177 695 2457 751 memoria:
2489 696 2704 753 Paulini
2726 699 3051 768 patriarcha:
3069 701 3441 772 Aquileiensis
3474 721 3571 774 pa-

1954 781 2158 837 rochiaz
2178 790 2343 853 atque
2362 784 2580 839 Alcuini
2610 785 2714 841 viri
2760 787 3006 859 religiosi
3040 799 3096 845 et
3126 791 3294 856 docti,
3333 808 3570 862 quorum

1954 867 2117 925 fidem
2145 879 2200 926 et
2230 871 2540 928 doctrinam
2597 874 2902 945 apostolica
2960 877 3126 932 sedes
3169 878 3412 934 Romana
3459 896 3571 936 non

1950 962 2127 1017 solum
2184 961 2583 1039 benignissime
2653 967 2985 1036 acccptavit,
3039 985 3231 1024 verum
3271 978 3328 1025 et
3382 972 3572 1028 multis

1950 1051 2208 1107 laudibus
2229 1053 2443 1119 extulit,
2466 1055 2610 1110 sicut
2650 1055 2706 1110 in
2743 1056 2968 1128 scriptis
2997 1057 3175 1128 ipsius
3189 1068 3392 1115 sancta:
3422 1062 3573 1117 sedis

1951 1142 2288 1210 invenimus,
2350 1159 2473 1216 quae
2515 1144 2772 1199 Ecclesiae
2804 1153 3005 1201 nostrae
3034 1145 3104 1200 ab
3136 1147 3329 1202 eadem
3382 1149 3572 1207 Eccle-

1949 1232 2159 1287 siarum
2184 1240 2358 1288 matre
2407 1241 2768 1305 acceperunt,
2817 1242 3068 1306 tempore
3116 1237 3255 1293 diva:
3287 1241 3569 1296 memoriae

1952 1321 2135 1378 Karoli
2189 1323 2563 1394 imperatoris,
2621 1325 2844 1394 quando
2897 1326 3143 1396 synodus
3202 1343 3301 1398 pro
3350 1330 3572 1402 cognita

1952 1409 2281 1467 inﬁdelitate
2309 1411 2509 1468 Felicis
2539 1420 2622 1467 est
2652 1412 2862 1477 habita,
2880 1423 2935 1469 et
2955 1415 3025 1469 ad
3049 1415 3354 1471 Romanam
3378 1417 3570 1474 Eccle-

1950 1503 2088 1559 siam
2120 1504 2269 1559 velut
2299 1504 2367 1559 ad
2388 1504 2605 1575 apicem
2627 1504 2998 1561 Ecclesiarum
3023 1507 3358 1564 transmissa.
3382 1509 3492 1564 Sed
3516 1518 3572 1567 et

1950 1608 2142 1649 eorum
2180 1594 2385 1665 scripta
2416 1594 2511 1665 qui
2543 1594 2699 1668 legit,
2732 1610 2898 1665 quam
2922 1595 3033 1652 sint
3055 1596 3332 1651 laudanda
3361 1598 3573 1655 etreei-

1952 1680 2157 1751 pienda
2196 1680 2477 1756 intelligit.
2510 1682 2761 1753 Denique
2782 1682 2828 1737 si
2861 1683 3150 1749 talium,ut
3177 1684 3574 1754 diximus,sen-

1952 1772 2145 1827 tentiis
2170 1774 2493 1829 concordari
2526 1774 2770 1845 capitula
2790 1791 2913 1847 qua:
2940 1777 3318 1848 excerpsimus
3338 1777 3574 1833 demon—

1950 1874 2125 1920 strare
2156 1881 2266 1922 non
2310 1866 2676 1938 potuerimus,
2709 1868 2888 1939 parati
2920 1884 3114 1924 sumus
3143 1871 3489 1927 doctioribus
3518 1880 3574 1928 et

1951 1959 2243 2014 catholicis
2270 1967 2455 2015 autem
2486 1961 2929 2026 accommodare,
2963 1978 3188 2017 sensum
3232 1962 3493 2030 subdere,
3516 1971 3573 2019 et

1952 2051 2072 2106 sine
2093 2051 2453 2107 contentione
2502 2069 2604 2108 nos
2644 2053 2908 2109 doctrinae
2939 2053 3158 2109 illorum
3178 2053 3476 2124 subjicere.
3506 2055 3573 2110 Et

1953 2140 2083 2211 quia
2103 2140 2353 2195 libellum
2376 2141 2447 2194 de
2469 2141 2672 2196 scrinio
2694 2141 2855 2196 bonae
2887 2142 3169 2198 memorias
3194 2142 3375 2199 fratris
3404 2143 3569 2200 vestri

1954 2232 2215 2298 Lotharii,
2247 2232 2367 2288 sine
2418 2233 2642 2289 nomine
2688 2234 2933 2289 auctoris
2960 2235 3329 2305 suscepimus,
3372 2236 3428 2290 in
3459 2251 3573 2308 quo

1952 2324 2232 2397 sigillatim
2265 2340 2364 2395 per
2392 2325 2514 2380 loca
2545 2325 2764 2400 singula
2794 2324 3038 2396 capitula
3066 2343 3098 2381 a
3127 2326 3290 2381 nobis
3309 2334 3575 2399 excerpta

1952 2424 2079 2472 sunt
2110 2415 2310 2486 posita,
2345 2425 2401 2471 et
2438 2432 2668 2472 assensu
2694 2416 2867 2484 illius,
2890 2418 3240 2490 quiscunque
3270 2418 3362 2473 ille
3384 2418 3573 2487 fuerit,

1952 2508 2289 2578 reprehensa
2318 2514 2448 2563 sunt
2475 2517 2532 2563 et
2587 2509 2865 2576 damnata,
2897 2526 3022 2566 cum
3056 2510 3124 2565 de
3173 2510 3573 2567 catholicorum

1950 2595 2169 2650 Patrum
2193 2596 2358 2651 dictis
2406 2606 2592 2653 nostra
2619 2598 2880 2669 capitula,
2931 2598 2976 2653 si
3008 2600 3335 2670 poterimus,
3369 2599 3576 2658 conﬁr-

1951 2700 2102 2739 mare
2133 2685 2475 2753 curabimus,
2509 2686 2684 2757 ipsius
2710 2687 2877 2742 etiam
2905 2689 3370 2759 reprehensiones
3402 2705 3575 2761 pone-

1953 2789 2094 2839 mus,
2126 2780 2182 2828 et
2213 2788 2327 2841 eas,
2375 2781 2643 2845 quantum
2700 2775 2967 2830 Dominus
2990 2775 3225 2845 dederit,
3284 2777 3575 2833 confutare

1951 2864 2318 2920 studebimus.
2349 2865 2499 2921 Tunc
2518 2866 2742 2921 demum
2774 2882 3046 2938 ponemus
3076 2868 3146 2922 de
3177 2868 3421 2939 capitulo
3436 2884 3576 2924 con-

1953 2954 2187 3012 fratrum
2215 2965 2528 3012 nostrorum
2575 2957 2794 3030 quinto,
2829 2959 2980 3014 unde
2996 2965 3184 3014 notam
3217 2959 3380 3015 nobis
3418 2959 3576 3030 quasi

1955 3047 2117 3102 tacite
2145 3054 2200 3102 et
2230 3063 2261 3103 e
2311 3046 2487 3103 latere
2538 3048 2917 3123 impegerunt,
2945 3050 3093 3120 quod
3125 3050 3179 3104 in
3230 3050 3573 3106 Gothescalci

227 3138 451 3195 fuerunt
474 3138 741 3211 appellati
771 3138 1049 3205 doctores,
1083 3139 1150 3193 ad
1178 3139 1520 3210 probandam
1565 3137 1694 3196 ﬁdei
1735 3140 1851 3194 sin-
1880 3160 1929 3229 Ο
1951 3134 2173 3205 scriptis
2197 3135 2531 3203 invenimus,
2562 3144 2854 3208 postquam
2890 3137 3132 3208 capitula
3149 3147 3389 3209 quatuor
3425 3154 3575 3209 saepe

224 3231 517 3287 ceritatem
554 3230 776 3285 illorum
817 3231 1126 3286 sententias
1160 3247 1272 3286 non
1318 3232 1640 3303 recipimus,
1667 3249 1848 3306 neque

228 3319 582 3393 proferimus,
644 3319 751 3374 nisi
792 3335 1026 3391 quorum
1093 3321 1399 3376 sententias
1428 3321 1550 3392 ipsa
1577 3322 1851 3379 catholica

230 3422 399 3470 mater
423 3412 672 3468 Ecclesia
712 3412 960 3469 decrevit
1017 3427 1140 3468 esse
1201 3412 1541 3483 probabiles.
1574 3413 1628 3468 Si
1665 3422 1849 3471 autem

227 3502 478 3576 etaliqui
519 3507 887 3567 emerserunt,
952 3502 1050 3574 qui
1102 3501 1466 3558 doctrinalem
1533 3503 1850 3559 cathedram

229 3597 547 3659 tenuerunt,
577 3599 870 3664 postquam
920 3591 989 3647 ab
1041 3592 1236 3648 eadem
1293 3600 1481 3650 sancta
1512 3595 1646 3651 sede
1673 3611 1851 3651 canon

228 3701 505 3741 sacrarum
550 3684 977 3759 Scripturarum,
1030 3693 1197 3757 atque
1266 3685 1556 3742 doctorum
1621 3688 1857 3744 catholi-

230 3789 435 3843 corum,
466 3774 730 3829 fidelibus
768 3772 985 3829 cunctis
1027 3780 1111 3829 est
1149 3773 1326 3834 datus.
1360 3776 1455 3847 qui
1476 3776 1859 3848 aliterlsense-

234 3876 354 3922 runt
373 3883 541 3939 quam
573 3866 678 3938 ipsi
737 3865 1129 3922 intellexerunt
1156 3872 1325 3938 atque
1357 3868 1688 3936 docuerunt,
1720 3887 1859 3943 quos

237 3956 347 4026 ipsa
396 3963 577 4011 mater
640 3953 911 4028 catholica
957 3970 1058 4011 suo
1097 3956 1411 4013 orthodoxo
1466 3958 1595 4015 sinu
1625 3961 1855 4032 recepit,

234 4048 605 4118 amplectitur,
647 4056 814 4118 atque
869 4047 1020 4104 fovet
1068 4049 1211 4120 :qui
1251 4065 1354 4105 nec
1402 4049 1697 4119 debemus,
1755 4066 1860 4107 nec

236 4154 456 4195 necesse
514 4137 807 4205 habemus,
850 4138 919 4194 ad
967 4137 1350 4195 auctoritatem
1381 4139 1691 4195 sententias
1724 4140 1852 4197 illo-

243 4243 354 4281 rum
396 4225 674 4299 proferre,
713 4235 808 4281 aut
862 4225 1110 4297 recipere
1160 4226 1440 4296 volumus,
1500 4227 1763 4299 quoniam
1793 4229 1852 4285 in

241 4314 375 4384 istis,
404 4325 459 4373 et
492 4332 595 4388 per
656 4315 791 4372 istos
837 4315 973 4371 satis
1002 4315 1071 4371 ad
1128 4316 1364 4372 salutem
1398 4317 1686 4374 habemus.
1721 4319 1781 4375 Et
1809 4318 1855 4375 si

238 4409 327 4480 qui
360 4410 526 4466 aliter
556 4425 724 4481 quam
773 4408 885 4473 isti,
946 4408 1249 4465 maturiore
1308 4417 1363 4465 et
1417 4411 1636 4467 saniore
1681 4412 1857 4468 docu—

238 4510 418 4559 mento
457 4501 767 4559 tenendum
798 4502 1132 4570 docuerunt,
1166 4503 1549 4604 dogmatizant
1587 4512 1682 4562 aut
1718 4506 1927 4604 dog-D

239 4592 493 4648 matizare
526 4598 1019 4665 prazsumpserunt,
1079 4598 1255 4648 totum
1314 4591 1571 4649 ducimus
1617 4592 1747 4649 ﬁdei
1800 4603 1855 4652 et

238 4682 391 4738 saluti
449 4686 745 4740 adversum
804 4684 1080 4758 quidquid
1130 4684 1199 4740 ab
1268 4699 1460 4740 eorum
1512 4684 1721 4741 salubri
1753 4685 1855 4742 do-

238 4771 405 4826 ctrina
424 4780 645 4828 constat
681 4789 805 4829 esse
846 4774 1149 4830 diversum.
1186 4773 1385 4830 Eorum
1417 4773 1583 4830 etiam
1630 4781 1855 4830 senten-

239 4857 354 4926 tias,
386 4861 479 4933 qui
511 4860 702 4916 divina
745 4860 1090 4935 dignatione,
1146 4872 1437 4934 postquam
1470 4861 1591 4934 ipse
1615 4877 1792 4919 canon
1823 4879 1854 4918 a

240 4946 394 5005 beato
422 4952 642 5008 Gelasio
673 4953 1020 5025 conscriptus
1062 4961 1164 5020 est,
1200 4970 1367 5008 sensu
1395 4963 1451 5010 et
1481 4953 1735 5010 doctrina
1762 4970 1855 5010 ca-

242 5036 452 5109 tholica,
519 5050 577 5096 et
645 5042 937 5098 sanctitate
995 5042 1435 5099 conversationis
1489 5043 1545 5097 in
1609 5041 1854 5099 Ecclesia

242 5126 561 5201 ﬂoruerunt,
584 5139 641 5188 et
669 5132 739 5188 ad
770 5133 1017 5205 ipsorum
1045 5135 1479 5193 orthodoxorum
1505 5134 1850 5208 Patrum.qui

244 5218 295 5274 in
323 5223 514 5280 eodem
548 5240 765 5281 canone
788 5226 1036 5283 annotati
1059 5234 1189 5282 sunt
1220 5227 1390 5295 ﬁdeli,
1422 5228 1554 5300 quia
1583 5227 1854 5285 catholica

242 5312 485 5372 doctrina
515 5318 654 5373 nihil
687 5319 999 5387 dissonum,
1025 5320 1160 5376 nihil
1188 5320 1470 5378 diversum
1517 5320 1856 5392 scripserunt

243 5403 321 5458 vel
350 5405 680 5477 docuerunt,
716 5409 1027 5466 reverentia
1080 5410 1200 5482 pari
1247 5412 1657 5483 amplectimur,
1685 5412 1855 5469 veluti

242 5495 567 5551 venerabilis
597 5497 757 5552 Bedae
798 5499 1108 5572 presbyteri
1129 5516 1161 5555 a
1187 5500 1478 5572 discipulis
1498 5501 1673 5557 sancti
1700 5517 1856 5573 papa:

245 5578 479 5657 Gregorii
511 5585 785 5642 catholica
809 5584 919 5643 fide
947 5586 1168 5657 imbuti,
1196 5597 1251 5644 et
1278 5605 1311 5644 a
1345 5597 1534 5646 sancto
1564 5590 1855 5647 Theodoro

245 5672 677 5751 archiepiscopo,
735 5680 1023 5754 utriusque
1071 5681 1299 5758 linguai,
1348 5682 1545 5740 Graecae
1595 5683 1856 5741 videlicet

246 5770 297 5816 et
334 5761 535 5824 Latinae
571 5767 771 5841 perito,
828 5777 884 5827 et
912 5786 944 5825 a
988 5780 1177 5828 sancta
1208 5771 1455 5829 Romana
1508 5772 1754 5831 Ecclesia
1783 5772 1854 5830 ad

1953 3235 2270 3282 memoratae
2293 3229 2659 3299 excerpimus,
2705 3236 2761 3284 et
2792 3229 2926 3300 quid
2958 3229 3090 3285 inde
3122 3230 3427 3285 sentiamus
3456 3230 3573 3285 Do-

1951 3318 2103 3374 mino
2135 3319 2443 3391 inspirante
2467 3319 2737 3376 dicemus.
2772 3320 2933 3377 Etsic
2963 3321 3183 3377 tandem
3211 3322 3578 3392 subjiciemus

1952 3410 2047 3465 illa
2064 3411 2256 3466 decem
2292 3419 2347 3466 et
2375 3427 2574 3467 novem
2609 3413 2871 3485 capitula,
2930 3430 3030 3486 pro
3057 3416 3260 3487 quibus
3289 3416 3359 3472 de
3388 3416 3575 3473 Scoto.

1955 3515 2073 3554 rum
2098 3499 2349 3572 pultibus
2364 3501 2671 3559 confratres
2700 3504 2895 3571 nostri,
2926 3505 3049 3561 sine
3079 3506 3244 3578 culpa
3292 3513 3499 3569 nostra,
3521 3507 3575 3561 in

1955 3594 2057 3649 hac
2079 3592 2527 3649 duntaxatcausa
2560 3610 2662 3650 nos
2683 3611 2913 3665 pascere
2945 3597 3331 3667 decreverunt,
3354 3608 3409 3654 et
3441 3598 3577 3670 quid

1956 3685 2024 3740 de
2043 3685 2255 3741 eisdem
2308 3685 2568 3757 capitulis
2595 3686 2925 3756 sentiamus,
2957 3704 3022 3745 ex
3046 3691 3447 3748 catholicorum
3468 3690 3580 3746 fra-

1960 3782 2103 3830 trum
2120 3775 2383 3831 sensibus
2420 3774 2799 3831 ostendemus.
2830 3795 2861 3827 ιι

2566 3888 2776 3944 CAPUT
2823 3889 2953 3944 XVI.

2279 3963 2354 4015 De
2380 3961 2467 4016 his
2484 3976 2605 4031 qum
2626 3963 2826 4017 Karolo
2867 3964 2988 4030 regi
3014 3964 3254 4032 scripsit.

2030 4046 2191 4112 Item,
2217 4046 2367 4102 aliud
2400 4046 2578 4103 edidit
2602 4050 2863 4104 volumen
2924 4049 3142 4125 insigne
3195 4052 3266 4106 ad
3320 4052 3578 4108 eumdem

1953 4153 2161 4213 regem,
2196 4146 2388 4195 contra
2441 4139 2729 4212 praefatum
2796 4142 3215 4200 Gothescalcum
3247 4151 3303 4201 et
3340 4151 3577 4203 czeteros

1960 4227 2400 4298 prazdestinatos,
2433 4230 2504 4285 de
2535 4245 2646 4303 quo
2693 4231 3012 4301 hujusmodi
3064 4233 3132 4288 ad
3162 4232 3340 4304 ipsum
3383 4235 3582 4292 scribit

1959 4320 2273 4391 epistolam.

2027 4415 2240 4471 Domno
2279 4415 2502 4472 Kxaono
2534 4416 2651 4489 regi
2680 4415 2924 4491 glorioso
2957 4417 3295 4485 HINCIARUS,
3329 4418 3577 4483 nomine,

1957 4518 2069 4558 non
2098 4502 2319 4570 merito,
2350 4503 2645 4559 Remorum
2672 4504 2970 4576 episcopus
2991 4522 3055 4560 ac
3078 4506 3261 4576 plebis
3280 4507 3377 4563 Dei
3398 4506 3582 4564 famu-

1955 4593 2061 4660 lus,
2095 4609 2205 4649 una
2227 4608 2352 4649 cum
2369 4594 2599 4667 collegis
2628 4594 2850 4650 domnis
2875 4604 2932 4652 et
2961 4594 3226 4652 fratribus
3250 4597 3395 4653 meis
3417 4613 3581 4654 vene-

1955 4682 2141 4738 randis
2169 4682 2469 4754 episcopis,
2528 4684 2843 4740 oratoribus
2892 4684 3109 4742 scilicet
3158 4685 3354 4742 salutis
3411 4692 3581 4758 atque
3649 4755 3661 4763 .

1956 4775 2338 4848 prosperitatis
2371 4782 2567 4832 vestrae
2588 4776 2825 4833 devotis.

2028 4889 2055 4914 «
2088 4865 2272 4938 Nuper
2294 4866 2484 4938 elapso
2524 4883 2719 4923 mense
2745 4866 2936 4936 Iunio,
2977 4884 3078 4940 per
3109 4868 3468 4925 indictionem
3488 4883 3578 4923 se-

1954 4955 2185 5026 ptimam
2201 4971 2349 5012 anno
2367 4956 2765 5013 incarnationis
2792 4956 3090 5013 Dominicae
3115 4957 3580 5032 octingentesimo

1955 5047 2414 5121 quinquagesimo
2442 5063 2615 5117 nono,
2641 5048 2874 5104 dedistis
2931 5048 3095 5105 nobis
3137 5049 3390 5120 quaedam
3418 5049 3578 5121 capi-

1954 5138 2086 5205 tula,
2118 5138 2262 5195 sicut
2294 5144 2495 5194 nostra:
2540 5137 2755 5194 dixistis
2808 5138 3124 5207 humilitati,
3156 5155 3190 5193 a
3221 5138 3471 5214 Remigio
3493 5155 3581 5195 re-

1956 5229 2361 5286 verendissimo
2412 5229 2870 5304 Lugdunensium
2917 5230 3344 5304 archiepiscOpo
3383 5238 3579 5288 vestrae

1957 5326 2211 5392 porrecta
2253 5317 2598 5379 sublimitati,
2650 5316 2907 5386 iubentes
2936 5324 2996 5374 ut
3037 5326 3289 5392 tempore
3328 5336 3575 5398 congruo

1958 5408 2029 5464 de
2058 5408 2144 5463 his
2172 5407 2329 5464 vobis
2384 5406 2745 5463 redderemus
2777 5422 3129 5479 responsum,
3184 5409 3232 5465 si
3286 5410 3579 5467 unanimes

1958 5516 2069 5557 uno
2116 5515 2235 5569 ore,
2262 5500 2585 5557 earumdem
2617 5501 2985 5573 capitulorum
3012 5519 3183 5560 sensu
3209 5504 3578 5562 concordare-

1956 5610 2097 5662 mus,
2123 5609 2194 5649 an
2222 5593 2352 5665 quia
2376 5592 2534 5649 vobis
2563 5610 2596 5649 a
2621 5610 2759 5651 cana
2789 5594 3008 5652 Patrum
3023 5594 3135 5653 fide
3155 5596 3215 5652 in
3242 5597 3574 5671 quibusdam

1955 5680 2254 5738 dissentire
2284 5680 2634 5751 videbantur,
2675 5690 2875 5765 noster
2892 5701 3113 5754 sensus,
3143 5703 3307 5760 quem
3330 5703 3363 5742 a
3391 5687 3572 5769 catho-

1952 5773 2060 5832 lico
2090 5773 2307 5831 tramite
2333 5789 2445 5832 non
2477 5775 2702 5833 deviare
2746 5762 3079 5848 credebatis,
3105 5777 3176 5835 ab
3198 5779 3280 5836 eis
3302 5777 3356 5832 in
3384 5762 3570 5847 aliquo
