3912 6452
315 435 422 491 187

1445 436 1808 493 FLODOARDI
1851 435 2155 493 CANONICI
2196 437 2525 493 REMENSIS

3544 438 3649 494 188

308 559 625 629 dissideret,
649 572 950 635 sequentes
970 570 1023 618 et
1038 561 1576 635 praeceptiDominici
1591 562 1923 631 jussionem,
1954 565 2003 634 Α
2029 561 2369 634 diSpliceret.
2398 563 2588 619 Merito
2639 579 2879 636 namque
2909 579 3075 619 causa
3104 578 3205 619 nos
3232 562 3481 635 respicit,
3504 562 3549 618 si
3569 562 3651 617 si-

307 658 362 706 et
392 652 755 709 Christianam
775 656 1244 725 praedecessorum
1292 661 1597 710 vestrorum
1630 659 1924 710 consuetu-

306 741 518 796 dinem.
548 743 638 797 Est
665 743 812 797 enim
844 751 898 799 et
923 743 1125 799 divinis
1151 743 1368 815 legibus
1395 750 1637 810 cautum,
1658 749 1712 798 et
1742 744 1924 814 prisco

308 834 645 888 anteriorum
668 835 979 906 principum
1024 850 1178 889 more
1208 840 1448 904 suetum,
1478 843 1536 891 ut
1565 838 1924 908 quotiescun-

311 941 419 995 que
452 925 505 979 in
537 927 807 983 catholica
860 926 989 985 ﬁde.
1023 927 1107 981 vel
1139 927 1325 983 divina
1355 928 1625 1003 religione
1654 930 1919 1002 quiddam

2029 650 2203 707 lentio
2233 651 2517 707 faveamus
2548 652 2743 707 errori.
2781 672 2806 702 ι)

2099 743 2208 798 Nos
2237 751 2422 798 tamen
2444 744 2652 811 plures,
2681 743 2775 815 qui
2809 758 2999 799 eorum
3027 752 3083 799 et
3109 743 3295 816 {fidem
3341 751 3397 799 et
3436 743 3651 799 doctri-

2027 851 2152 889 nam
2185 841 2239 889 et
2259 834 2606 905 prudentiam
2656 836 2932 901 novimus,
2963 836 3149 891 minus
3198 836 3254 890 in
3304 836 3385 891 eis
3418 836 3523 891 ista
3544 850 3651 891 no-

2026 926 2311 983 scentibus
2349 927 2684 982 sententiam
2745 942 2843 997 pro
2873 927 3228 983 dissensione
3286 927 3544 999 baptismi
3578 927 3650 982 de

312 1018 438 1072 novi
469 1019 776 1084 emerserit,
819 1035 852 1073 a
910 1019 1197 1090 principali
1228 1021 1504 1076 sententia
1534 1022 1920 1092 episcoporum
2023 1020 2188 1073 beato
2218 1016 2489 1088 Cypriano
2519 1033 2551 1071 a
2580 1026 2770 1073 sancto
2798 1018 3103 1090 Augustino
3129 1019 3513 1081 collaudatam,
3542 1034 3652 1072 sae-

308 1109 581 1163 consultui
607 1109 890 1177 referatur,
915 1116 970 1164 et
998 1111 1147 1181 quod
1178 1127 1368 1167 eorum
1395 1113 1629 1182 judicio,
1676 1112 1923 1183 Scriptu-

310 1211 490 1249 rarum
525 1194 835 1252 sanctarum
871 1200 1199 1255 auctoritate
1239 1210 1295 1256 et
1347 1202 1777 1257 orthodoxorum
1807 1215 1922 1253 ma-

306 1284 604 1355 gistrorum
637 1286 909 1354 doctrina,
966 1295 1132 1360 atque
1197 1291 1503 1345 secundum
1544 1289 1929 1344 auctoritatem

308 1378 629 1433 canonicam
663 1386 717 1434 et
733 1381 953 1435 decreta
974 1382 1296 1452 pontificum
1330 1383 1702 1439 Romanorum
1733 1380 1932 1436 Christi

309 1467 404 1521 Dei
438 1468 609 1522 nostri
640 1469 850 1536 vicarii,
881 1477 934 1524 et
967 1478 1171 1526 sanctae
1200 1472 1320 1541 ejus
1353 1471 1607 1527 Ecclesia:
1642 1471 1932 1542 praesules,

309 1559 669 1625 credendum,
693 1563 1065 1632 sequendum,
1098 1571 1151 1618 et
1183 1563 1506 1630 tenendum,
1529 1570 1696 1634 atque
1723 1560 1929 1633 praedi-

308 1648 544 1703 candum
574 1649 942 1718 decreverint,
979 1652 1033 1705 id
1061 1653 1130 1707 ab
1186 1652 1449 1708 omnibus
1486 1651 1653 1707 corde
1675 1651 1931 1705 credatur

309 1741 378 1794 ad
402 1741 689 1809 justitiam,
718 1758 813 1797 ore
834 1750 1018 1798 autem
1046 1744 1377 1800 confiteatur
1405 1745 1473 1800 ad
1497 1745 1730 1799 salutem
1757 1748 1925 1815 (Rom.

311 1831 495 1902 x,10),
547 1840 808 1904 sequatur
849 1833 918 1887 ad
965 1834 1332 1901 vocationem,
1387 1840 1641 1889 teneatur
1668 1834 1737 1888 ad
1770 1849 1929 1889 coro-

310 1886 813 1993 nam/praedicetur
859 1924 930 1979 ad
962 1926 1195 1980 lucrum.
1235 1886 1362 1991 Quie
1391 1925 1667 1998 siquidem
1691 1928 1931 1998 capitula
1956 1886 2008 1955 B

308 2021 585 2069 conventu
613 2015 999 2086 episcoporum
1028 2017 1218 2073 habito
1246 2018 1301 2072 in
1333 2018 1614 2074 territorio
1660 2018 1930 2086 Tullensi,

310 2102 366 2155 in
384 2102 534 2171 villa,
566 2120 689 2174 quae
712 2105 910 2159 dicitur
963 2105 1316 2177 Saponarias,
1341 2114 1470 2162 ante
1503 2107 1733 2162 biduum
1765 2124 1931 2180 quam

310 2194 467 2249 vobis
508 2204 761 2265 porrecta
791 2195 1013 2267 fuerint,
1067 2205 1196 2253 sunt
1241 2199 1488 2267 recitata,
1532 2199 1851 2271 proferente
1881 2206 1933 2254 et

310 2287 627 2357 deponente
659 2305 725 2342 ea
743 2292 955 2359 synodo
978 2292 1183 2347 domno
1212 2292 1461 2365 Remigio
1476 2292 1929 2363 Lugdunensium

307 2376 746 2447 archiepiscopo.
780 2379 906 2444 Quae
957 2380 1100 2435 sicut
1143 2381 1299 2448 dixit,
1350 2389 1405 2436 et
1451 2380 1507 2435 in
1532 2381 1932 2456 epigrammate

312 2466 635 2521 earumdem
661 2469 1027 2539 capitulorum
1060 2472 1398 2536 continetur,
1423 2472 1479 2526 in
1512 2472 1617 2527 hoc
1647 2472 1767 2541 ipso
1785 2486 1932 2525 anno

313 2555 369 2609 in
405 2554 663 2612 Kalendis
701 2558 1064 2615 nihilominus
1109 2559 1318 2614 ibidem
1349 2560 1419 2614 de
1450 2559 1758 2629 rescriptis,
1792 2565 1847 2613 et
1875 2559 1932 2613 in

312 2648 584 2706 suburbio
611 2650 923 2725 Lingonicaa
964 2652 1141 2719 urbis,
1180 2653 1249 2707 ad
1297 2651 1718 2708 instructionem
1748 2652 1933 2707 Domi-

318 2739 427 2794 nici
448 2740 662 2811 populi,
696 2741 815 2811 ipse
836 2748 890 2796 et
906 2741 1014 2796 sibi
1033 2740 1533 2813 comprovinciales
1554 2740 1935 2811 episcopiedi-

317 2831 542 2901 derunt,
572 2840 626 2887 et
652 2833 707 2887 in
736 2835 975 2889 crastina
995 2835 1103 2889 alia
1133 2835 1385 2906 quaedam
1410 2836 1670 2906 capitula,
1711 2836 1782 2890 de
1808 2835 1937 2906 qui-

320 2919 425 2973 bus
446 2929 571 2991 post
590 2919 826 2976 locuturi
858 2937 1069 2992 sumus,
1099 2923 1289 2978 relicta
1310 2922 1480 2978 fuere.
1516 2924 1693 2993 Super
1712 2922 1939 2993 quibus,

320 3010 464 3065 sicut
503 3010 835 3081 quibusdam
858 3027 923 3066 ex
953 3011 1216 3067 fratribus
1241 3013 1418 3067 visum
1451 3022 1553 3079 est,
1573 3013 1938 3084 quorumdam

321 3114 522 3153 sensus
551 3108 635 3153 est
665 3106 862 3155 motus.
901 3100 1032 3155 Nam
1057 3109 1118 3156 ut
1141 3117 1272 3157 vere
1300 3109 1356 3157 et
1390 3117 1493 3158 nos
1512 3101 1801 3169 fateamur,
1835 3116 1941 3157 no-

322 3198 449 3245 strae
488 3193 842 3249 conscientiae
890 3210 1059 3265 super
1113 3194 1330 3265 pridem
1382 3195 1664 3267 capitulis,
1714 3210 1856 3267 quae,
1882 3201 1943 3250 ut

2027 1124 2336 1182 penumero
2403 1110 2457 1165 in
2519 1110 2663 1166 libro
2722 1112 2969 1167 secundo
3000 1112 3069 1166 de
3100 1112 3380 1183 Baptismo
3411 1111 3647 1182 positam

2032 1202 2442 1274 proposuimus.
2481 1222 2502 1252 α
2546 1203 2831 1268 Quomodo
2853 1202 3022 1268 enim,
3048 1203 3226 1274 inquit
3255 1204 3409 1271 (Avo.
3441 1203 3477 1257 l.
3510 1220 3543 1256 ιι
3583 1202 3653 1255 de

2038 1295 2328 1362 Baptismo,
2360 1308 2408 1348 c.
2444 1293 2520 1359 4i,
2555 1292 2736 1362 potuit
2762 1293 2863 1347 ista
2916 1309 3005 1347 res
3032 1294 3198 1348 tantis
3227 1292 3652 1348 altercationum

2034 1380 2255 1436 nebulis
2294 1382 2539 1437 involuta
2561 1381 2631 1435 ad
2663 1380 2898 1452 plenarii
2922 1380 3141 1437 concilii
3168 1379 3652 1436 luculentamillu-

2035 1477 2361 1533 strationem
2392 1474 2983 1548 conﬁrmationemque
3034 1475 3286 1546 perduci,
3329 1475 3436 1530 nisi
3467 1473 3653 1546 primo

2030 1568 2243 1623 diutius
2258 1583 2357 1639 per
2384 1567 2540 1623 orbis
2570 1575 2838 1623 terrarum
2861 1567 3139 1639 regiones,
3181 1565 3370 1621 multis
3399 1565 3533 1619 hinc
3555 1570 3651 1619 at-

2030 1673 2137 1729 que
2164 1656 2295 1712 hinc
2314 1656 2785 1727 disputationibus
2824 1664 2878 1711 et
2903 1655 3294 1711 collationibus
3348 1654 3652 1725 episcopo-

2032 1765 2151 1804 rum
2178 1757 2510 1820 pertractata
2539 1755 2819 1803 constaret
2850 1746 2879 1800 ?
2918 1748 3029 1803 Hoc
3058 1754 3243 1802 autem
3295 1746 3424 1801 facit
3443 1746 3657 1801 sanitas

2032 1840 2204 1912 pacis,
2236 1847 2297 1896 ut
2323 1856 2447 1897 cum
2474 1839 2683 1895 diutius
2720 1840 2907 1910 aliqua
2935 1837 3258 1894 obscuriora
3305 1844 3653 1907 quaeruntur,

2031 1942 2087 1987 et
2116 1939 2342 2004 propter
2373 1931 2693 1987 inveniendi
2754 1929 3137 1986 difﬁcultatem
3160 1929 3409 1984 diversas
3429 1929 3658 1999 pariunt

2032 2021 2088 2075 in
2118 2020 2360 2075 fraterna
2386 2018 2788 2090 disceptatione
2817 2018 3329 2085 sententias,donec
3357 2018 3425 2073 ad
3456 2034 3655 2073 verum

2032 2109 2304 2180 liquidum
2338 2109 2713 2180 perveniatur,
2739 2108 3018 2164 vinculum
3051 2114 3374 2179 permaneat
3395 2108 3658 2175 unitatis,

2034 2216 2105 2254 ne
2132 2199 2189 2253 in
2222 2206 2376 2269 parte
2398 2198 2627 2269 praecisa
2658 2206 2947 2253 remaneat
2984 2197 3295 2252 insanabile
3334 2198 3542 2252 vulnus
3562 2213 3655 2251 er-

2032 2289 2377 2357 roris(lbid.,
2433 2304 2479 2343 c.
2534 2289 2617 2353 5).
2648 2287 2712 2343 Et
2766 2287 2894 2343 ideo
2944 2289 3273 2359 plerumque
3304 2287 3653 2342 doctioribus

2035 2382 2218 2437 minus
2236 2381 2446 2453 aliquid
2477 2380 2771 2446 revelatur,
2803 2387 2861 2435 ut
2877 2394 3069 2435 eorum
3100 2379 3318 2449 patiens
3340 2386 3394 2432 et
3425 2378 3656 2433 humilis

2035 2474 2294 2541 charitas,
2347 2474 2402 2528 in
2462 2489 2572 2545 qua
2622 2473 2830 2529 fructus
2882 2473 3056 2541 major
3084 2480 3188 2541 est,
3219 2472 3652 2544 comprobetur:

2033 2564 2119 2619 vel
2153 2561 2434 2633 quomodo
2460 2569 2683 2618 teneant
2714 2560 3004 2628 unitatem,
3036 2574 3161 2614 cum
3196 2558 3251 2613 in
3281 2558 3448 2617 rebus
3464 2559 3660 2617 obscu-

2037 2653 2278 2711 rioribus
2337 2652 2553 2707 diversa
2591 2654 2885 2708 sentiunt:
2935 2650 3021 2708 vel
3053 2652 3333 2724 quomodo
3381 2651 3661 2722 accipiant

2036 2744 2346 2809 veritatem,
2366 2759 2490 2797 cum
2530 2749 2723 2797 contra
2763 2741 2816 2795 id
2867 2742 3014 2813 quod
3046 2741 3370 2797 sentiebant
3404 2741 3655 2796 declara-

2042 2842 2157 2889 tum
2177 2850 2301 2888 esse
2332 2842 2672 2907 cognoscant
2716 2857 2737 2885 υ
2754 2832 3015 2890 Sciebant
3036 2851 3274 2906 namque
3308 2835 3475 2889 iidem
3494 2849 3660 2888 vene-

2043 2922 2267 2988 rabiles,
2299 2922 2579 2989 catholici,
2607 2930 2661 2977 et
2682 2923 2827 2977 docti
2858 2922 2986 2991 viri,
3014 2923 3143 2995 quia
3174 2924 3232 2977 in
3261 2923 3447 2977 multis
3478 2921 3660 2995 regio-

2043 3010 2208 3066 nibus
2233 3027 2299 3066 ac
2327 3011 2631 3083 provinciis
2647 3013 2764 3068 haec
2788 3011 3527 3084 pestiferaeratrecommota
3557 3010 3661 3066 do-

2043 3102 2238 3168 ctrina,
2272 3107 2327 3155 et
2356 3100 2484 3156 ideo
2510 3100 2794 3157 silentium
2814 3103 2870 3157 in
2899 3104 3017 3159 suis
3048 3103 3349 3174 provinciis
3375 3101 3661 3173 imponere

2044 3198 2153 3246 tam
2185 3189 2372 3259 facile,
2402 3190 2544 3246 sicut
2563 3190 2704 3247 forte
2735 3192 3530 3263 poterant,noluerunterrori,
3559 3190 3660 3246 do-

323 3282 582 3351 diximus,
604 3285 891 3360 Remigius
919 3285 1371 3358 archiepiscopus
1403 3288 1613 3359 synodo
1644 3297 1939 3359 praesenta-
1970 3254 2019 3323 C
2042 3299 2146 3339 nec
2174 3284 2243 3338 ad
2282 3283 2645 3354 plurimorum
2693 3285 2945 3340 notitiam
2985 3291 3247 3357 perventa
3297 3284 3660 3355 plurimorum

323 3384 491 3444 verat,
555 3377 813 3444 recitatis,
860 3377 1257 3434 catholicorum
1307 3379 1377 3434 ad
1416 3380 1741 3435 memoriam
1772 3381 1938 3436 redu-

323 3473 515 3521 centes
545 3466 832 3521 doctorum
863 3467 1343 3534 traditiones,non
1365 3469 1583 3525 modice
1622 3486 1684 3525 se
1705 3485 1939 3526 concus-

324 3565 538 3611 serunt.
570 3555 725 3611 Unde
791 3560 1102 3612 nostrorum
1160 3558 1407 3629 quidam,
1437 3557 1565 3614 ﬁdei
1619 3557 1940 3615 Christianae

326 3647 446 3703 zelo
466 3648 742 3713 succensi,
773 3648 959 3720 aliqua
988 3649 1202 3720 synodo
1231 3650 1455 3705 voluere
1484 3666 1805 3724 suggerere,
1843 3651 1941 3705 sed

326 3744 509 3791 motus
527 3736 700 3791 nostri
731 3736 800 3791 ab
820 3737 1018 3792 eodem
1047 3737 1355 3792 venerabili
1385 3738 1805 3809 archiepiscopo
1838 3738 1945 3794 Re-

328 3824 501 3897 migio
531 3824 982 3898 Lugdunensium
1032 3833 1159 3881 sunt
1213 3827 1465 3883 modeste
1512 3828 1822 3898 compositi,
1875 3843 1943 3883 eo

329 3916 724 3971 venerabiliter
749 3924 1061 3987 perorante,
1085 3927 1145 3973 ut
1163 3918 1209 3973 si
1241 3934 1702 3990 quorumcunque
1728 3929 1947 3975 nostro-

334 4024 453 4062 rum
480 4023 679 4063 sensus
714 4008 784 4063 ab
819 4009 1027 4064 eisdem
1084 4011 1315 4080 prolatis
1360 4010 1639 4081 capitulis,
1673 4009 1728 4064 in
1761 4010 1948 4082 aliquo

333 4101 712 4156 dissentiendo
760 4118 822 4157 se
874 4110 1236 4171 commueret,
1288 4104 1357 4158 ad
1411 4103 1662 4174 proxime
1712 4103 1948 4159 futuram

328 4192 601 4262 synodum
624 4194 1020 4249 catholicorum
1066 4194 1240 4250 libros
1268 4195 1556 4251 doctorum
1602 4194 1812 4266 quique
1838 4195 1945 4250 de-

330 4282 473 4338 ferre
501 4300 758 4339 curemus
785 4300 800 4352 ;
832 4286 1044 4342 etsicut
1062 4287 1262 4342 melius
1280 4287 1586 4343 secundum
1619 4286 1945 4343 catholicam

330 4378 385 4427 et
405 4374 763 4444 apostolicam
784 4374 1089 4431 doctrinam
1119 4376 1176 4430 in
1202 4392 1497 4432 commune
1543 4376 1944 4442 invenerimus,

328 4466 400 4520 de
419 4473 619 4522 caetero
654 4483 850 4524 omnes
871 4468 1211 4525 unanimiter
1232 4475 1537 4524 teneamus.
1563 4469 1622 4523 ln
1654 4468 1813 4538 cujus
1848 4468 1946 4523 de-

329 4551 551 4608 votione
580 4554 1153 4628 coepiscoporumque
1177 4556 1355 4627 ipsius
1373 4556 1946 4627 diceeeseos,quorum

2034 3374 2248 3445 judicio
2280 3374 2514 3446 quaestio
2542 3374 2834 3445 sopiretur.
2862 3375 3016 3441 Quia,
3051 3384 3110 3431 ut
3136 3376 3269 3431 dicit
3300 3382 3521 3430 sanctus
3540 3374 3664 3431 Cm-

2041 3463 2275 3518 lestinus
2308 3462 2363 3516 in
2399 3462 2636 3532 epistola
2702 3463 2771 3517 ad
2803 3464 3114 3519 Nestorium
3153 3464 3367 3519 directa
3396 3462 3661 3532 (C(ELasr.

2041 3573 2123 3626 cp.
2156 3558 2207 3627 6)
2235 3573 2247 3610 :
2282 3577 2313 3607 (ι
2345 3554 2548 3611 Omnes
2597 3556 2805 3612 debent
2836 3572 2998 3611 nosse
3028 3556 3178 3628 quod
3209 3557 3413 3630 agitur,
3445 3555 3666 3627 quoties

2043 3649 2293 3704 omnium
2307 3665 2474 3704 causa
2488 3655 2773 3705 tractatur.
2791 3672 2815 3695 ιο
2832 3648 3099 3704 Videlicet
3120 3658 3179 3703 ut
3201 3664 3325 3702 cum
3338 3648 3586 3703 omnium
3604 3647 3662 3702 in

2044 3737 2208 3792 unius
2231 3736 2614 3809 propositione
2625 3735 3043 3792 fueritdifﬁnita
3062 3735 3417 3802 consultatio,
3433 3742 3666 3791 cuncto-

2047 3849 2166 3888 rum
2196 3831 2375 3886 valeat
2403 3830 2470 3884 ad
2501 3844 2696 3886 omnes
2745 3843 3001 3883 emanare
3037 3826 3261 3882 solutio.
3308 3827 3432 3881 Haec
3459 3828 3662 3881 eadem

2051 3939 2287 3995 namque
2319 3921 2580 3994 capitula,
2604 3921 2747 3976 sicut
2773 3919 2935 3975 facile
2950 3918 3251 3984 reminisci,
3276 3917 3665 3989 potestis.ante

2050 4015 2349 4071 triennium
2367 4011 2531 4068 nobis
2554 4011 2611 4065 in
2622 4010 2753 4067 villa
2775 4006 3665 4081 RothomagensisepiscOpii,quze

2051 4104 2257 4175 Melpsa
2281 4102 2504 4172 dicitur,
2523 4099 2745 4171 quando
2761 4099 2818 4153 in
2834 4098 3085 4153 excubiis
3104 4106 3298 4153 contra
3323 4097 3668 4151 Normanno-

2050 4213 2171 4252 rum
2201 4193 2611 4250 infestationem
2634 4190 2995 4265 degebamus,
3015 4189 3289 4245 subtitulo
3303 4189 3460 4261 quasi
3481 4188 3537 4243 in
3561 4190 3667 4243 Va-

2050 4289 2295 4344 lentiana
2318 4285 2531 4358 synodo
2558 4283 2869 4354 conscripta
2893 4281 3123 4349 fuerint,
3165 4280 3665 4336 annoincarnatio-

2049 4382 2135 4436 nis
2154 4379 2456 4436 Dominica:
2478 4376 2941 4449 octingentesimo
2958 4373 3424 4450 quinquagesimo
3448 4374 3662 4444 quinto,

2047 4469 2151 4526 sub
2173 4467 2432 4525 Lothario
2451 4467 2789 4537 imperatore
2802 4463 3213 4528 dedistis,utad
3249 4462 3341 4517 illa
3368 4477 3490 4534 qua:
3505 4461 3667 4517 nobis

2047 4559 2371 4615 viderentur
2430 4554 2701 4611 catholica
2750 4570 2816 4609 ex
2872 4552 3304 4609 orthodoxorum
3339 4550 3662 4626 magisterio

329 4645 494 4700 etiam
527 4656 583 4702 et
611 4656 739 4704 ante
764 4627 1171 4707 ordinationem
1220 4656 1464 4706 mentem
1512 4649 1837 4706 catholicam
1865 4627 2020 4704 at—D
2046 4650 2531 4721 responderemus,
2574 4663 2698 4702 cum
2730 4645 2855 4700 aliis
2893 4660 3357 4716 quorumcunque
3424 4642 3664 4713 scriptis,

246 4802 255 4809 Α
331 4753 439 4830 que
461 4738 788 4806 doctrinam,
839 4742 982 4797 sicut
1028 4750 1083 4797 et
1119 4758 1217 4798 vos
1250 4757 1359 4798 non
1378 4742 1530 4809 latet,
1563 4741 1944 4813 cognovimus,

332 4828 599 4898 quantum
656 4830 843 4884 sensui
896 4830 1217 4900 pusillitatis
1254 4838 1456 4886 nostra}
1514 4828 1681 4885 fidem
1725 4843 1947 4884 accom-

333 4920 557 4975 modare
584 4922 875 4989 audemus,
906 4922 1259 4993 percepimus
1310 4922 1441 4994 quia
1469 4937 1582 4977 non
1609 4937 1675 4977 ex
1699 4920 1856 4992 ipsis,
1889 4928 1961 4989 ut_

334 5027 445 5067 non
471 5013 720 5069 dicamus
749 5030 849 5085 per
902 5014 1074 5085 ipsos,
1130 5014 1343 5086 synodo
1369 5014 1609 5085 capitula
1640 5012 1765 5084 ipsa
1794 5012 1951 5067 fuere

336 5105 568 5174 prolata.
603 5106 948 5178 QuaprOpter
975 5107 1230 5179 quamvis
1259 5105 1465 5162 blando
1514 5105 1677 5161 sibilo
1708 5120 1805 5161 eos
1824 5104 1952 5176 qui-

337 5192 463 5246 dam
491 5193 789 5249 charaxare
819 5194 1096 5250 voluerint
1121 5194 1192 5249 de
1208 5210 1276 5250 eo
1288 5195 1439 5266 quod
1461 5201 1686 5249 sanctus
1709 5192 1955 5248 Caelesti-

341 5298 447 5337 nus
468 5284 763 5355 episcopos
785 5286 1092 5343 Gallicanos
1116 5285 1395 5359 redarguit
1426 5285 1689 5357 (C(ELBST.
1720 5286 1858 5353 epist
1899 5284 1952 5351 1,

336 5387 385 5427 c.
414 5374 491 5441 1),
522 5374 716 5430 dicens
748 5393 761 5430 :
799 5398 821 5426 ι
851 5378 990 5444 Quid
1021 5377 1155 5446 illic,
1185 5377 1519 5450 inquit,spei
1550 5383 1633 5432 est
1660 5375 1753 5430 ubi
1777 5375 1955 5448 magi-

342 5465 471 5521 stris
493 5467 803 5524 tacentibus
852 5471 905 5524 hi
966 5471 1270 5543 loquuntur
1298 5470 1416 5542 qui,
1446 5470 1492 5524 si
1520 5469 1594 5524 ita
1625 5474 1731 5532 est,
1762 5482 1950 5523 eorum

341 5558 603 5629 discipuli
632 5572 743 5614 non
795 5560 1019 5618 fuerunt
1054 5561 1083 5615 ?
1115 5562 1282 5617 timeo
1303 5577 1373 5615 ne
1413 5558 1711 5617 connivere
1733 5558 1820 5624 sit,
1852 5558 1955 5613 hoc

341 5655 543 5705 tacere.
571 5649 759 5705 Timeo
785 5667 855 5706 ne
883 5654 1061 5727 magis
1082 5652 1186 5724 ipsi
1211 5653 1529 5724 loquantur,
1563 5651 1609 5705 si
1630 5651 1957 5722 permittunt

345 5739 455 5799 illis
482 5740 667 5796 taliter
695 5740 868 5813 loqui.
904 5744 962 5799 ln
1010 5743 1213 5800 talibus
1257 5744 1441 5800 causis
1496 5743 1810 5814 suspicione
1844 5757 1955 5797 non

344 5838 495 5887 caret
519 5829 883 5900 taciturnitas,
916 5831 1049 5903 quia
1074 5840 1391 5888 occurreret
1417 5830 1641 5898 veritas,
1670 5831 1718 5887 si
1745 5830 1955 5887 falsitas

2049 4757 2172 4813 quae
2204 4740 2334 4795 hinc
2361 4740 2429 4793 ad
2461 4745 2696 4793 vestram
2746 4735 2996 4791 notitiam
3055 4750 3376 4806 pervenere.
3425 4734 3663 4798 Quorum

2049 4832 2300 4905 quaedam
2332 4830 2535 4902 scripta
2590 4829 2928 4899 recepimus,
2987 4827 3085 4882 sed
3125 4842 3192 4881 ea
3250 4826 3535 4897 publicare
3567 4842 3668 4881 no-

2051 4923 2275 4990 luimus,
2324 4923 2545 4977 solliciti
2569 4936 2783 4976 seivvarc
2821 4922 3081 4974 unitatem
3111 4920 3339 4988 spiritus
3371 4920 3427 4971 in
3457 4918 3667 4971 vinculo

2044 5017 2200 5086 pacis
2228 5015 2447 5083 (Ephes.
2480 5029 2555 5079 iv,
2605 5012 2678 5080 3),
2729 5011 2909 5066 donec
2947 5026 3073 5065 cum
3126 5009 3231 5076 eis,
3263 5008 3357 5081 qui
3388 5008 3549 5063 vobis
3578 5008 3668 5063 illa

2053 5102 2489 5168 transmiserant,
2540 5098 2795 5155 familiari
2825 5098 3274 5169 colloqueremur
3302 5112 3578 5163 sermone,
3612 5104 3667 5153 et

2054 5208 2120 5248 eo
2146 5191 2192 5245 si
2228 5189 2415 5261 aliquo
2446 5188 2612 5243 modo
2662 5186 2993 5253 valeremus,
3024 5186 3091 5240 ab
3136 5187 3239 5241 hac
3270 5201 3438 5257 prava
3480 5184 3663 5239 inten-

2056 5283 2208 5339 tione
2222 5282 2291 5337 ad
2313 5279 2596 5337 catholicae
2612 5278 2742 5335 ﬁdei
2769 5279 3035 5334 unitatem
3068 5284 3406 5349 coeperante
3435 5276 3666 5334 Domino

2056 5390 2461 5433 revocaremus.
2487 5373 2595 5428 Sed
2634 5373 2766 5445 quia
2789 5372 2986 5443 partim
3036 5368 3499 5441 occupationibus
3530 5386 3669 5440 pra:-

2056 5469 2250 5543 pediti,
2279 5467 2477 5540 partim
2507 5474 2688 5521 autem
2724 5464 2778 5518 in
2809 5461 3069 5518 fraternis
3106 5461 3460 5517 suasionibus
3491 5461 3672 5517 minus

2057 5575 2221 5631 quam
2245 5572 2471 5613 necesse
2501 5554 2698 5620 fuerat,
2731 5551 3004 5617 obauditi,
3032 5566 3128 5606 eos
3149 5566 3290 5622 quos
3319 5565 3548 5604 munere
3561 5549 3670 5603 dis-

2057 5649 2349 5722 posuimus
2378 5648 2428 5719 la
2479 5662 2580 5701 sua
2622 5644 2932 5700 intentione
2984 5656 3243 5698 revocare
3297 5639 3665 5712 nequivimus.

2058 5738 2212 5793 Unde
2242 5736 2373 5811 quia
2420 5735 2563 5790 sicut
2626 5731 2917 5802 Apostolus
2951 5748 2963 5784 :
2999 5729 3368 5798 Quorumdam
3398 5729 3668 5781 hominum

2050 5832 2274 5898 peccata
2294 5825 2590 5892 manifesta
2616 5825 2743 5877 sunt
2773 5822 2819 5891 (Ι
2850 5822 2997 5876 Tom.
3042 5835 3097 5884 v,
3149 5817 3259 5883 24),
3291 5821 3347 5871 et
3372 5831 3495 5886 quae
3516 5814 3669 5870 aliter
