  <div class='ocr_page' id='page_1' title='image "/cluster/home/n/w/nwhite01/storage/ocr_20150623/134-135/uc1.31175013627537/614.png"; bbox 0 0 3912 6406; ppageno 0'>
   <div class='ocr_carea' id='block_1_1' title="bbox 167 422 276 478">
    <p class='ocr_par' dir='ltr' id='par_1_1' title="bbox 167 422 276 478">
     <span class='ocr_line' id='line_1_1' title="bbox 167 422 276 478; baseline 0 0"><span class='ocrx_word' id='word_1_1' title='bbox 167 422 276 478; x_wconf 81' lang='grc'>189</span> 
     </span>
    </p>
   </div>
   <div class='ocr_carea' id='block_1_2' title="bbox 811 409 2880 478">
    <p class='ocr_par' dir='ltr' id='par_1_2' title="bbox 811 409 2880 478">
     <span class='ocr_line' id='line_1_2' title="bbox 811 409 2880 478; baseline -0.005 -6"><span class='ocrx_word' id='word_1_2' title='bbox 811 415 1137 472; x_wconf 58' lang='lat' dir='ltr'>HISTORIA?</span> <span class='ocrx_word' id='word_1_3' title='bbox 1178 415 1506 470; x_wconf 60' lang='lat' dir='ltr'>ECCLESIA‘I</span> <span class='ocrx_word' id='word_1_4' title='bbox 1546 416 1876 472; x_wconf 85' lang='lat' dir='ltr'>REMENSIS</span> <span class='ocrx_word' id='word_1_5' title='bbox 1918 414 2094 470; x_wconf 80' lang='lat' dir='ltr'>LIBRI</span> <span class='ocrx_word' id='word_1_6' title='bbox 2136 410 2466 478; x_wconf 80' lang='lat' dir='ltr'>QUATUOR.</span> <span class='ocrx_word' id='word_1_7' title='bbox 2507 439 2578 449; x_wconf 96' lang='lat'><strong><em>—</em></strong></span> <span class='ocrx_word' id='word_1_8' title='bbox 2619 409 2743 462; x_wconf 86' lang='lat' dir='ltr'>LIB.</span> <span class='ocrx_word' id='word_1_9' title='bbox 2790 409 2880 462; x_wconf 83' lang='grc' dir='ltr'>ΙΙΙ.</span> 
     </span>
    </p>
   </div>
   <div class='ocr_carea' id='block_1_3' title="bbox 3420 406 3520 461">
    <p class='ocr_par' dir='ltr' id='par_1_3' title="bbox 3420 406 3520 461">
     <span class='ocr_line' id='line_1_3' title="bbox 3420 406 3520 461; baseline 0.03 -3"><span class='ocrx_word' id='word_1_10' title='bbox 3420 406 3520 461; x_wconf 83' lang='grc'>190</span> 
     </span>
    </p>
   </div>
   <div class='ocr_carea' id='block_1_4' title="bbox 163 530 3522 614">
    <p class='ocr_par' dir='ltr' id='par_1_4' title="bbox 163 530 3522 614">
     <span class='ocr_line' id='line_1_4' title="bbox 163 530 3522 614; baseline -0.007 -11"><span class='ocrx_word' id='word_1_11' title='bbox 163 565 228 603; x_wconf 91' lang='lat' dir='ltr'>se</span> <span class='ocrx_word' id='word_1_12' title='bbox 264 547 466 602; x_wconf 79' lang='lat' dir='ltr'>habent</span> <span class='ocrx_word' id='word_1_13' title='bbox 491 544 766 600; x_wconf 87' lang='lat' dir='ltr'>abscondi</span> <span class='ocrx_word' id='word_1_14' title='bbox 800 559 910 599; x_wconf 89' lang='lat' dir='ltr'>non</span> <span class='ocrx_word' id='word_1_15' title='bbox 945 549 1216 614; x_wconf 90' lang='lat' dir='ltr'>possunt;</span> <span class='ocrx_word' id='word_1_16' title='bbox 1257 543 1398 599; x_wconf 87' lang='lat' dir='ltr'>adeo</span> <span class='ocrx_word' id='word_1_17' title='bbox 1432 544 1796 614; x_wconf 86' lang='lat' dir='ltr'>quorumdam</span> <span class='ocrx_word' id='word_1_18' title='bbox 1823 545 1874 613; x_wconf 82' lang='grc' dir='ltr'>Α</span> <span class='ocrx_word' id='word_1_19' title='bbox 1900 557 2070 612; x_wconf 85' lang='lat' dir='ltr'>opera</span> <span class='ocrx_word' id='word_1_20' title='bbox 2123 540 2263 608; x_wconf 88' lang='lat' dir='ltr'>ejus.</span> <span class='ocrx_word' id='word_1_21' title='bbox 2305 535 2496 591; x_wconf 86' lang='lat' dir='ltr'>Omnis</span> <span class='ocrx_word' id='word_1_22' title='bbox 2543 551 2677 590; x_wconf 91' lang='lat' dir='ltr'>vero</span> <span class='ocrx_word' id='word_1_23' title='bbox 2721 534 2816 606; x_wconf 86' lang='lat' dir='ltr'>qui</span> <span class='ocrx_word' id='word_1_24' title='bbox 2867 533 3015 587; x_wconf 89' lang='lat' dir='ltr'>bona</span> <span class='ocrx_word' id='word_1_25' title='bbox 3057 531 3169 603; x_wconf 84' lang='lat' dir='ltr'>agit</span> <span class='ocrx_word' id='word_1_26' title='bbox 3201 530 3358 600; x_wconf 91' lang='lat' dir='ltr'>(inter</span> <span class='ocrx_word' id='word_1_27' title='bbox 3401 543 3522 598; x_wconf 69' lang='lat' dir='ltr'>qua:</span> 
     </span>
    </p>
   </div>
   <div class='ocr_carea' id='block_1_5' title="bbox 164 632 1796 698">
    <p class='ocr_par' dir='ltr' id='par_1_5' title="bbox 164 632 1796 698">
     <span class='ocr_line' id='line_1_5' title="bbox 164 632 1796 698; baseline -0.003 -7"><span class='ocrx_word' id='word_1_28' title='bbox 164 635 412 691; x_wconf 77' lang='lat' dir='ltr'>excrevit</span> <span class='ocrx_word' id='word_1_29' title='bbox 441 633 747 698; x_wconf 87' lang='lat' dir='ltr'>dissensio,</span> <span class='ocrx_word' id='word_1_30' title='bbox 796 641 855 688; x_wconf 92' lang='lat' dir='ltr'>ut</span> <span class='ocrx_word' id='word_1_31' title='bbox 888 633 1007 687; x_wconf 72' lang='lat' dir='ltr'>haec</span> <span class='ocrx_word' id='word_1_32' title='bbox 1043 632 1385 687; x_wconf 75' lang='lat' dir='ltr'>dissonantia</span> <span class='ocrx_word' id='word_1_33' title='bbox 1435 632 1504 686; x_wconf 91' lang='lat' dir='ltr'>ad</span> <span class='ocrx_word' id='word_1_34' title='bbox 1560 642 1796 687; x_wconf 78' lang='lat' dir='ltr'>vestram</span> 
     </span>
    </p>
   </div>
   <div class='ocr_carea' id='block_1_6' title="bbox 167 724 1800 799">
    <p class='ocr_par' dir='ltr' id='par_1_6' title="bbox 167 724 1800 799">
     <span class='ocr_line' id='line_1_6' title="bbox 167 724 1800 799; baseline -0.002 -17"><span class='ocrx_word' id='word_1_35' title='bbox 167 728 487 799; x_wconf 90' lang='lat' dir='ltr'>perveniret</span> <span class='ocrx_word' id='word_1_36' title='bbox 528 725 804 791; x_wconf 78' lang='lat' dir='ltr'>notitiam,</span> <span class='ocrx_word' id='word_1_37' title='bbox 857 732 911 778; x_wconf 88' lang='lat' dir='ltr'>et</span> <span class='ocrx_word' id='word_1_38' title='bbox 965 724 1220 794; x_wconf 89' lang='lat' dir='ltr'>synodali</span> <span class='ocrx_word' id='word_1_39' title='bbox 1255 724 1479 778; x_wconf 91' lang='lat' dir='ltr'>decreto</span> <span class='ocrx_word' id='word_1_40' title='bbox 1527 739 1627 794; x_wconf 93' lang='lat' dir='ltr'>pro</span> <span class='ocrx_word' id='word_1_41' title='bbox 1681 724 1800 779; x_wconf 83' lang='lat' dir='ltr'>zelo</span> 
     </span>
    </p>
   </div>
   <div class='ocr_carea' id='block_1_7' title="bbox 169 813 1801 884">
    <p class='ocr_par' dir='ltr' id='par_1_7' title="bbox 169 813 1801 884">
     <span class='ocr_line' id='line_1_7' title="bbox 169 813 1801 884; baseline -0.002 -14"><span class='ocrx_word' id='word_1_42' title='bbox 169 816 326 880; x_wconf 91' lang='lat' dir='ltr'>ﬁdei,</span> <span class='ocrx_word' id='word_1_43' title='bbox 381 825 436 870; x_wconf 91' lang='lat' dir='ltr'>et</span> <span class='ocrx_word' id='word_1_44' title='bbox 481 814 860 869; x_wconf 88' lang='lat' dir='ltr'>unanimitatis</span> <span class='ocrx_word' id='word_1_45' title='bbox 899 828 1086 867; x_wconf 87' lang='lat' dir='ltr'>amore</span> <span class='ocrx_word' id='word_1_46' title='bbox 1129 820 1426 884; x_wconf 87' lang='lat' dir='ltr'>antequam</span> <span class='ocrx_word' id='word_1_47' title='bbox 1469 814 1586 868; x_wconf 65' lang='lat' dir='ltr'>haec</span> <span class='ocrx_word' id='word_1_48' title='bbox 1639 813 1801 868; x_wconf 91' lang='lat' dir='ltr'>nobis</span> 
     </span>
    </p>
   </div>
   <div class='ocr_carea' id='block_1_8' title="bbox 175 906 1802 980">
    <p class='ocr_par' dir='ltr' id='par_1_8' title="bbox 175 906 1802 980">
     <span class='ocr_line' id='line_1_8' title="bbox 175 906 1802 980; baseline -0.002 -16"><span class='ocrx_word' id='word_1_49' title='bbox 175 909 578 980; x_wconf 80' lang='lat' dir='ltr'>perscrutanda</span> <span class='ocrx_word' id='word_1_50' title='bbox 631 907 1075 974; x_wconf 88' lang='lat' dir='ltr'>committeretis,</span> <span class='ocrx_word' id='word_1_51' title='bbox 1114 914 1349 978; x_wconf 83' lang='lat' dir='ltr'>quatuor</span> <span class='ocrx_word' id='word_1_52' title='bbox 1398 907 1636 976; x_wconf 88' lang='lat' dir='ltr'>capitula</span> <span class='ocrx_word' id='word_1_53' title='bbox 1679 906 1802 976; x_wconf 90' lang='lat' dir='ltr'>epi-</span> 
     </span>
    </p>
   </div>
   <div class='ocr_carea' id='block_1_9' title="bbox 173 999 1804 1073">
    <p class='ocr_par' dir='ltr' id='par_1_9' title="bbox 173 999 1804 1073">
     <span class='ocr_line' id='line_1_9' title="bbox 173 999 1804 1073; baseline -0.003 -16"><span class='ocrx_word' id='word_1_54' title='bbox 173 1002 388 1073; x_wconf 87' lang='lat' dir='ltr'>scopali</span> <span class='ocrx_word' id='word_1_55' title='bbox 428 1000 770 1056; x_wconf 84' lang='lat' dir='ltr'>diffinitione</span> <span class='ocrx_word' id='word_1_56' title='bbox 817 999 974 1054; x_wconf 89' lang='lat' dir='ltr'>vobis</span> <span class='ocrx_word' id='word_1_57' title='bbox 1023 1000 1092 1053; x_wconf 91' lang='lat' dir='ltr'>de</span> <span class='ocrx_word' id='word_1_58' title='bbox 1131 999 1527 1054; x_wconf 89' lang='lat' dir='ltr'>catholicorum</span> <span class='ocrx_word' id='word_1_59' title='bbox 1587 1000 1804 1054; x_wconf 84' lang='lat' dir='ltr'>Patrum</span> 
     </span>
    </p>
   </div>
   <div class='ocr_carea' id='block_1_10' title="bbox 176 1086 1805 1164">
    <p class='ocr_par' dir='ltr' id='par_1_10' title="bbox 176 1086 1805 1164">
     <span class='ocr_line' id='line_1_10' title="bbox 176 1086 1805 1164; baseline -0.001 -20"><span class='ocrx_word' id='word_1_60' title='bbox 176 1091 343 1145; x_wconf 91' lang='lat' dir='ltr'>dictis</span> <span class='ocrx_word' id='word_1_61' title='bbox 373 1090 582 1164; x_wconf 83' lang='lat' dir='ltr'>colligi,</span> <span class='ocrx_word' id='word_1_62' title='bbox 614 1096 670 1143; x_wconf 90' lang='lat' dir='ltr'>et</span> <span class='ocrx_word' id='word_1_63' title='bbox 698 1089 1041 1160; x_wconf 84' lang='lat' dir='ltr'>singulorum</span> <span class='ocrx_word' id='word_1_64' title='bbox 1083 1087 1380 1161; x_wconf 90' lang='lat' dir='ltr'>exigeretis</span> <span class='ocrx_word' id='word_1_65' title='bbox 1417 1086 1675 1142; x_wconf 89' lang='lat' dir='ltr'>manibus</span> <span class='ocrx_word' id='word_1_66' title='bbox 1713 1103 1805 1142; x_wconf 90' lang='lat' dir='ltr'>ro-</span> 
     </span>
    </p>
   </div>
   <div class='ocr_carea' id='block_1_11' title="bbox 179 1181 1804 1251">
    <p class='ocr_par' dir='ltr' id='par_1_11' title="bbox 179 1181 1804 1251">
     <span class='ocr_line' id='line_1_11' title="bbox 179 1181 1804 1251; baseline -0.001 -15"><span class='ocrx_word' id='word_1_67' title='bbox 179 1183 392 1240; x_wconf 85' lang='lat' dir='ltr'>borari.</span> <span class='ocrx_word' id='word_1_68' title='bbox 436 1182 633 1236; x_wconf 87' lang='lat' dir='ltr'>Postea</span> <span class='ocrx_word' id='word_1_69' title='bbox 661 1196 792 1236; x_wconf 90' lang='lat' dir='ltr'>vero</span> <span class='ocrx_word' id='word_1_70' title='bbox 835 1187 888 1234; x_wconf 93' lang='lat' dir='ltr'>et</span> <span class='ocrx_word' id='word_1_71' title='bbox 935 1181 1299 1251; x_wconf 90' lang='lat' dir='ltr'>quorumdam</span> <span class='ocrx_word' id='word_1_72' title='bbox 1361 1196 1426 1235; x_wconf 87' lang='lat' dir='ltr'>ex</span> <span class='ocrx_word' id='word_1_73' title='bbox 1457 1182 1545 1234; x_wconf 91' lang='lat' dir='ltr'>his</span> <span class='ocrx_word' id='word_1_74' title='bbox 1594 1181 1804 1236; x_wconf 89' lang='lat' dir='ltr'>eisdem</span> 
     </span>
    </p>
   </div>
   <div class='ocr_carea' id='block_1_12' title="bbox 182 1269 1804 1341">
    <p class='ocr_par' dir='ltr' id='par_1_12' title="bbox 182 1269 1804 1341">
     <span class='ocr_line' id='line_1_12' title="bbox 182 1269 1804 1341; baseline -0.001 -16"><span class='ocrx_word' id='word_1_75' title='bbox 182 1271 443 1341; x_wconf 89' lang='lat' dir='ltr'>capitulis</span> <span class='ocrx_word' id='word_1_76' title='bbox 473 1270 919 1339; x_wconf 90' lang='lat' dir='ltr'>subscripserant</span> <span class='ocrx_word' id='word_1_77' title='bbox 948 1279 1002 1323; x_wconf 90' lang='lat' dir='ltr'>et</span> <span class='ocrx_word' id='word_1_78' title='bbox 1031 1269 1265 1324; x_wconf 87' lang='lat' dir='ltr'>aliorum</span> <span class='ocrx_word' id='word_1_79' title='bbox 1305 1270 1469 1324; x_wconf 90' lang='lat' dir='ltr'>etiam</span> <span class='ocrx_word' id='word_1_80' title='bbox 1499 1270 1554 1323; x_wconf 91' lang='lat' dir='ltr'>in</span> <span class='ocrx_word' id='word_1_81' title='bbox 1597 1277 1804 1324; x_wconf 89' lang='lat' dir='ltr'>tantum</span> 
     </span>
    </p>
   </div>
   <div class='ocr_carea' id='block_1_13' title="bbox 179 1361 1808 1428">
    <p class='ocr_par' dir='ltr' id='par_1_13' title="bbox 179 1361 1808 1428">
     <span class='ocr_line' id='line_1_13' title="bbox 179 1361 1808 1428; baseline -0.001 -11"><span class='ocrx_word' id='word_1_82' title='bbox 179 1372 263 1417; x_wconf 89' lang='lat' dir='ltr'>est</span> <span class='ocrx_word' id='word_1_83' title='bbox 281 1361 634 1417; x_wconf 59' lang='lat' dir='ltr'>&#39;accumulata</span> <span class='ocrx_word' id='word_1_84' title='bbox 655 1361 935 1428; x_wconf 76' lang='lat' dir='ltr'>vecordia,</span> <span class='ocrx_word' id='word_1_85' title='bbox 960 1367 1018 1414; x_wconf 88' lang='lat' dir='ltr'>ut</span> <span class='ocrx_word' id='word_1_86' title='bbox 1045 1376 1274 1415; x_wconf 90' lang='lat' dir='ltr'>necesse</span> <span class='ocrx_word' id='word_1_87' title='bbox 1297 1361 1458 1428; x_wconf 87' lang='lat' dir='ltr'>foret,</span> <span class='ocrx_word' id='word_1_88' title='bbox 1478 1361 1808 1428; x_wconf 86' lang='lat' dir='ltr'>etjussionis</span> 
     </span>
    </p>
   </div>
   <div class='ocr_carea' id='block_1_14' title="bbox 177 1451 1806 1520">
    <p class='ocr_par' dir='ltr' id='par_1_14' title="bbox 177 1451 1806 1520">
     <span class='ocr_line' id='line_1_14' title="bbox 177 1451 1806 1520; baseline 0 -14"><span class='ocrx_word' id='word_1_89' title='bbox 177 1461 376 1508; x_wconf 74' lang='lat' dir='ltr'>vestrae</span> <span class='ocrx_word' id='word_1_90' title='bbox 409 1453 689 1518; x_wconf 84' lang='lat' dir='ltr'>instantia,</span> <span class='ocrx_word' id='word_1_91' title='bbox 725 1460 779 1507; x_wconf 90' lang='lat' dir='ltr'>et</span> <span class='ocrx_word' id='word_1_92' title='bbox 820 1451 1196 1507; x_wconf 87' lang='lat' dir='ltr'>exsecutionis</span> <span class='ocrx_word' id='word_1_93' title='bbox 1234 1460 1434 1507; x_wconf 63' lang='lat' dir='ltr'>nostra:</span> <span class='ocrx_word' id='word_1_94' title='bbox 1463 1452 1806 1520; x_wconf 90' lang='lat' dir='ltr'>obedientia,</span> 
     </span>
    </p>
   </div>
   <div class='ocr_carea' id='block_1_15' title="bbox 183 1544 1807 1615">
    <p class='ocr_par' dir='ltr' id='par_1_15' title="bbox 183 1544 1807 1615">
     <span class='ocr_line' id='line_1_15' title="bbox 183 1544 1807 1615; baseline -0.001 -16"><span class='ocrx_word' id='word_1_95' title='bbox 183 1547 313 1600; x_wconf 92' lang='lat' dir='ltr'>hinc</span> <span class='ocrx_word' id='word_1_96' title='bbox 367 1559 557 1600; x_wconf 92' lang='lat' dir='ltr'>eorum</span> <span class='ocrx_word' id='word_1_97' title='bbox 611 1560 751 1615; x_wconf 91' lang='lat' dir='ltr'>quos</span> <span class='ocrx_word' id='word_1_98' title='bbox 791 1544 1161 1614; x_wconf 77' lang='lat' dir='ltr'>praemisimus</span> <span class='ocrx_word' id='word_1_99' title='bbox 1205 1544 1424 1613; x_wconf 86' lang='lat' dir='ltr'>scriptis</span> <span class='ocrx_word' id='word_1_100' title='bbox 1467 1552 1522 1598; x_wconf 90' lang='lat' dir='ltr'>et</span> <span class='ocrx_word' id='word_1_101' title='bbox 1552 1544 1807 1614; x_wconf 91' lang='lat' dir='ltr'>pr0posi-</span> 
     </span>
    </p>
   </div>
   <div class='ocr_carea' id='block_1_16' title="bbox 181 1631 1806 1702">
    <p class='ocr_par' dir='ltr' id='par_1_16' title="bbox 181 1631 1806 1702">
     <span class='ocr_line' id='line_1_16' title="bbox 181 1631 1806 1702; baseline -0.002 -13"><span class='ocrx_word' id='word_1_102' title='bbox 181 1634 436 1689; x_wconf 90' lang='lat' dir='ltr'>tionibus</span> <span class='ocrx_word' id='word_1_103' title='bbox 463 1633 686 1688; x_wconf 90' lang='lat' dir='ltr'>litterali</span> <span class='ocrx_word' id='word_1_104' title='bbox 709 1631 892 1687; x_wconf 89' lang='lat' dir='ltr'>ofﬁcio</span> <span class='ocrx_word' id='word_1_105' title='bbox 924 1632 1279 1702; x_wconf 91' lang='lat' dir='ltr'>respondere.</span> <span class='ocrx_word' id='word_1_106' title='bbox 1316 1633 1464 1686; x_wconf 90' lang='lat' dir='ltr'>lnter</span> <span class='ocrx_word' id='word_1_107' title='bbox 1491 1648 1613 1702; x_wconf 59' lang='lat' dir='ltr'>quae</span> <span class='ocrx_word' id='word_1_108' title='bbox 1635 1642 1689 1686; x_wconf 93' lang='lat' dir='ltr'>et</span> <span class='ocrx_word' id='word_1_109' title='bbox 1721 1633 1806 1687; x_wconf 87' lang='lat' dir='ltr'>his</span> 
     </span>
    </p>
   </div>
   <div class='ocr_carea' id='block_1_17' title="bbox 183 1724 1802 1798">
    <p class='ocr_par' dir='ltr' id='par_1_17' title="bbox 183 1724 1802 1798">
     <span class='ocr_line' id='line_1_17' title="bbox 183 1724 1802 1798; baseline -0.001 -17"><span class='ocrx_word' id='word_1_110' title='bbox 183 1726 444 1796; x_wconf 89' lang='lat' dir='ltr'>capitulis</span> <span class='ocrx_word' id='word_1_111' title='bbox 473 1740 596 1796; x_wconf 64' lang='lat' dir='ltr'>quae</span> <span class='ocrx_word' id='word_1_112' title='bbox 630 1724 792 1779; x_wconf 91' lang='lat' dir='ltr'>nobis</span> <span class='ocrx_word' id='word_1_113' title='bbox 817 1740 1000 1794; x_wconf 91' lang='lat' dir='ltr'>nuper</span> <span class='ocrx_word' id='word_1_114' title='bbox 1039 1725 1290 1789; x_wconf 89' lang='lat' dir='ltr'>dedistis,</span> <span class='ocrx_word' id='word_1_115' title='bbox 1323 1740 1421 1793; x_wconf 94' lang='lat' dir='ltr'>pro</span> <span class='ocrx_word' id='word_1_116' title='bbox 1453 1725 1621 1779; x_wconf 91' lang='lat' dir='ltr'>nostri</span> <span class='ocrx_word' id='word_1_117' title='bbox 1650 1725 1802 1798; x_wconf 90' lang='lat' dir='ltr'>inge-</span> 
     </span>
    </p>
   </div>
   <div class='ocr_carea' id='block_1_18' title="bbox 1902 623 3524 702">
    <p class='ocr_par' dir='ltr' id='par_1_18' title="bbox 1902 623 3524 702">
     <span class='ocr_line' id='line_1_18' title="bbox 1902 623 3524 702; baseline -0.008 -14"><span class='ocrx_word' id='word_1_118' title='bbox 1902 635 2048 690; x_wconf 91' lang='lat' dir='ltr'>bona</span> <span class='ocrx_word' id='word_1_119' title='bbox 2078 634 2146 688; x_wconf 92' lang='lat' dir='ltr'>ab</span> <span class='ocrx_word' id='word_1_120' title='bbox 2198 630 2459 702; x_wconf 81' lang='lat' dir='ltr'>Apostolo</span> <span class='ocrx_word' id='word_1_121' title='bbox 2491 635 2546 684; x_wconf 90' lang='lat' dir='ltr'>et</span> <span class='ocrx_word' id='word_1_122' title='bbox 2577 627 2716 684; x_wconf 88' lang='lat' dir='ltr'>ﬁdes</span> <span class='ocrx_word' id='word_1_123' title='bbox 2770 628 3224 691; x_wconf 90' lang='lat' dir='ltr'>connumeratur)</span> <span class='ocrx_word' id='word_1_124' title='bbox 3257 623 3407 677; x_wconf 88' lang='lat' dir='ltr'>venit</span> <span class='ocrx_word' id='word_1_125' title='bbox 3455 623 3524 676; x_wconf 91' lang='lat' dir='ltr'>ad</span> 
     </span>
    </p>
   </div>
   <div class='ocr_carea' id='block_1_19' title="bbox 1901 716 3526 792">
    <p class='ocr_par' dir='ltr' id='par_1_19' title="bbox 1901 716 3526 792">
     <span class='ocr_line' id='line_1_19' title="bbox 1901 716 3526 792; baseline -0.009 -8"><span class='ocrx_word' id='word_1_126' title='bbox 1901 730 2103 790; x_wconf 89' lang='lat' dir='ltr'>lucem,</span> <span class='ocrx_word' id='word_1_127' title='bbox 2139 735 2196 781; x_wconf 93' lang='lat' dir='ltr'>ut</span> <span class='ocrx_word' id='word_1_128' title='bbox 2249 724 2671 780; x_wconf 90' lang='lat' dir='ltr'>manifestentur</span> <span class='ocrx_word' id='word_1_129' title='bbox 2727 739 2896 792; x_wconf 91' lang='lat' dir='ltr'>opera</span> <span class='ocrx_word' id='word_1_130' title='bbox 2937 721 3080 791; x_wconf 89' lang='lat' dir='ltr'>ejus,</span> <span class='ocrx_word' id='word_1_131' title='bbox 3141 719 3270 789; x_wconf 84' lang='lat' dir='ltr'>quia</span> <span class='ocrx_word' id='word_1_132' title='bbox 3301 717 3356 770; x_wconf 91' lang='lat' dir='ltr'>in</span> <span class='ocrx_word' id='word_1_133' title='bbox 3414 716 3526 770; x_wconf 91' lang='lat' dir='ltr'>Deo</span> 
     </span>
    </p>
   </div>
   <div class='ocr_carea' id='block_1_20' title="bbox 1901 808 3526 882">
    <p class='ocr_par' dir='ltr' id='par_1_20' title="bbox 1901 808 3526 882">
     <span class='ocr_line' id='line_1_20' title="bbox 1901 808 3526 882; baseline -0.009 -10"><span class='ocrx_word' id='word_1_134' title='bbox 1901 828 2030 872; x_wconf 89' lang='lat' dir='ltr'>sunt</span> <span class='ocrx_word' id='word_1_135' title='bbox 2058 818 2200 872; x_wconf 86' lang='lat' dir='ltr'>facta</span> <span class='ocrx_word' id='word_1_136' title='bbox 2230 817 2410 882; x_wconf 83' lang='lat' dir='ltr'>(Joan.</span> <span class='ocrx_word' id='word_1_137' title='bbox 2457 832 2538 880; x_wconf 89' lang='grc' dir='ltr'>ιιι,</span> <span class='ocrx_word' id='word_1_138' title='bbox 2570 814 2677 882; x_wconf 78' lang='grc'>21).</span> <span class='ocrx_word' id='word_1_139' title='bbox 2712 812 2818 866; x_wconf 86' lang='lat' dir='ltr'>Sed</span> <span class='ocrx_word' id='word_1_140' title='bbox 2865 819 2919 865; x_wconf 92' lang='lat' dir='ltr'>et</span> <span class='ocrx_word' id='word_1_141' title='bbox 2952 810 3043 864; x_wconf 91' lang='lat' dir='ltr'>ille</span> <span class='ocrx_word' id='word_1_142' title='bbox 3067 808 3387 879; x_wconf 88' lang='lat' dir='ltr'>quicunque</span> <span class='ocrx_word' id='word_1_143' title='bbox 3419 814 3526 872; x_wconf 86' lang='lat' dir='ltr'>est,</span> 
     </span>
    </p>
   </div>
   <div class='ocr_carea' id='block_1_21' title="bbox 1906 897 3524 969">
    <p class='ocr_par' dir='ltr' id='par_1_21' title="bbox 1906 897 3524 969">
     <span class='ocr_line' id='line_1_21' title="bbox 1906 897 3524 969; baseline -0.009 -8"><span class='ocrx_word' id='word_1_144' title='bbox 1906 907 1952 961; x_wconf 89' lang='lat' dir='ltr'>si</span> <span class='ocrx_word' id='word_1_145' title='bbox 1999 907 2066 960; x_wconf 90' lang='lat' dir='ltr'>ad</span> <span class='ocrx_word' id='word_1_146' title='bbox 2098 907 2274 960; x_wconf 90' lang='lat' dir='ltr'>lucem</span> <span class='ocrx_word' id='word_1_147' title='bbox 2331 904 2567 969; x_wconf 85' lang='lat' dir='ltr'>venerit,</span> <span class='ocrx_word' id='word_1_148' title='bbox 2610 912 2664 956; x_wconf 91' lang='lat' dir='ltr'>et</span> <span class='ocrx_word' id='word_1_149' title='bbox 2717 900 2932 956; x_wconf 84' lang='lat' dir='ltr'>veritati</span> <span class='ocrx_word' id='word_1_150' title='bbox 2965 915 3028 953; x_wconf 85' lang='lat' dir='ltr'>ex</span> <span class='ocrx_word' id='word_1_151' title='bbox 3091 897 3257 951; x_wconf 89' lang='lat' dir='ltr'>corde</span> <span class='ocrx_word' id='word_1_152' title='bbox 3289 911 3524 949; x_wconf 90' lang='lat' dir='ltr'>consen-</span> 
     </span>
    </p>
   </div>
   <div class='ocr_carea' id='block_1_22' title="bbox 1907 985 3522 1062">
    <p class='ocr_par' dir='ltr' id='par_1_22' title="bbox 1907 985 3522 1062">
     <span class='ocr_line' id='line_1_22' title="bbox 1907 985 3522 1062; baseline -0.007 -13"><span class='ocrx_word' id='word_1_153' title='bbox 1907 996 2058 1062; x_wconf 90' lang='lat' dir='ltr'>serit,</span> <span class='ocrx_word' id='word_1_154' title='bbox 2091 1010 2216 1049; x_wconf 91' lang='lat' dir='ltr'>esse</span> <span class='ocrx_word' id='word_1_155' title='bbox 2248 994 2394 1047; x_wconf 82' lang='lat' dir='ltr'>filius</span> <span class='ocrx_word' id='word_1_156' title='bbox 2426 993 2565 1047; x_wconf 88' lang='lat' dir='ltr'>lucis</span> <span class='ocrx_word' id='word_1_157' title='bbox 2615 991 2836 1061; x_wconf 88' lang='lat' dir='ltr'>poterit.</span> <span class='ocrx_word' id='word_1_158' title='bbox 2866 988 2920 1042; x_wconf 88' lang='lat' dir='ltr'>Si</span> <span class='ocrx_word' id='word_1_159' title='bbox 2977 997 3164 1041; x_wconf 76' lang='lat' dir='ltr'>autem</span> <span class='ocrx_word' id='word_1_160' title='bbox 3198 993 3253 1040; x_wconf 89' lang='lat' dir='ltr'>et</span> <span class='ocrx_word' id='word_1_161' title='bbox 3283 985 3522 1054; x_wconf 88' lang='lat' dir='ltr'>pertina-</span> 
     </span>
    </p>
   </div>
   <div class='ocr_carea' id='block_1_23' title="bbox 1907 1077 3524 1152">
    <p class='ocr_par' dir='ltr' id='par_1_23' title="bbox 1907 1077 3524 1152">
     <span class='ocr_line' id='line_1_23' title="bbox 1907 1077 3524 1152; baseline -0.007 -10"><span class='ocrx_word' id='word_1_162' title='bbox 1907 1088 2044 1143; x_wconf 87' lang='lat' dir='ltr'>citer</span> <span class='ocrx_word' id='word_1_163' title='bbox 2085 1085 2480 1142; x_wconf 85' lang='lat' dir='ltr'>contradixcrit</span> <span class='ocrx_word' id='word_1_164' title='bbox 2526 1083 2765 1147; x_wconf 80' lang='lat' dir='ltr'>veritati,</span> <span class='ocrx_word' id='word_1_165' title='bbox 2805 1083 2924 1152; x_wconf 89' lang='lat' dir='ltr'>ipse</span> <span class='ocrx_word' id='word_1_166' title='bbox 2975 1081 3030 1133; x_wconf 93' lang='lat' dir='ltr'>in</span> <span class='ocrx_word' id='word_1_167' title='bbox 3071 1077 3394 1133; x_wconf 89' lang='lat' dir='ltr'>inﬁdelitate</span> <span class='ocrx_word' id='word_1_168' title='bbox 3426 1095 3524 1132; x_wconf 90' lang='lat' dir='ltr'>sua</span> 
     </span>
    </p>
   </div>
   <div class='ocr_carea' id='block_1_24' title="bbox 1907 1160 3523 1231">
    <p class='ocr_par' dir='ltr' id='par_1_24' title="bbox 1907 1160 3523 1231">
     <span class='ocr_line' id='line_1_24' title="bbox 1907 1160 3523 1231; baseline -0.007 0"><span class='ocrx_word' id='word_1_169' title='bbox 1907 1184 1960 1231; x_wconf 90' lang='lat' dir='ltr'>et</span> <span class='ocrx_word' id='word_1_170' title='bbox 2004 1160 2377 1231; x_wconf 87' lang='lat' dir='ltr'>contentionis</span> <span class='ocrx_word' id='word_1_171' title='bbox 2417 1191 2530 1229; x_wconf 62' lang='lat' dir='ltr'>suae</span> <span class='ocrx_word' id='word_1_172' title='bbox 2586 1173 2845 1229; x_wconf 88' lang='lat' dir='ltr'>vecordia</span> <span class='ocrx_word' id='word_1_173' title='bbox 2894 1170 3134 1226; x_wconf 64' lang='lat' dir='ltr'>haeretici</span> <span class='ocrx_word' id='word_1_174' title='bbox 3181 1169 3289 1222; x_wconf 84' lang='lat' dir='ltr'>sibi</span> <span class='ocrx_word' id='word_1_175' title='bbox 3321 1184 3523 1222; x_wconf 88' lang='lat' dir='ltr'>nomen</span> 
     </span>
    </p>
   </div>
   <div class='ocr_carea' id='block_1_25' title="bbox 1909 1263 3522 1341">
    <p class='ocr_par' dir='ltr' id='par_1_25' title="bbox 1909 1263 3522 1341">
     <span class='ocr_line' id='line_1_25' title="bbox 1909 1263 3522 1341; baseline -0.006 -17"><span class='ocrx_word' id='word_1_176' title='bbox 1909 1271 2180 1340; x_wconf 90' lang='lat' dir='ltr'>imponet,</span> <span class='ocrx_word' id='word_1_177' title='bbox 2214 1271 2344 1341; x_wconf 88' lang='lat' dir='ltr'>quia</span> <span class='ocrx_word' id='word_1_178' title='bbox 2368 1285 2479 1325; x_wconf 92' lang='lat' dir='ltr'>non</span> <span class='ocrx_word' id='word_1_179' title='bbox 2501 1269 2681 1324; x_wconf 88' lang='lat' dir='ltr'>statim</span> <span class='ocrx_word' id='word_1_180' title='bbox 2709 1267 3050 1332; x_wconf 67' lang='lat' dir='ltr'>haereticum,</span> <span class='ocrx_word' id='word_1_181' title='bbox 3075 1263 3222 1334; x_wconf 90' lang='lat' dir='ltr'>quod</span> <span class='ocrx_word' id='word_1_182' title='bbox 3254 1263 3522 1338; x_wconf 85' lang='lat' dir='ltr'>ignoran-</span> 
     </span>
    </p>
   </div>
   <div class='ocr_carea' id='block_1_26' title="bbox 1909 1357 3523 1428">
    <p class='ocr_par' dir='ltr' id='par_1_26' title="bbox 1909 1357 3523 1428">
     <span class='ocr_line' id='line_1_26' title="bbox 1909 1357 3523 1428; baseline -0.005 -10"><span class='ocrx_word' id='word_1_183' title='bbox 1909 1371 2046 1418; x_wconf 91' lang='lat' dir='ltr'>tera</span> <span class='ocrx_word' id='word_1_184' title='bbox 2090 1363 2197 1418; x_wconf 88' lang='lat' dir='ltr'>ﬁde</span> <span class='ocrx_word' id='word_1_185' title='bbox 2227 1365 2464 1418; x_wconf 87' lang='lat' dir='ltr'>sentitur</span> <span class='ocrx_word' id='word_1_186' title='bbox 2499 1364 2799 1428; x_wconf 88' lang='lat' dir='ltr'>diversum,</span> <span class='ocrx_word' id='word_1_187' title='bbox 2838 1361 2882 1414; x_wconf 90' lang='lat' dir='ltr'>si</span> <span class='ocrx_word' id='word_1_188' title='bbox 2942 1377 3053 1415; x_wconf 93' lang='lat' dir='ltr'>non</span> <span class='ocrx_word' id='word_1_189' title='bbox 3109 1357 3202 1412; x_wconf 83' lang='lat' dir='ltr'>ﬁat</span> <span class='ocrx_word' id='word_1_190' title='bbox 3256 1357 3523 1428; x_wconf 89' lang='lat' dir='ltr'>pertinaci</span> 
     </span>
    </p>
   </div>
   <div class='ocr_carea' id='block_1_27' title="bbox 1906 1459 2712 1514">
    <p class='ocr_par' dir='ltr' id='par_1_27' title="bbox 1906 1459 2712 1514">
     <span class='ocr_line' id='line_1_27' title="bbox 1906 1459 2712 1514; baseline -0.001 -2"><span class='ocrx_word' id='word_1_191' title='bbox 1906 1459 2263 1513; x_wconf 90' lang='lat' dir='ltr'>contentione</span> <span class='ocrx_word' id='word_1_192' title='bbox 2303 1459 2641 1514; x_wconf 76' lang='lat' dir='ltr'>luereticum.</span> <span class='ocrx_word' id='word_1_193' title='bbox 2685 1479 2712 1506; x_wconf 79' lang='grc' dir='ltr'>ιι</span> 
     </span>
    </p>
   </div>
   <div class='ocr_carea' id='block_1_28' title="bbox 1907 1549 3522 1690">
    <p class='ocr_par' dir='ltr' id='par_1_28' title="bbox 1907 1549 3522 1690">
     <span class='ocr_line' id='line_1_28' title="bbox 1907 1549 3522 1690; baseline -0.004 -16"><span class='ocrx_word' id='word_1_194' title='bbox 1907 1624 1980 1675; x_wconf 86' lang='lat' dir='ltr'>De</span> <span class='ocrx_word' id='word_1_195' title='bbox 1994 1623 2198 1690; x_wconf 80' lang='lat' dir='ltr'>synodo</span> <span class='ocrx_word' id='word_1_196' title='bbox 2212 1637 2306 1676; x_wconf 72' lang='lat' dir='ltr'>sea:</span> <span class='ocrx_word' id='word_1_197' title='bbox 2316 1550 2725 1690; x_wconf 48' lang='grc' dir='ltr'>ρνουίηξὲιῗοὲἶι</span> <span class='ocrx_word' id='word_1_198' title='bbox 2945 1620 3092 1688; x_wconf 81' lang='lat' dir='ltr'>apud</span> <span class='ocrx_word' id='word_1_199' title='bbox 3107 1620 3297 1672; x_wconf 80' lang='lat' dir='ltr'>Trecas</span> <span class='ocrx_word' id='word_1_200' title='bbox 3315 1615 3522 1669; x_wconf 79' lang='lat' dir='ltr'>habita.</span> 
     </span>
    </p>
   </div>
   <div class='ocr_carea' id='block_1_29' title="bbox 1978 1731 3529 1806">
    <p class='ocr_par' dir='ltr' id='par_1_29' title="bbox 1978 1731 3529 1806">
     <span class='ocr_line' id='line_1_29' title="bbox 1978 1731 3529 1806; baseline -0.005 -18"><span class='ocrx_word' id='word_1_201' title='bbox 1978 1736 2134 1790; x_wconf 88' lang='lat' dir='ltr'>Anno</span> <span class='ocrx_word' id='word_1_202' title='bbox 2175 1737 2416 1806; x_wconf 84' lang='lat' dir='ltr'>denique</span> <span class='ocrx_word' id='word_1_203' title='bbox 2448 1736 2746 1790; x_wconf 71' lang='lat' dir='ltr'>Dominicze</span> <span class='ocrx_word' id='word_1_204' title='bbox 2770 1733 3164 1789; x_wconf 85' lang='lat' dir='ltr'>incarnationis</span> <span class='ocrx_word' id='word_1_205' title='bbox 3185 1731 3529 1802; x_wconf 85' lang='lat' dir='ltr'>octingente-</span> 
     </span>
    </p>
   </div>
   <div class='ocr_carea' id='block_1_30' title="bbox 183 1812 3523 1902">
    <p class='ocr_par' dir='ltr' id='par_1_30' title="bbox 183 1812 3523 1902">
     <span class='ocr_line' id='line_1_30' title="bbox 183 1812 3523 1902; baseline -0.001 -24"><span class='ocrx_word' id='word_1_206' title='bbox 183 1815 316 1869; x_wconf 78' lang='lat' dir='ltr'>niOli</span> <span class='ocrx_word' id='word_1_207' title='bbox 349 1813 676 1885; x_wconf 67' lang='grc' dir='ltr'>οθρᾶεὶῑδῑεν</span> <span class='ocrx_word' id='word_1_208' title='bbox 708 1813 811 1868; x_wconf 76' lang='lat' dir='ltr'>SUb</span> <span class='ocrx_word' id='word_1_209' title='bbox 843 1812 1127 1867; x_wconf 70' lang='lat' dir='ltr'>dUbielale</span> <span class='ocrx_word' id='word_1_210' title='bbox 1159 1819 1366 1877; x_wconf 58' lang='lat' dir='ltr'>tamen,</span> <span class='ocrx_word' id='word_1_211' title='bbox 1399 1813 1806 1882; x_wconf 61' lang='lat' dir='ltr'>respondimus;</span> <span class='ocrx_word' id='word_1_212' title='bbox 1833 1819 1884 1887; x_wconf 91' lang='lat' dir='ltr'>B</span> <span class='ocrx_word' id='word_1_213' title='bbox 1907 1827 2046 1883; x_wconf 91' lang='lat' dir='ltr'>simo</span> <span class='ocrx_word' id='word_1_214' title='bbox 2088 1827 2433 1902; x_wconf 80' lang='lat' dir='ltr'>sexagesimo</span> <span class='ocrx_word' id='word_1_215' title='bbox 2490 1827 2754 1897; x_wconf 91' lang='lat' dir='ltr'>septimo,</span> <span class='ocrx_word' id='word_1_216' title='bbox 2819 1827 3062 1897; x_wconf 86' lang='lat' dir='ltr'>synodus</span> <span class='ocrx_word' id='word_1_217' title='bbox 3117 1822 3523 1894; x_wconf 89' lang='lat' dir='ltr'>provinciarum</span> 
     </span>
    </p>
   </div>
   <div class='ocr_carea' id='block_1_31' title="bbox 181 1899 1803 1973">
    <p class='ocr_par' dir='ltr' id='par_1_31' title="bbox 181 1899 1803 1973">
     <span class='ocr_line' id='line_1_31' title="bbox 181 1899 1803 1973; baseline 0.001 -19"><span class='ocrx_word' id='word_1_218' title='bbox 181 1903 310 1973; x_wconf 91' lang='lat' dir='ltr'>quia</span> <span class='ocrx_word' id='word_1_219' title='bbox 339 1917 451 1956; x_wconf 93' lang='lat' dir='ltr'>non</span> <span class='ocrx_word' id='word_1_220' title='bbox 477 1901 815 1956; x_wconf 90' lang='lat' dir='ltr'>credidimus</span> <span class='ocrx_word' id='word_1_221' title='bbox 849 1917 863 1965; x_wconf 92' lang='lat'><strong>;</strong></span> <span class='ocrx_word' id='word_1_222' title='bbox 897 1907 956 1954; x_wconf 92' lang='lat' dir='ltr'>ut</span> <span class='ocrx_word' id='word_1_223' title='bbox 987 1899 1180 1954; x_wconf 87' lang='lat' dir='ltr'>fratres</span> <span class='ocrx_word' id='word_1_224' title='bbox 1209 1907 1264 1954; x_wconf 91' lang='lat' dir='ltr'>et</span> <span class='ocrx_word' id='word_1_225' title='bbox 1294 1900 1610 1970; x_wconf 90' lang='lat' dir='ltr'>coepiscopi</span> <span class='ocrx_word' id='word_1_226' title='bbox 1635 1903 1803 1956; x_wconf 91' lang='lat' dir='ltr'>nostri</span> 
     </span>
    </p>
   </div>
   <div class='ocr_carea' id='block_1_32' title="bbox 183 1988 1806 2062">
    <p class='ocr_par' dir='ltr' id='par_1_32' title="bbox 183 1988 1806 2062">
     <span class='ocr_line' id='line_1_32' title="bbox 183 1988 1806 2062; baseline -0.001 -16"><span class='ocrx_word' id='word_1_227' title='bbox 183 1999 375 2046; x_wconf 91' lang='lat' dir='ltr'>contra</span> <span class='ocrx_word' id='word_1_228' title='bbox 409 1990 629 2062; x_wconf 87' lang='lat' dir='ltr'>regulas</span> <span class='ocrx_word' id='word_1_229' title='bbox 659 1988 1061 2044; x_wconf 87' lang='lat' dir='ltr'>ecclesiasticas</span> <span class='ocrx_word' id='word_1_230' title='bbox 1092 1989 1384 2043; x_wconf 90' lang='lat' dir='ltr'>adversum</span> <span class='ocrx_word' id='word_1_231' title='bbox 1427 2004 1528 2042; x_wconf 89' lang='lat' dir='ltr'>nos</span> <span class='ocrx_word' id='word_1_232' title='bbox 1559 1989 1687 2043; x_wconf 90' lang='lat' dir='ltr'>talia</span> <span class='ocrx_word' id='word_1_233' title='bbox 1713 1991 1806 2045; x_wconf 89' lang='lat' dir='ltr'>de-</span> 
     </span>
    </p>
   </div>
   <div class='ocr_carea' id='block_1_33' title="bbox 178 2078 1805 2152">
    <p class='ocr_par' dir='ltr' id='par_1_33' title="bbox 178 2078 1805 2152">
     <span class='ocr_line' id='line_1_33' title="bbox 178 2078 1805 2152; baseline 0.001 -19"><span class='ocrx_word' id='word_1_234' title='bbox 178 2081 435 2134; x_wconf 90' lang='lat' dir='ltr'>buissent</span> <span class='ocrx_word' id='word_1_235' title='bbox 467 2078 844 2145; x_wconf 87' lang='lat' dir='ltr'>conscribere,</span> <span class='ocrx_word' id='word_1_236' title='bbox 887 2078 1188 2148; x_wconf 72' lang='lat' dir='ltr'>praesertim</span> <span class='ocrx_word' id='word_1_237' title='bbox 1230 2093 1352 2132; x_wconf 91' lang='lat' dir='ltr'>cum</span> <span class='ocrx_word' id='word_1_238' title='bbox 1395 2093 1505 2133; x_wconf 92' lang='lat' dir='ltr'>non</span> <span class='ocrx_word' id='word_1_239' title='bbox 1549 2079 1805 2152; x_wconf 81' lang='lat' dir='ltr'>ignorent</span> 
     </span>
    </p>
   </div>
   <div class='ocr_carea' id='block_1_34' title="bbox 177 2165 1800 2244">
    <p class='ocr_par' dir='ltr' id='par_1_34' title="bbox 177 2165 1800 2244">
     <span class='ocr_line' id='line_1_34' title="bbox 177 2165 1800 2244; baseline 0.001 -18"><span class='ocrx_word' id='word_1_240' title='bbox 177 2165 482 2228; x_wconf 87' lang='lat' dir='ltr'>Dominicis</span> <span class='ocrx_word' id='word_1_241' title='bbox 520 2170 959 2226; x_wconf 87' lang='lat' dir='ltr'>institutionibus</span> <span class='ocrx_word' id='word_1_242' title='bbox 998 2178 1052 2224; x_wconf 90' lang='lat' dir='ltr'>et</span> <span class='ocrx_word' id='word_1_243' title='bbox 1098 2170 1317 2244; x_wconf 80' lang='lat' dir='ltr'>legibus</span> <span class='ocrx_word' id='word_1_244' title='bbox 1362 2179 1552 2228; x_wconf 90' lang='lat' dir='ltr'>saneto</span> <span class='ocrx_word' id='word_1_245' title='bbox 1595 2174 1800 2244; x_wconf 89' lang='lat' dir='ltr'>Spiritu</span> 
     </span>
    </p>
   </div>
   <div class='ocr_carea' id='block_1_35' title="bbox 178 2265 1804 2340">
    <p class='ocr_par' dir='ltr' id='par_1_35' title="bbox 178 2265 1804 2340">
     <span class='ocr_line' id='line_1_35' title="bbox 178 2265 1804 2340; baseline 0.001 -18"><span class='ocrx_word' id='word_1_246' title='bbox 178 2267 548 2340; x_wconf 87' lang='lat' dir='ltr'>promulgatis</span> <span class='ocrx_word' id='word_1_247' title='bbox 569 2265 851 2336; x_wconf 74' lang='lat' dir='ltr'>praeﬁxum</span> <span class='ocrx_word' id='word_1_248' title='bbox 878 2281 1024 2331; x_wconf 89' lang='lat' dir='ltr'>esse,</span> <span class='ocrx_word' id='word_1_249' title='bbox 1058 2265 1295 2336; x_wconf 89' lang='lat' dir='ltr'>qualiter</span> <span class='ocrx_word' id='word_1_250' title='bbox 1322 2267 1439 2320; x_wconf 92' lang='lat' dir='ltr'>siin</span> <span class='ocrx_word' id='word_1_251' title='bbox 1472 2284 1620 2338; x_wconf 65' lang='lat' dir='ltr'>saepe</span> <span class='ocrx_word' id='word_1_252' title='bbox 1648 2268 1804 2323; x_wconf 87' lang='lat' dir='ltr'>factis</span> 
     </span>
    </p>
   </div>
   <div class='ocr_carea' id='block_1_36' title="bbox 178 2357 1806 2432">
    <p class='ocr_par' dir='ltr' id='par_1_36' title="bbox 178 2357 1806 2432">
     <span class='ocr_line' id='line_1_36' title="bbox 178 2357 1806 2432; baseline -0.001 -16"><span class='ocrx_word' id='word_1_253' title='bbox 178 2360 440 2432; x_wconf 90' lang='lat' dir='ltr'>capitulis</span> <span class='ocrx_word' id='word_1_254' title='bbox 461 2358 591 2413; x_wconf 87' lang='lat' dir='ltr'>ﬁdei</span> <span class='ocrx_word' id='word_1_255' title='bbox 613 2357 1064 2428; x_wconf 89' lang='lat' dir='ltr'>obloqueremur,</span> <span class='ocrx_word' id='word_1_256' title='bbox 1083 2372 1186 2412; x_wconf 90' lang='lat' dir='ltr'>nos</span> <span class='ocrx_word' id='word_1_257' title='bbox 1211 2358 1567 2428; x_wconf 87' lang='lat' dir='ltr'>compellere,</span> <span class='ocrx_word' id='word_1_258' title='bbox 1592 2367 1646 2414; x_wconf 92' lang='lat' dir='ltr'>et</span> <span class='ocrx_word' id='word_1_259' title='bbox 1677 2369 1806 2415; x_wconf 89' lang='lat' dir='ltr'>tunc</span> 
     </span>
    </p>
   </div>
   <div class='ocr_carea' id='block_1_37' title="bbox 179 2446 1805 2520">
    <p class='ocr_par' dir='ltr' id='par_1_37' title="bbox 179 2446 1805 2520">
     <span class='ocr_line' id='line_1_37' title="bbox 179 2446 1805 2520; baseline -0.001 -17"><span class='ocrx_word' id='word_1_260' title='bbox 179 2447 438 2520; x_wconf 86' lang='lat' dir='ltr'>synodali</span> <span class='ocrx_word' id='word_1_261' title='bbox 473 2446 688 2517; x_wconf 92' lang='lat' dir='ltr'>judicio</span> <span class='ocrx_word' id='word_1_262' title='bbox 737 2461 858 2512; x_wconf 90' lang='lat' dir='ltr'>nos,</span> <span class='ocrx_word' id='word_1_263' title='bbox 918 2453 1242 2516; x_wconf 90' lang='lat' dir='ltr'>nostrasque</span> <span class='ocrx_word' id='word_1_264' title='bbox 1282 2448 1587 2502; x_wconf 88' lang='lat' dir='ltr'>sententias</span> <span class='ocrx_word' id='word_1_265' title='bbox 1638 2465 1668 2502; x_wconf 90' lang='lat' dir='ltr'>a</span> <span class='ocrx_word' id='word_1_266' title='bbox 1707 2465 1805 2502; x_wconf 90' lang='lat' dir='ltr'>sua</span> 
     </span>
    </p>
   </div>
   <div class='ocr_carea' id='block_1_38' title="bbox 181 2539 1802 2609">
    <p class='ocr_par' dir='ltr' id='par_1_38' title="bbox 181 2539 1802 2609">
     <span class='ocr_line' id='line_1_38' title="bbox 181 2539 1802 2609; baseline -0.001 -14"><span class='ocrx_word' id='word_1_267' title='bbox 181 2541 512 2596; x_wconf 88' lang='lat' dir='ltr'>debuissent</span> <span class='ocrx_word' id='word_1_268' title='bbox 565 2539 960 2594; x_wconf 92' lang='lat' dir='ltr'>communione</span> <span class='ocrx_word' id='word_1_269' title='bbox 997 2539 1293 2609; x_wconf 89' lang='lat' dir='ltr'>explodere</span> <span class='ocrx_word' id='word_1_270' title='bbox 1349 2540 1568 2608; x_wconf 82' lang='lat' dir='ltr'>(Matth.</span> <span class='ocrx_word' id='word_1_271' title='bbox 1619 2557 1802 2604; x_wconf 83' lang='lat' dir='ltr'>xxvm,</span> 
     </span>
    </p>
   </div>
   <div class='ocr_carea' id='block_1_39' title="bbox 181 2628 1804 2702">
    <p class='ocr_par' dir='ltr' id='par_1_39' title="bbox 181 2628 1804 2702">
     <span class='ocr_line' id='line_1_39' title="bbox 181 2628 1804 2702; baseline 0 -18"><span class='ocrx_word' id='word_1_272' title='bbox 181 2633 265 2694; x_wconf 80' lang='lat' dir='ltr'>t9,</span> <span class='ocrx_word' id='word_1_273' title='bbox 307 2631 422 2699; x_wconf 73' lang='lat'>20‘).</span> <span class='ocrx_word' id='word_1_274' title='bbox 458 2629 610 2682; x_wconf 92' lang='lat' dir='ltr'>Nunc</span> <span class='ocrx_word' id='word_1_275' title='bbox 643 2643 774 2683; x_wconf 88' lang='lat' dir='ltr'>vero</span> <span class='ocrx_word' id='word_1_276' title='bbox 806 2628 934 2699; x_wconf 87' lang='lat' dir='ltr'>quia</span> <span class='ocrx_word' id='word_1_277' title='bbox 977 2629 1112 2682; x_wconf 87' lang='lat' dir='ltr'>certi</span> <span class='ocrx_word' id='word_1_278' title='bbox 1152 2645 1365 2694; x_wconf 89' lang='lat' dir='ltr'>sumus,</span> <span class='ocrx_word' id='word_1_279' title='bbox 1397 2630 1484 2684; x_wconf 92' lang='lat' dir='ltr'>cui</span> <span class='ocrx_word' id='word_1_280' title='bbox 1527 2632 1804 2702; x_wconf 86' lang='lat' dir='ltr'>composi-</span> 
     </span>
    </p>
   </div>
   <div class='ocr_carea' id='block_1_40' title="bbox 178 2716 1804 2788">
    <p class='ocr_par' dir='ltr' id='par_1_40' title="bbox 178 2716 1804 2788">
     <span class='ocr_line' id='line_1_40' title="bbox 178 2716 1804 2788; baseline -0.001 -14"><span class='ocrx_word' id='word_1_281' title='bbox 178 2720 312 2774; x_wconf 90' lang='lat' dir='ltr'>tioni</span> <span class='ocrx_word' id='word_1_282' title='bbox 344 2719 623 2773; x_wconf 88' lang='lat' dir='ltr'>debemus</span> <span class='ocrx_word' id='word_1_283' title='bbox 655 2717 724 2770; x_wconf 93' lang='lat' dir='ltr'>de</span> <span class='ocrx_word' id='word_1_284' title='bbox 772 2732 920 2787; x_wconf 72' lang='lat' dir='ltr'>saepe</span> <span class='ocrx_word' id='word_1_285' title='bbox 952 2716 1252 2771; x_wconf 87' lang='lat' dir='ltr'>nominatis</span> <span class='ocrx_word' id='word_1_286' title='bbox 1285 2718 1688 2788; x_wconf 71' lang='lat' dir='ltr'>quaestionibus</span> <span class='ocrx_word' id='word_1_287' title='bbox 1719 2736 1804 2773; x_wconf 89' lang='lat' dir='ltr'>re-</span> 
     </span>
    </p>
   </div>
   <div class='ocr_carea' id='block_1_41' title="bbox 176 2805 1802 2878">
    <p class='ocr_par' dir='ltr' id='par_1_41' title="bbox 176 2805 1802 2878">
     <span class='ocr_line' id='line_1_41' title="bbox 176 2805 1802 2878; baseline 0 -18"><span class='ocrx_word' id='word_1_288' title='bbox 176 2807 482 2878; x_wconf 75' lang='lat' dir='ltr'>spondere,</span> <span class='ocrx_word' id='word_1_289' title='bbox 511 2806 742 2860; x_wconf 83' lang='lat' dir='ltr'>servatis</span> <span class='ocrx_word' id='word_1_290' title='bbox 775 2806 1101 2860; x_wconf 90' lang='lat' dir='ltr'>relationum</span> <span class='ocrx_word' id='word_1_291' title='bbox 1135 2805 1584 2861; x_wconf 89' lang='lat' dir='ltr'>absolutionibus</span> <span class='ocrx_word' id='word_1_292' title='bbox 1614 2815 1802 2862; x_wconf 90' lang='lat' dir='ltr'>contra</span> 
     </span>
    </p>
   </div>
   <div class='ocr_carea' id='block_1_42' title="bbox 176 2897 1800 2970">
    <p class='ocr_par' dir='ltr' id='par_1_42' title="bbox 176 2897 1800 2970">
     <span class='ocr_line' id='line_1_42' title="bbox 176 2897 1800 2970; baseline 0.001 -17"><span class='ocrx_word' id='word_1_293' title='bbox 176 2917 287 2965; x_wconf 90' lang='lat' dir='ltr'>eos,</span> <span class='ocrx_word' id='word_1_294' title='bbox 320 2898 530 2970; x_wconf 89' lang='lat' dir='ltr'>quibus</span> <span class='ocrx_word' id='word_1_295' title='bbox 550 2914 581 2951; x_wconf 93' lang='lat' dir='ltr'>a</span> <span class='ocrx_word' id='word_1_296' title='bbox 605 2905 785 2951; x_wconf 87' lang='lat' dir='ltr'>vestra</span> <span class='ocrx_word' id='word_1_297' title='bbox 808 2897 1209 2963; x_wconf 90' lang='lat' dir='ltr'>dominatione,</span> <span class='ocrx_word' id='word_1_298' title='bbox 1236 2913 1335 2968; x_wconf 90' lang='lat' dir='ltr'>pro</span> <span class='ocrx_word' id='word_1_299' title='bbox 1357 2898 1615 2969; x_wconf 91' lang='lat' dir='ltr'>imposito</span> <span class='ocrx_word' id='word_1_300' title='bbox 1639 2899 1800 2954; x_wconf 89' lang='lat' dir='ltr'>nobis</span> 
     </span>
    </p>
   </div>
   <div class='ocr_carea' id='block_1_43' title="bbox 175 2993 1799 3061">
    <p class='ocr_par' dir='ltr' id='par_1_43' title="bbox 175 2993 1799 3061">
     <span class='ocr_line' id='line_1_43' title="bbox 175 2993 1799 3061; baseline 0.002 -14"><span class='ocrx_word' id='word_1_301' title='bbox 175 2994 504 3059; x_wconf 89' lang='lat' dir='ltr'>ministerio,</span> <span class='ocrx_word' id='word_1_302' title='bbox 548 2993 690 3061; x_wconf 90' lang='lat' dir='ltr'>jussi</span> <span class='ocrx_word' id='word_1_303' title='bbox 733 3009 922 3046; x_wconf 90' lang='lat' dir='ltr'>sumus</span> <span class='ocrx_word' id='word_1_304' title='bbox 984 2993 1231 3061; x_wconf 91' lang='lat' dir='ltr'>redderel</span> <span class='ocrx_word' id='word_1_305' title='bbox 1261 2995 1554 3060; x_wconf 90' lang='lat' dir='ltr'>rationem,</span> <span class='ocrx_word' id='word_1_306' title='bbox 1609 3003 1799 3051; x_wconf 89' lang='lat' dir='ltr'>contra</span> 
     </span>
    </p>
   </div>
   <div class='ocr_carea' id='block_1_44' title="bbox 177 3083 1796 3154">
    <p class='ocr_par' dir='ltr' id='par_1_44' title="bbox 177 3083 1796 3154">
     <span class='ocr_line' id='line_1_44' title="bbox 177 3083 1796 3154; baseline 0.001 -15"><span class='ocrx_word' id='word_1_307' title='bbox 177 3087 289 3141; x_wconf 74' lang='lat' dir='ltr'>haec</span> <span class='ocrx_word' id='word_1_308' title='bbox 343 3092 560 3140; x_wconf 90' lang='lat' dir='ltr'>tantum</span> <span class='ocrx_word' id='word_1_309' title='bbox 621 3083 880 3153; x_wconf 90' lang='lat' dir='ltr'>capitula,</span> <span class='ocrx_word' id='word_1_310' title='bbox 933 3091 1199 3154; x_wconf 89' lang='lat' dir='ltr'>quantum</span> <span class='ocrx_word' id='word_1_311' title='bbox 1231 3100 1296 3137; x_wconf 91' lang='lat' dir='ltr'>ex</span> <span class='ocrx_word' id='word_1_312' title='bbox 1346 3085 1508 3140; x_wconf 89' lang='lat' dir='ltr'>nobis</span> <span class='ocrx_word' id='word_1_313' title='bbox 1537 3093 1620 3140; x_wconf 90' lang='lat' dir='ltr'>est</span> <span class='ocrx_word' id='word_1_314' title='bbox 1673 3103 1796 3140; x_wconf 92' lang='lat' dir='ltr'>cum</span> 
     </span>
    </p>
   </div>
   <div class='ocr_carea' id='block_1_45' title="bbox 177 3174 1798 3245">
    <p class='ocr_par' dir='ltr' id='par_1_45' title="bbox 177 3174 1798 3245">
     <span class='ocr_line' id='line_1_45' title="bbox 177 3174 1798 3245; baseline 0.002 -15"><span class='ocrx_word' id='word_1_315' title='bbox 177 3177 436 3230; x_wconf 87' lang='lat' dir='ltr'>omnibus</span> <span class='ocrx_word' id='word_1_316' title='bbox 471 3191 664 3245; x_wconf 89' lang='lat' dir='ltr'>pacem</span> <span class='ocrx_word' id='word_1_317' title='bbox 697 3174 966 3228; x_wconf 89' lang='lat' dir='ltr'>habentes</span> <span class='ocrx_word' id='word_1_318' title='bbox 1002 3177 1300 3243; x_wconf 52' lang='lat' dir='ltr'>(Remum,</span> <span class='ocrx_word' id='word_1_319' title='bbox 1340 3177 1448 3243; x_wconf 79' lang='lat'>18),</span> <span class='ocrx_word' id='word_1_320' title='bbox 1484 3193 1546 3230; x_wconf 64' lang='lat' dir='ltr'>ex</span> <span class='ocrx_word' id='word_1_321' title='bbox 1579 3187 1798 3232; x_wconf 88' lang='lat' dir='ltr'>sancta-</span> 
     </span>
    </p>
   </div>
   <div class='ocr_carea' id='block_1_46' title="bbox 176 3263 1800 3336">
    <p class='ocr_par' dir='ltr' id='par_1_46' title="bbox 176 3263 1800 3336">
     <span class='ocr_line' id='line_1_46' title="bbox 176 3263 1800 3336; baseline 0.001 -15"><span class='ocrx_word' id='word_1_322' title='bbox 176 3283 291 3321; x_wconf 90' lang='lat' dir='ltr'>rum</span> <span class='ocrx_word' id='word_1_323' title='bbox 323 3266 732 3336; x_wconf 87' lang='lat' dir='ltr'>Scripturarum</span> <span class='ocrx_word' id='word_1_324' title='bbox 777 3263 1121 3330; x_wconf 88' lang='lat' dir='ltr'>auctoritate,</span> <span class='ocrx_word' id='word_1_325' title='bbox 1173 3271 1227 3319; x_wconf 90' lang='lat' dir='ltr'>et</span> <span class='ocrx_word' id='word_1_326' title='bbox 1265 3267 1660 3322; x_wconf 88' lang='lat' dir='ltr'>catholicorum</span> <span class='ocrx_word' id='word_1_327' title='bbox 1702 3269 1800 3322; x_wconf 90' lang='lat' dir='ltr'>Pa-</span> 
     </span>
    </p>
   </div>
   <div class='ocr_carea' id='block_1_47' title="bbox 178 3355 1797 3429">
    <p class='ocr_par' dir='ltr' id='par_1_47' title="bbox 178 3355 1797 3429">
     <span class='ocr_line' id='line_1_47' title="bbox 178 3355 1797 3429; baseline 0.001 -16"><span class='ocrx_word' id='word_1_328' title='bbox 178 3368 312 3414; x_wconf 92' lang='lat' dir='ltr'>trum</span> <span class='ocrx_word' id='word_1_329' title='bbox 367 3356 670 3413; x_wconf 89' lang='lat' dir='ltr'>sententiis</span> <span class='ocrx_word' id='word_1_330' title='bbox 709 3355 1034 3426; x_wconf 91' lang='lat' dir='ltr'>simpliciter</span> <span class='ocrx_word' id='word_1_331' title='bbox 1089 3359 1431 3429; x_wconf 90' lang='lat' dir='ltr'>respondere</span> <span class='ocrx_word' id='word_1_332' title='bbox 1462 3361 1797 3426; x_wconf 83' lang='lat' dir='ltr'>curabimus,</span> 
     </span>
    </p>
   </div>
   <div class='ocr_carea' id='block_1_48' title="bbox 178 3445 1799 3520">
    <p class='ocr_par' dir='ltr' id='par_1_48' title="bbox 178 3445 1799 3520">
     <span class='ocr_line' id='line_1_48' title="bbox 178 3445 1799 3520; baseline 0.001 -17"><span class='ocrx_word' id='word_1_333' title='bbox 178 3456 231 3503; x_wconf 92' lang='lat' dir='ltr'>ut</span> <span class='ocrx_word' id='word_1_334' title='bbox 270 3449 357 3503; x_wconf 90' lang='lat' dir='ltr'>cui</span> <span class='ocrx_word' id='word_1_335' title='bbox 403 3448 550 3502; x_wconf 91' lang='lat' dir='ltr'>forte</span> <span class='ocrx_word' id='word_1_336' title='bbox 580 3445 766 3501; x_wconf 87' lang='lat' dir='ltr'>omnia</span> <span class='ocrx_word' id='word_1_337' title='bbox 799 3445 889 3499; x_wconf 92' lang='lat' dir='ltr'>illa</span> <span class='ocrx_word' id='word_1_338' title='bbox 919 3447 1100 3520; x_wconf 88' lang='lat' dir='ltr'>legere</span> <span class='ocrx_word' id='word_1_339' title='bbox 1159 3461 1270 3503; x_wconf 92' lang='lat' dir='ltr'>non</span> <span class='ocrx_word' id='word_1_340' title='bbox 1303 3447 1518 3503; x_wconf 88' lang='lat' dir='ltr'>licuerit</span> <span class='ocrx_word' id='word_1_341' title='bbox 1574 3451 1659 3503; x_wconf 92' lang='lat' dir='ltr'>vel</span> <span class='ocrx_word' id='word_1_342' title='bbox 1689 3467 1799 3506; x_wconf 92' lang='lat' dir='ltr'>non</span> 
     </span>
    </p>
   </div>
   <div class='ocr_carea' id='block_1_49' title="bbox 179 3535 1797 3607">
    <p class='ocr_par' dir='ltr' id='par_1_49' title="bbox 179 3535 1797 3607">
     <span class='ocr_line' id='line_1_49' title="bbox 179 3535 1797 3607; baseline 0.002 -17"><span class='ocrx_word' id='word_1_343' title='bbox 179 3539 421 3604; x_wconf 89' lang='lat' dir='ltr'>libuerit,</span> <span class='ocrx_word' id='word_1_344' title='bbox 450 3536 541 3591; x_wconf 90' lang='lat' dir='ltr'>hic</span> <span class='ocrx_word' id='word_1_345' title='bbox 569 3535 1002 3605; x_wconf 89' lang='lat' dir='ltr'>compendiosas</span> <span class='ocrx_word' id='word_1_346' title='bbox 1028 3551 1128 3607; x_wconf 90' lang='lat' dir='ltr'>pro</span> <span class='ocrx_word' id='word_1_347' title='bbox 1156 3543 1406 3607; x_wconf 90' lang='lat' dir='ltr'>tempore</span> <span class='ocrx_word' id='word_1_348' title='bbox 1437 3538 1797 3607; x_wconf 91' lang='lat' dir='ltr'>capitulorum</span> 
     </span>
    </p>
   </div>
   <div class='ocr_carea' id='block_1_50' title="bbox 176 3624 1798 3698">
    <p class='ocr_par' dir='ltr' id='par_1_50' title="bbox 176 3624 1798 3698">
     <span class='ocr_line' id='line_1_50' title="bbox 176 3624 1798 3698; baseline 0.001 -18"><span class='ocrx_word' id='word_1_349' title='bbox 176 3627 573 3698; x_wconf 86' lang='lat' dir='ltr'>responsiones</span> <span class='ocrx_word' id='word_1_350' title='bbox 606 3624 874 3691; x_wconf 90' lang='lat' dir='ltr'>inveniat,</span> <span class='ocrx_word' id='word_1_351' title='bbox 916 3641 1057 3696; x_wconf 92' lang='lat' dir='ltr'>quos</span> <span class='ocrx_word' id='word_1_352' title='bbox 1090 3625 1281 3680; x_wconf 86' lang='lat' dir='ltr'>furatis</span> <span class='ocrx_word' id='word_1_353' title='bbox 1313 3626 1523 3681; x_wconf 92' lang='lat' dir='ltr'>horulis</span> <span class='ocrx_word' id='word_1_354' title='bbox 1550 3643 1582 3681; x_wconf 88' lang='lat' dir='ltr'>a</span> <span class='ocrx_word' id='word_1_355' title='bbox 1620 3628 1798 3682; x_wconf 90' lang='lat' dir='ltr'>diver-</span> 
     </span>
    </p>
   </div>
   <div class='ocr_carea' id='block_1_51' title="bbox 175 3717 1797 3791">
    <p class='ocr_par' dir='ltr' id='par_1_51' title="bbox 175 3717 1797 3791">
     <span class='ocr_line' id='line_1_51' title="bbox 175 3717 1797 3791; baseline 0.001 -19"><span class='ocrx_word' id='word_1_356' title='bbox 175 3720 245 3773; x_wconf 89' lang='lat' dir='ltr'>sis</span> <span class='ocrx_word' id='word_1_357' title='bbox 276 3719 708 3789; x_wconf 90' lang='lat' dir='ltr'>occupationum</span> <span class='ocrx_word' id='word_1_358' title='bbox 761 3717 1227 3784; x_wconf 87' lang='lat' dir='ltr'>distensionibus,</span> <span class='ocrx_word' id='word_1_359' title='bbox 1277 3719 1370 3789; x_wconf 85' lang='lat' dir='ltr'>qui</span> <span class='ocrx_word' id='word_1_360' title='bbox 1420 3719 1797 3791; x_wconf 91' lang='lat' dir='ltr'>cognitionum</span> 
     </span>
    </p>
   </div>
   <div class='ocr_carea' id='block_1_52' title="bbox 175 3810 1797 3875">
    <p class='ocr_par' dir='ltr' id='par_1_52' title="bbox 175 3810 1797 3875">
     <span class='ocr_line' id='line_1_52' title="bbox 175 3810 1797 3875; baseline 0.002 -11"><span class='ocrx_word' id='word_1_361' title='bbox 175 3812 332 3866; x_wconf 85' lang='lat' dir='ltr'>ferias</span> <span class='ocrx_word' id='word_1_362' title='bbox 364 3828 476 3867; x_wconf 92' lang='lat' dir='ltr'>non</span> <span class='ocrx_word' id='word_1_363' title='bbox 520 3810 816 3875; x_wconf 89' lang='lat' dir='ltr'>habemus,</span> <span class='ocrx_word' id='word_1_364' title='bbox 850 3810 992 3865; x_wconf 90' lang='lat' dir='ltr'>sicut</span> <span class='ocrx_word' id='word_1_365' title='bbox 1040 3811 1110 3864; x_wconf 91' lang='lat' dir='ltr'>de</span> <span class='ocrx_word' id='word_1_366' title='bbox 1162 3810 1458 3864; x_wconf 90' lang='lat' dir='ltr'>sententiis</span> <span class='ocrx_word' id='word_1_367' title='bbox 1487 3820 1797 3867; x_wconf 90' lang='lat' dir='ltr'>sanctorum</span> 
     </span>
    </p>
   </div>
   <div class='ocr_carea' id='block_1_53' title="bbox 181 3903 1801 3974">
    <p class='ocr_par' dir='ltr' id='par_1_53' title="bbox 181 3903 1801 3974">
     <span class='ocr_line' id='line_1_53' title="bbox 181 3903 1801 3974; baseline 0.001 -18"><span class='ocrx_word' id='word_1_368' title='bbox 181 3903 383 3958; x_wconf 89' lang='lat' dir='ltr'>Patrum</span> <span class='ocrx_word' id='word_1_369' title='bbox 426 3903 757 3974; x_wconf 90' lang='lat' dir='ltr'>accipimus,</span> <span class='ocrx_word' id='word_1_370' title='bbox 814 3919 886 3956; x_wconf 92' lang='lat' dir='ltr'>ne</span> <span class='ocrx_word' id='word_1_371' title='bbox 929 3911 1149 3972; x_wconf 89' lang='lat' dir='ltr'>torpore</span> <span class='ocrx_word' id='word_1_372' title='bbox 1191 3903 1277 3957; x_wconf 88' lang='lat' dir='ltr'>vel</span> <span class='ocrx_word' id='word_1_373' title='bbox 1338 3903 1718 3958; x_wconf 89' lang='lat' dir='ltr'>inobedientia</span> <span class='ocrx_word' id='word_1_374' title='bbox 1770 3921 1801 3958; x_wconf 90' lang='lat' dir='ltr'>a</span> 
     </span>
    </p>
   </div>
   <div class='ocr_carea' id='block_1_54' title="bbox 180 3990 1798 4057">
    <p class='ocr_par' dir='ltr' id='par_1_54' title="bbox 180 3990 1798 4057">
     <span class='ocr_line' id='line_1_54' title="bbox 180 3990 1798 4057; baseline 0.002 -13"><span class='ocrx_word' id='word_1_375' title='bbox 180 3999 351 4047; x_wconf 90' lang='lat' dir='ltr'>vestra</span> <span class='ocrx_word' id='word_1_376' title='bbox 381 3993 780 4048; x_wconf 86' lang='lat' dir='ltr'>denotaremur</span> <span class='ocrx_word' id='word_1_377' title='bbox 825 3990 1131 4045; x_wconf 84' lang='lat' dir='ltr'>Christiana</span> <span class='ocrx_word' id='word_1_378' title='bbox 1184 3992 1502 4057; x_wconf 84' lang='lat' dir='ltr'>devotione,</span> <span class='ocrx_word' id='word_1_379' title='bbox 1544 3993 1798 4048; x_wconf 89' lang='lat' dir='ltr'>commit-</span> 
     </span>
    </p>
   </div>
   <div class='ocr_carea' id='block_1_55' title="bbox 178 4080 1799 4154">
    <p class='ocr_par' dir='ltr' id='par_1_55' title="bbox 178 4080 1799 4154">
     <span class='ocr_line' id='line_1_55' title="bbox 178 4080 1799 4154; baseline 0.002 -20"><span class='ocrx_word' id='word_1_380' title='bbox 178 4088 284 4136; x_wconf 89' lang='lat' dir='ltr'>tere</span> <span class='ocrx_word' id='word_1_381' title='bbox 312 4082 596 4136; x_wconf 90' lang='lat' dir='ltr'>schedulis</span> <span class='ocrx_word' id='word_1_382' title='bbox 623 4081 982 4135; x_wconf 89' lang='lat' dir='ltr'>tumultuario</span> <span class='ocrx_word' id='word_1_383' title='bbox 1004 4096 1263 4136; x_wconf 89' lang='lat' dir='ltr'>sermone</span> <span class='ocrx_word' id='word_1_384' title='bbox 1289 4080 1626 4151; x_wconf 87' lang='lat' dir='ltr'>studuimus,</span> <span class='ocrx_word' id='word_1_385' title='bbox 1660 4098 1799 4154; x_wconf 47' lang='lat' dir='ltr'>quo&lt;</span> 
     </span>
    </p>
   </div>
   <div class='ocr_carea' id='block_1_56' title="bbox 183 4169 1800 4242">
    <p class='ocr_par' dir='ltr' id='par_1_56' title="bbox 183 4169 1800 4242">
     <span class='ocr_line' id='line_1_56' title="bbox 183 4169 1800 4242; baseline 0.001 -20"><span class='ocrx_word' id='word_1_386' title='bbox 183 4170 318 4224; x_wconf 90' lang='lat' dir='ltr'>niam</span> <span class='ocrx_word' id='word_1_387' title='bbox 371 4172 426 4225; x_wconf 92' lang='lat' dir='ltr'>in</span> <span class='ocrx_word' id='word_1_388' title='bbox 476 4169 721 4242; x_wconf 68' lang='lat' dir='ltr'>praefatis</span> <span class='ocrx_word' id='word_1_389' title='bbox 765 4169 1151 4237; x_wconf 89' lang='lat' dir='ltr'>relationibus,</span> <span class='ocrx_word' id='word_1_390' title='bbox 1198 4171 1478 4240; x_wconf 89' lang='lat' dir='ltr'>provocati</span> <span class='ocrx_word' id='word_1_391' title='bbox 1533 4171 1800 4240; x_wconf 89' lang='lat' dir='ltr'>multipli-</span> 
     </span>
    </p>
   </div>
   <div class='ocr_carea' id='block_1_57' title="bbox 181 4259 1802 4331">
    <p class='ocr_par' dir='ltr' id='par_1_57' title="bbox 181 4259 1802 4331">
     <span class='ocr_line' id='line_1_57' title="bbox 181 4259 1802 4331; baseline 0.003 -20"><span class='ocrx_word' id='word_1_392' title='bbox 181 4259 330 4314; x_wconf 90' lang='lat' dir='ltr'>cibus</span> <span class='ocrx_word' id='word_1_393' title='bbox 356 4261 749 4331; x_wconf 88' lang='lat' dir='ltr'>multiplicium</span> <span class='ocrx_word' id='word_1_394' title='bbox 791 4259 1156 4324; x_wconf 89' lang='lat' dir='ltr'>illationibus,</span> <span class='ocrx_word' id='word_1_395' title='bbox 1190 4259 1566 4329; x_wconf 87' lang='lat' dir='ltr'>multipliciter</span> <span class='ocrx_word' id='word_1_396' title='bbox 1613 4263 1802 4316; x_wconf 85' lang='lat' dir='ltr'>multi-</span> 
     </span>
    </p>
   </div>
   <div class='ocr_carea' id='block_1_58' title="bbox 182 4347 1804 4420">
    <p class='ocr_par' dir='ltr' id='par_1_58' title="bbox 182 4347 1804 4420">
     <span class='ocr_line' id='line_1_58' title="bbox 182 4347 1804 4420; baseline 0.004 -21"><span class='ocrx_word' id='word_1_397' title='bbox 182 4347 528 4420; x_wconf 89' lang='lat' dir='ltr'>plicibusque</span> <span class='ocrx_word' id='word_1_398' title='bbox 559 4347 972 4415; x_wconf 90' lang='lat' dir='ltr'>collationibus,</span> <span class='ocrx_word' id='word_1_399' title='bbox 1005 4363 1116 4404; x_wconf 92' lang='lat' dir='ltr'>non</span> <span class='ocrx_word' id='word_1_400' title='bbox 1146 4349 1265 4402; x_wconf 92' lang='lat' dir='ltr'>sine</span> <span class='ocrx_word' id='word_1_401' title='bbox 1298 4349 1456 4416; x_wconf 86' lang='lat' dir='ltr'>(sicut</span> <span class='ocrx_word' id='word_1_402' title='bbox 1487 4349 1696 4404; x_wconf 91' lang='lat' dir='ltr'>scimus</span> <span class='ocrx_word' id='word_1_403' title='bbox 1750 4359 1804 4406; x_wconf 88' lang='lat' dir='ltr'>et</span> 
     </span>
    </p>
   </div>
   <div class='ocr_carea' id='block_1_59' title="bbox 179 4437 1800 4505">
    <p class='ocr_par' dir='ltr' id='par_1_59' title="bbox 179 4437 1800 4505">
     <span class='ocr_line' id='line_1_59' title="bbox 179 4437 1800 4505; baseline 0.004 -16"><span class='ocrx_word' id='word_1_404' title='bbox 179 4437 522 4504; x_wconf 75' lang='lat' dir='ltr'>confitemur}</span> <span class='ocrx_word' id='word_1_405' title='bbox 545 4438 770 4492; x_wconf 88' lang='lat' dir='ltr'>lectoris</span> <span class='ocrx_word' id='word_1_406' title='bbox 799 4438 986 4505; x_wconf 67' lang='lat' dir='ltr'>tzedio,</span> <span class='ocrx_word' id='word_1_407' title='bbox 1024 4454 1218 4504; x_wconf 91' lang='lat' dir='ltr'>sensu,</span> <span class='ocrx_word' id='word_1_408' title='bbox 1247 4438 1346 4493; x_wconf 88' lang='lat' dir='ltr'>sed</span> <span class='ocrx_word' id='word_1_409' title='bbox 1378 4447 1564 4493; x_wconf 90' lang='lat' dir='ltr'>tamen</span> <span class='ocrx_word' id='word_1_410' title='bbox 1609 4441 1800 4496; x_wconf 86' lang='lat' dir='ltr'>catho—</span> 
     </span>
    </p>
   </div>
   <div class='ocr_carea' id='block_1_60' title="bbox 179 4528 1871 4632">
    <p class='ocr_par' dir='ltr' id='par_1_60' title="bbox 179 4528 1871 4632">
     <span class='ocr_line' id='line_1_60' title="bbox 179 4528 1871 4632; baseline 0.006 -51"><span class='ocrx_word' id='word_1_411' title='bbox 179 4528 297 4594; x_wconf 88' lang='lat' dir='ltr'>lico,</span> <span class='ocrx_word' id='word_1_412' title='bbox 347 4531 401 4583; x_wconf 92' lang='lat' dir='ltr'>in</span> <span class='ocrx_word' id='word_1_413' title='bbox 439 4530 620 4586; x_wconf 90' lang='lat' dir='ltr'>tribus</span> <span class='ocrx_word' id='word_1_414' title='bbox 650 4531 808 4586; x_wconf 89' lang='lat' dir='ltr'>libris</span> <span class='ocrx_word' id='word_1_415' title='bbox 856 4533 1122 4588; x_wconf 89' lang='lat' dir='ltr'>lacinioso</span> <span class='ocrx_word' id='word_1_416' title='bbox 1152 4550 1408 4590; x_wconf 89' lang='lat' dir='ltr'>sermone</span> <span class='ocrx_word' id='word_1_417' title='bbox 1458 4537 1871 4632; x_wconf 83' lang='lat' dir='ltr'>respondereD</span> 
     </span>
    </p>
   </div>
   <div class='ocr_carea' id='block_1_61' title="bbox 177 4620 1797 4696">
    <p class='ocr_par' dir='ltr' id='par_1_61' title="bbox 177 4620 1797 4696">
     <span class='ocr_line' id='line_1_61' title="bbox 177 4620 1797 4696; baseline 0.006 -25"><span class='ocrx_word' id='word_1_418' title='bbox 177 4620 490 4691; x_wconf 79' lang='lat' dir='ltr'>satagimus.</span> <span class='ocrx_word' id='word_1_419' title='bbox 521 4620 629 4674; x_wconf 91' lang='lat' dir='ltr'>Sed</span> <span class='ocrx_word' id='word_1_420' title='bbox 672 4621 726 4675; x_wconf 90' lang='lat' dir='ltr'>in</span> <span class='ocrx_word' id='word_1_421' title='bbox 762 4622 866 4676; x_wconf 91' lang='lat' dir='ltr'>hoc</span> <span class='ocrx_word' id='word_1_422' title='bbox 913 4622 1147 4676; x_wconf 85' lang='lat' dir='ltr'>maxime</span> <span class='ocrx_word' id='word_1_423' title='bbox 1179 4623 1420 4696; x_wconf 86' lang='lat' dir='ltr'>benigno</span> <span class='ocrx_word' id='word_1_424' title='bbox 1471 4625 1660 4680; x_wconf 90' lang='lat' dir='ltr'>lectori</span> <span class='ocrx_word' id='word_1_425' title='bbox 1695 4641 1797 4682; x_wconf 90' lang='lat' dir='ltr'>nos</span> 
     </span>
    </p>
   </div>
   <div class='ocr_carea' id='block_1_62' title="bbox 178 4710 1798 4789">
    <p class='ocr_par' dir='ltr' id='par_1_62' title="bbox 178 4710 1798 4789">
     <span class='ocr_line' id='line_1_62' title="bbox 178 4710 1798 4789; baseline 0.006 -27"><span class='ocrx_word' id='word_1_426' title='bbox 178 4710 488 4767; x_wconf 87' lang='lat' dir='ltr'>satisfacere</span> <span class='ocrx_word' id='word_1_427' title='bbox 533 4724 912 4779; x_wconf 86' lang='lat' dir='ltr'>autumamus,</span> <span class='ocrx_word' id='word_1_428' title='bbox 973 4714 1104 4785; x_wconf 89' lang='lat' dir='ltr'>quia</span> <span class='ocrx_word' id='word_1_429' title='bbox 1146 4715 1492 4789; x_wconf 89' lang='lat' dir='ltr'>singulorum</span> <span class='ocrx_word' id='word_1_430' title='bbox 1551 4717 1798 4789; x_wconf 85' lang='lat' dir='ltr'>singulas</span> 
     </span>
    </p>
   </div>
   <div class='ocr_carea' id='block_1_63' title="bbox 179 4806 1800 4878">
    <p class='ocr_par' dir='ltr' id='par_1_63' title="bbox 179 4806 1800 4878">
     <span class='ocr_line' id='line_1_63' title="bbox 179 4806 1800 4878; baseline 0.007 -26"><span class='ocrx_word' id='word_1_431' title='bbox 179 4816 389 4873; x_wconf 87' lang='lat' dir='ltr'>semper</span> <span class='ocrx_word' id='word_1_432' title='bbox 419 4813 702 4875; x_wconf 90' lang='lat' dir='ltr'>ponentes</span> <span class='ocrx_word' id='word_1_433' title='bbox 723 4806 1054 4875; x_wconf 90' lang='lat' dir='ltr'>sententias,</span> <span class='ocrx_word' id='word_1_434' title='bbox 1088 4807 1446 4878; x_wconf 89' lang='lat' dir='ltr'>singulariter</span> <span class='ocrx_word' id='word_1_435' title='bbox 1478 4809 1547 4862; x_wconf 92' lang='lat' dir='ltr'>ad</span> <span class='ocrx_word' id='word_1_436' title='bbox 1578 4809 1800 4877; x_wconf 87' lang='lat' dir='ltr'>objecta</span> 
     </span>
    </p>
   </div>
   <div class='ocr_carea' id='block_1_64' title="bbox 177 4893 1794 4967">
    <p class='ocr_par' dir='ltr' id='par_1_64' title="bbox 177 4893 1794 4967">
     <span class='ocr_line' id='line_1_64' title="bbox 177 4893 1794 4967; baseline 0.007 -25"><span class='ocrx_word' id='word_1_437' title='bbox 177 4899 226 4943; x_wconf 89' lang='lat' dir='ltr'>ct</span> <span class='ocrx_word' id='word_1_438' title='bbox 254 4894 570 4949; x_wconf 89' lang='lat' dir='ltr'>resistentia</span> <span class='ocrx_word' id='word_1_439' title='bbox 600 4893 730 4950; x_wconf 89' lang='lat' dir='ltr'>ﬁdei</span> <span class='ocrx_word' id='word_1_440' title='bbox 761 4897 1103 4967; x_wconf 90' lang='lat' dir='ltr'>respondere</span> <span class='ocrx_word' id='word_1_441' title='bbox 1133 4898 1447 4952; x_wconf 88' lang='lat' dir='ltr'>studuimus</span> <span class='ocrx_word' id='word_1_442' title='bbox 1476 4915 1490 4964; x_wconf 92' lang='lat'><strong>;</strong></span> <span class='ocrx_word' id='word_1_443' title='bbox 1537 4907 1591 4953; x_wconf 90' lang='lat' dir='ltr'>et</span> <span class='ocrx_word' id='word_1_444' title='bbox 1619 4899 1704 4955; x_wconf 91' lang='lat' dir='ltr'>vel</span> <span class='ocrx_word' id='word_1_445' title='bbox 1740 4900 1794 4953; x_wconf 92' lang='lat' dir='ltr'>in</span> 
     </span>
    </p>
   </div>
   <div class='ocr_carea' id='block_1_65' title="bbox 177 4980 1794 5060">
    <p class='ocr_par' dir='ltr' id='par_1_65' title="bbox 177 4980 1794 5060">
     <span class='ocr_line' id='line_1_65' title="bbox 177 4980 1794 5060; baseline 0.006 -25"><span class='ocrx_word' id='word_1_446' title='bbox 177 4980 272 5037; x_wconf 90' lang='lat' dir='ltr'>hoc</span> <span class='ocrx_word' id='word_1_447' title='bbox 296 4987 412 5041; x_wconf 92' lang='lat' dir='ltr'>solo</span> <span class='ocrx_word' id='word_1_448' title='bbox 441 4988 706 5042; x_wconf 88' lang='lat' dir='ltr'>devotum</span> <span class='ocrx_word' id='word_1_449' title='bbox 728 5004 1005 5060; x_wconf 90' lang='lat' dir='ltr'>quemque</span> <span class='ocrx_word' id='word_1_450' title='bbox 1036 4991 1295 5048; x_wconf 90' lang='lat' dir='ltr'>lectorem</span> <span class='ocrx_word' id='word_1_451' title='bbox 1319 4991 1481 5046; x_wconf 92' lang='lat' dir='ltr'>nobis</span> <span class='ocrx_word' id='word_1_452' title='bbox 1511 4992 1794 5047; x_wconf 92' lang='lat' dir='ltr'>conciliari</span> 
     </span>
    </p>
   </div>
   <div class='ocr_carea' id='block_1_66' title="bbox 176 5075 1795 5152">
    <p class='ocr_par' dir='ltr' id='par_1_66' title="bbox 176 5075 1795 5152">
     <span class='ocr_line' id='line_1_66' title="bbox 176 5075 1795 5152; baseline 0.008 -25"><span class='ocrx_word' id='word_1_453' title='bbox 176 5075 517 5146; x_wconf 88' lang='lat' dir='ltr'>conﬁdimus,</span> <span class='ocrx_word' id='word_1_454' title='bbox 552 5080 685 5152; x_wconf 91' lang='lat' dir='ltr'>quia</span> <span class='ocrx_word' id='word_1_455' title='bbox 724 5097 847 5136; x_wconf 93' lang='lat' dir='ltr'>cum</span> <span class='ocrx_word' id='word_1_456' title='bbox 879 5097 943 5136; x_wconf 86' lang='lat' dir='ltr'>ex</span> <span class='ocrx_word' id='word_1_457' title='bbox 994 5097 1094 5135; x_wconf 88' lang='lat' dir='ltr'>sua</span> <span class='ocrx_word' id='word_1_458' title='bbox 1124 5089 1310 5137; x_wconf 91' lang='lat' dir='ltr'>mente</span> <span class='ocrx_word' id='word_1_459' title='bbox 1359 5091 1604 5139; x_wconf 90' lang='lat' dir='ltr'>nostrum</span> <span class='ocrx_word' id='word_1_460' title='bbox 1638 5085 1795 5141; x_wconf 88' lang='lat' dir='ltr'>labo-</span> 
     </span>
    </p>
   </div>
   <div class='ocr_carea' id='block_1_67' title="bbox 177 5172 1789 5245">
    <p class='ocr_par' dir='ltr' id='par_1_67' title="bbox 177 5172 1789 5245">
     <span class='ocr_line' id='line_1_67' title="bbox 177 5172 1789 5245; baseline 0.007 -24"><span class='ocrx_word' id='word_1_461' title='bbox 177 5178 278 5220; x_wconf 82' lang='lat' dir='ltr'>rem</span> <span class='ocrx_word' id='word_1_462' title='bbox 327 5172 712 5242; x_wconf 90' lang='lat' dir='ltr'>perpenderit,</span> <span class='ocrx_word' id='word_1_463' title='bbox 767 5189 868 5228; x_wconf 90' lang='lat' dir='ltr'>nos</span> <span class='ocrx_word' id='word_1_464' title='bbox 915 5175 1060 5245; x_wconf 89' lang='lat' dir='ltr'>apud</span> <span class='ocrx_word' id='word_1_465' title='bbox 1109 5191 1168 5228; x_wconf 91' lang='lat' dir='ltr'>se</span> <span class='ocrx_word' id='word_1_466' title='bbox 1208 5185 1502 5232; x_wconf 85' lang='lat' dir='ltr'>excusatos</span> <span class='ocrx_word' id='word_1_467' title='bbox 1543 5177 1789 5232; x_wconf 86' lang='lat' dir='ltr'>habebit.</span> 
     </span>
    </p>
   </div>
   <div class='ocr_carea' id='block_1_68' title="bbox 175 5254 1789 5340">
    <p class='ocr_par' dir='ltr' id='par_1_68' title="bbox 175 5254 1789 5340">
     <span class='ocr_line' id='line_1_68' title="bbox 175 5254 1789 5340; baseline 0.01 -32"><span class='ocrx_word' id='word_1_468' title='bbox 175 5254 294 5318; x_wconf 78' lang='lat' dir='ltr'>Quis</span> <span class='ocrx_word' id='word_1_469' title='bbox 323 5276 453 5316; x_wconf 85' lang='lat' dir='ltr'>vero</span> <span class='ocrx_word' id='word_1_470' title='bbox 501 5263 574 5317; x_wconf 89' lang='lat' dir='ltr'>sit</span> <span class='ocrx_word' id='word_1_471' title='bbox 605 5263 834 5318; x_wconf 89' lang='lat' dir='ltr'>istorum</span> <span class='ocrx_word' id='word_1_472' title='bbox 889 5265 1254 5336; x_wconf 88' lang='lat' dir='ltr'>capitulorum</span> <span class='ocrx_word' id='word_1_473' title='bbox 1287 5269 1644 5340; x_wconf 91' lang='lat' dir='ltr'>compositor,</span> <span class='ocrx_word' id='word_1_474' title='bbox 1701 5271 1789 5324; x_wconf 91' lang='lat' dir='ltr'>cui</span> 
     </span>
    </p>
   </div>
   <div class='ocr_carea' id='block_1_69' title="bbox 173 5347 1791 5430">
    <p class='ocr_par' dir='ltr' id='par_1_69' title="bbox 173 5347 1791 5430">
     <span class='ocr_line' id='line_1_69' title="bbox 173 5347 1791 5430; baseline 0.01 -32"><span class='ocrx_word' id='word_1_475' title='bbox 173 5347 316 5414; x_wconf 88' lang='lat' dir='ltr'>quasi</span> <span class='ocrx_word' id='word_1_476' title='bbox 354 5366 384 5403; x_wconf 90' lang='lat' dir='ltr'>a</span> <span class='ocrx_word' id='word_1_477' title='bbox 417 5367 561 5406; x_wconf 91' lang='lat' dir='ltr'>novo</span> <span class='ocrx_word' id='word_1_478' title='bbox 607 5352 860 5427; x_wconf 88' lang='lat' dir='ltr'>cogimur</span> <span class='ocrx_word' id='word_1_479' title='bbox 919 5355 1280 5425; x_wconf 89' lang='lat' dir='ltr'>respondere,</span> <span class='ocrx_word' id='word_1_480' title='bbox 1323 5374 1445 5428; x_wconf 83' lang='lat' dir='ltr'>ipse</span> <span class='ocrx_word' id='word_1_481' title='bbox 1491 5376 1550 5413; x_wconf 90' lang='lat' dir='ltr'>se</span> <span class='ocrx_word' id='word_1_482' title='bbox 1592 5359 1791 5430; x_wconf 86' lang='lat' dir='ltr'>prodet</span> 
     </span>
    </p>
   </div>
   <div class='ocr_carea' id='block_1_70' title="bbox 172 5441 1787 5514">
    <p class='ocr_par' dir='ltr' id='par_1_70' title="bbox 172 5441 1787 5514">
     <span class='ocr_line' id='line_1_70' title="bbox 172 5441 1787 5514; baseline 0.012 -31"><span class='ocrx_word' id='word_1_483' title='bbox 172 5445 284 5487; x_wconf 88' lang='lat' dir='ltr'>cum</span> <span class='ocrx_word' id='word_1_484' title='bbox 315 5441 628 5496; x_wconf 89' lang='lat' dir='ltr'>necessario</span> <span class='ocrx_word' id='word_1_485' title='bbox 660 5442 950 5514; x_wconf 85' lang='lat' dir='ltr'>urgebitur</span> <span class='ocrx_word' id='word_1_486' title='bbox 978 5444 1046 5498; x_wconf 91' lang='lat' dir='ltr'>ad</span> <span class='ocrx_word' id='word_1_487' title='bbox 1087 5445 1265 5499; x_wconf 92' lang='lat' dir='ltr'>lucem</span> <span class='ocrx_word' id='word_1_488' title='bbox 1293 5447 1544 5502; x_wconf 88' lang='lat' dir='ltr'>veritatis</span> <span class='ocrx_word' id='word_1_489' title='bbox 1578 5450 1787 5514; x_wconf 90' lang='lat' dir='ltr'>venire,</span> 
     </span>
    </p>
   </div>
   <div class='ocr_carea' id='block_1_71' title="bbox 171 5521 1790 5604">
    <p class='ocr_par' dir='ltr' id='par_1_71' title="bbox 171 5521 1790 5604">
     <span class='ocr_line' id='line_1_71' title="bbox 171 5521 1790 5604; baseline 0.012 -29"><span class='ocrx_word' id='word_1_490' title='bbox 171 5521 290 5588; x_wconf 88' lang='lat' dir='ltr'>quia</span> <span class='ocrx_word' id='word_1_491' title='bbox 329 5535 588 5596; x_wconf 83' lang='lat' dir='ltr'>Operator</span> <span class='ocrx_word' id='word_1_492' title='bbox 641 5531 1066 5587; x_wconf 90' lang='lat' dir='ltr'>tenebrosorum</span> <span class='ocrx_word' id='word_1_493' title='bbox 1123 5547 1353 5604; x_wconf 87' lang='lat' dir='ltr'>Operum</span> <span class='ocrx_word' id='word_1_494' title='bbox 1413 5535 1551 5599; x_wconf 78' lang='lat' dir='ltr'>(Gal.</span> <span class='ocrx_word' id='word_1_495' title='bbox 1620 5552 1691 5599; x_wconf 76' lang='lat' dir='ltr'>vi,</span> <span class='ocrx_word' id='word_1_496' title='bbox 1743 5539 1790 5604; x_wconf 81' lang='lat' dir='ltr'>t)</span> 
     </span>
    </p>
   </div>
   <div class='ocr_carea' id='block_1_72' title="bbox 167 5608 1794 5692">
    <p class='ocr_par' dir='ltr' id='par_1_72' title="bbox 167 5608 1794 5692">
     <span class='ocr_line' id='line_1_72' title="bbox 167 5608 1794 5692; baseline 0.009 -24"><span class='ocrx_word' id='word_1_497' title='bbox 167 5608 322 5668; x_wconf 85' lang='lat' dir='ltr'>(inter</span> <span class='ocrx_word' id='word_1_498' title='bbox 342 5634 464 5688; x_wconf 76' lang='lat' dir='ltr'>quae</span> <span class='ocrx_word' id='word_1_499' title='bbox 495 5620 566 5674; x_wconf 91' lang='lat' dir='ltr'>ab</span> <span class='ocrx_word' id='word_1_500' title='bbox 589 5622 854 5692; x_wconf 84' lang='lat' dir='ltr'>Apostolo</span> <span class='ocrx_word' id='word_1_501' title='bbox 884 5632 941 5678; x_wconf 90' lang='lat' dir='ltr'>et</span> <span class='ocrx_word' id='word_1_502' title='bbox 969 5625 1209 5681; x_wconf 77' lang='lat' dir='ltr'>haereses</span> <span class='ocrx_word' id='word_1_503' title='bbox 1241 5627 1651 5692; x_wconf 90' lang='lat' dir='ltr'>describuntur)</span> <span class='ocrx_word' id='word_1_504' title='bbox 1677 5628 1794 5682; x_wconf 93' lang='lat' dir='ltr'>odit</span> 
     </span>
    </p>
   </div>
   <div class='ocr_carea' id='block_1_73' title="bbox 169 5696 1793 5794">
    <p class='ocr_par' dir='ltr' id='par_1_73' title="bbox 169 5696 1793 5794">
     <span class='ocr_line' id='line_1_73' title="bbox 169 5696 1793 5794; baseline 0.012 -39"><span class='ocrx_word' id='word_1_505' title='bbox 169 5696 358 5774; x_wconf 88' lang='lat' dir='ltr'>lucem,</span> <span class='ocrx_word' id='word_1_506' title='bbox 411 5720 468 5765; x_wconf 90' lang='lat' dir='ltr'>et</span> <span class='ocrx_word' id='word_1_507' title='bbox 497 5728 608 5767; x_wconf 91' lang='lat' dir='ltr'>non</span> <span class='ocrx_word' id='word_1_508' title='bbox 655 5715 806 5769; x_wconf 86' lang='lat' dir='ltr'>venit</span> <span class='ocrx_word' id='word_1_509' title='bbox 857 5716 926 5770; x_wconf 89' lang='lat' dir='ltr'>ad</span> <span class='ocrx_word' id='word_1_510' title='bbox 980 5717 1184 5786; x_wconf 89' lang='lat' dir='ltr'>lucem,</span> <span class='ocrx_word' id='word_1_511' title='bbox 1218 5727 1276 5772; x_wconf 88' lang='lat' dir='ltr'>ut</span> <span class='ocrx_word' id='word_1_512' title='bbox 1325 5735 1437 5775; x_wconf 90' lang='lat' dir='ltr'>non</span> <span class='ocrx_word' id='word_1_513' title='bbox 1492 5727 1793 5794; x_wconf 88' lang='lat' dir='ltr'>arguantur</span> 
     </span>
    </p>
   </div>
   <div class='ocr_carea' id='block_1_74' title="bbox 233 5812 1802 5895">
    <p class='ocr_par' dir='ltr' id='par_1_74' title="bbox 233 5812 1802 5895">
     <span class='ocr_line' id='line_1_74' title="bbox 233 5812 1802 5895; baseline 0.004 -20"><span class='ocrx_word' id='word_1_514' title='bbox 233 5812 310 5880; x_wconf 85' lang='lat'>(9)</span> <span class='ocrx_word' id='word_1_515' title='bbox 339 5813 457 5870; x_wconf 89' lang='lat' dir='ltr'>Non</span> <span class='ocrx_word' id='word_1_516' title='bbox 487 5826 673 5874; x_wconf 85' lang='lat' dir='ltr'>exstat</span> <span class='ocrx_word' id='word_1_517' title='bbox 699 5821 819 5877; x_wconf 85' lang='lat' dir='ltr'>haec</span> <span class='ocrx_word' id='word_1_518' title='bbox 839 5821 1050 5879; x_wconf 89' lang='lat' dir='ltr'>Nicolai</span> <span class='ocrx_word' id='word_1_519' title='bbox 1076 5824 1308 5895; x_wconf 89' lang='lat' dir='ltr'>epistola</span> <span class='ocrx_word' id='word_1_520' title='bbox 1330 5825 1400 5880; x_wconf 90' lang='lat' dir='ltr'>ad</span> <span class='ocrx_word' id='word_1_521' title='bbox 1425 5825 1802 5882; x_wconf 87' lang='lat' dir='ltr'>Hincmarum‘.</span> 
     </span>
    </p>
   </div>
   <div class='ocr_carea' id='block_1_75' title="bbox 1908 1913 3526 1993">
    <p class='ocr_par' dir='ltr' id='par_1_75' title="bbox 1908 1913 3526 1993">
     <span class='ocr_line' id='line_1_75' title="bbox 1908 1913 3526 1993; baseline -0.004 -21"><span class='ocrx_word' id='word_1_522' title='bbox 1908 1917 2290 1983; x_wconf 88' lang='lat' dir='ltr'>Remensium,</span> <span class='ocrx_word' id='word_1_523' title='bbox 2315 1919 2864 1993; x_wconf 91' lang='lat' dir='ltr'>Rothomagensium,</span> <span class='ocrx_word' id='word_1_524' title='bbox 2888 1915 3315 1977; x_wconf 90' lang='lat' dir='ltr'>Turonensium,</span> <span class='ocrx_word' id='word_1_525' title='bbox 3347 1913 3526 1966; x_wconf 91' lang='lat' dir='ltr'>Seno-</span> 
     </span>
    </p>
   </div>
   <div class='ocr_carea' id='block_1_76' title="bbox 1907 2002 3524 2084">
    <p class='ocr_par' dir='ltr' id='par_1_76' title="bbox 1907 2002 3524 2084">
     <span class='ocr_line' id='line_1_76' title="bbox 1907 2002 3524 2084; baseline -0.004 -22"><span class='ocrx_word' id='word_1_526' title='bbox 1907 2026 2061 2076; x_wconf 91' lang='lat' dir='ltr'>num,</span> <span class='ocrx_word' id='word_1_527' title='bbox 2121 2011 2614 2084; x_wconf 88' lang='lat' dir='ltr'>Burdegalensium</span> <span class='ocrx_word' id='word_1_528' title='bbox 2673 2019 2836 2081; x_wconf 88' lang='lat' dir='ltr'>atque</span> <span class='ocrx_word' id='word_1_529' title='bbox 2905 2006 3323 2062; x_wconf 90' lang='lat' dir='ltr'>Bituricensium</span> <span class='ocrx_word' id='word_1_530' title='bbox 3378 2002 3524 2074; x_wconf 91' lang='lat' dir='ltr'>apud</span> 
     </span>
    </p>
   </div>
   <div class='ocr_carea' id='block_1_77' title="bbox 1905 2095 3528 2166">
    <p class='ocr_par' dir='ltr' id='par_1_77' title="bbox 1905 2095 3528 2166">
     <span class='ocr_line' id='line_1_77' title="bbox 1905 2095 3528 2166; baseline -0.005 -11"><span class='ocrx_word' id='word_1_531' title='bbox 1905 2102 2105 2156; x_wconf 88' lang='lat' dir='ltr'>Trecas</span> <span class='ocrx_word' id='word_1_532' title='bbox 2137 2119 2228 2155; x_wconf 81' lang='lat' dir='ltr'>vui</span> <span class='ocrx_word' id='word_1_533' title='bbox 2273 2102 2544 2156; x_wconf 88' lang='lat' dir='ltr'>Kalendas</span> <span class='ocrx_word' id='word_1_534' title='bbox 2576 2102 2900 2157; x_wconf 87' lang='lat' dir='ltr'>Novembris</span> <span class='ocrx_word' id='word_1_535' title='bbox 2928 2099 3208 2155; x_wconf 88' lang='lat' dir='ltr'>convenit.</span> <span class='ocrx_word' id='word_1_536' title='bbox 3240 2096 3355 2152; x_wconf 91' lang='lat' dir='ltr'>Ubi</span> <span class='ocrx_word' id='word_1_537' title='bbox 3400 2095 3528 2166; x_wconf 89' lang='lat' dir='ltr'>qui-</span> 
     </span>
    </p>
   </div>
   <div class='ocr_carea' id='block_1_78' title="bbox 1906 2187 3526 2265">
    <p class='ocr_par' dir='ltr' id='par_1_78' title="bbox 1906 2187 3526 2265">
     <span class='ocr_line' id='line_1_78' title="bbox 1906 2187 3526 2265; baseline -0.004 -19"><span class='ocrx_word' id='word_1_538' title='bbox 1906 2193 2029 2247; x_wconf 91' lang='lat' dir='ltr'>dam</span> <span class='ocrx_word' id='word_1_539' title='bbox 2089 2193 2361 2264; x_wconf 87' lang='lat' dir='ltr'>episcopi,</span> <span class='ocrx_word' id='word_1_540' title='bbox 2407 2203 2467 2248; x_wconf 91' lang='lat' dir='ltr'>ut</span> <span class='ocrx_word' id='word_1_541' title='bbox 2515 2194 2740 2255; x_wconf 89' lang='lat' dir='ltr'>assolet,</span> <span class='ocrx_word' id='word_1_542' title='bbox 2777 2193 2949 2265; x_wconf 87' lang='lat' dir='ltr'>gratia</span> <span class='ocrx_word' id='word_1_543' title='bbox 2993 2191 3140 2264; x_wconf 83' lang='lat' dir='ltr'>regis</span> <span class='ocrx_word' id='word_1_544' title='bbox 3189 2189 3368 2244; x_wconf 85' lang='lat' dir='ltr'>Karoli</span> <span class='ocrx_word' id='word_1_545' title='bbox 3398 2187 3526 2241; x_wconf 89' lang='lat' dir='ltr'>Vul-</span> 
     </span>
    </p>
   </div>
   <div class='ocr_carea' id='block_1_79' title="bbox 1906 2284 3524 2356">
    <p class='ocr_par' dir='ltr' id='par_1_79' title="bbox 1906 2284 3524 2356">
     <span class='ocr_line' id='line_1_79' title="bbox 1906 2284 3524 2356; baseline -0.002 -19"><span class='ocrx_word' id='word_1_546' title='bbox 1906 2284 2032 2339; x_wconf 84' lang='lat' dir='ltr'>fado</span> <span class='ocrx_word' id='word_1_547' title='bbox 2073 2284 2323 2340; x_wconf 84' lang='lat' dir='ltr'>faventes</span> <span class='ocrx_word' id='word_1_548' title='bbox 2361 2286 2658 2356; x_wconf 90' lang='lat' dir='ltr'>quemdam</span> <span class='ocrx_word' id='word_1_549' title='bbox 2698 2291 2888 2340; x_wconf 77' lang='lat' dir='ltr'>contra</span> <span class='ocrx_word' id='word_1_550' title='bbox 2921 2284 3210 2340; x_wconf 89' lang='lat' dir='ltr'>veritatem</span> <span class='ocrx_word' id='word_1_551' title='bbox 3268 2289 3323 2335; x_wconf 89' lang='lat' dir='ltr'>et</span> <span class='ocrx_word' id='word_1_552' title='bbox 3352 2295 3524 2334; x_wconf 86' lang='lat' dir='ltr'>cano-</span> 
     </span>
    </p>
   </div>
   <div class='ocr_carea' id='block_1_80' title="bbox 1907 2375 3524 2434">
    <p class='ocr_par' dir='ltr' id='par_1_80' title="bbox 1907 2375 3524 2434">
     <span class='ocr_line' id='line_1_80' title="bbox 1907 2375 3524 2434; baseline -0.003 -4"><span class='ocrx_word' id='word_1_553' title='bbox 1907 2393 2036 2432; x_wconf 92' lang='lat' dir='ltr'>num</span> <span class='ocrx_word' id='word_1_554' title='bbox 2099 2393 2307 2432; x_wconf 91' lang='lat' dir='ltr'>sacram</span> <span class='ocrx_word' id='word_1_555' title='bbox 2390 2379 2774 2434; x_wconf 83' lang='lat' dir='ltr'>auctoritatem</span> <span class='ocrx_word' id='word_1_556' title='bbox 2844 2378 3108 2432; x_wconf 91' lang='lat' dir='ltr'>adversus</span> <span class='ocrx_word' id='word_1_557' title='bbox 3173 2375 3524 2429; x_wconf 88' lang='lat' dir='ltr'>Hincmarum</span> 
     </span>
    </p>
   </div>
   <div class='ocr_carea' id='block_1_81' title="bbox 1906 2465 3526 2534">
    <p class='ocr_par' dir='ltr' id='par_1_81' title="bbox 1906 2465 3526 2534">
     <span class='ocr_line' id='line_1_81' title="bbox 1906 2465 3526 2534; baseline -0.002 -16"><span class='ocrx_word' id='word_1_558' title='bbox 1906 2465 2088 2520; x_wconf 91' lang='lat' dir='ltr'>moliri</span> <span class='ocrx_word' id='word_1_559' title='bbox 2156 2476 2462 2534; x_wconf 68' lang='lat' dir='ltr'>cmperunt.</span> <span class='ocrx_word' id='word_1_560' title='bbox 2514 2467 2621 2520; x_wconf 91' lang='lat' dir='ltr'>Sed</span> <span class='ocrx_word' id='word_1_561' title='bbox 2673 2466 2872 2521; x_wconf 91' lang='lat' dir='ltr'>iisdem</span> <span class='ocrx_word' id='word_1_562' title='bbox 2946 2465 3292 2529; x_wconf 86' lang='lat' dir='ltr'>Hincmarus,</span> <span class='ocrx_word' id='word_1_563' title='bbox 3335 2476 3526 2516; x_wconf 90' lang='lat' dir='ltr'>eorum</span> 
     </span>
    </p>
   </div>
   <div class='ocr_carea' id='block_1_82' title="bbox 1908 2551 3528 2621">
    <p class='ocr_par' dir='ltr' id='par_1_82' title="bbox 1908 2551 3528 2621">
     <span class='ocr_line' id='line_1_82' title="bbox 1908 2551 3528 2621; baseline -0.002 -15"><span class='ocrx_word' id='word_1_564' title='bbox 1908 2553 2293 2608; x_wconf 90' lang='lat' dir='ltr'>molitionibus</span> <span class='ocrx_word' id='word_1_565' title='bbox 2318 2555 2528 2610; x_wconf 89' lang='lat' dir='ltr'>ratione</span> <span class='ocrx_word' id='word_1_566' title='bbox 2557 2564 2612 2610; x_wconf 90' lang='lat' dir='ltr'>et</span> <span class='ocrx_word' id='word_1_567' title='bbox 2640 2556 2964 2610; x_wconf 87' lang='lat' dir='ltr'>auctoritate</span> <span class='ocrx_word' id='word_1_568' title='bbox 2979 2553 3233 2618; x_wconf 85' lang='lat' dir='ltr'>obvians,</span> <span class='ocrx_word' id='word_1_569' title='bbox 3267 2551 3528 2621; x_wconf 91' lang='lat' dir='ltr'>plurimo-</span> 
     </span>
    </p>
   </div>
   <div class='ocr_carea' id='block_1_83' title="bbox 1909 2641 3524 2718">
    <p class='ocr_par' dir='ltr' id='par_1_83' title="bbox 1909 2641 3524 2718">
     <span class='ocr_line' id='line_1_83' title="bbox 1909 2641 3524 2718; baseline -0.002 -21"><span class='ocrx_word' id='word_1_570' title='bbox 1909 2661 2026 2698; x_wconf 93' lang='lat' dir='ltr'>rum</span> <span class='ocrx_word' id='word_1_571' title='bbox 2055 2646 2330 2699; x_wconf 90' lang='lat' dir='ltr'>scntentia</span> <span class='ocrx_word' id='word_1_572' title='bbox 2351 2647 2708 2715; x_wconf 69' lang='lat' dir='ltr'>praevalente,</span> <span class='ocrx_word' id='word_1_573' title='bbox 2726 2663 2908 2701; x_wconf 90' lang='lat' dir='ltr'>rerum</span> <span class='ocrx_word' id='word_1_574' title='bbox 2934 2652 3213 2718; x_wconf 85' lang='lat' dir='ltr'>gestarum</span> <span class='ocrx_word' id='word_1_575' title='bbox 3246 2641 3524 2706; x_wconf 90' lang='lat' dir='ltr'>ordinem,</span> 
     </span>
    </p>
   </div>
   <div class='ocr_carea' id='block_1_84' title="bbox 1908 2733 3521 2809">
    <p class='ocr_par' dir='ltr' id='par_1_84' title="bbox 1908 2733 3521 2809">
     <span class='ocr_line' id='line_1_84' title="bbox 1908 2733 3521 2809; baseline -0.002 -20"><span class='ocrx_word' id='word_1_576' title='bbox 1908 2736 1978 2790; x_wconf 90' lang='lat' dir='ltr'>de</span> <span class='ocrx_word' id='word_1_577' title='bbox 2033 2735 2236 2806; x_wconf 89' lang='lat' dir='ltr'>quibus</span> <span class='ocrx_word' id='word_1_578' title='bbox 2265 2737 2555 2809; x_wconf 84' lang='lat' dir='ltr'>agebatur,</span> <span class='ocrx_word' id='word_1_579' title='bbox 2615 2737 2895 2794; x_wconf 91' lang='lat' dir='ltr'>communi</span> <span class='ocrx_word' id='word_1_580' title='bbox 2943 2751 3219 2792; x_wconf 89' lang='lat' dir='ltr'>consensu</span> <span class='ocrx_word' id='word_1_581' title='bbox 3265 2733 3521 2803; x_wconf 89' lang='lat' dir='ltr'>epistola,</span> 
     </span>
    </p>
   </div>
   <div class='ocr_carea' id='block_1_85' title="bbox 1903 2827 3524 2897">
    <p class='ocr_par' dir='ltr' id='par_1_85' title="bbox 1903 2827 3524 2897">
     <span class='ocr_line' id='line_1_85' title="bbox 1903 2827 3524 2897; baseline -0.004 -15"><span class='ocrx_word' id='word_1_582' title='bbox 1903 2827 2169 2897; x_wconf 92' lang='lat' dir='ltr'>scriptum</span> <span class='ocrx_word' id='word_1_583' title='bbox 2211 2844 2311 2897; x_wconf 87' lang='lat' dir='ltr'>per</span> <span class='ocrx_word' id='word_1_584' title='bbox 2353 2829 2643 2883; x_wconf 87' lang='lat' dir='ltr'>Actardum</span> <span class='ocrx_word' id='word_1_585' title='bbox 2694 2828 3071 2884; x_wconf 89' lang='lat' dir='ltr'>venerabilem</span> <span class='ocrx_word' id='word_1_586' title='bbox 3115 2827 3524 2880; x_wconf 88' lang='lat' dir='ltr'>Nannetensem</span> 
     </span>
    </p>
   </div>
   <div class='ocr_carea' id='block_1_86' title="bbox 1901 2915 3529 2987">
    <p class='ocr_par' dir='ltr' id='par_1_86' title="bbox 1901 2915 3529 2987">
     <span class='ocr_line' id='line_1_86' title="bbox 1901 2915 3529 2987; baseline -0.003 -19"><span class='ocrx_word' id='word_1_587' title='bbox 1901 2916 2223 2986; x_wconf 91' lang='lat' dir='ltr'>episcopum</span> <span class='ocrx_word' id='word_1_588' title='bbox 2256 2932 2414 2986; x_wconf 57' lang='lat' dir='ltr'>papa;</span> <span class='ocrx_word' id='word_1_589' title='bbox 2444 2917 2668 2972; x_wconf 92' lang='lat' dir='ltr'>Nicolao</span> <span class='ocrx_word' id='word_1_590' title='bbox 2708 2916 2976 2987; x_wconf 85' lang='lat' dir='ltr'>episcOpi,</span> <span class='ocrx_word' id='word_1_591' title='bbox 3009 2915 3103 2987; x_wconf 91' lang='lat' dir='ltr'>qui</span> <span class='ocrx_word' id='word_1_592' title='bbox 3151 2919 3529 2970; x_wconf 89' lang='lat' dir='ltr'>convenerant</span> 
     </span>
    </p>
   </div>
   <div class='ocr_carea' id='block_1_87' title="bbox 1900 2998 3519 3075">
    <p class='ocr_par' dir='ltr' id='par_1_87' title="bbox 1900 2998 3519 3075">
     <span class='ocr_line' id='line_1_87' title="bbox 1900 2998 3519 3075; baseline -0.004 -17"><span class='ocrx_word' id='word_1_593' title='bbox 1900 3005 2348 3059; x_wconf 89' lang='lat' dir='ltr'>transmiserunt.</span> <span class='ocrx_word' id='word_1_594' title='bbox 2393 3005 2560 3073; x_wconf 86' lang='lat' dir='ltr'>Cujus</span> <span class='ocrx_word' id='word_1_595' title='bbox 2589 3005 2842 3075; x_wconf 84' lang='lat' dir='ltr'>epistolae</span> <span class='ocrx_word' id='word_1_596' title='bbox 2898 3011 3059 3059; x_wconf 88' lang='lat' dir='ltr'>tenor</span> <span class='ocrx_word' id='word_1_597' title='bbox 3096 3002 3244 3056; x_wconf 91' lang='lat' dir='ltr'>idem</span> <span class='ocrx_word' id='word_1_598' title='bbox 3291 2998 3519 3060; x_wconf 86' lang='lat' dir='ltr'>exstitit,</span> 
     </span>
    </p>
   </div>
   <div class='ocr_carea' id='block_1_88' title="bbox 1900 3089 3523 3166">
    <p class='ocr_par' dir='ltr' id='par_1_88' title="bbox 1900 3089 3523 3166">
     <span class='ocr_line' id='line_1_88' title="bbox 1900 3089 3523 3166; baseline -0.005 -16"><span class='ocrx_word' id='word_1_599' title='bbox 1900 3095 1993 3166; x_wconf 91' lang='lat' dir='ltr'>qui</span> <span class='ocrx_word' id='word_1_600' title='bbox 2040 3095 2144 3150; x_wconf 91' lang='lat' dir='ltr'>fuit</span> <span class='ocrx_word' id='word_1_601' title='bbox 2200 3096 2251 3149; x_wconf 91' lang='lat' dir='ltr'>in</span> <span class='ocrx_word' id='word_1_602' title='bbox 2308 3096 2546 3166; x_wconf 87' lang='lat' dir='ltr'>epistola</span> <span class='ocrx_word' id='word_1_603' title='bbox 2585 3094 2860 3150; x_wconf 85' lang='lat' dir='ltr'>Hincmari</span> <span class='ocrx_word' id='word_1_604' title='bbox 2904 3094 3198 3148; x_wconf 84' lang='lat' dir='ltr'>Remorum</span> <span class='ocrx_word' id='word_1_605' title='bbox 3252 3089 3523 3160; x_wconf 90' lang='lat' dir='ltr'>episcopi,</span> 
     </span>
    </p>
   </div>
   <div class='ocr_carea' id='block_1_89' title="bbox 1823 3176 3522 3263">
    <p class='ocr_par' dir='ltr' id='par_1_89' title="bbox 1823 3176 3522 3263">
     <span class='ocr_line' id='line_1_89' title="bbox 1823 3176 3522 3263; baseline -0.006 -24"><span class='ocrx_word' id='word_1_606' title='bbox 1823 3195 1874 3263; x_wconf 56' lang='grc' dir='ltr'><strong>(ζ</strong></span> <span class='ocrx_word' id='word_1_607' title='bbox 1903 3200 2067 3255; x_wconf 91' lang='lat' dir='ltr'>quam</span> <span class='ocrx_word' id='word_1_608' title='bbox 2128 3200 2228 3253; x_wconf 92' lang='lat' dir='ltr'>per</span> <span class='ocrx_word' id='word_1_609' title='bbox 2258 3183 2491 3238; x_wconf 92' lang='lat' dir='ltr'>clericos</span> <span class='ocrx_word' id='word_1_610' title='bbox 2539 3198 2671 3238; x_wconf 90' lang='lat' dir='ltr'>suos</span> <span class='ocrx_word' id='word_1_611' title='bbox 2700 3182 2802 3236; x_wconf 92' lang='lat' dir='ltr'>sub</span> <span class='ocrx_word' id='word_1_612' title='bbox 2857 3180 3278 3251; x_wconf 86' lang='lat' dir='ltr'>peregrinorum</span> <span class='ocrx_word' id='word_1_613' title='bbox 3309 3176 3522 3241; x_wconf 89' lang='lat' dir='ltr'>habitu,</span> 
     </span>
    </p>
   </div>
   <div class='ocr_carea' id='block_1_90' title="bbox 1904 3265 3527 3343">
    <p class='ocr_par' dir='ltr' id='par_1_90' title="bbox 1904 3265 3527 3343">
     <span class='ocr_line' id='line_1_90' title="bbox 1904 3265 3527 3343; baseline -0.006 -17"><span class='ocrx_word' id='word_1_614' title='bbox 1904 3282 2131 3343; x_wconf 92' lang='lat' dir='ltr'>propter</span> <span class='ocrx_word' id='word_1_615' title='bbox 2165 3272 2567 3326; x_wconf 89' lang='lat' dir='ltr'>contrariorum</span> <span class='ocrx_word' id='word_1_616' title='bbox 2602 3270 2853 3325; x_wconf 89' lang='lat' dir='ltr'>vitandas</span> <span class='ocrx_word' id='word_1_617' title='bbox 2893 3268 3148 3334; x_wconf 89' lang='lat' dir='ltr'>insidias,</span> <span class='ocrx_word' id='word_1_618' title='bbox 3177 3265 3527 3337; x_wconf 62' lang='lat' dir='ltr'>praecedente</span> 
     </span>
    </p>
   </div>
   <div class='ocr_carea' id='block_1_91' title="bbox 1900 3352 3523 3428">
    <p class='ocr_par' dir='ltr' id='par_1_91' title="bbox 1900 3352 3523 3428">
     <span class='ocr_line' id='line_1_91' title="bbox 1900 3352 3523 3428; baseline -0.006 -13"><span class='ocrx_word' id='word_1_619' title='bbox 1900 3361 2046 3416; x_wconf 84' lang='lat' dir='ltr'>Julio</span> <span class='ocrx_word' id='word_1_620' title='bbox 2076 3375 2270 3414; x_wconf 88' lang='lat' dir='ltr'>mense</span> <span class='ocrx_word' id='word_1_621' title='bbox 2326 3360 2553 3414; x_wconf 81' lang='lat' dir='ltr'>Romam</span> <span class='ocrx_word' id='word_1_622' title='bbox 2585 3359 2831 3412; x_wconf 88' lang='lat' dir='ltr'>miserat.</span> <span class='ocrx_word' id='word_1_623' title='bbox 2895 3356 3194 3428; x_wconf 89' lang='lat' dir='ltr'>Epistolam</span> <span class='ocrx_word' id='word_1_624' title='bbox 3233 3361 3418 3409; x_wconf 91' lang='lat' dir='ltr'>autem</span> <span class='ocrx_word' id='word_1_625' title='bbox 3470 3352 3523 3405; x_wconf 90' lang='lat' dir='ltr'>in</span> 
     </span>
    </p>
   </div>
   <div class='ocr_carea' id='block_1_92' title="bbox 1905 3446 3523 3521">
    <p class='ocr_par' dir='ltr' id='par_1_92' title="bbox 1905 3446 3523 3521">
     <span class='ocr_line' id='line_1_92' title="bbox 1905 3446 3523 3521; baseline -0.003 -18"><span class='ocrx_word' id='word_1_626' title='bbox 1905 3450 2222 3521; x_wconf 59' lang='lat' dir='ltr'>prmscripta</span> <span class='ocrx_word' id='word_1_627' title='bbox 2277 3450 2491 3520; x_wconf 84' lang='lat' dir='ltr'>synodo</span> <span class='ocrx_word' id='word_1_628' title='bbox 2551 3448 2773 3515; x_wconf 87' lang='lat' dir='ltr'>factam,</span> <span class='ocrx_word' id='word_1_629' title='bbox 2834 3458 2890 3504; x_wconf 91' lang='lat' dir='ltr'>et</span> <span class='ocrx_word' id='word_1_630' title='bbox 2955 3446 3523 3517; x_wconf 87' lang='lat' dir='ltr'>archiepiscOporum,</span> 
     </span>
    </p>
   </div>
   <div class='ocr_carea' id='block_1_93' title="bbox 1903 3535 3527 3615">
    <p class='ocr_par' dir='ltr' id='par_1_93' title="bbox 1903 3535 3527 3615">
     <span class='ocr_line' id='line_1_93' title="bbox 1903 3535 3527 3615; baseline -0.003 -19"><span class='ocrx_word' id='word_1_631' title='bbox 1903 3542 1998 3613; x_wconf 92' lang='lat' dir='ltr'>qui</span> <span class='ocrx_word' id='word_1_632' title='bbox 2031 3550 2407 3596; x_wconf 87' lang='lat' dir='ltr'>convenerant</span> <span class='ocrx_word' id='word_1_633' title='bbox 2438 3540 2636 3614; x_wconf 85' lang='lat' dir='ltr'>sigillis</span> <span class='ocrx_word' id='word_1_634' title='bbox 2675 3541 2969 3615; x_wconf 88' lang='lat' dir='ltr'>signatam,</span> <span class='ocrx_word' id='word_1_635' title='bbox 3036 3539 3302 3595; x_wconf 85' lang='lat' dir='ltr'>Actardus</span> <span class='ocrx_word' id='word_1_636' title='bbox 3343 3535 3527 3607; x_wconf 87' lang='lat' dir='ltr'>perfe-</span> 
     </span>
    </p>
   </div>
   <div class='ocr_carea' id='block_1_94' title="bbox 1903 3626 3524 3701">
    <p class='ocr_par' dir='ltr' id='par_1_94' title="bbox 1903 3626 3524 3701">
     <span class='ocr_line' id='line_1_94' title="bbox 1903 3626 3524 3701; baseline -0.004 -16"><span class='ocrx_word' id='word_1_637' title='bbox 1903 3631 2131 3686; x_wconf 90' lang='lat' dir='ltr'>rendam</span> <span class='ocrx_word' id='word_1_638' title='bbox 2187 3630 2519 3701; x_wconf 89' lang='lat' dir='ltr'>suscipiens,</span> <span class='ocrx_word' id='word_1_639' title='bbox 2577 3646 2701 3684; x_wconf 90' lang='lat' dir='ltr'>cum</span> <span class='ocrx_word' id='word_1_640' title='bbox 2757 3631 3089 3701; x_wconf 88' lang='lat' dir='ltr'>quibusdam</span> <span class='ocrx_word' id='word_1_641' title='bbox 3130 3627 3410 3699; x_wconf 92' lang='lat' dir='ltr'>episcopis</span> <span class='ocrx_word' id='word_1_642' title='bbox 3457 3626 3524 3680; x_wconf 87' lang='lat' dir='ltr'>ad</span> 
     </span>
    </p>
   </div>
   <div class='ocr_carea' id='block_1_95' title="bbox 1902 3719 3526 3793">
    <p class='ocr_par' dir='ltr' id='par_1_95' title="bbox 1902 3719 3526 3793">
     <span class='ocr_line' id='line_1_95' title="bbox 1902 3719 3526 3793; baseline -0.002 -17"><span class='ocrx_word' id='word_1_643' title='bbox 1902 3724 2184 3791; x_wconf 87' lang='lat' dir='ltr'>Karolum,</span> <span class='ocrx_word' id='word_1_644' title='bbox 2213 3723 2355 3778; x_wconf 90' lang='lat' dir='ltr'>sicut</span> <span class='ocrx_word' id='word_1_645' title='bbox 2384 3723 2501 3793; x_wconf 91' lang='lat' dir='ltr'>ipse</span> <span class='ocrx_word' id='word_1_646' title='bbox 2546 3729 2906 3793; x_wconf 78' lang='lat' dir='ltr'>praeceperat,</span> <span class='ocrx_word' id='word_1_647' title='bbox 2942 3721 3128 3776; x_wconf 91' lang='lat' dir='ltr'>rediit.</span> <span class='ocrx_word' id='word_1_648' title='bbox 3161 3719 3392 3774; x_wconf 85' lang='lat' dir='ltr'>Karolus</span> <span class='ocrx_word' id='word_1_649' title='bbox 3424 3735 3526 3772; x_wconf 85' lang='lat' dir='ltr'>au-</span> 
     </span>
    </p>
   </div>
   <div class='ocr_carea' id='block_1_96' title="bbox 1903 3810 3527 3881">
    <p class='ocr_par' dir='ltr' id='par_1_96' title="bbox 1903 3810 3527 3881">
     <span class='ocr_line' id='line_1_96' title="bbox 1903 3810 3527 3881; baseline -0.002 -16"><span class='ocrx_word' id='word_1_650' title='bbox 1903 3819 2011 3866; x_wconf 90' lang='lat' dir='ltr'>tem</span> <span class='ocrx_word' id='word_1_651' title='bbox 2042 3812 2336 3866; x_wconf 89' lang='lat' dir='ltr'>immemor</span> <span class='ocrx_word' id='word_1_652' title='bbox 2383 3810 2667 3866; x_wconf 86' lang='lat' dir='ltr'>fidelitatis</span> <span class='ocrx_word' id='word_1_653' title='bbox 2719 3820 2887 3881; x_wconf 89' lang='lat' dir='ltr'>atque</span> <span class='ocrx_word' id='word_1_654' title='bbox 2919 3810 3196 3874; x_wconf 91' lang='lat' dir='ltr'>laborum,</span> <span class='ocrx_word' id='word_1_655' title='bbox 3257 3823 3398 3879; x_wconf 91' lang='lat' dir='ltr'>quos</span> <span class='ocrx_word' id='word_1_656' title='bbox 3428 3822 3527 3876; x_wconf 93' lang='lat' dir='ltr'>pro</span> 
     </span>
    </p>
   </div>
   <div class='ocr_carea' id='block_1_97' title="bbox 1903 3899 3527 3976">
    <p class='ocr_par' dir='ltr' id='par_1_97' title="bbox 1903 3899 3527 3976">
     <span class='ocr_line' id='line_1_97' title="bbox 1903 3899 3527 3976; baseline -0.004 -20"><span class='ocrx_word' id='word_1_657' title='bbox 1903 3903 2024 3970; x_wconf 85' lang='lat' dir='ltr'>ejus</span> <span class='ocrx_word' id='word_1_658' title='bbox 2049 3903 2258 3957; x_wconf 90' lang='lat' dir='ltr'>honore</span> <span class='ocrx_word' id='word_1_659' title='bbox 2285 3910 2341 3957; x_wconf 90' lang='lat' dir='ltr'>ct</span> <span class='ocrx_word' id='word_1_660' title='bbox 2379 3901 2537 3976; x_wconf 88' lang='lat' dir='ltr'>regni</span> <span class='ocrx_word' id='word_1_661' title='bbox 2577 3902 2809 3956; x_wconf 90' lang='lat' dir='ltr'>obtentu</span> <span class='ocrx_word' id='word_1_662' title='bbox 2849 3916 2998 3970; x_wconf 59' lang='lat' dir='ltr'>saepe</span> <span class='ocrx_word' id='word_1_663' title='bbox 3032 3900 3177 3954; x_wconf 85' lang='lat' dir='ltr'>fatus</span> <span class='ocrx_word' id='word_1_664' title='bbox 3207 3899 3527 3952; x_wconf 82' lang='lat' dir='ltr'>Hincmarus</span> 
     </span>
    </p>
   </div>
   <div class='ocr_carea' id='block_1_98' title="bbox 1903 3988 3526 4064">
    <p class='ocr_par' dir='ltr' id='par_1_98' title="bbox 1903 3988 3526 4064">
     <span class='ocr_line' id='line_1_98' title="bbox 1903 3988 3526 4064; baseline -0.002 -18"><span class='ocrx_word' id='word_1_665' title='bbox 1903 4009 2002 4064; x_wconf 91' lang='lat' dir='ltr'>per</span> <span class='ocrx_word' id='word_1_666' title='bbox 2051 3994 2237 4064; x_wconf 91' lang='lat' dir='ltr'>plures</span> <span class='ocrx_word' id='word_1_667' title='bbox 2285 4010 2463 4049; x_wconf 90' lang='lat' dir='ltr'>annos</span> <span class='ocrx_word' id='word_1_668' title='bbox 2506 3993 2773 4059; x_wconf 86' lang='lat' dir='ltr'>subierat,</span> <span class='ocrx_word' id='word_1_669' title='bbox 2822 3993 3074 4053; x_wconf 83' lang='lat' dir='ltr'>eamdem</span> <span class='ocrx_word' id='word_1_670' title='bbox 3120 3989 3409 4060; x_wconf 89' lang='lat' dir='ltr'>epistolam</span> <span class='ocrx_word' id='word_1_671' title='bbox 3457 3988 3526 4043; x_wconf 92' lang='lat' dir='ltr'>ab</span> 
     </span>
    </p>
   </div>
   <div class='ocr_carea' id='block_1_99' title="bbox 1902 4077 3528 4156">
    <p class='ocr_par' dir='ltr' id='par_1_99' title="bbox 1902 4077 3528 4156">
     <span class='ocr_line' id='line_1_99' title="bbox 1902 4077 3528 4156; baseline -0.003 -20"><span class='ocrx_word' id='word_1_672' title='bbox 1902 4083 2134 4138; x_wconf 90' lang='lat' dir='ltr'>Actardo</span> <span class='ocrx_word' id='word_1_673' title='bbox 2165 4083 2272 4137; x_wconf 91' lang='lat' dir='ltr'>sibi</span> <span class='ocrx_word' id='word_1_674' title='bbox 2303 4083 2421 4138; x_wconf 89' lang='lat' dir='ltr'>dari</span> <span class='ocrx_word' id='word_1_675' title='bbox 2455 4083 2645 4156; x_wconf 86' lang='lat' dir='ltr'>exigit,</span> <span class='ocrx_word' id='word_1_676' title='bbox 2679 4090 2734 4137; x_wconf 90' lang='lat' dir='ltr'>et</span> <span class='ocrx_word' id='word_1_677' title='bbox 2765 4081 3313 4152; x_wconf 86' lang='lat' dir='ltr'>archiepiscoporum</span> <span class='ocrx_word' id='word_1_678' title='bbox 3344 4077 3528 4152; x_wconf 88' lang='lat' dir='ltr'>sigilla</span> 
     </span>
    </p>
   </div>
   <div class='ocr_carea' id='block_1_100' title="bbox 1903 4170 3526 4248">
    <p class='ocr_par' dir='ltr' id='par_1_100' title="bbox 1903 4170 3526 4248">
     <span class='ocr_line' id='line_1_100' title="bbox 1903 4170 3526 4248; baseline -0.002 -20"><span class='ocrx_word' id='word_1_679' title='bbox 1903 4172 2284 4248; x_wconf 81' lang='lat' dir='ltr'>contrmgens,</span> <span class='ocrx_word' id='word_1_680' title='bbox 2327 4181 2483 4246; x_wconf 90' lang='lat' dir='ltr'>gesta</span> <span class='ocrx_word' id='word_1_681' title='bbox 2515 4173 2710 4244; x_wconf 87' lang='lat' dir='ltr'>synodi</span> <span class='ocrx_word' id='word_1_682' title='bbox 2738 4173 2956 4248; x_wconf 90' lang='lat' dir='ltr'>relegit,</span> <span class='ocrx_word' id='word_1_683' title='bbox 2990 4179 3043 4227; x_wconf 89' lang='lat' dir='ltr'>et</span> <span class='ocrx_word' id='word_1_684' title='bbox 3071 4172 3221 4243; x_wconf 88' lang='lat' dir='ltr'>quia,</span> <span class='ocrx_word' id='word_1_685' title='bbox 3253 4170 3398 4224; x_wconf 93' lang='lat' dir='ltr'>sicut</span> <span class='ocrx_word' id='word_1_686' title='bbox 3421 4185 3526 4225; x_wconf 86' lang='lat' dir='ltr'>vo-</span> 
     </span>
    </p>
   </div>
   <div class='ocr_carea' id='block_1_101' title="bbox 1906 4263 3525 4337">
    <p class='ocr_par' dir='ltr' id='par_1_101' title="bbox 1906 4263 3525 4337">
     <span class='ocr_line' id='line_1_101' title="bbox 1906 4263 3525 4337; baseline -0.002 -17"><span class='ocrx_word' id='word_1_687' title='bbox 1906 4267 2105 4334; x_wconf 91' lang='lat' dir='ltr'>luerat,</span> <span class='ocrx_word' id='word_1_688' title='bbox 2139 4267 2195 4320; x_wconf 92' lang='lat' dir='ltr'>in</span> <span class='ocrx_word' id='word_1_689' title='bbox 2217 4267 2411 4321; x_wconf 89' lang='lat' dir='ltr'>eadem</span> <span class='ocrx_word' id='word_1_690' title='bbox 2443 4268 2656 4337; x_wconf 87' lang='lat' dir='ltr'>synodo</span> <span class='ocrx_word' id='word_1_691' title='bbox 2679 4266 3006 4321; x_wconf 86' lang='lat' dir='ltr'>Hincmarus</span> <span class='ocrx_word' id='word_1_692' title='bbox 3029 4280 3140 4320; x_wconf 93' lang='lat' dir='ltr'>non</span> <span class='ocrx_word' id='word_1_693' title='bbox 3162 4263 3525 4319; x_wconf 87' lang='lat' dir='ltr'>exstititcon-</span> 
     </span>
    </p>
   </div>
   <div class='ocr_carea' id='block_1_102' title="bbox 1905 4352 3526 4424">
    <p class='ocr_par' dir='ltr' id='par_1_102' title="bbox 1905 4352 3526 4424">
     <span class='ocr_line' id='line_1_102' title="bbox 1905 4352 3526 4424; baseline -0.002 -17"><span class='ocrx_word' id='word_1_694' title='bbox 1905 4352 2130 4420; x_wconf 88' lang='lat' dir='ltr'>futatus,</span> <span class='ocrx_word' id='word_1_695' title='bbox 2175 4354 2467 4424; x_wconf 91' lang='lat' dir='ltr'>epistolam</span> <span class='ocrx_word' id='word_1_696' title='bbox 2504 4369 2606 4409; x_wconf 92' lang='lat' dir='ltr'>suo</span> <span class='ocrx_word' id='word_1_697' title='bbox 2643 4355 2870 4410; x_wconf 89' lang='lat' dir='ltr'>nomine</span> <span class='ocrx_word' id='word_1_698' title='bbox 2908 4354 2976 4408; x_wconf 91' lang='lat' dir='ltr'>ad</span> <span class='ocrx_word' id='word_1_699' title='bbox 3007 4353 3288 4408; x_wconf 87' lang='lat' dir='ltr'>Nicolaum</span> <span class='ocrx_word' id='word_1_700' title='bbox 3331 4367 3526 4421; x_wconf 91' lang='lat' dir='ltr'>papam</span> 
     </span>
    </p>
   </div>
   <div class='ocr_carea' id='block_1_103' title="bbox 1903 4444 3531 4514">
    <p class='ocr_par' dir='ltr' id='par_1_103' title="bbox 1903 4444 3531 4514">
     <span class='ocr_line' id='line_1_103' title="bbox 1903 4444 3531 4514; baseline -0.002 -15"><span class='ocrx_word' id='word_1_701' title='bbox 1903 4445 2098 4500; x_wconf 90' lang='lat' dir='ltr'>dictari</span> <span class='ocrx_word' id='word_1_702' title='bbox 2160 4445 2215 4499; x_wconf 92' lang='lat' dir='ltr'>in</span> <span class='ocrx_word' id='word_1_703' title='bbox 2249 4446 2697 4501; x_wconf 89' lang='lat' dir='ltr'>contrarietatem</span> <span class='ocrx_word' id='word_1_704' title='bbox 2755 4445 3029 4501; x_wconf 89' lang='lat' dir='ltr'>Hincmari</span> <span class='ocrx_word' id='word_1_705' title='bbox 3062 4444 3211 4510; x_wconf 90' lang='lat' dir='ltr'>fecit,</span> <span class='ocrx_word' id='word_1_706' title='bbox 3272 4459 3435 4514; x_wconf 91' lang='lat' dir='ltr'>quam</span> <span class='ocrx_word' id='word_1_707' title='bbox 3475 4449 3531 4497; x_wconf 89' lang='lat' dir='ltr'>et</span> 
     </span>
    </p>
   </div>
   <div class='ocr_carea' id='block_1_104' title="bbox 1903 4532 3530 4607">
    <p class='ocr_par' dir='ltr' id='par_1_104' title="bbox 1903 4532 3530 4607">
     <span class='ocr_line' id='line_1_104' title="bbox 1903 4532 3530 4607; baseline -0.001 -19"><span class='ocrx_word' id='word_1_708' title='bbox 1903 4535 2052 4589; x_wconf 87' lang='lat' dir='ltr'>bulla</span> <span class='ocrx_word' id='word_1_709' title='bbox 2086 4534 2171 4589; x_wconf 90' lang='lat' dir='ltr'>sui</span> <span class='ocrx_word' id='word_1_710' title='bbox 2198 4535 2442 4590; x_wconf 91' lang='lat' dir='ltr'>nominis</span> <span class='ocrx_word' id='word_1_711' title='bbox 2472 4535 2752 4607; x_wconf 88' lang='lat' dir='ltr'>sigillavit,</span> <span class='ocrx_word' id='word_1_712' title='bbox 2785 4543 2985 4590; x_wconf 91' lang='lat' dir='ltr'>etcum</span> <span class='ocrx_word' id='word_1_713' title='bbox 3017 4533 3249 4605; x_wconf 89' lang='lat' dir='ltr'>epistola</span> <span class='ocrx_word' id='word_1_714' title='bbox 3279 4532 3530 4604; x_wconf 90' lang='lat' dir='ltr'>synodali</span> 
     </span>
    </p>
   </div>
   <div class='ocr_carea' id='block_1_105' title="bbox 1901 4622 3527 4694">
    <p class='ocr_par' dir='ltr' id='par_1_105' title="bbox 1901 4622 3527 4694">
     <span class='ocr_line' id='line_1_105' title="bbox 1901 4622 3527 4694; baseline -0.002 -16"><span class='ocrx_word' id='word_1_715' title='bbox 1901 4639 2000 4694; x_wconf 90' lang='lat' dir='ltr'>per</span> <span class='ocrx_word' id='word_1_716' title='bbox 2028 4624 2206 4694; x_wconf 92' lang='lat' dir='ltr'>ipsum</span> <span class='ocrx_word' id='word_1_717' title='bbox 2245 4625 2538 4679; x_wconf 84' lang='lat' dir='ltr'>Actardum</span> <span class='ocrx_word' id='word_1_718' title='bbox 2571 4624 2797 4678; x_wconf 84' lang='lat' dir='ltr'>Romam</span> <span class='ocrx_word' id='word_1_719' title='bbox 2850 4623 3070 4678; x_wconf 78' lang='lat' dir='ltr'>direxit.</span> <span class='ocrx_word' id='word_1_720' title='bbox 3102 4622 3316 4677; x_wconf 69' lang='lat' dir='ltr'>Praafati</span> <span class='ocrx_word' id='word_1_721' title='bbox 3343 4629 3527 4676; x_wconf 88' lang='lat' dir='ltr'>autem</span> 
     </span>
    </p>
   </div>
   <div class='ocr_carea' id='block_1_106' title="bbox 1904 4716 3528 4792">
    <p class='ocr_par' dir='ltr' id='par_1_106' title="bbox 1904 4716 3528 4792">
     <span class='ocr_line' id='line_1_106' title="bbox 1904 4716 3528 4792; baseline -0.001 -21"><span class='ocrx_word' id='word_1_722' title='bbox 1904 4717 2180 4772; x_wconf 84' lang='lat' dir='ltr'>Hincmari</span> <span class='ocrx_word' id='word_1_723' title='bbox 2208 4718 2394 4773; x_wconf 91' lang='lat' dir='ltr'>clerici</span> <span class='ocrx_word' id='word_1_724' title='bbox 2428 4718 2482 4772; x_wconf 93' lang='lat' dir='ltr'>in</span> <span class='ocrx_word' id='word_1_725' title='bbox 2523 4733 2712 4773; x_wconf 91' lang='lat' dir='ltr'>mense</span> <span class='ocrx_word' id='word_1_726' title='bbox 2745 4721 2988 4792; x_wconf 86' lang='lat' dir='ltr'>Augusto</span> <span class='ocrx_word' id='word_1_727' title='bbox 3035 4718 3260 4773; x_wconf 82' lang='lat' dir='ltr'>Romam</span> <span class='ocrx_word' id='word_1_728' title='bbox 3291 4716 3528 4771; x_wconf 91' lang='lat' dir='ltr'>venien-</span> 
     </span>
    </p>
   </div>
   <div class='ocr_carea' id='block_1_107' title="bbox 1904 4812 3524 4884">
    <p class='ocr_par' dir='ltr' id='par_1_107' title="bbox 1904 4812 3524 4884">
     <span class='ocr_line' id='line_1_107' title="bbox 1904 4812 3524 4884; baseline -0.002 -15"><span class='ocrx_word' id='word_1_729' title='bbox 1904 4820 2008 4880; x_wconf 86' lang='lat' dir='ltr'>tes,</span> <span class='ocrx_word' id='word_1_730' title='bbox 2054 4812 2336 4867; x_wconf 90' lang='lat' dir='ltr'>Nicolaum</span> <span class='ocrx_word' id='word_1_731' title='bbox 2378 4830 2576 4884; x_wconf 88' lang='lat' dir='ltr'>papam</span> <span class='ocrx_word' id='word_1_732' title='bbox 2614 4814 2727 4883; x_wconf 87' lang='lat' dir='ltr'>jam</span> <span class='ocrx_word' id='word_1_733' title='bbox 2775 4815 2933 4870; x_wconf 92' lang='lat' dir='ltr'>valde</span> <span class='ocrx_word' id='word_1_734' title='bbox 2984 4813 3342 4879; x_wconf 87' lang='lat' dir='ltr'>inﬁrmatum,</span> <span class='ocrx_word' id='word_1_735' title='bbox 3384 4822 3440 4867; x_wconf 91' lang='lat' dir='ltr'>et</span> <span class='ocrx_word' id='word_1_736' title='bbox 3469 4812 3524 4866; x_wconf 90' lang='lat' dir='ltr'>in</span> 
     </span>
    </p>
   </div>
   <div class='ocr_carea' id='block_1_108' title="bbox 1899 4902 3525 4976">
    <p class='ocr_par' dir='ltr' id='par_1_108' title="bbox 1899 4902 3525 4976">
     <span class='ocr_line' id='line_1_108' title="bbox 1899 4902 3525 4976; baseline -0.001 -18"><span class='ocrx_word' id='word_1_737' title='bbox 1899 4902 2281 4970; x_wconf 89' lang='lat' dir='ltr'>contentione,</span> <span class='ocrx_word' id='word_1_738' title='bbox 2343 4921 2506 4975; x_wconf 91' lang='lat' dir='ltr'>quam</span> <span class='ocrx_word' id='word_1_739' title='bbox 2568 4913 2758 4959; x_wconf 88' lang='lat' dir='ltr'>contra</span> <span class='ocrx_word' id='word_1_740' title='bbox 2808 4905 3168 4976; x_wconf 89' lang='lat' dir='ltr'>imperatores</span> <span class='ocrx_word' id='word_1_741' title='bbox 3215 4905 3525 4959; x_wconf 69' lang='lat' dir='ltr'>Ortecorum</span> 
     </span>
    </p>
   </div>
   <div class='ocr_carea' id='block_1_109' title="bbox 1898 4995 3520 5062">
    <p class='ocr_par' dir='ltr' id='par_1_109' title="bbox 1898 4995 3520 5062">
     <span class='ocr_line' id='line_1_109' title="bbox 1898 4995 3520 5062; baseline 0 -14"><span class='ocrx_word' id='word_1_742' title='bbox 1898 4995 2220 5049; x_wconf 84' lang='lat' dir='ltr'>Michaelem</span> <span class='ocrx_word' id='word_1_743' title='bbox 2265 5004 2321 5051; x_wconf 92' lang='lat' dir='ltr'>et</span> <span class='ocrx_word' id='word_1_744' title='bbox 2362 4997 2642 5062; x_wconf 89' lang='lat' dir='ltr'>Basilium,</span> <span class='ocrx_word' id='word_1_745' title='bbox 2696 4997 2794 5051; x_wconf 89' lang='lat' dir='ltr'>sed</span> <span class='ocrx_word' id='word_1_746' title='bbox 2857 5007 2909 5051; x_wconf 94' lang='lat' dir='ltr'>et</span> <span class='ocrx_word' id='word_1_747' title='bbox 2965 5005 3152 5052; x_wconf 88' lang='lat' dir='ltr'>contra</span> <span class='ocrx_word' id='word_1_748' title='bbox 3212 4995 3520 5051; x_wconf 90' lang='lat' dir='ltr'>Orientales</span> 
     </span>
    </p>
   </div>
   <div class='ocr_carea' id='block_1_110' title="bbox 1897 5086 3528 5163">
    <p class='ocr_par' dir='ltr' id='par_1_110' title="bbox 1897 5086 3528 5163">
     <span class='ocr_line' id='line_1_110' title="bbox 1897 5086 3528 5163; baseline 0.001 -24"><span class='ocrx_word' id='word_1_749' title='bbox 1897 5086 2192 5157; x_wconf 88' lang='lat' dir='ltr'>episc0pos</span> <span class='ocrx_word' id='word_1_750' title='bbox 2232 5087 2496 5155; x_wconf 89' lang='lat' dir='ltr'>habebat,</span> <span class='ocrx_word' id='word_1_751' title='bbox 2541 5105 2875 5163; x_wconf 87' lang='lat' dir='ltr'>magnopere</span> <span class='ocrx_word' id='word_1_752' title='bbox 2915 5088 3258 5143; x_wconf 90' lang='lat' dir='ltr'>laborantem</span> <span class='ocrx_word' id='word_1_753' title='bbox 3307 5087 3528 5141; x_wconf 88' lang='lat' dir='ltr'>invene-</span> 
     </span>
    </p>
   </div>
   <div class='ocr_carea' id='block_1_111' title="bbox 1897 5176 3524 5253">
    <p class='ocr_par' dir='ltr' id='par_1_111' title="bbox 1897 5176 3524 5253">
     <span class='ocr_line' id='line_1_111' title="bbox 1897 5176 3524 5253; baseline 0.002 -26"><span class='ocrx_word' id='word_1_754' title='bbox 1897 5184 2040 5229; x_wconf 91' lang='lat' dir='ltr'>runt.</span> <span class='ocrx_word' id='word_1_755' title='bbox 2122 5177 2469 5247; x_wconf 85' lang='lat' dir='ltr'>Quapropter</span> <span class='ocrx_word' id='word_1_756' title='bbox 2523 5195 2697 5253; x_wconf 79' lang='lat' dir='ltr'>usque</span> <span class='ocrx_word' id='word_1_757' title='bbox 2772 5179 2839 5233; x_wconf 91' lang='lat' dir='ltr'>ad</span> <span class='ocrx_word' id='word_1_758' title='bbox 2899 5194 3146 5232; x_wconf 90' lang='lat' dir='ltr'>mensem</span> <span class='ocrx_word' id='word_1_759' title='bbox 3210 5176 3524 5232; x_wconf 90' lang='lat' dir='ltr'>Octobrium</span> 
     </span>
    </p>
   </div>
   <div class='ocr_carea' id='block_1_112' title="bbox 1895 5265 3530 5342">
    <p class='ocr_par' dir='ltr' id='par_1_112' title="bbox 1895 5265 3530 5342">
     <span class='ocr_line' id='line_1_112' title="bbox 1895 5265 3530 5342; baseline 0.002 -23"><span class='ocrx_word' id='word_1_760' title='bbox 1895 5265 2101 5320; x_wconf 91' lang='lat' dir='ltr'>ibidem</span> <span class='ocrx_word' id='word_1_761' title='bbox 2132 5274 2260 5321; x_wconf 92' lang='lat' dir='ltr'>sunt</span> <span class='ocrx_word' id='word_1_762' title='bbox 2291 5267 2587 5324; x_wconf 90' lang='lat' dir='ltr'>immorati.</span> <span class='ocrx_word' id='word_1_763' title='bbox 2624 5269 2881 5323; x_wconf 89' lang='lat' dir='ltr'>Nicolaus</span> <span class='ocrx_word' id='word_1_764' title='bbox 2919 5284 3050 5324; x_wconf 90' lang='lat' dir='ltr'>vero</span> <span class='ocrx_word' id='word_1_765' title='bbox 3083 5285 3225 5339; x_wconf 88' lang='lat' dir='ltr'>papa</span> <span class='ocrx_word' id='word_1_766' title='bbox 3251 5275 3530 5342; x_wconf 88' lang='lat' dir='ltr'>gratanter</span> 
     </span>
    </p>
   </div>
   <div class='ocr_carea' id='block_1_113' title="bbox 1892 5360 3526 5434">
    <p class='ocr_par' dir='ltr' id='par_1_113' title="bbox 1892 5360 3526 5434">
     <span class='ocr_line' id='line_1_113' title="bbox 1892 5360 3526 5434; baseline 0.003 -21"><span class='ocrx_word' id='word_1_767' title='bbox 1892 5360 2207 5431; x_wconf 89' lang='lat' dir='ltr'>suscipiens</span> <span class='ocrx_word' id='word_1_768' title='bbox 2237 5378 2359 5432; x_wconf 70' lang='lat' dir='ltr'>quae</span> <span class='ocrx_word' id='word_1_769' title='bbox 2389 5363 2714 5417; x_wconf 81' lang='lat' dir='ltr'>Hincmarus</span> <span class='ocrx_word' id='word_1_770' title='bbox 2730 5363 2780 5417; x_wconf 91' lang='lat' dir='ltr'>ei</span> <span class='ocrx_word' id='word_1_771' title='bbox 2812 5363 3128 5434; x_wconf 89' lang='lat' dir='ltr'>scripserat,</span> <span class='ocrx_word' id='word_1_772' title='bbox 3156 5363 3225 5418; x_wconf 89' lang='lat' dir='ltr'>de</span> <span class='ocrx_word' id='word_1_773' title='bbox 3263 5363 3526 5418; x_wconf 89' lang='lat' dir='ltr'>omnibus</span> 
     </span>
    </p>
   </div>
   <div class='ocr_carea' id='block_1_114' title="bbox 1892 5451 3524 5525">
    <p class='ocr_par' dir='ltr' id='par_1_114' title="bbox 1892 5451 3524 5525">
     <span class='ocr_line' id='line_1_114' title="bbox 1892 5451 3524 5525; baseline 0.001 -19"><span class='ocrx_word' id='word_1_774' title='bbox 1892 5451 1997 5506; x_wconf 89' lang='lat' dir='ltr'>sibi</span> <span class='ocrx_word' id='word_1_775' title='bbox 2055 5451 2392 5507; x_wconf 90' lang='lat' dir='ltr'>satisfactum</span> <span class='ocrx_word' id='word_1_776' title='bbox 2434 5469 2556 5508; x_wconf 90' lang='lat' dir='ltr'>esse</span> <span class='ocrx_word' id='word_1_777' title='bbox 2589 5454 2873 5525; x_wconf 90' lang='lat' dir='ltr'>rescripsit</span> <span class='ocrx_word' id='word_1_778' title='bbox 2913 5457 3008 5523; x_wconf 65' lang='lat'>:9).</span> <span class='ocrx_word' id='word_1_779' title='bbox 3058 5455 3164 5509; x_wconf 90' lang='lat' dir='ltr'>Sed</span> <span class='ocrx_word' id='word_1_780' title='bbox 3205 5461 3261 5509; x_wconf 91' lang='lat' dir='ltr'>et</span> <span class='ocrx_word' id='word_1_781' title='bbox 3296 5455 3524 5510; x_wconf 89' lang='lat' dir='ltr'>alteram</span> 
     </span>
    </p>
   </div>
   <div class='ocr_carea' id='block_1_115' title="bbox 1896 5543 3525 5618">
    <p class='ocr_par' dir='ltr' id='par_1_115' title="bbox 1896 5543 3525 5618">
     <span class='ocr_line' id='line_1_115' title="bbox 1896 5543 3525 5618; baseline 0.003 -20"><span class='ocrx_word' id='word_1_782' title='bbox 1896 5543 2186 5614; x_wconf 88' lang='lat' dir='ltr'>epistolam</span> <span class='ocrx_word' id='word_1_783' title='bbox 2212 5545 2394 5598; x_wconf 92' lang='lat' dir='ltr'>eidem</span> <span class='ocrx_word' id='word_1_784' title='bbox 2431 5552 2485 5599; x_wconf 90' lang='lat' dir='ltr'>et</span> <span class='ocrx_word' id='word_1_785' title='bbox 2512 5545 2727 5600; x_wconf 68' lang='lat' dir='ltr'>caeteris</span> <span class='ocrx_word' id='word_1_786' title='bbox 2754 5546 3192 5618; x_wconf 88' lang='lat' dir='ltr'>archiepiscopis</span> <span class='ocrx_word' id='word_1_787' title='bbox 3221 5555 3276 5601; x_wconf 91' lang='lat' dir='ltr'>et</span> <span class='ocrx_word' id='word_1_788' title='bbox 3305 5547 3525 5617; x_wconf 90' lang='lat' dir='ltr'>episco-</span> 
     </span>
    </p>
   </div>
   <div class='ocr_carea' id='block_1_116' title="bbox 1893 5631 3520 5703">
    <p class='ocr_par' dir='ltr' id='par_1_116' title="bbox 1893 5631 3520 5703">
     <span class='ocr_line' id='line_1_116' title="bbox 1893 5631 3520 5703; baseline 0.003 -20"><span class='ocrx_word' id='word_1_789' title='bbox 1893 5631 1981 5702; x_wconf 92' lang='lat' dir='ltr'>pis</span> <span class='ocrx_word' id='word_1_790' title='bbox 2030 5631 2084 5684; x_wconf 94' lang='lat' dir='ltr'>in</span> <span class='ocrx_word' id='word_1_791' title='bbox 2119 5647 2292 5703; x_wconf 88' lang='lat' dir='ltr'>regno</span> <span class='ocrx_word' id='word_1_792' title='bbox 2338 5631 2516 5688; x_wconf 86' lang='lat' dir='ltr'>Caroli</span> <span class='ocrx_word' id='word_1_793' title='bbox 2566 5634 2882 5690; x_wconf 90' lang='lat' dir='ltr'>constitutis</span> <span class='ocrx_word' id='word_1_794' title='bbox 2927 5635 3257 5702; x_wconf 89' lang='lat' dir='ltr'>transmisit,</span> <span class='ocrx_word' id='word_1_795' title='bbox 3302 5634 3520 5688; x_wconf 91' lang='lat' dir='ltr'>innote-</span> 
     </span>
    </p>
   </div>
   <div class='ocr_carea' id='block_1_117' title="bbox 1893 5722 3520 5802">
    <p class='ocr_par' dir='ltr' id='par_1_117' title="bbox 1893 5722 3520 5802">
     <span class='ocr_line' id='line_1_117' title="bbox 1893 5722 3520 5802; baseline 0.001 -26"><span class='ocrx_word' id='word_1_796' title='bbox 1893 5738 2054 5777; x_wconf 88' lang='lat' dir='ltr'>scens</span> <span class='ocrx_word' id='word_1_797' title='bbox 2087 5722 2346 5793; x_wconf 72' lang='lat' dir='ltr'>praefatos</span> <span class='ocrx_word' id='word_1_798' title='bbox 2373 5725 2681 5780; x_wconf 61' lang='lat' dir='ltr'>Graecorum</span> <span class='ocrx_word' id='word_1_799' title='bbox 2717 5727 3102 5802; x_wconf 83' lang='lat' dir='ltr'>imperatores,</span> <span class='ocrx_word' id='word_1_800' title='bbox 3123 5728 3218 5782; x_wconf 90' lang='lat' dir='ltr'>sed</span> <span class='ocrx_word' id='word_1_801' title='bbox 3242 5731 3296 5780; x_wconf 92' lang='lat' dir='ltr'>et</span> <span class='ocrx_word' id='word_1_802' title='bbox 3325 5724 3520 5780; x_wconf 87' lang='lat' dir='ltr'>Orien-</span> 
     </span>
    </p>
   </div>
  </div>
