3912 6446
392 441 456 496 91
1475 428 1839 482 FLODOARDI
1883 425 2184 481 CANONICI
2226 420 2554 478 REMENSIS

3592 411 3699 467 192

360 582 498 636 tales
545 577 845 649 episcopos
881 571 1204 630 calumniari
1257 578 1502 626 sanctam
1543 569 1842 624 Romanam
1877 568 1974 622 Ec-
2003 575 2052 640 Α
2079 564 2350 638 episcopi.
2383 561 2586 618 Scribit
2623 559 2787 614 etiam
2832 557 2901 612 ad
2934 555 3349 610 instructionem
3404 552 3581 622 ipsius
3611 568 3700 606 re-

358 671 605 737 clcsiam,
659 670 771 724 imo
802 683 1022 724 omnem
1056 663 1377 727 Ecclesiam,
1419 677 1541 732 quae
1589 660 1776 715 Latina
1806 660 1978 716 utitur

363 765 575 836 lingua,
610 763 740 834 quia
781 761 1098 829 jejunamus
1129 757 1183 810 in
1222 754 1496 820 Sabbatis,
1531 753 1680 824 quod
1724 752 1976 823 spiritum

360 863 608 911 sanctum
638 871 702 909 ex
739 855 896 908 Patre
927 850 1175 920 Filioque
1216 846 1516 916 procedere
1547 843 1806 911 dicimus,
1848 844 1980 916 quia

363 949 716 1020 presbyteros
757 943 939 1000 sortiri
983 941 1250 1014 conjuges
1291 937 1670 1008 prohibemus,
1717 935 1977 1006 quoniam

361 1041 583 1095 eosdem
625 1038 980 1108 presbyteros
1032 1031 1329 1087 chrismate
1375 1029 1534 1082 linire
1581 1028 1977 1098 baptizatorum

357 1133 565 1187 frontes
593 1129 933 1194 inhibemus,
966 1126 1216 1180 dicentes
1270 1122 1376 1194 ipsi
1407 1121 1601 1187 Graeci,
1650 1120 1798 1191 quod
1831 1119 1981 1174 chri-

361 1238 478 1275 sma
509 1236 574 1274 ex
597 1234 740 1289 aqua
770 1215 1014 1270 ﬂuminis
1044 1213 1216 1267 Latini
1248 1210 1646 1277 conﬁciamus;
1680 1210 1983 1280 reprehen-

355 1314 556 1366 dentes
589 1325 689 1364 nos
728 1308 973 1374 Latinos,
1021 1306 1171 1378 quod
1210 1312 1334 1360 octo
1375 1303 1822 1358 hebdomadibus
1857 1309 1984 1357 ante

363 1404 572 1459 Pascha
601 1419 631 1458 a
657 1401 930 1466 carnium,
969 1405 1023 1453 et
1053 1407 1267 1469 septem
1300 1395 1746 1451 hebdomadibus
1778 1412 1808 1450 a
1835 1395 1982 1450 casei

359 1506 413 1550 et
443 1510 671 1550 ovorum
703 1510 825 1558 esu,
877 1507 1031 1547 more
1059 1506 1182 1556 suo,
1219 1505 1329 1545 non
1388 1504 1685 1543 cessamus.
1730 1488 1986 1542 Dicentes

359 1587 544 1650 etiam,
573 1584 720 1655 quod
756 1583 808 1637 in
843 1583 1052 1636 Pascha
1083 1596 1236 1636 more
1264 1579 1576 1635 Judmorum
1610 1594 1778 1648 super
1807 1578 1978 1632 altare

361 1675 567 1745 pariter
605 1690 727 1728 cum
758 1671 1042 1727 Dominico
1074 1685 1304 1741 corpore
1335 1684 1537 1743 agnum
1579 1667 1980 1722 benedicamus

359 1771 413 1818 et
443 1762 779 1826 offeramus;
826 1767 1225 1817 succensentes
1254 1759 1417 1814 etiam
1469 1774 1592 1825 nos,
1634 1756 1764 1828 quia
1793 1756 1978 1811 clerici

358 1853 506 1923 apud
562 1867 665 1908 nos
695 1851 896 1906 barbas
949 1867 1080 1906 suas
1138 1849 1376 1914 radunt;
1415 1856 1467 1903 et
1524 1847 1794 1913 dicentes,
1853 1847 1982 1918 quia

362 1948 632 2001 diaconus
670 1960 779 2000 non
839 1950 1099 2014 suscepto
1151 1941 1562 2013 presbyteratus
1609 1940 1795 1996 ofﬁcio
1833 1940 1980 2011 apud

363 2051 465 2091 nos
521 2034 818 2105 episcopus
849 2032 1154 2087 ordinatur.
1198 2032 1273 2085 De
1319 2031 1524 2102 quibus
1567 2029 1830 2086 omnibus
1889 2045 1987 2099 per

362 2123 610 2196 singulas
655 2122 968 2193 provincias
1027 2140 1058 2176 a
1112 2121 1552 2192 metropolitanis
1613 2136 1738 2175 cum
1795 2134 1983 2174 eorum

365 2217 714 2287 coepiscopis
747 2214 856 2269 sibi
910 2214 1140 2269 rescribi
1183 2214 1458 2286 praecipit,
1498 2212 1788 2284 alloquens
1831 2227 1987 2266 eum-

363 2309 490 2363 dem
519 2307 874 2363 Rincmarum
906 2307 960 2360 in
991 2307 1241 2377 epistolze
1272 2304 1382 2359 ﬁne
1415 2306 1519 2360 hoc
1556 2303 1721 2359 modo
1753 2320 1766 2355 :
1802 2326 1826 2349 α
1856 2302 1984 2367 Tua,

367 2396 567 2466 inquit,
601 2395 912 2462 llincmare,
944 2394 1181 2449 charitas
1208 2410 1331 2448 cum
1350 2394 1494 2447 hanc
1517 2392 1806 2463 epistolam
1840 2389 1989 2462 lege-

367 2485 456 2550 rit,
499 2500 626 2540 mox
663 2491 722 2538 ut
775 2484 940 2538 etiam
992 2483 1062 2537 ad
1092 2482 1230 2538 alios
1275 2482 1746 2553 archiepiscopos,
1806 2481 1901 2551 qui
1935 2482 1990 2536 in

373 2591 543 2650 regno
595 2574 695 2628 ﬁlii
735 2572 906 2628 nostri
951 2573 1131 2628 Karoli
1185 2573 1408 2648 gloriosi
1461 2571 1606 2645 regis
1656 2570 1988 2636 consistunt,

374 2667 677 2735 deferatur,
735 2682 1092 2739 summOpere
1155 2681 1320 2739 agere
1383 2665 1624 2732 studeat,
1693 2670 1747 2717 et
1807 2670 1864 2716 ut
1921 2660 1991 2716 de

372 2763 460 2816 his
505 2760 707 2832 singuli
764 2760 821 2813 in
869 2757 1207 2812 dioecesibus
1250 2756 1490 2828 propriis
1541 2773 1649 2811 una
1699 2772 1827 2812 cum
1875 2755 1993 2810 suf-

375 2851 651 2923 fraganeis
709 2851 822 2906 suis
880 2849 934 2903 in
980 2849 1359 2919 cujuscunque
1399 2864 1571 2921 regno
1620 2848 1732 2903 sint
1786 2848 1990 2904 consti-

375 2943 499 3009 tuti,
551 2940 952 2997 convenienter
1009 2945 1260 3003 tractare,
1295 2945 1349 2994 et
1397 2938 1560 2993 nobis
1598 2954 1720 3010 quae
1774 2955 1995 3010 repere-

376 3035 506 3100 rint,
548 3048 847 3106 suggerere
891 3039 1106 3098 curent,
1161 3047 1258 3087 eos
1297 3031 1466 3086 citare
1507 3032 1770 3106 negligat,
1819 3031 1892 3086 ita
1936 3039 1998 3087 ut

377 3144 566 3184 eorum
599 3127 847 3184 omnium
882 3143 1003 3198 quae
1035 3126 1324 3197 praesentis
1355 3125 1601 3196 epistolae
1653 3133 1852 3181 nostra:
1889 3126 1995 3181 cir-

2079 657 2186 728 gis,
2214 656 2282 710 de
2320 652 2612 709 duodecim
2660 648 2906 704 abusivis
2953 653 3288 710 sanctorum,
3323 643 3381 697 in
3408 641 3496 696 his
3544 641 3701 696 colli-

2079 764 2217 819 gens
2262 748 2409 802 dicta
2455 746 2674 800 Patrum
2724 750 2780 796 et
2828 739 3225 810 praeteritorum
3274 733 3705 791 constitutiones

2080 852 2294 910 regum.
2346 833 2453 889 Sed
2485 841 2540 887 et
2569 832 2640 886 de
2683 827 3051 900 promissione
3090 841 3191 880 sua
3217 840 3345 878 eum
3371 823 3704 883 admonens,

2082 941 2246 996 quam
2278 923 2472 988 verbo,
2504 937 2569 975 ac
2611 919 2838 990 scripto,
2872 925 3167 986 antequam
3219 930 3312 967 rex
3341 925 3708 967 consecrare-

2084 1021 2192 1079 tur,
2218 1010 2544 1082 primatibus
2564 1016 2619 1064 et
2647 1005 2928 1078 episc0pis
2958 1003 3180 1058 fecerat.
3220 1000 3451 1071 Scripsit
3479 1013 3708 1070 quoque

2083 1103 2283 1158 multas
2327 1102 2397 1156 ad
2434 1102 2613 1171 ipsum
2656 1113 2842 1169 regem
2883 1094 3166 1167 epistolas,
3210 1098 3272 1147 ut
3315 1090 3408 1161 qui
3453 1089 3708 1158 ejusdem

2085 1194 2493 1265 archiepiscopi
2523 1193 2594 1246 de
2627 1190 2814 1246 multis
2846 1187 3165 1260 requirebat
3185 1183 3500 1248 consilium,
3531 1189 3586 1236 et
3608 1196 3713 1250 per

2085 1287 2206 1356 ejus
2230 1284 2542 1358 prudentiae
2570 1281 2989 1358 suggestionem
3015 1278 3186 1332 multa
3215 1273 3485 1330 industrie
3515 1272 3713 1341 dispo-

2089 1380 2274 1434 nebat.
2307 1378 2535 1443 Quando
2568 1376 2735 1431 etiam
2770 1372 2920 1428 ﬁlius
2950 1387 3083 1427 suus
3116 1368 3518 1423 Karlomannus
3537 1363 3710 1418 cleri-

2087 1485 2185 1524 cus
2210 1468 2471 1522 adversus
2500 1481 2626 1521 eum
2676 1461 3039 1522 consurrexit,
3074 1467 3130 1514 et
3159 1460 3277 1529 ipse
3303 1472 3396 1511 rex
3425 1455 3494 1509 ad
3531 1452 3713 1506 Vien-

2081 1576 2208 1614 nam
2235 1565 2426 1614 contra
2483 1556 2784 1611 Gerardum
2820 1553 3100 1617 comitem,
3147 1550 3316 1621 (quia
3365 1563 3426 1602 se
3453 1542 3716 1600 descive-

2082 1650 2184 1718 rat)
2216 1646 2498 1718 profcctus
2536 1650 2673 1710 erat,
2703 1643 2833 1696 huic
2865 1639 3086 1712 praesuli
3126 1644 3317 1693 nostro
3347 1635 3556 1689 litteras
3581 1647 3719 1686 suas

2083 1739 2249 1804 misit,
2293 1737 2562 1792 mandans
2604 1742 2663 1789 ut
2702 1739 3029 1790 convocaret
3081 1729 3375 1800 episcopos
3422 1725 3600 1799 regni,
3646 1738 3719 1776 ac

2086 1831 2259 1886 laicos
2283 1828 2390 1900 ipsi
2413 1827 2628 1892 ﬁdeles,
2659 1832 2718 1880 ut
2733 1824 2983 1896 episcopi
3013 1820 3318 1878 secundum
3342 1814 3718 1872 ministerium

2009 1899 2062 1967 B
2087 1935 2249 1974 suum
2283 1899 2646 1988 prohiberent
2683 1914 3050 1969 Karlomanno
3081 1926 3149 1965 ne
3193 1907 3416 1978 aliquod
3446 1906 3719 1960 damnum

2087 2010 2142 2064 in
2192 2011 2299 2064 hoc
2346 2023 2517 2081 regno
2569 2007 2796 2073 faceret,
2857 2013 2912 2059 et
2965 2002 3089 2057 laici
3145 1999 3468 2054 resisterent
3511 1995 3587 2050 illi
3644 2011 3723 2048 ne

2089 2101 2194 2155 hoc
2209 2098 2394 2154 facere
2426 2104 2630 2168 posset.
2671 2096 2784 2160 Qua
2813 2095 2883 2148 de
2914 2110 2971 2147 re
3001 2090 3358 2164 Engilranno,
3390 2085 3622 2141 Gossino
3663 2091 3724 2137 ct

2089 2192 2372 2247 Adelelmo
2427 2189 2728 2244 comitibus
2775 2186 3018 2257 scripsit,
3062 2197 3319 2255 quaerens
3357 2181 3426 2234 ab
3462 2178 3564 2243 eis,
3603 2177 3722 2231 imo

2090 2283 2385 2343 consilium
2428 2282 2587 2346 dans,
2617 2280 2753 2352 quid
2781 2295 2950 2349 super
2991 2278 3095 2331 hac
3134 2290 3192 2328 re
3237 2274 3378 2328 foret
3405 2271 3515 2324 illis
3543 2284 3720 2343 agen-

2091 2376 2244 2431 dum.
2277 2375 2506 2428 Litteras
2535 2385 2757 2443 quoque
2785 2365 3196 2439 deprecatorias
3226 2362 3342 2434 regi
3361 2361 3472 2430 jam
3501 2375 3600 2430 pro
3617 2373 3723 2412 eo-

2093 2467 2219 2522 dem
2246 2466 2614 2521 Karlomanno
2647 2463 2948 2529 direxerat,
2981 2468 3038 2514 et
3067 2475 3166 2530 pro
3189 2473 3327 2530 pace
3359 2457 3502 2510 inter
3532 2455 3720 2524 ipsum

2094 2565 2148 2612 et
2190 2565 2399 2630 patrem
2439 2557 2562 2626 ejus
2619 2554 2954 2618 laborabat;
3011 2551 3186 2607 multa
3237 2557 3420 2604 tamen
3466 2547 3610 2601 mala
3664 2554 3725 2600 et

2093 2650 2543 2723 depraedationes
2558 2647 2627 2703 ab
2659 2647 2805 2718 ipso,
2828 2646 3060 2715 ejusque
3082 2640 3448 2712 complicibus
3470 2637 3729 2709 patieba-

2095 2753 2199 2801 tur.
2239 2741 2522 2796 Accedens
2569 2744 2751 2792 autem
2808 2752 2934 2790 cum
2984 2733 3112 2789 aliis
3149 2731 3410 2786 ﬁdelibus
3453 2728 3601 2801 regis
3646 2727 3722 2780 ad

2095 2835 2270 2906 ipsius
2301 2829 2655 2886 Karlomanni
2687 2827 3047 2898 colloquium,
3106 2823 3333 2879 obsides
3361 2821 3412 2877 ei
3443 2819 3618 2884 dedit,
3665 2825 3724 2872 ct

2096 2922 2311 2992 accepit
2346 2919 2414 2973 ab
2441 2918 2585 2989 ipso,
2616 2923 2675 2971 ut
2712 2932 2817 2986 pax
2847 2913 3006 2969 ﬁeret
3045 2913 3102 2968 in
3135 2927 3326 2984 regno,
3369 2918 3424 2965 et
3462 2907 3724 2964 homines

2097 3015 2275 3086 ipsius
2305 3009 2659 3066 Karlomanni
2688 3006 2918 3079 paciﬁce
2949 3006 3008 3060 in
3038 3019 3210 3078 regno
3242 3001 3629 3059 consisterent.
3661 2997 3724 3050 Et

2100 3107 2244 3163 idem
2297 3103 2698 3158 Karlomannus
2756 3101 2812 3154 in
2865 3098 3014 3154 villis
3072 3095 3244 3151 sancti
3305 3093 3545 3149 Medardi
3593 3107 3722 3147 cum

377 3217 706 3274 cumstantia
754 3218 1024 3282 continet,
1068 3223 1124 3271 tu
1155 3225 1209 3271 et
1259 3223 1521 3272 strenuus
1568 3224 1862 3271 exsecutor
1892 3216 2002 3273 illic
2025 3223 2075 3291 ί]
2104 3195 2295 3267 Panas
2325 3191 2554 3264 P30iﬁce
2583 3198 2854 3256 maneret:
2887 3189 3069 3244 donec
3099 3185 3418 3259 Πιίδδίνθὲίδ
3447 3182 3724 3250 venirem:

379 3311 605 3374 existas,
635 3317 691 3364 et
743 3311 890 3381 apud
925 3325 1028 3365 nos
1071 3325 1236 3364 verax
1281 3317 1336 3363 et
1394 3309 1639 3380 prudens
1670 3309 2001 3380 scriptorum

379 3407 600 3454 tuorum
631 3399 774 3453 serie
826 3398 1025 3454 relator
1053 3397 1374 3453 invenieris.
1436 3419 1464 3448 ιι
1496 3399 1664 3463 Quam
1714 3398 2002 3468 epistolam

384 3490 708 3543 Hincmarus
738 3488 1075 3559 suscipiens,
1111 3488 1168 3541 in
1193 3487 1510 3542 Corbanaco
1536 3487 1820 3556 (Co-rbeny)
1849 3486 1999 3556 pala-

384 3580 460 3634 tio
509 3579 832 3634 consistenti
863 3578 980 3650 regi
1030 3578 1226 3634 Karolo
1257 3595 1380 3633 cum
1440 3577 1691 3648 pluribus
1721 3576 2000 3647 episcopis

384 3672 603 3745 relegit,
627 3680 681 3726 et
699 3687 797 3741 per
817 3670 958 3725 alios
985 3671 1458 3742 archiepiscopos,
1490 3670 1634 3724 sicut
1663 3670 1719 3722 in
1743 3669 2000 3723 mandato

386 3759 692 3833 acceperat,
746 3762 985 3836 dirigere
1025 3764 1254 3818 studuit.
1315 3763 1575 3817 Nicolaus
1615 3777 1758 3833 papa
1817 3759 2004 3814 Idibus

387 3853 638 3923 proxime
669 3853 1032 3922 praecedentis
1061 3853 1270 3907 mensis
1286 3851 1606 3907 Decembris
1627 3851 1765 3906 obiit
1794 3850 1890 3920 (ad
1911 3866 2002 3904 an.

388 3946 480 4011 11,
512 3946 651 4000 Lttd.
714 3945 794 4016 ιι),
827 3946 913 4001 cui
947 3945 1217 4000 Adrianus
1267 3961 1406 4016 papa
1445 3944 1719 3999 electione
1775 3942 2004 4000 clerico-

390 4050 550 4102 rum,
579 4042 635 4089 et
672 4050 946 4090 consensu
979 4034 1239 4090 Ludovici
1285 4032 1636 4104 imperatoris
1667 4032 1722 4085 in
1770 4029 2002 4103 pontiﬁ—

387 4133 509 4180 catu
541 4127 844 4192 successit;
878 4142 1042 4198 quem
1073 4125 1337 4181 Actardus
1368 4125 1593 4180 Romam
1624 4124 1853 4179 veniens
1881 4139 2004 4179 cum

387 4233 554 4287 supra
584 4218 800 4288 scriptis
829 4217 1101 4288 epistolis,
1133 4217 1189 4271 in
1222 4216 1521 4287 apostolica
1559 4215 1692 4270 sede
1709 4215 1822 4283 jam
1853 4215 2005 4270 ordi-

389 4311 572 4360 natum
598 4306 826 4362 invenit.

979 4394 1190 4450 CAPUT
1231 4394 1411 4448 XVIII.

742 4513 874 4566 Item
913 4511 978 4566 de
1013 4513 1246 4581 praefato
1279 4527 1401 4579 rege
1429 4512 1647 4566 Karolo.

464 4637 694 4708 Scripsit
751 4644 1205 4708 praememoratus
1262 4636 1498 4692 domnus
1534 4636 1880 4702 lHincmarus
1940 4635 2008 4691 ad

397 4730 654 4786 eumdem
687 4746 872 4804 regem
897 4730 1150 4786 Karolum
1183 4729 1452 4798 libellum,
1477 4745 1544 4784 ex
1564 4729 1736 4784 sacris
1763 4729 2010 4799 Scriptu—

396 4818 468 4873 ris
498 4826 552 4874 ct
580 4817 978 4874 catholicorum
1015 4817 1178 4873 dictis
1213 4817 1528 4884 collectum,
1560 4833 1624 4871 ac
1659 4815 1893 4872 triformi
1924 4816 2009 4872 di-

393 4915 644 4988 gestione
692 4914 1031 4980 distinctum,
1091 4912 1304 4967 scilicet
1346 4912 1414 4966 de
1468 4925 1707 4982 persona
1753 4909 1900 4984 regis
1955 4917 2010 4965 et

395 5009 548 5082 regio
581 5006 891 5062 ministerio
924 5006 980 5060 in
1014 5021 1178 5061 causa
1205 5003 1548 5075 reipublicae,
1575 5011 1629 5058 ct
1658 5018 1780 5073 quae
1811 5001 2013 5057 debeat

396 5113 516 5152 csse
560 5096 819 5151 discretio
853 5094 908 5148 in
961 5093 1362 5158 misericordia,
1391 5098 1447 5146 et
1503 5092 1571 5146 de
1619 5091 1831 5146 ultione
1883 5106 2011 5161 spe-

397 5190 619 5247 cialium
652 5206 1034 5262 personarum,
1065 5204 1231 5260 quem
1262 5186 1532 5244 conclusit
1554 5186 1608 5241 in
1639 5185 1897 5256 capitulis
1920 5185 2008 5240 33.

399 5281 604 5338 Scribit
637 5281 803 5336 etiam
862 5283 931 5337 ad
993 5281 1278 5352 praefatum
1345 5295 1531 5353 regem
1593 5276 2012 5332 instructionem

399 5372 746 5428 utilissimam
789 5375 846 5444 (ἱ.
881 5374 935 5426 7.
974 5375 1127 5442 epist.
1187 5372 1333 5440 126),
1363 5372 1432 5426 de
1480 5368 1740 5426 cavendis
1766 5367 1935 5434 vitiis,
1961 5373 2016 5422 et

402 5463 470 5518 de
513 5463 838 5518 exercendis
867 5464 1183 5533 virtutibus,
1224 5464 1447 5519 mittens
1476 5463 1526 5516 ei
1569 5461 1772 5532 pariter
1807 5459 2017 5530 episto-

401 5549 508 5606 lam
567 5550 716 5606 beati
775 5552 1023 5624 Gregorii
1074 5554 1142 5608 ad
1190 5551 1530 5607 Recaredum
1582 5548 2013 5620 Wisigothorum

405 5659 612 5717 regem.
650 5644 781 5696 Item
810 5643 1004 5698 scribit
1024 5645 1092 5700 ad
1122 5645 1381 5700 eumdem
1413 5657 1596 5714 regem
1629 5639 2014 5697 collectionem

405 5738 698 5810 quamdam
759 5736 1051 5790 multarum
1100 5735 1478 5793 auctoritatum
1533 5734 1602 5788 de
1660 5731 1912 5788 ecclesiis
1965 5740 2020 5786 et

408 5829 656 5901 capellis,
698 5834 889 5885 contra
919 5825 1340 5899 dispositionem
1385 5824 1670 5881 Prudentii
1710 5823 2019 5879 Trecassini

2024 4505 2077 4572 Ι)

2105 3294 2161 3341 et
2185 3285 2590 3340 Karlomannus
2607 3298 2732 3337 cum
2765 3279 3028 3335 ﬁdelibus
3054 3278 3201 3352 regis
3231 3277 3299 3331 ad
3323 3282 3530 3346 patrem
3561 3290 3724 3329 suum

2106 3380 2380 3446 pergeret,
2413 3380 2469 3427 et
2507 3371 2762 3442 placitum
2817 3384 2943 3423 cum
2975 3382 3042 3422 eo
3075 3366 3298 3430 faceret,
3331 3363 3416 3418 vel
3447 3379 3614 3418 sanus
3654 3363 3724 3416 ad

2105 3479 2236 3520 suos
2266 3462 2488 3517 rediret.
2516 3460 2799 3530 Susceptis
2825 3467 3012 3513 autem
3041 3455 3226 3511 missis
3252 3453 3421 3527 regis,
3454 3451 3606 3506 misit
3634 3451 3724 3506 lit-

2104 3564 2248 3612 teras
2299 3554 2367 3609 ad
2421 3553 2868 3612 Karlomannum,
2931 3557 2992 3605 ut
3028 3547 3246 3602 veniret
3291 3545 3411 3613 ejus
3439 3543 3508 3598 ad
3552 3543 3729 3598 collo-

2103 3648 2316 3720 quium,
2351 3645 2640 3701 auditurus
2667 3643 2746 3698 ibi
2780 3641 2916 3713 quid
2945 3657 3040 3695 rex
3071 3638 3395 3693 mandaret:
3433 3634 3530 3690 ubi
3561 3634 3727 3688 etiam

2105 3740 2298 3796 ﬁdeles
2325 3738 2471 3811 regis
2512 3735 2858 3799 convocavit,
2901 3740 2962 3788 ut
2992 3731 3070 3785 ibi
3116 3729 3265 3801 quod
3316 3743 3408 3782 rex
3439 3726 3732 3781 mandaret

2107 3829 2176 3885 de
2208 3845 2344 3900 pace
2371 3826 2622 3882 stabilire
2653 3829 2901 3895 possent,
2935 3833 3210 3894 agereque
3239 3821 3533 3870 certarent.
3569 3814 3730 3878 Quod

2107 3927 2162 3976 et
2191 3926 2320 3974 tunc
2363 3915 2587 3988 quidem
2620 3913 2823 3968 factum
2849 3915 2950 3964 est.
2995 3907 3101 3962 Sed
3135 3921 3226 3959 rex
3259 3903 3517 3958 eumdem
3549 3900 3730 3956 ﬁlium

2107 4027 2266 4067 suum
2296 4025 2420 4065 cum
2451 4007 2568 4062 suis
2612 4010 2805 4076 postea
2844 3996 3308 4057 excommunicari
3342 3995 3472 4050 fecit
3501 3995 3570 4048 ab
3601 3995 3727 4064 epi-

2106 4099 2290 4172 scopis
2330 4097 2500 4154 totius
2544 4093 2723 4166 regni,
2753 4105 2853 4162 pro
2900 4087 3060 4142 malis
3091 4102 3214 4157 quae
3260 4083 3579 4154 relinquere
3626 4098 3733 4138 no-

2109 4170 2274 4250 lebat,
2304 4187 2536 4255 insuper
2557 4190 2613 4238 et
2633 4179 3096 4251 comprehensum
3118 4173 3295 4230 oculis
3317 4171 3521 4244 privari
3537 4170 3726 4240 jussit.

2107 4283 2318 4336 Domno
2347 4291 2477 4333 vero
2507 4276 2800 4330 Hincmaro
2849 4287 2943 4325 rex
2972 4269 3120 4323 idem
3153 4281 3264 4322 non
3294 4263 3475 4320 solum
3520 4262 3588 4316 de
3635 4278 3728 4317 re-

2108 4371 2214 4426 bus
2243 4365 2655 4430 ecclesiasticis,
2685 4362 2784 4417 sed
2815 4368 2871 4416 et
2908 4359 2979 4414 de
3009 4357 3215 4430 populo
3251 4355 3306 4410 in
3337 4354 3550 4408 hostem
3582 4367 3725 4407 con-

2108 4461 2376 4527 vocando,
2408 4465 2467 4514 ut
2495 4457 2619 4528 ipse
2675 4455 2776 4510 hoc
2806 4457 3016 4525 ageret,
3072 4448 3336 4504 mandare
3373 4444 3587 4500 solebat
3621 4460 3634 4496 :
3678 4451 3732 4498 et

2111 4556 2232 4627 ipse
2260 4557 2488 4622 accepto
2520 4547 2669 4622 regis
2699 4544 2958 4600 mandato
2981 4551 3088 4598 tam
3119 4540 3411 4612 episc0pos
3440 4552 3603 4608 quam
3635 4551 3732 4592 co-

2113 4646 2273 4699 mites
2294 4653 2600 4698 convocare
2630 4635 2826 4691 solitus
2839 4639 2974 4688 erat.

2183 4737 2258 4788 De
2301 4735 2405 4788 hoc
2437 4745 2565 4804 rege
2597 4727 2792 4784 Karolo
2834 4725 2891 4779 in
2931 4723 3147 4778 visione
3181 4717 3441 4774 Bernoldi
3498 4715 3731 4772 redivivi

2111 4828 2201 4900 (de
2245 4841 2356 4897 qua
2411 4822 2671 4894 superius
2724 4821 2790 4890 [c.
2851 4818 2902 4888 3]
2959 4814 3144 4886 aliqua
3196 4813 3310 4882 jam
3368 4809 3732 4878 narravimus)

2113 4917 2240 4974 talia
2271 4914 2585 4971 referuntur
2622 4909 2760 4965 visa.
2803 4905 2964 4961 Venit
2994 4905 3049 4958 in
3080 4902 3376 4974 quemdam
3432 4900 3614 4955 locum
3646 4905 3732 4953 te-

2113 5005 2434 5066 nebrosum,
2467 5001 2535 5055 ad
2575 5014 2739 5071 quem
2770 5013 2836 5051 ex
2874 4995 2982 5050 alia
3011 5001 3163 5065 parte
3207 4992 3297 5047 lux
3338 4987 3735 5060 resplendebat

2114 5099 2184 5152 de
2209 5095 2394 5151 vicino
2433 5094 2557 5148 loco
2590 5091 2726 5146 satis
2755 5086 3120 5151 lucidissimo,
3153 5094 3207 5138 et
3237 5080 3607 5154 pulcherrime
3632 5080 3735 5137 ﬂo-

2116 5190 2236 5246 rido
2294 5204 2357 5243 ac
2383 5184 2685 5249 odorifero,
2748 5181 2940 5251 ibique
2966 5180 3152 5247 jacere
3207 5176 3347 5232 vidit
3373 5177 3522 5229 hunc
3548 5189 3730 5245 regem

2117 5279 2371 5334 Karolum
2396 5275 2452 5329 in
2481 5275 2596 5330 luto
2628 5288 2694 5326 ex
2721 5270 2877 5325 sanie
2904 5269 3077 5339 ipsius
3107 5263 3438 5337 putrediuis,
3474 5271 3527 5318 ct
3557 5279 3587 5316 a
3608 5277 3731 5317 ver-

2117 5371 2301 5426 mibus
2332 5368 2444 5434 edi,
2489 5367 2584 5437 qui
2609 5379 2828 5420 carnem
2879 5361 3055 5432 ipsius
3085 5373 3305 5414 omnem
3332 5357 3444 5426 jam
3476 5370 3617 5425 pene
3643 5371 3733 5409 as-

2117 5463 2486 5530 sumpserant,
2537 5461 2590 5509 et
2646 5469 2757 5507 non
2815 5449 3118 5521 apparebat
3174 5447 3230 5501 in
3288 5460 3518 5515 corpore
3563 5443 3735 5515 ipsius

2117 5551 2290 5618 aliud,
2339 5549 2445 5604 nisi
2481 5545 2634 5602 nervi
2669 5554 2724 5600 et
2769 5559 2913 5599 ossa.
2966 5541 3066 5604 Qui
3121 5554 3323 5594 vocans
3355 5538 3502 5592 hunc
3543 5553 3607 5590 ex
3637 5552 3734 5592 no-

2118 5642 2266 5695 mine
2305 5637 2442 5693 dixit
2473 5654 2486 5691 :
2540 5635 2716 5700 Quare
2766 5646 2852 5685 me
2886 5645 2995 5686 non
3026 5629 3256 5697 adjuvas
3285 5628 3312 5681 ?
3369 5625 3466 5682 Cui
3500 5641 3731 5696 respon-

2120 5729 2240 5784 dit:
2292 5726 2542 5792 Domine,
2602 5721 2880 5793 quomodo
2922 5735 3019 5773 vos
3058 5733 3280 5789 possum
3336 5714 3646 5783 adjuvare?
3683 5726 3735 5770 et

2117 5821 2216 5876 ille
2245 5837 2258 5874 :
2290 5817 2530 5884 Prende,
2562 5816 2658 5882 ait,
2691 5814 2840 5869 illam
2867 5818 3100 5884 petram,
3131 5826 3256 5882 quae
3287 5810 3436 5875 iuxta
3467 5815 3517 5863 te
3548 5817 3652 5872 est,
3683 5814 3733 5860 et
