3912 6414
193 409 322 466 193

862 406 1189 463 HISTORUE
1228 405 1556 461 ECCLESUE
1595 405 1924 462 REMENSIS
1964 406 2142 462 LIBRI
2185 405 2512 472 QUATUOR.
2554 436 2626 447 —
2666 406 2790 462 LIB.
2836 409 2928 463 Ill.

3456 406 3562 460 194

197 558 366 617 pone
415 540 567 596 illam
615 540 720 595 sub
771 539 954 611 capite
999 554 1142 595 meo.
1189 539 1308 605 Quo
1361 540 1530 605 facto,
1583 539 1721 595 dixit
1775 540 1844 593 ad
1862 545 1916 611 Α
1946 554 2144 595 vocare
2171 539 2418 613 gestiens
2451 557 2467 607 ;
2495 540 2649 606 item,
2681 539 2754 595 de
2780 539 3061 596 missatico
3083 538 3375 611 suo,quod
3405 554 3565 595 exse-

204 634 481 691 eumdem
513 631 698 687 :Vade
755 632 826 687 ad
884 632 1237 687 Hincmarum
1291 630 1641 702 episcopum,
1672 638 1727 686 et
1754 630 1847 686 dic

200 728 267 782 ci
294 726 428 798 quia
457 725 610 779 illius
637 732 694 779 et
731 724 969 779 aliorum
1017 722 1184 778 ﬁdem
1249 737 1496 778 meorum
1530 722 1678 778 bona
1707 738 1846 779 con-

202 816 343 871 silia
365 830 479 870 non
507 812 798 881 obaudivi,
830 812 959 869 ideo
1012 812 1114 867 ista
1173 827 1299 883 quae
1351 812 1506 867 vides
1537 827 1636 883 pro
1665 812 1846 883 culpis

206 908 359 963 meis
375 906 651 973 sustineo,
696 912 752 960 et
782 904 873 959 dic
922 904 1002 959 illi
1052 904 1186 976 quia
1213 920 1435 975 semper
1466 904 1521 959 in
1553 904 1648 960 illo
1694 904 1843 960 ﬁdu-

208 1000 360 1055 ciam
402 998 596 1065 habui,
622 1005 687 1053 ut
722 1012 815 1051 me
854 996 1106 1067 adjuvet,
1161 1003 1437 1068 quatenus
1462 996 1531 1051 de
1555 997 1657 1051 ista
1681 1012 1846 1068 paena

216 1090 325 1146 sim
358 1090 657 1157 liberatus,
676 1095 733 1145 et
752 1105 854 1161 per
876 1105 1077 1145 omnes
1097 1090 1193 1162 qui
1218 1089 1355 1145 mihi
1382 1088 1607 1146 fuerunt
1628 1090 1841 1155 ﬁdeles,

214 1200 284 1239 ex
314 1199 441 1239 mea
470 1190 626 1255 parte
653 1184 899 1254 postulet
927 1189 989 1237 ut
1009 1198 1099 1238 me
1126 1182 1393 1250 adjuvent
1424 1201 1439 1249 ;
1473 1183 1604 1255 quia
1635 1184 1681 1237 si
1714 1182 1844 1237 inde

216 1278 503 1327 certamen
533 1271 861 1337 habuerint,
892 1273 1004 1328 cito
1041 1271 1233 1327 deista
1247 1286 1414 1341 pcena
1435 1288 1532 1327 ero
1552 1272 1840 1326 liberatus.

214 1361 463 1435 Cumque
494 1362 893 1437 interrogasset
960 1377 1110 1427 cum,
1167 1362 1291 1433 quis
1345 1362 1499 1417 locus
1527 1368 1673 1415 esset
1697 1360 1845 1415 unde

210 1455 307 1511 illa
334 1456 429 1511 lux
469 1454 888 1526 resplendebat,
950 1454 1165 1509 audivit
1217 1462 1533 1509 sanctorum
1595 1468 1715 1507 esse
1747 1468 1844 1506 re-

215 1548 407 1619 quiem
442 1565 457 1615 ;
495 1555 841 1617 conatusque
889 1546 1121 1616 propius
1158 1546 1446 1609 accedere,
1478 1545 1614 1599 vidit
1640 1553 1846 1599 tantam

212 1640 546 1705 claritatem,
579 1639 866 1709 sensitque
924 1639 1273 1705 suavitatem,
1326 1645 1650 1708 tantumque
1680 1637 1849 1691 deco-

214 1744 331 1784 rem
355 1728 422 1799 [j,
452 1727 757 1797 dulcorem]
789 1734 1057 1798 quantum
1094 1727 1337 1780 humana
1368 1740 1478 1780 non
1512 1732 1694 1795 potest
1716 1724 1846 1779 edi-

209 1837 343 1877 cere
374 1821 588 1895 lingua.
621 1820 881 1891 Viditque
912 1818 1050 1873 inibi
1101 1819 1525 1874 multitudinem
1554 1817 1842 1874 hominum

212 1908 422 1964 diversi
454 1908 673 1964 ordinis
729 1907 783 1961 in
838 1907 980 1962 albis
1036 1907 1284 1963 vestibus
1340 1906 1754 1970 collzetantium,
1790 1914 1845 1961 et

210 1997 471 2071 quaedam
502 1997 702 2052 sedilia
723 1997 926 2063 lucida,
962 1997 1016 2051 in
1048 1998 1255 2068 quibus
1287 2011 1456 2052 nemo
1487 1996 1668 2051 adhuc
1682 1996 1847 2049 sede-

209 2087 309 2142 bat
330 2102 525 2143 eorum
554 2085 761 2157 quibus
792 2094 1100 2157 praeparata
1122 2095 1301 2141 erant.
1336 2086 1397 2141 Et
1427 2085 1485 2139 in
1516 2085 1612 2139 illo
1645 2084 1847 2139 itinere

214 2180 507 2250 ingressus
535 2187 620 2233 est
641 2178 932 2233 ecclesiam
989 2178 1308 2250 quamdam,
1342 2178 1398 2232 in
1444 2192 1551 2248 qua
1576 2175 1847 2246 reperisse

211 2272 397 2329 visum
419 2271 529 2325 sibi
563 2279 647 2326 est
704 2271 1056 2326 Hincmarum
1081 2270 1426 2341 episcopum,
1483 2276 1846 2337 praeparatum

211 2380 344 2420 cum
387 2362 610 2418 clericis
641 2363 918 2418 revestitis
939 2370 1000 2418 ut
1027 2362 1250 2416 missam
1284 2361 1598 2417 celebraret
1634 2380 1648 2429 ;
1683 2362 1850 2418 dixit-

212 2473 327 2529 que
362 2456 443 2511 illi
484 2456 589 2510 hoc
621 2451 772 2526 quod
820 2451 1048 2507 Karolus
1075 2452 1199 2520 ejus
1249 2450 1623 2507 mandaverat.
1659 2452 1848 2506 Statim

214 2564 512 2624 regressus
552 2546 619 2600 ad
663 2546 844 2601 locum
896 2544 991 2598 ubi
1045 2543 1303 2598 eumdem
1356 2559 1542 2616 regem
1569 2545 1848 2613 jacentem

212 2638 459 2703 viderat,
490 2635 708 2691 invenit
735 2650 862 2690 eum
896 2635 951 2688 in
987 2633 1108 2688 loco
1146 2632 1331 2688 lucido
1361 2648 1558 2687 sanum
1591 2649 1847 2705 corpore,

214 2736 271 2785 et
307 2730 569 2785 indutum
628 2727 798 2803 regiis
843 2727 1115 2793 vestibus,
1176 2727 1428 2798 dixitque
1487 2726 1565 2781 illi
1614 2744 1627 2780 :
1684 2727 1850 2782 Vides

216 2817 506 2891 quomodo
545 2834 636 2873 me
683 2818 894 2887 adjuvit
926 2825 1052 2871 tuus
1102 2816 1417 2870 missaticus
1463 2815 1492 2868 Ῥ
1522 2824 1577 2871 et
1627 2824 1847 2872 caetera.

218 2909 395 2973 Quam
423 2907 698 2963 visionem
719 2907 958 2961 domnus
982 2905 1308 2960 Hincmarus
1339 2905 1448 2959 sibi
1487 2907 1717 2960 relatam
1752 2906 1853 2960 de-

216 2998 496 3064 scribens,
526 3005 581 3053 et
601 3013 703 3068 per
746 2996 867 3051 loca
903 2994 1000 3051 ubi
1057 3009 1285 3049 necesse
1317 2994 1495 3049 visum
1535 3002 1618 3049 est
1680 3010 1854 3066 expo-

218 3106 383 3155 nens,
416 3090 485 3145 ad
518 3090 817 3145 multorum
861 3088 1113 3144 notitiam
1145 3086 1437 3159 pervenire
1470 3086 1620 3152 fecit,
1658 3094 1713 3141 et
1745 3095 1852 3141 tam

218 3196 324 3252 per
341 3195 404 3235 se
429 3195 597 3252 quam
629 3195 729 3250 per
790 3178 929 3233 alios
956 3177 1101 3251 regis
1132 3175 1313 3231 fidelis
1342 3175 1449 3231 sibi
1475 3191 1696 3247 quoque
1712 3177 1849 3231 sub-

213 3237 421 3342 jectos,
447 3237 556 3342 pro
582 3237 763 3343 ipsius
782 3237 1132 3326 absolutione
1154 3269 1374 3331 animae,
1402 3277 1460 3323 et
1486 3237 1849 3338 adipiscenda
1877 3237 1927 3306 Ο

222 3364 441 3436 requie,
463 3364 552 3435 pie
584 3363 940 3435 fideliterque
972 3362 1269 3417 laboravit.

296 3453 450 3508 Idem
476 3467 610 3508 vero
637 3451 839 3523 praesul
869 3451 940 3507 de
987 3450 1179 3505 multis
1219 3450 1336 3524 regi
1387 3449 1722 3505 necessariis
1743 3465 1849 3505 saa-

220 3546 455 3618 pissime
482 3544 838 3619 suggerebat.
902 3545 1052 3599 lnter
1080 3558 1203 3614 quae
1262 3541 1459 3597 scribit
1487 3541 1556 3596 ad
1586 3557 1713 3596 eum
1746 3556 1846 3613 pro

223 3636 499 3691 electione
540 3634 894 3689 Belvacensis
947 3632 1221 3705 episcOpi,
1251 3640 1376 3703 post
1412 3631 1627 3686 obitum
1662 3630 1851 3686 Hilde-

223 3728 417 3783 manni
447 3727 701 3799 praesulis
722 3725 898 3797 ipsius
926 3725 1101 3780 urbis.
1136 3725 1197 3778 ln
1237 3740 1348 3796 qua
1379 3723 1616 3795 epistola
1661 3738 1849 3796 regem

223 3816 411 3871 studet
440 3832 472 3870 a
527 3814 842 3871 Simoniaca
897 3814 1096 3869 haeresi
1153 3828 1533 3884 compescere,
1593 3827 1852 3867 asserens

226 3906 335 3961 sibi
357 3906 537 3961 multo
583 3903 879 3960 amabilius
907 3918 1027 3959 esse
1060 3903 1224 3957 istum
1252 3903 1634 3975 episcopatum
1649 3917 1852 3957 secun-

226 4000 357 4055 dum
390 3998 654 4055 saeculum
712 3996 1009 4061 dimittere,
1069 4011 1236 4068 quam
1300 3995 1627 4066 episcOpum
1661 4000 1853 4051 contra

223 4091 551 4148 canonicam
581 4087 989 4145 institutionem
1007 4102 1120 4144 non
1166 4093 1273 4141 tam
1300 4086 1663 4150 benedicere,
1686 4100 1850 4156 quam

224 4189 435 4238 interna
464 4196 653 4237 secum
712 4178 1103 4235 maledictione
1148 4177 1486 4233 maledicere
1519 4194 1534 4244 ;
1569 4178 1722 4242 item,
1752 4191 1852 4247 pro

224 4272 391 4335 cella,
426 4270 517 4327 vel
554 4269 896 4326 monasterio
938 4268 1212 4334 Flaviaco,
1245 4266 1396 4338 quod
1420 4266 1568 4321 idem
1598 4282 1693 4319 rex
1718 4264 1850 4330 sibi,

225 4362 361 4417 dum
393 4360 453 4414 in
475 4358 654 4431 ipsius
684 4365 813 4413 ante
842 4356 1224 4429 episcopatum
1255 4363 1567 4411 moraretur
1600 4354 1851 4418 servitio,

225 4454 555 4516 donaverat,
599 4453 737 4504 etut
767 4447 824 4502 in
849 4446 961 4503 vita
989 4460 1089 4501 sua
1134 4444 1272 4499 illud
1302 4450 1541 4507 teneret,
1575 4451 1853 4515 praecepto

222 4543 675 4608 confirmaverat,
722 4538 987 4611 quodque
1010 4553 1041 4592 a
1073 4537 1315 4609 quodam
1349 4536 1605 4591 invasore
1636 4534 1854 4589 destru-

1946 637 2105 687 cutus
2125 639 2211 687 est
2238 632 2384 702 apud
2436 631 2752 688 Lotharium
2804 632 3216 703 imperatorem,
3248 639 3304 687 et
3328 631 3567 686 Ludovi-

1946 739 2070 778 cum
2112 724 2640 787 Transrhenensem,
2692 722 2892 778 fratres
2966 722 3144 794 ipsius
3201 722 3403 785 Karoli,
3463 736 3565 792 pro

1946 822 2107 886 pacto
2139 815 2290 886 pacis
2316 815 2461 869 inter
2480 815 2719 871 eosdem
2765 822 2877 869 tres
2902 813 3102 869 fratres
3132 813 3562 885 componendo;

1946 903 2075 959 item
2105 906 2267 960 aliam
2300 904 2590 976 epistolam
2631 904 2701 962 de
2728 902 2924 959 eadem
2957 919 3039 971 re,
3071 902 3128 957 in
3172 918 3281 975 qua
3308 903 3566 958 eumdem

1947 1013 2133 1070 regem
2166 998 2421 1053 Karolum
2454 998 2730 1064 instruxit,
2763 996 3002 1069 qualiter
3030 1012 3195 1071 agere
3227 1013 3358 1070 erga
3371 997 3567 1054 fratres

1946 1105 2077 1147 suos
2088 1091 2601 1171 deberetsimulque
2626 1091 2697 1145 de
2719 1090 3043 1161 receptione
3059 1089 3146 1146 vel
3164 1091 3463 1159 rejectione
3478 1106 3570 1146 eo-

1947 1195 2089 1243 rum,
2110 1180 2181 1235 de
2206 1177 2981 1252 quibusratioventilabatur;
3005 1179 3135 1234 item
3192 1179 3261 1235 de
3283 1195 3448 1235 causa
3469 1180 3568 1234 Lo-

1947 1271 2111 1326 tharii
2127 1272 2198 1325 im
2208 1271 2665 1342 peratorisfratris
2677 1271 3118 1345 ipsius,qualiter
3130 1271 3570 1328 Romaehabeba-

1948 1370 2055 1426 tur,
2088 1370 2140 1417 et
2157 1363 2379 1434 quando
2392 1370 2658 1419 venturus
2670 1371 2813 1421 esset
2834 1365 2890 1420 in
2919 1363 3566 1436 istaspartes.lnstruens

1948 1451 2115 1505 etiam
2147 1454 2296 1506 hunc
2325 1469 2537 1527 regem,
2572 1454 2792 1525 qualem
2824 1470 2883 1510 se
2916 1462 3023 1509 tam
3056 1469 3239 1510 coram
3270 1454 3383 1510 Deo
3401 1470 3566 1527 quam

1950 1543 2117 1597 etiam
2171 1559 2354 1598 coram
2406 1545 2731 1601 hominibus
2784 1546 3050 1603 exhibere
3108 1546 3356 1601 deberet.
3412 1547 3568 1602 Unde

1950 1635 2197 1707 reginam
2226 1653 2450 1708 quoque
2498 1637 2785 1706 admonet,
2824 1647 2886 1694 ut
2932 1655 3115 1711 regem
3164 1640 3233 1694 ad
3278 1641 3565 1696 honestam

1949 1731 2003 1777 et
2036 1724 2149 1796 regi
2174 1740 2470 1797 congruam
2494 1728 2711 1781 studeat
2750 1728 3024 1783 exhortari
3059 1729 3568 1796 conversationem;

1952 1816 2103 1881 item,
2170 1815 2240 1870 de
2265 1816 2519 1872 militaris
2576 1818 2654 1872 rei
2712 1820 3098 1891 dispositione,
3157 1836 3256 1891 pro
3305 1821 3569 1877 solvenda

2578 1867 2654 1872 _--
2716 1867 3098 1891 ---Ὓηηηηη
3158 1867 3254 1891 Γ--
3305 1867 3569 1877 .,ν...,......

1877 1867 1923 1932 Β
1950 1907 2296 1963 Belvacensis
2326 1908 2482 1963 urbis
2511 1910 2828 1978 obsidione,
2862 1911 2918 1967 in
2940 1928 3050 1984 qua
3076 1912 3369 1986 designare
3407 1928 3570 1968 cura-

1946 1995 2043 2056 vit.
2075 1996 2312 2067 qualiter
2360 1997 2659 2052 Ecclesiam
2716 1998 2823 2053 sibi
2892 2000 3242 2055 commissam
3284 2007 3564 2070 tractaret,

1949 2086 2352 2142 ecclesiasticas
2409 2087 2623 2144 scilicet
2671 2090 2921 2145 actiones
2980 2108 3078 2162 per
3107 2093 3565 2149 monasteriorum

1951 2176 2299 2246 praepositos,
2349 2182 2403 2231 et
2443 2177 2976 2250 archipresbyteros,
3009 2195 3196 2235 curam
3228 2180 3481 2237 villarum
3505 2190 3569 2236 a‘c

1951 2264 2337 2336 dispositionis
2393 2266 2611 2333 domus,
2676 2267 3061 2342 regaliumque
3115 2270 3462 2327 servitiorum
3518 2279 3574 2327 et

1952 2357 2257 2427 hospitum,
2284 2359 2654 2430 querelasque
2711 2360 3067 2417 clamantium
3099 2362 3184 2419 vel
3209 2363 3574 2436 interpellan-

1952 2445 2111 2507 tium,
2140 2462 2239 2516 per
2264 2445 2622 2505 fidelissimos
2666 2449 2839 2507 laicos
2868 2470 2883 2519 ;
2911 2451 3064 2518 item,
3120 2452 3189 2507 de
3243 2453 3440 2509 itinere
3503 2457 3572 2511 ad

1952 2534 2297 2604 superiorem
2345 2536 2650 2603 Franciam,
2693 2539 2931 2611 qualiter
2958 2541 3310 2611 disponatur,
3342 2550 3397 2598 et
3436 2560 3579 2616 quo-

1952 2626 2116 2680 modo
2146 2643 2376 2700 regnum
2408 2630 2554 2684 istud
2586 2631 2898 2687 ordinatum
2933 2632 3239 2689 dimittatur
3270 2653 3285 2701 ;
3318 2635 3474 2706 item,
3507 2637 3577 2692 de

1952 2717 2164 2787 synodo
2187 2734 2349 2789 quam
2380 2721 2741 2793 praecipiebat
2795 2740 2887 2778 rex
2919 2726 3210 2781 convocari
3242 2726 3384 2783 infra
3409 2745 3576 2799 paro—

1952 2805 2132 2860 chiam
2161 2807 2510 2869 Remensem.
2574 2811 2878 2869 ostendens
2907 2814 3112 2885 quibus
3142 2830 3205 2870 ex
3236 2817 3418 2872 causis
3438 2834 3576 2873 con-

1954 2896 2135 2949 vocari
2168 2896 2372 2953 debeat
2394 2901 2658 2970 synodus,
2692 2906 2747 2956 et
2790 2902 2859 2957 de
2901 2903 3025 2958 aliis
3054 2903 3392 2977 quibusdam
3420 2908 3578 2963 utili-

1958 2985 2061 3039 bus
2087 2986 2253 3042 rebus
2287 3006 2300 3042 :
2326 2989 2455 3045 item
2487 2990 2557 3045 de
2587 3006 2754 3046 causa
2785 2991 3264 3048 Hilduiniabbatis
3286 2993 3528 3052 defuncti
3560 3017 3574 3065 ;

1957 3077 2111 3144 item,
2142 3080 2211 3133 de
2266 3097 2434 3137 causa
2492 3081 2718 3136 Gerardi
2776 3082 3036 3150 comitis;
3080 3083 3232 3151 item,
3287 3084 3357 3138 de
3411 3100 3577 3139 causa

1958 3169 2220 3225 Ludovici
2246 3172 2394 3246 regis
2446 3172 2752 3228 Germaniae
2799 3174 2981 3229 fratris
3038 3174 3286 3242 ejusdem
3347 3173 3576 3240 Karoli;

1951 3256 2104 3320 item,
2139 3258 2208 3313 de
2239 3274 2407 3314 causa
2438 3260 2681 3316 Lotharii
2715 3262 2862 3335 regis
2920 3262 3109 3332 ltalim,
3133 3263 3356 3334 nepotis
3400 3264 3579 3335 ipsius

1950 3344 2129 3400 Karoli
2159 3363 2172 3409 ;
2201 3347 2354 3413 item,
2387 3349 2457 3402 de
2487 3364 2655 3419 opera
2703 3350 2908 3420 pontis,
2965 3367 3128 3422 quem
3163 3368 3253 3405 rex
3295 3367 3417 3407 cum
3454 3354 3575 3423 ipso

1950 3453 2012 3491 ac
2042 3438 2256 3492 caeteris
2287 3439 2569 3494 nonnullis
2597 3438 2862 3496 ﬁdelibus
2892 3442 3008 3497 suis
3037 3442 3274 3498 faciebat
3308 3445 3376 3498 ad
3401 3443 3576 3499 Pistas

1954 3529 2010 3583 in
2037 3528 2325 3602 Sequana;
2361 3529 2513 3594 item,
2551 3529 2621 3583 de
2668 3546 2835 3586 causa
2886 3532 3159 3588 Hincmari
3192 3534 3410 3604 nepotis
3457 3534 3566 3602 sui,

1952 3620 2157 3676 montis
2189 3620 2436 3675 Lauduni
2497 3622 2772 3692 episcOpi,
2831 3623 3020 3694 plures
3058 3626 3252 3680 scribit
3290 3625 3576 3696 epistolas,

1953 3725 2054 3781 pro
2076 3726 2187 3781 quo
2241 3711 2473 3765 multum
2534 3710 2681 3781 apud
2726 3711 2985 3766 eumdem
3039 3728 3223 3787 regem
3254 3713 3576 3779 laboravit;

1952 3801 2193 3868 item,de
2224 3800 2543 3857 infirmitate
2574 3818 2695 3868 sua,
2755 3808 2809 3856 et
2861 3802 2931 3856 de
2984 3803 3298 3878 peregrinis
3328 3805 3574 3875 quibus-

1953 3893 2078 3948 dam
2109 3894 2398 3949 monachis
2451 3894 2825 3964 suscipieudis
2857 3894 3048 3961 ;item,
3101 3895 3169 3949 de
3204 3895 3369 3950 rebus
3398 3896 3576 3951 sancti

1955 3982 2189 4056 Remigii
2219 3984 2342 4038 sitis
2372 3983 2427 4037 in
2451 3982 2735 4054 provincia
2775 3982 3099 4049 Viennensi,
3162 3982 3249 4037 vel
3279 3983 3522 4054 Aquensi
3558 4001 3574 4051 ;

1956 4075 2106 4142 item,
2140 4075 2208 4129 de
2266 4072 2717 4130 ordinationibus
2765 4074 3128 4146 quorumdam
3188 4074 3576 4145 episcoporum

1954 4166 2411 4222 etnonnullarum
2444 4168 2844 4234 ecclesiarum;
2880 4169 3032 4231 item,
3085 4170 3152 4224 de
3187 4168 3383 4224 itinere
3404 4168 3581 4240 ipsius

1954 4260 2102 4335 regis
2126 4261 2195 4315 ad
2218 4261 2428 4317 Italiam
2480 4270 2603 4334 post
2649 4271 2881 4319 mortem
2914 4264 3134 4335 nepotis
3181 4262 3301 4331 ejus
3328 4262 3578 4334 impera-

1955 4350 2090 4405 toris
2149 4351 2431 4418 Ludovici,
2502 4354 2792 4424 quomodo
2851 4353 2955 4407 iter
2999 4351 3132 4406 illud
3189 4351 3467 4422 tliSponat,
3526 4358 3582 4406 et

1955 4442 2237 4512 quomodo
2290 4459 2522 4517 regnum
2578 4443 2723 4499 istud
2755 4443 3069 4499 ordinatum
3101 4442 3344 4497 dimittat
3375 4460 3389 4507 ;
3424 4442 3576 4509 item,

1955 4534 2025 4590 de
2047 4535 2450 4606 quaestionibus
2472 4535 2758 4603 cujusdam
2788 4535 3096 4591 Mancionis
3130 4553 3145 4601 ;
3178 4535 3331 4597 item,
3357 4534 3427 4590 de
3452 4535 3578 4590 villa

221 4640 374 4689 ctum
407 4607 764 4692 restmxerat;
795 4636 850 4683 el
888 4607 1241 4699 religionem,
1270 4632 1431 4697 prout
1488 4624 1681 4691 valuit,
1715 4623 1772 4677 in
1792 4607 1934 4680 00D
1958 4628 2282 4694 Novilliaco,
2316 4636 2371 4684 et
2398 4628 2567 4683 rebus
2596 4628 2665 4683 ad
2720 4628 2893 4700 ipsam
2928 4628 3337 4699 pertinentibus
3370 4646 3385 4693 ;
3417 4628 3573 4690 item.

224 4729 654 4788 restauraverat,
685 4720 832 4793 quod
881 4725 1074 4791 postea
1119 4733 1215 4773 rex
1249 4718 1397 4773 idem
1428 4716 1742 4773 conabatur
1768 4716 1859 4771 in—

220 4822 370 4892 juste
397 4836 431 4874 a
464 4818 590 4887 jure
646 4815 823 4888 ipsius
850 4814 1066 4870 auferre
1101 4832 1116 4879 ;
1157 4812 1310 4877 item,
1350 4827 1448 4883 pro
1488 4812 1729 4883 quodam
1764 4827 1856 4866 re-

224 4912 381 4989 fuga,
414 4910 511 4982 qui
533 4908 827 4982 quamdam
848 4905 1326 4962 sanctimonialem
1341 4904 1451 4958 sibi
1475 4903 1853 4974 copulaverat,

227 5018 541 5080 suggerens
571 5001 715 5076 regi,
745 5006 805 5055 ut
832 5015 958 5055 eum
991 4997 1394 5069 comprehendi
1422 4994 1650 5061 faceret,
1688 5005 1857 5068 atque

228 5115 330 5153 sua
358 5096 515 5171 regia
542 5100 817 5167 potestate
845 5098 1133 5164 separaret
1181 5090 1250 5145 ab
1281 5090 1387 5145 hoc
1434 5089 1690 5155 crimine,
1725 5088 1856 5161 quia

231 5186 352 5259 ipse
372 5192 657 5256 stuprator
709 5181 1013 5253 episcopali
1036 5179 1250 5249 judicio
1286 5184 1545 5234 renuerat
1574 5176 1804 5232 obedire
1838 5193 1853 5242 ;

231 5280 385 5348 item,
441 5293 543 5351 pro
595 5291 762 5332 causa
790 5272 1027 5330 Rothadi
1089 5273 1232 5344 [ms..
1264 5270 1547 5342 Rothardi]
1581 5269 1853 5341 episcOpi,

232 5385 399 5442 quem
421 5383 516 5423 rex
565 5364 634 5420 ad
678 5378 874 5419 causas
904 5377 1033 5417 snas
1069 5368 1376 5426 vocaverat,
1427 5366 1484 5414 et
1530 5358 1855 5413 advocatum

233 5461 476 5535 dirigere
496 5461 859 5530 praeceperat.
895 5456 990 5528 qui
1041 5454 1410 5525 responderet
1447 5457 1639 5508 contra
1667 5451 1856 5507 homi-

232 5568 362 5608 nem
394 5547 695 5623 quemdam
728 5546 905 5616 ipsius
950 5544 1186 5601 Rotbadi
1215 5544 1287 5599 de
1338 5540 1618 5598 beneficio
1655 5541 1855 5612 ipsius,

234 5640 380 5697 unde
401 5640 551 5695 inter
580 5651 683 5691 eos
718 5650 884 5689 causa
930 5633 1271 5695 versabatur,
1327 5646 1428 5702 pro
1458 5645 1567 5702 qua
1592 5646 1654 5684 re
1682 5628 1859 5684 subti-

233 5729 355 5785 liter
380 5745 445 5785 ac
485 5726 796 5799 diligenter
847 5723 1101 5778 eumdem
1156 5736 1341 5795 regem
1384 5718 1759 5791 reprehendit,
1787 5718 1855 5773 ab

234 5819 332 5875 hac
361 5814 706 5881 intentione,
740 5809 1346 5868 sacrisauctoritatibus
1363 5806 1727 5881 interpositis,
1768 5823 1860 5863 re-

1959 4734 2058 4790 pro
2090 4717 2289 4773 litteris
2314 4716 2574 4773 Ludovici
2598 4716 2746 4790 regis
2774 4716 2956 4771 fratris
2987 4715 3164 4788 ipsius
3196 4716 3397 4783 Karoli,
3439 4732 3578 4787 quas

1959 4806 2035 4862 illi
2093 4822 2192 4879 pro
2240 4806 2475 4874 visione,
2543 4823 2653 4879 qua
2698 4815 2855 4879 pater
2900 4822 3033 4861 suus
3082 4806 3189 4861 sibi
3229 4804 3503 4876 apparuit,
3528 4811 3581 4858 et

1957 4895 2201 4959 miserat,
2229 4911 2460 4968 quarum
2499 4896 2782 4969 exemplar
2830 4895 3134 4951 transmisit
3154 4894 3334 4949 eidem
3360 4893 3577 4961 Karolo,

1957 5006 2080 5045 cum
2105 4992 2406 5063 exemplari
2442 4991 2715 5064 epistolae,
2768 5008 2933 5064 quam
2986 5007 3084 5063 pro
3115 4991 3218 5045 hac
3249 5006 3308 5045 re
3337 4987 3443 5061 ipsi
3465 4989 3576 5043 Lu-

1958 5078 2153 5134 dovico
2193 5079 2469 5135 direxerat
2528 5080 2740 5147 ;item,
2807 5095 2907 5151 pro
2964 5094 3131 5135 causa
3174 5077 3417 5133 Waltarii
3476 5077 3578 5132 de-

1958 5168 2154 5234 functi,
2212 5170 2316 5226 viri
2367 5169 2679 5232 clarissimi,
2740 5179 2795 5223 et
2834 5167 2904 5223 de
2962 5166 3201 5241 imagine
3231 5166 3575 5235 Salvatoris;

1959 5262 2112 5329 item,
2146 5278 2247 5334 pro
2292 5277 2457 5317 causa
2515 5260 2991 5325 Laudunensium,
3051 5266 3107 5314 et
3154 5259 3465 5316 ordinando
3496 5259 3580 5315 eis

1960 5349 2223 5424 pontiﬁce
2273 5358 2400 5422 post
2425 5349 2793 5418 dejectionem
2853 5348 3128 5405 Hincmari
3157 5365 3173 5416 ;
3207 5349 3359 5417 item,
3389 5349 3459 5405 de
3482 5366 3580 5405 ea-

1960 5444 2085 5497 dem
2119 5457 2178 5496 re
2209 5458 2223 5507 ;
2248 5440 2403 5505 item,
2437 5440 2508 5494 de
2538 5438 2795 5510 passione
2827 5438 3003 5494 sancti
3034 5438 3281 5512 Dionysii
3312 5455 3342 5494 a
3368 5439 3581 5495 Metho-

1960 5535 2052 5591 dio
2084 5531 2698 5604 Constantinopolitano
2744 5531 2929 5586 Graece
2974 5530 3202 5599 dictata,
3253 5538 3307 5587 et
3335 5529 3405 5586 ab
3437 5531 3582 5587 Ana-

1958 5628 2148 5694 stasio,
2202 5627 2460 5682 Romana:
2510 5624 2660 5679 sedis
2709 5623 3142 5679 bibliothecario
3199 5623 3391 5678 Latine
3443 5638 3579 5678 con-

1958 5715 2183 5787 scripta,
2216 5720 2273 5770 et
2300 5714 2369 5769 de
2390 5714 2501 5769 vita
2514 5713 2601 5770 vel
2628 5711 2845 5768 actibus
2871 5711 3020 5767 beati
3052 5710 3320 5775 Sanctini,
3352 5715 3409 5765 et
3440 5708 3575 5779 quid

1959 5803 2017 5860 in
2041 5804 2128 5860 his
2161 5801 2440 5861 invenerit
2495 5802 2566 5860 de
2617 5802 3144 5860 commemoratione
3171 5800 3224 5857 S.
3277 5794 3522 5867 Dionysii
3555 5812 3573 5863 ;
