3912 6464
366 476 474 532 195

1489 465 1855 521 FLODOARDI
1899 464 2205 518 (IANONICI
2247 464 2574 519 REMENSIS

3596 464 3697 520 196

359 622 513 687 item,
538 618 608 672 de
650 616 797 672 villis
854 615 1028 671 sancti
1082 612 1314 682 Remigii
1369 612 1424 664 in
1473 609 1706 684 Vosago,
1737 607 1976 680 qualiter
2000 611 2052 678 Α
2079 607 2405 678 petitionem
2428 606 2601 677 ipsius
2628 606 2792 680 regis,
2827 606 2897 660 de
2929 605 3260 677 quibusdam
3294 605 3699 677 quaestionibus

357 724 534 780 usque
589 706 659 761 ad
719 706 772 759 id
831 704 1097 774 temporis
1151 703 1260 755 sint
1312 699 1534 754 habitaz.
1590 699 1691 753 Pro
1745 698 1976 752 diversis

358 811 579 869 quoque
611 795 779 849 rebus
824 795 946 848 aliis
976 793 1222 846 diversas
1278 789 1346 842 ad
1378 787 1634 842 eumdem
1667 785 1821 841 dedit
1855 786 1974 856 epi-

359 885 551 941 stolas.

972 950 1179 1004 CAPUT
1230 948 1363 1002 XIX.

527 1029 652 1094 Quo:
681 1025 949 1079 Ludovico
973 1022 1209 1090 ejusdem
1224 1021 1414 1074 Karoli
1431 1021 1542 1089 ﬁlio
1568 1020 1805 1088 scripsit.

431 1142 586 1203 Item,
619 1139 685 1191 ad
721 1135 1050 1191 Ludovicum
1085 1133 1306 1203 (Ludov.
1369 1133 1548 1203 Balb.)
1584 1146 1767 1204 regem
1800 1128 1972 1182 filium

358 1229 519 1296 hujus
569 1225 768 1291 Karoli,
826 1240 991 1294 quem
1059 1228 1288 1276 unxerat
1317 1228 1371 1275 et
1409 1226 1850 1282 consecraverat,
1905 1217 1974 1271 de

355 1317 605 1384 conjecto
659 1312 986 1367 Normannis
1049 1310 1278 1374 dando;
1310 1309 1462 1373 item,
1515 1309 1582 1362 de
1609 1306 1975 1378 disponendis

353 1408 511 1482 regni
566 1405 915 1467 utilitatibus,
971 1411 1025 1458 et
1099 1402 1451 1458 ordinatione
1511 1408 1675 1472 atque
1742 1400 1973 1456 consilio

354 1498 523 1568 patris
569 1494 914 1566 imperatoris
997 1493 1331 1564 sequendo;
1389 1493 1542 1558 item,
1593 1499 1716 1561 post
1759 1490 1970 1545 obitum

353 1587 604 1656 ejusdem
639 1583 1008 1656 imperatoris,
1041 1582 1110 1636 de
1163 1581 1489 1635 ordinandis
1530 1577 1791 1652 regnisui
1817 1579 1968 1649 prin-

351 1675 533 1746 cipiis,
586 1686 904 1744 prOponens
949 1671 998 1724 ei
1051 1671 1303 1739 exempla
1335 1668 1807 1738 praedecessorum
1839 1681 1970 1720 suo-

351 1783 495 1832 rum,
519 1775 574 1820 et
604 1765 889 1819 instruens
936 1779 1062 1816 eum
1096 1778 1198 1832 per
1251 1761 1491 1830 capitula
1523 1760 1592 1814 de
1627 1759 1778 1826 justo
1812 1757 1967 1831 regni

2077 713 2245 767 super
2274 697 2478 769 quibus
2527 696 2704 752 fuerat
2758 697 3136 769 interrogatus
3161 697 3230 752 ab
3274 697 3392 768 ipso
3435 713 3533 767 pro
3555 712 3700 768 quo-

2077 785 2200 840 dam
2235 785 2502 850 Fulcrico,
2527 785 2768 840 reddens
2799 786 2848 839 ei
2884 785 3153 840 rationem
3201 785 3447 858 dignam,
3475 801 3574 839 cur
3591 801 3694 838 ex-

2076 878 2566 933 communicaverit
2614 878 2814 947 ipsum,
2845 893 3010 948 quem
3056 877 3160 931 sub
3193 878 3425 932 obtentu
3456 878 3699 931 absolvit

2077 967 2304 1038 agendae
2338 966 2683 1036 pmnitentiae
2715 966 2900 1032 ;item,
2926 965 3274 1036 protuitione
3290 983 3354 1020 ac
3369 965 3696 1020 defensione

2078 1072 2258 1110 rerum
2291 1053 2580 1110 Remensis
2625 1054 2879 1108 ecclesiae
2931 1054 2986 1107 in
3041 1053 3341 1127 Thoringia
3390 1053 3696 1121 conjacen-

2078 1143 2212 1199 tium
2247 1144 2440 1208 ;item,
2474 1143 2543 1196 de
2583 1142 2912 1213 pervasione
2962 1142 3115 1212 regni
3149 1141 3394 1207 fraterni,
3428 1140 3614 1214 dignis
3645 1150 3699 1194 et

2077 1235 2330 1290 utillimis
2355 1236 2405 1289 ei
2437 1235 2542 1289 hoc
2572 1234 2904 1288 dissuadens
2932 1233 3434 1299 admonitionibus,
3461 1249 3531 1286 ne
3556 1232 3607 1285 id
3629 1233 3696 1285 ad

2075 1343 2231 1382 suam
2271 1328 2624 1402 aggrediatur
2654 1326 3106 1391 damnationem;
3139 1325 3293 1392 item,
3324 1325 3485 1379 aliam
3514 1324 3699 1378 dehac

2075 1420 2270 1474 eadem
2299 1437 2358 1474 re
2383 1436 2505 1474 cum
2538 1419 2756 1473 caneris
2781 1417 3114 1492 regnihujus
3143 1417 3423 1488 episcOpis
3445 1417 3512 1470 ad
3540 1432 3700 1471 eum-

2077 1512 2201 1566 dem
2253 1526 2440 1583 regem
2493 1510 2687 1566 scribit
2745 1509 3060 1580 epistolam,
3093 1509 3394 1580 episcopali
3434 1509 3696 1563 modera-

2071 1600 2218 1655 tione
2250 1601 2510 1654 refertam
2547 1618 2560 1665 ;
2595 1600 2748 1664 item,
2808 1599 2980 1654 semel
3011 1615 3075 1653 ac
3123 1598 3373 1653 secundo
3405 1597 3474 1651 ad
3507 1597 3694 1667 ipsum

2074 1709 2175 1763 per
2202 1709 2282 1757 se,
2313 1692 2382 1746 de
2412 1692 2500 1745 his
2530 1708 2652 1763 quae
2711 1691 3072 1746 mandaverat
3130 1691 3198 1744 ab
3247 1706 3312 1744 eo
3344 1689 3465 1744 fieri
3519 1689 3575 1742 in
3598 1689 3702 1741 ad-

2071 1793 2238 1838 ventu
2264 1799 2364 1838 suo
2397 1783 2601 1844 Remis,
2649 1791 2710 1837 ut
2751 1798 2860 1838 non
2890 1783 3033 1836 sicut
3073 1781 3435 1852 disponebat,
3466 1797 3568 1835 nec
3605 1781 3698 1835 tali

352 1858 644 1930 regimine,
677 1864 729 1911 et
751 1857 961 1910 honore
1015 1861 1217 1908 sanctae
1271 1854 1364 1906 Dei
1424 1850 1700 1912 Ecclesia,
1731 1851 1970 1906 caeteris-

2077 1871 2292 1926 veniret
2349 1878 2598 1942 tempore
2650 1871 2781 1942 quia
2819 1870 3186 1942 incongruum
3219 1878 3381 1928 esset.
3419 1877 3473 1923 et
3503 1870 3701 1922 anima:

351 1963 460 2018 que
491 1946 598 2000 sibi
627 1962 692 2000 ac
722 1959 893 2018 regno
949 1942 1280 1998 necessariis
1326 1941 1530 2007 rebus;
1575 1941 1726 2006 item,
1760 1941 1827 1993 de
1850 1941 1973 2010 qui-

352 2036 586 2092 busdam
618 2032 1112 2105 prsesumptoribus
1136 2030 1505 2102 corrigendis,
1535 2037 1588 2084 et
1620 2027 1976 2099 temperanda

353 2140 588 2179 censura
619 2121 998 2184 correctionis,
1023 2126 1077 2174 et
1100 2119 1224 2173 aliis
1252 2117 1740 2173 commoditatibus
1773 2134 1788 2181 ;
1824 2116 1975 2178 item,

355 2228 425 2266 ne
457 2211 741 2282 quippiam
808 2215 997 2263 contra
1056 2208 1351 2262 canonicas
1408 2206 1697 2261 moliretur
1735 2205 1980 2277 regulas;

357 2320 461 2358 nec
482 2301 686 2357 alicubi
719 2302 825 2356 hoc
851 2301 1237 2371 episcoporum
1271 2299 1615 2370 praeciperet,
1643 2315 1713 2352 ne
1745 2305 1978 2352 senten-

355 2394 489 2448 tiam
515 2391 757 2445 divinam
809 2391 1112 2444 incurreret
1169 2406 1182 2454 ;
1246 2389 1402 2452 item,
1457 2387 1694 2458 qualiter
1723 2401 1978 2442 commo-

355 2484 539 2539 nuerit
568 2500 632 2538 ex
664 2489 940 2553 przucepto
990 2481 1138 2555 regis
1195 2481 1370 2551 ipsius
1401 2480 1688 2552 Hugonem
1733 2477 1973 2534 Lotharii

354 2573 502 2645 regis
561 2571 758 2636 filium,
791 2585 958 2639 super
1006 2567 1314 2623 malefactis
1361 2584 1483 2638 quae
1533 2567 1752 2642 agebat,
1803 2575 1856 2620 et
1906 2566 1975 2620 de

355 2665 672 2722 hominibus
727 2663 842 2717 suis
908 2661 975 2715 ad
1034 2677 1221 2732 regem
1269 2677 1391 2715 cum
1463 2659 1647 2714 hostili
1708 2665 1973 2731 apparatu

354 2754 680 2828 dirigendis.
737 2752 814 2805 Ad
874 2750 1018 2805 filios
1073 2765 1297 2821 quoque
1347 2749 1522 2820 ipsius
1578 2747 1822 2802 defuncti
1883 2762 1975 2800 re-

353 2848 438 2919 gis
464 2846 602 2916 (10),
632 2843 967 2898 Ludovicum
999 2848 1055 2895 et
1082 2840 1530 2907 Karlomannum,
1566 2854 1664 2910 pro
1702 2838 1972 2894 electione

357 2935 626 2990 canonica
691 2932 935 2987 ecclesiae
1028 2930 1360 2985 Tornacensi
1448 2931 1534 2986 vel
1618 2929 1974 2985 Noviomcnsi

356 3025 665 3082 obtinenda
743 3031 866 3095 post
953 3021 1162 3078 obitum
1259 3022 1583 3095 Ragenelini
1675 3022 1972 3094 episcopi;

356 3119 507 3184 item,
539 3133 636 3189 pro
667 3116 786 3187 ipsa
813 3115 1081 3170 electione
1129 3115 1243 3183 jam
1300 3114 1462 3181 facta,
1525 3131 1690 3187 quam
1742 3115 1972 3189 indigne

356 3208 596 3263 tulerant
640 3205 708 3259 ab
767 3204 888 3274 ipso
919 3202 1339 3274 archiepisc0po
1395 3203 1566 3258 fuisse
1597 3204 1920 3274 dispositam

353 3297 484 3350 item
542 3310 639 3365 pro
690 3293 908 3358 eadem,
955 3292 1260 3347 ostendens
1309 3292 1546 3363 qualiter
1593 3293 1647 3346 in
1698 3296 1970 3351 electione

359 3389 605 3459 ipsorum
657 3385 1028 3452 consenserit,
1083 3384 1306 3456 quando
1373 3385 1535 3442 electi
1564 3393 1692 3441 sunt
1720 3388 1786 3442 ad
1815 3389 1972 3461 regni

355 3479 731 3552 principatum
757 3486 809 3533 et
834 3495 957 3549 quae
977 3477 1045 3531 ab
1069 3478 1150 3532 eis
1171 3492 1269 3547 pro
1286 3477 1390 3532 hac
1411 3478 1685 3533 electione
1713 3481 1972 3536 mandata

357 3567 670 3640 perceperit
699 3575 753 3623 et
779 3568 941 3638 quale
979 3567 1050 3621 sit
1098 3567 1467 3623 ministerium
1501 3571 1706 3645 regale,
1731 3578 1784 3625 et
1811 3571 1973 3642 quale

358 3655 697 3728 pontificale,
731 3664 785 3710 et
814 3655 994 3727 qualis
1037 3655 1330 3729 eligendus
1389 3659 1473 3712 vel
1519 3659 1866 3714 ordinandus
1903 3659 1975 3715 sit

356 3751 672 3821 episcopus,
703 3759 757 3804 et
777 3750 954 3820 qualis
976 3750 1306 3822 velqualiter
1329 3767 1439 3807 non
1467 3752 1671 3808 debeat
1699 3753 1971 3820 ordinari,

355 3847 410 3894 et
435 3839 727 3894 utdivinas
747 3839 1102 3894 auctoritates
1133 3841 1423 3897 addiscere
1445 3849 1640 3898 curent
1672 3861 1685 3908 ;
1715 3843 1973 3914 item,pro

358 3931 553 3985 eadem
584 3946 662 3998 re,
705 3930 874 3984 sacris
905 3930 1290 3986 demonstrans
1345 3933 1768 3988 auctoritatibus
1808 3950 1974 4005 quam

356 4020 597 4094 graviter
651 4020 705 4073 in
767 4020 936 4074 Deum
997 4023 1865 4094 peccarent,quiordinationem
1900 4023 1971 4077 il-

355 4113 460 4167 lam
486 4111 674 4166 tandiu
708 4111 929 4166 differre
949 4111 1215 4179 facerent,
1235 4121 1292 4168 et
1313 4113 1380 4168 de
1399 4114 1633 4182 objectis
1654 4116 1761 4169 sibi
1795 4115 1974 4170 aGos-

355 4217 490 4256 seno
535 4218 703 4272 super
733 4201 992 4257 Ludovici
1051 4203 1196 4273 regis
1247 4203 1419 4273 patris
1478 4219 1668 4259 eorum
1721 4221 1973 4259 assensu.

357 4291 532 4355 Quare
555 4291 877 4365 Ausgardim
944 4310 1170 4350 uxorem
1229 4292 1500 4363 abjectam
1557 4310 1682 4348 eum
1725 4295 1974 4364 recipere

357 4399 466 4438 non
494 4386 760 4457 coegerit,
783 4385 837 4440 et
859 4386 1165 4442 Adelaidim
1195 4385 1264 4440 ab
1301 4401 1367 4441 eo
1402 4385 1625 4440 retineri
1649 4402 1756 4441 non
1788 4387 1975 4457 prohi-

358 4472 563 4539 buerit,
596 4481 650 4528 et
681 4475 748 4528 de
781 4475 978 4530 litteris
1005 4474 1262 4530 Ludovici
1298 4474 1445 4544 regis
1476 4475 1544 4528 ad
1578 4491 1703 4530 eum
1720 4491 1818 4546 pro
1839 4474 1974 4530 filio-

2078 1974 2190 2012 suae
2212 1958 2644 2029 inopportunum
2671 1976 2685 2023 ;
2705 1959 2836 2013 item
2861 1959 2930 2012 ad
2948 1959 3206 2013 eumdem
3223 1958 3460 2028 qualiter
3481 1958 3550 2010 de
3566 1973 3703 2028 pace

2080 2049 2223 2104 inter
2253 2050 2432 2120 ipsum
2461 2059 2516 2104 et
2573 2049 2795 2104 fratrem
2823 2050 2944 2118 ejus
2977 2049 3230 2104 Karolum
3261 2047 3596 2102 stabilienda
3621 2048 3704 2101 la-

2079 2141 2334 2207 borabat,
2363 2140 2608 2196 referens
2638 2141 2688 2196 ei
2727 2141 3027 2215 gratiarum
3059 2141 3304 2196 actiones
3328 2155 3424 2209 pro
3455 2138 3585 2192 filiis
3609 2155 3704 2192 ec-

2080 2230 2264 2284 clesia
2307 2229 2615 2295 Remensis,
2645 2230 2737 2301 qui
2761 2229 3010 2300 inipsius
3049 2229 3195 2284 bene
3223 2227 3703 2283 tractabanturre-

2079 2334 2188 2390 gno
2222 2336 2236 2384 ;
2270 2327 2465 2389 petens
2504 2325 2563 2372 ut
2617 2334 2810 2374 secure
2865 2318 3058 2373 liceret
3121 2318 3230 2371 illis
3270 2333 3416 2382 suas,
3452 2332 3590 2386 quas
3623 2315 3700 2368 ibi

2080 2406 2382 2473 habebant,
2415 2415 2604 2461 tenere
2637 2405 3032 2477 proprietates;
3066 2405 3197 2459 item
3222 2406 3290 2458 de
3307 2403 3529 2458 metallo
3548 2404 3701 2474 quod

2078 2494 2129 2547 ei
2165 2494 2466 2549 transmisit
2495 2495 2565 2547 ad
2598 2493 2910 2548 faciendum
2944 2493 3185 2565 signum,
3242 2491 3702 2563 subjungensque

2079 2586 2146 2640 de
2178 2602 2314 2656 pace
2348 2594 2512 2657 atque
2543 2585 2812 2640 charitate
2839 2584 3112 2639 servanda
3131 2583 3477 2638 etvoluntate
3505 2582 3597 2636 Dei
3620 2598 3704 2636 se-

2076 2677 2316 2748 quenda,
2339 2685 2400 2732 ut
2427 2677 2506 2732 illi
2536 2678 2780 2743 mandat,
2813 2675 3249 2732 admonitionem
3285 2674 3452 2740 ;item
3483 2689 3580 2744 pro
3611 2691 3703 2728 re-

2078 2768 2181 2823 bus
2211 2769 2459 2824 ecclesiaa
2492 2769 2782 2823 Remensis
2813 2769 2959 2838 apud
2991 2768 3344 2840 Tlioringiam
3374 2767 3494 2821 sitis
3526 2784 3540 2832 ;
3567 2767 3698 2820 item

2079 2860 2146 2914 de
2179 2860 2432 2931 reliquiis
2473 2866 2790 2914 sanctorum
2825 2860 3112 2914 Remensis
3167 2858 3440 2922 ecclesiae,
3462 2874 3599 2928 quas
3621 2857 3700 2910 illi

2077 2952 2218 3006 sicut
2247 2951 2926 3022 petierattransmittebat,
2970 2959 3026 3006 et
3075 2951 3145 3005 de
3165 2951 3308 3005 libro
3338 2950 3488 3014 vitae,
3524 2950 3702 3003 virtu-

2076 3053 2306 3117 tumque
2333 3046 2386 3099 S.
2434 3045 2689 3116 Remigii,
2757 3045 2886 3100 item
2917 3045 2986 3098 de
3018 3044 3187 3098 rebus
3216 3044 3269 3097 S.
3308 3041 3540 3115 Remigii
3574 3042 3700 3096 sitis

2077 3137 2132 3191 in
2162 3137 2458 3212 Thoringia
2494 3155 2508 3202 ;
2543 3139 2694 3202 item,
2732 3137 2799 3191 de
2860 3136 3215 3206 passionibus
3257 3143 3598 3201 sanctorum,
3639 3141 3697 3188 et

1956 3221 1970 3270 δ
2003 3201 2052 3270 C
2076 3235 2144 3289 de
2175 3235 2344 3290 rebus
2369 3250 2592 3290 suorum
2618 3233 2927 3299 hominum,
2959 3249 3097 3303 quas
3128 3233 3184 3286 in
3219 3232 3367 3286 illius
3405 3246 3573 3304 regno
3603 3231 3704 3285 ha-

2072 3326 2299 3394 bebant,
2343 3334 2403 3382 ut
2429 3326 2498 3381 de
2519 3327 2605 3380 his
2631 3325 2843 3381 nullum
2898 3324 3277 3396 praejudicium
3311 3323 3656 3377 sustinerent
3686 3339 3699 3386 ;

2075 3416 2208 3471 item
2239 3415 2434 3471 scribit
2464 3431 2590 3471 cum
2624 3414 2875 3488 Remigio
2919 3411 3293 3486 Lugdunensi,
3327 3411 3564 3465 Arduico
3596 3411 3704 3465 Vc-

2075 3507 2445 3573 sontionensi,
2501 3507 2705 3561 Erardo
2755 3505 3082 3571 Turonensi,
3125 3505 3314 3558 Adone
3370 3502 3700 3567 Viennensi,

2079 3597 2306 3669 Egilone
2365 3595 2635 3651 Sennensi
2685 3593 3122 3664 archiepisc0pis
3178 3592 3358 3646 eidem
3421 3591 3703 3646 Ludovico

2079 3689 2236 3763 Regi,
2272 3704 2372 3760 pro
2405 3686 2709 3756 Bertulpho
2764 3684 3082 3739 Treverensi
3141 3682 3583 3754 archiepiscopo,
3609 3699 3706 3737 re-

2077 3776 2458 3849 prehensibile
2483 3791 2548 3829 ac
2578 3773 2953 3844 periculosum
2966 3772 3353 3825 demonstrans
3385 3787 3529 3833 esse,
3550 3771 3702 3841 quod

2076 3876 2256 3924 actum
2289 3868 2357 3922 ab
2391 3881 2457 3922 eo
2482 3872 2845 3935 compererat,
2881 3862 2950 3916 de
3008 3863 3109 3916 hac
3141 3861 3450 3932 [metrOpoli
3485 3862 3707 3918 scilicet

2077 3965 2132 4013 et
2161 3955 2484 4012 Treverensi
2511 3954 2767 4020 ecclesia,
2791 3961 2853 4008 ut
2879 3968 3001 4006 eam
3029 3951 3232 4016 invadi,
3259 3950 3497 4004 discindi
3523 3968 3588 4006 ac
3611 3953 3712 4008 de-

2077 4049 2329 4121 p0pulari
2361 4064 2392 4102 a
2424 4062 2718 4118 pervasore
2778 4045 3122 4116 permitteret
3145 4041 3386 4114 quodam
3427 4045 3710 4101 monacho

2077 4137 2327 4208 ejusdem
2357 4134 2603 4191 ecclesia:
2637 4135 2999 4200 :ostendens,
3040 4134 3171 4204 quia
3199 4132 3326 4186 licet
3359 4132 3566 4205 regulis
3597 4149 3705 4203 po-

2076 4236 2244 4282 testas
2302 4225 2594 4296 praesideat
2642 4225 2885 4279 humano
2924 4222 3115 4295 generi
3169 4221 3460 4295 dignitate,
3513 4237 3702 4276 rerum

2076 4317 2407 4390 praesulibus
2436 4325 2620 4372 tamen
2651 4316 2964 4370 divinarum
2995 4315 3195 4368 devote
3227 4313 3368 4368 colla
3397 4312 3702 4381 submittit,

2075 4415 2242 4479 atque
2300 4406 2369 4462 ab
2427 4406 2510 4460 eis
2565 4422 2760 4461 causas
2814 4420 2926 4460 sua:
2989 4403 3180 4458 salutis
3239 4402 3468 4472 expetit,
3528 4402 3704 4472 inque

2075 4499 2360 4556 sumendis
2398 4498 2721 4554 coelestibus
2765 4496 3146 4564 sacramentis,
3188 4495 3383 4566 eisque
3445 4500 3506 4547 ut
3536 4509 3700 4548 com-

355 4582 472 4619 mm
505 4582 730 4621 suorum
774 4567 1142 4660 Pro_"e‘31_i°‘}e_
1174 4567 1346 4660 fiatisi
1372 4575 1428 4660 ei
1451 4567 1521 4622 de
1548 4657 1557 4660 _
1580 4567 1856 4660 manda“?
1888 4567 1967 4622 is“
1993 4568 2047 4636 Ι)
2071 4589 2210 4660 petit
2238 4587 2627 4659 disponendis,
2658 4587 2820 4642 subdi
2851 4603 2912 4641 se
2969 4585 3175 4640 debere
3235 4583 3522 4658 cognoscit
3563 4583 3699 4637 reli-

357 4662 533 4710 tornm
568 4672 757 4728 regum
808 4658 875 4711 ad
905 4674 964 4712 se
995 4656 1246 4713 indebite
1277 4657 1458 4712 missis
1491 4675 1505 4723 ;
1547 4657 1698 4723 item,
1730 4657 1968 4712 adhunc

358 4744 689 4800 Ludovicum
723 4747 898 4801 solum
929 4746 998 4801 de
1051 4746 1284 4802 consilio
1324 4763 1354 4800 a
1383 4763 1443 4801 se
1475 4747 1670 4817 petito,
1699 4746 1863 4818 quale
1903 4745 1975 4800 sit

355 4833 488 4888 utile
521 4835 633 4908 regi
662 4834 978 4900 consilium,
1013 4844 1067 4889 et
1113 4835 1354 4906 qualiter
1393 4835 1595 4889 debeat
1619 4851 1784 4909 agere
1809 4835 1969 4903 judi-

356 4920 499 4976 cium
532 4931 587 4976 et
611 4923 897 4990 justitiam,
960 4930 1016 4977 et
1063 4923 1193 4993 quid
1230 4924 1345 4977 haec
1386 4923 1516 4979 boni
1550 4923 1839 4978 conferant
1869 4924 1972 4979 ob-

355 5017 589 5078 servata,
619 5011 825 5082 quidve
857 5011 984 5065 mali
1017 5011 1268 5082 neglecta
1300 5013 1543 5087 irrogare
1573 5015 1808 5079 soleant,
1838 5021 1971 5081 etc.;

355 5103 509 5169 item,
537 5104 605 5157 ad
671 5121 855 5179 regem
904 5105 1329 5160 Karlomannum
1380 5105 1789 5160 adolescentem
1821 5112 1877 5160 et
1903 5105 1973 5160 ad

353 5194 646 5264 episcopos
673 5196 1110 5252 admonitionem
1169 5197 1237 5252 de
1277 5196 1632 5267 disponendo
1664 5197 1834 5270 regali
1865 5199 1975 5252 mi-

359 5281 590 5335 nisterio
619 5299 718 5352 per
748 5284 989 5354 capitula
1019 5303 1033 5350 ;
1068 5286 1198 5339 item
1247 5284 1410 5339 aliam
1438 5285 1875 5342 admonitionem
1906 5287 1974 5342 ad

364 5371 623 5427 eumdem
649 5392 853 5449 regem,
889 5378 1141 5435 similiter
1171 5395 1270 5450 per
1293 5380 1555 5450 capitula.

425 5556 499 5608 De
512 5555 581 5607 iis
598 5571 716 5622 qua.0
731 5558 1001 5615 Ludovico
1460 5565 1651 5619 Karoli
1665 5567 1902 5634 scripsit.

428 5659 704 5714 Ludovico
736 5661 852 5733 regi
880 5663 1204 5734 Germaniae,
1240 5670 1446 5739 przefati
1480 5671 1659 5727 Karoli
1694 5672 1838 5747 regis
1869 5688 1975 5728 no-

351 5750 448 5804 stri
484 5747 659 5814 fratri,
703 5750 953 5803 nonnulli
985 5769 1208 5826 quoque
1239 5758 1530 5829 scripsisse
1583 5761 1877 5830 reperitur,
1908 5763 1977 5816 ad

422 5849 534 5920 (10)
576 5849 720 5906 Obiit
754 5849 962 5904 Ludov.
999 5855 1149 5911 llald.
1186 5857 1312 5922 870,
1347 5859 1438 5913 die
1465 5863 1530 5917 10
1560 5863 1686 5932 Apr.

2074 4680 2258 4754 gionis
2287 4680 2503 4745 ordine,
2524 4680 2710 4749 potius
2739 4695 2902 4750 quam
2917 4693 3176 4748 praeesse.
3201 4677 3388 4747 Itaque
3423 4675 3566 4729 inter
3586 4675 3706 4730 hEBC

2075 4771 2294 4826 illorum
2319 4787 2380 4825 se
2413 4769 2657 4840 pendere
2664 4769 2898 4839 judicio,
2919 4784 3029 4824 non
3060 4768 3280 4823 illorum
3303 4766 3370 4822 ad
3386 4783 3540 4821 suam
3560 4767 3705 4820 velle

2073 4859 2252 4933 redigi
2280 4861 2620 4915 voluntatem
2691 4880 2716 4910 «
2750 4858 3014 4922 Proinde,
3068 4878 3093 4907 ιυ
3127 4856 3325 4928 inquit,
3359 4876 3384 4906 (ι
3420 4855 3559 4909 sicut
3589 4869 3703 4909 non

2077 4952 2196 5006 leve
2225 4951 2521 5006 discrimen
2575 4951 2850 5006 incumbit
2904 4948 3283 5021 pontificibus,
3344 4946 3571 5002 siluisse
3602 4962 3705 5017 pro

2076 5043 2379 5098 divinitatis
2403 5043 2556 5098 cultu
2604 5043 2752 5114 quod
2806 5042 3061 5114 congruit
3089 5061 3104 5096 :
3135 5041 3210 5096 ita
3242 5040 3406 5114 regiae
3440 5039 3703 5110 potestati

2080 5134 2246 5206 (quod
2279 5134 2444 5203 absit)
2473 5150 2589 5190 non
2609 5134 2892 5189 mediocre
2923 5133 3180 5204 peculum
3213 5137 3316 5198 est,
3347 5131 3392 5186 si
3437 5147 3560 5186 cum
3593 5130 3701 5184 de-

2075 5227 2204 5282 beat
2225 5243 2419 5297 parere
2447 5227 2666 5299 refugit,
2700 5227 2847 5297 quod
2898 5227 2950 5280 ei
2977 5242 3043 5280 ex
3087 5225 3276 5280 divina
3305 5239 3443 5279 voce
3474 5239 3708 5277 asacer-

2076 5318 2302 5374 dotibus
2331 5320 2646 5374 nuntiatur:
2703 5317 2938 5374 Domino
2972 5318 3192 5372 dicente
3248 5317 3305 5370 in
3351 5315 3650 5387 Evangelio
3692 5333 3705 5369 :

2077 5408 2180 5474 Qui
2205 5412 2282 5462 est
2307 5423 2374 5462 ea:
2401 5411 2526 5476 Deo,
2580 5410 2746 5463 verba
2805 5409 2901 5463 Dei
2931 5408 3090 5461 audit
3141 5401 3318 5476 (Joan.
3352 5405 3491 5474 vni).
3525 5404 3579 5458 Si
3605 5421 3709 5460 au-

2081 5507 2188 5555 tem
2209 5500 2368 5555 vobis
2404 5500 2607 5572 aliquis
2650 5501 2836 5555 minus
2866 5499 3101 5555 devotus
3129 5497 3424 5572 suggessit,
3461 5497 3614 5567 quod
3650 5497 3706 5550 in

2081 5591 2276 5645 eadem
2297 5591 2615 5662 metrOpoli,
2675 5592 2730 5644 in
2785 5597 3105 5661 contemptu
3160 5596 3365 5656 vestro,
3395 5588 3481 5642 vel
3514 5596 3709 5643 contra

2080 5678 2404 5734 fidelitatem
2434 5688 2693 5745 vestram,
2743 5678 3232 5749 metropolitanum
3273 5675 3594 5748 pontificem
3615 5691 3710 5731 or-

2081 5765 2261 5822 dinari
2286 5766 2537 5836 fecimus,
2598 5767 2732 5840 quin
2788 5767 2974 5837 potius
3012 5782 3289 5824 consensu
3321 5765 3707 5820 unanimitatis
