3912 6400
388 381 574 439 199.

1507 383 1872 438 FLODOARDI
1915 382 2218 438 CANONICI
2269 383 2604 440 REMENSIS

3617 388 3723 445 200

380 521 650 567 exsortem
680 529 712 567 a
737 515 990 584 Domino,
1041 533 1140 588 per
1164 535 1328 591 quem
1358 535 1519 595 reges
1549 529 1780 594 regnant
1809 521 1992 591 (Prov.
2020 525 2071 591 Α
2097 533 2222 572 eum
2256 520 2495 574 retinere
2543 520 2762 587 fatetur,
2828 519 3092 574 intimans
3147 521 3296 591 quod
3328 527 3557 575 sanctus
3590 520 3722 574 Clo-

379 605 514 670 vin),
545 610 600 656 et
628 619 690 656 ex
718 621 829 674 quo
859 614 914 659 et
963 622 1061 676 per
1103 624 1268 678 quem
1321 609 1608 664 exordium
1643 626 1798 666 sacer
1828 613 1997 683 coepit

380 693 754 763 episcopatus,
790 695 906 750 ﬁeri
947 699 1074 752 totis
1113 700 1333 754 nisibus
1360 717 1680 769 exoramus,
1716 703 1864 757 illius
1888 703 2000 758 cle-

381 783 642 837 mentiam
673 784 1057 854 deprecantes,
1092 795 1148 841 ut
1178 789 1270 843 det
1298 789 1456 844 vobis
1486 792 1626 845 velle
1655 798 1709 846 et
1735 791 1999 862 perﬁcere

385 892 484 946 pro
505 877 654 932 bona
700 877 988 933 voluntate
1016 895 1139 952 quae
1191 883 1453 953 praecepit
1480 883 1706 953 (Philip,
1741 885 1799 954 ιι)
1827 902 1838 937 :
1864 901 2003 956 qua-

382 977 550 1024 tenus
578 970 901 1024 mereamini
954 973 1239 1042 percipere
1289 981 1496 1029 mterna
1545 976 1766 1050 gaudia,
1795 993 1917 1048 quee
1939 993 1999 1032 se

383 1061 744 1134 diligentibus
767 1064 1117 1134 repromittit.
1148 1085 1177 1114 ι)
1215 1067 1344 1120 Item
1381 1068 1724 1137 respondens
1752 1069 1818 1122 ad
1853 1067 1998 1122 litte-

379 1168 486 1218 ras,
510 1169 650 1223 quas
682 1154 828 1208 idem
866 1172 958 1210 rex
1017 1157 1070 1211 ei
1132 1159 1536 1226 transmiserat,
1569 1175 1769 1233 rogans
1798 1167 1859 1214 ut
1891 1165 1997 1214 tam

379 1256 478 1310 per
524 1258 586 1295 se
633 1259 795 1312 quam
849 1260 1220 1318 quoscunque
1248 1254 1486 1318 poterat,
1513 1249 1792 1304 orationes
1814 1254 2002 1322 ageret

378 1347 478 1402 pro
500 1333 751 1402 genitore
785 1334 959 1404 ipsius
1007 1337 1173 1409 regis,
1231 1338 1324 1408 qui
1378 1345 1709 1410 apparuerat
1750 1339 1800 1392 ei
1831 1339 1884 1392 in
1917 1338 2001 1392 vi-

377 1424 553 1487 sione,
610 1423 910 1480 obsecrans
969 1436 1030 1483 ut
1100 1429 1281 1500 pmnis
1336 1431 1576 1500 eriperet
1619 1447 1744 1486 eum
1797 1429 2000 1501 quibus

378 1517 750 1572 detinebatur.
784 1519 939 1574 Unde
989 1529 1045 1576 et
1101 1523 1233 1576 satis
1277 1522 1469 1577 utilem
1502 1524 1569 1577 ad
1601 1540 1725 1578 eum
1750 1524 2003 1579 rescribit

379 1611 670 1681 epistolam
705 1613 774 1667 de
801 1611 966 1666 modo
999 1620 1053 1666 et
1095 1613 1359 1684 qualitate
1383 1615 1673 1683 orationis,
1707 1616 2004 1671 auctorita-

379 1703 527 1758 tibus
559 1705 798 1775 plenam.
835 1706 967 1759 Item
1000 1721 1097 1775 pro
1120 1706 1288 1761 rebus
1318 1709 1492 1762 sancti
1526 1709 1758 1782 Remigii
1791 1708 1914 1762 sitis
1943 1709 1997 1762 in

378 1793 612 1868 Vosago,
644 1795 823 1849 etalia
850 1795 1023 1865 plura.
1047 1795 1124 1848 Ad
1151 1794 1322 1850 ﬁlium
1353 1812 1576 1868 quoque
1604 1797 1801 1868 ipsius,
1831 1797 2001 1868 mqui—

2100 609 2332 665 doaldus
2361 613 2611 666 eamdem
2644 619 2831 666 sancto
2864 611 3113 684 Remigio
3146 612 3385 671 dederit.
3415 613 3724 666 admonens

2101 715 2171 754 ne
2196 699 2446 755 hocinde
2467 709 2676 772 ageret,
2696 700 2845 755 unde
2868 699 3392 755 condemnationem
3414 701 3615 754 animae
3628 717 3724 755 ac-

2102 791 2364 863 quireret.
2402 794 2533 846 Item
2568 807 2668 862 pro
2708 792 2981 846 electione
3011 791 3260 862 episc0pi
3301 792 3549 846 ecclesia:
3577 808 3719 847 con-

2101 880 2350 935 cedenda
2409 877 2826 935 Cameracensif
2869 882 3004 935 Item
3073 881 3140 935 de
3221 881 3460 935 utilitate
3522 881 3721 934 animae

2104 972 2559 1046 regioqueipsius
2592 972 2821 1038 honore,
2864 972 2918 1025 in
2951 989 3058 1044 qua
3091 979 3510 1039 commemorat,
3545 973 3722 1044 quali-

2101 1070 2186 1118 ter
2214 1072 2371 1134 pater
2397 1064 2574 1135 ipsius
2630 1064 2921 1119 Lotharius
2979 1067 3257 1140 Augustus
3305 1067 3355 1120 ei
3395 1082 3454 1120 se
3518 1066 3720 1136 ipsum,

2101 1171 2370 1228 suamque
2394 1157 2878 1212 commendaverat
2909 1157 3169 1211 animam.

2725 1264 2936 1319 CAPUT
2966 1265 3095 1318 XXI.

2175 1337 2249 1390 De
2268 1336 2351 1390 his
2367 1352 2488 1406 qua:
2501 1337 2832 1406 quibusdam
2857 1338 3279 1406 archiepiscopis
3299 1338 3651 1407 velepiscopis

2779 1411 3002 1478 scripsit
3029 1448 3040 1461 .

2175 1520 2412 1575 Diversis
2441 1521 2606 1575 etiam
2626 1529 2735 1576 tam
2763 1522 3046 1593 episcopis
3092 1539 3254 1594 quam
3289 1523 3726 1593 archiepiscopis

2104 1612 2429 1667 multimoda
2485 1613 2717 1669 utillima
2747 1615 2902 1669 dedit
2931 1615 3154 1685 scripta.
3191 1615 3342 1670 Hecti
3397 1616 3721 1670 trevirorum

2101 1702 2521 1774 archiepiscopo
2578 1703 2770 1758 scribit
2807 1704 3178 1759 ordinationis
3218 1721 3331 1759 suae
3395 1704 3720 1775 primordia.

2101 1793 2340 1848 offerens
2369 1810 2430 1848 se
2460 1795 2672 1850 socium
2722 1803 2776 1850 et
2806 1796 3195 1851 obsecutorem
3248 1797 3304 1849 in
3329 1795 3728 1850 ecclesiasticis

377 1898 572 1938 vocum
603 1884 744 1952 ejus,
770 1883 964 1938 scribit
996 1898 1096 1954 pro
1147 1885 1275 1939 villa
1306 1886 1638 1952 Deduciaco,
1674 1883 1999 1961 signiﬁcans
2027 1898 2078 1965 Β
2102 1885 2340 1957 negotiis
2369 1885 2546 1955 ipsius
2573 1887 2886 1956 paternitati
2923 1887 3091 1952 ;item
3116 1888 3185 1942 de
3212 1888 3405 1941 eadem
3430 1903 3509 1953 re,
3531 1897 3727 1959 petens

379 1976 614 2048 qualiter
637 1982 858 2030 sanctus
879 1974 1214 2030 Clodoaldus
1241 1992 1363 2031 eam
1397 1978 1453 2033 S.
1481 1978 1734 2051 Remigio
1755 1977 1994 2041 dederit,

380 2075 436 2122 et
462 2067 742 2138 quomodo
791 2068 1021 2122 Karolus
1083 2068 1300 2140 Pippini
1360 2070 1508 2144 regis
1564 2069 1712 2124 ﬁlius
1743 2069 1995 2125 eamdem

377 2161 560 2216 villam
591 2162 736 2232 apud
767 2162 1043 2234 Tilpinum
1084 2163 1565 2235 archiepiscopum
1605 2163 1911 2219 obtinuerit
1941 2163 1996 2218 in

381 2255 740 2324 praestariam,
770 2271 833 2308 ea
882 2255 1222 2320 conditione,
1289 2262 1348 2310 ut
1415 2256 1655 2328 capellas
1717 2258 1785 2311 ad
1819 2257 1996 2327 ipsam

382 2345 722 2416 pertinentes
751 2361 873 2400 cum
903 2346 1065 2400 nonis
1097 2353 1151 2402 et
1183 2346 1415 2402 decimis
1462 2347 1762 2418 episcopus
1797 2349 1996 2403 Remo-

380 2451 500 2490 rum
541 2437 826 2501 retineret,
869 2443 922 2490 et
953 2452 1042 2491 rex
1105 2437 1399 2492 duodecim
1445 2437 1615 2492 libras
1669 2439 1883 2513 argenti
1945 2438 2001 2492 in

381 2524 749 2578 Iuminaribus
801 2524 1051 2579 ecclesiae
1105 2525 1280 2592 daret,
1323 2534 1378 2581 et
1407 2527 1556 2598 quod
1595 2527 1741 2582 hunc
1770 2543 1997 2582 censum

379 2622 487 2670 tam
519 2616 637 2687 ipse
665 2632 965 2687 rex,quam
993 2633 1344 2672 successores
1375 2619 1496 2686 ejus
1523 2618 1910 2688 persolverint,
1944 2627 1999 2672 et

381 2709 529 2780 quod
559 2709 675 2778 ipse
698 2724 919 2778 quoque
949 2725 979 2762 a
1000 2714 1154 2778 patre
1213 2710 1362 2764 illius
1385 2711 1643 2765 eumdem
1671 2726 1898 2765 censum
1928 2711 1998 2765 de

380 2795 608 2866 praefata
634 2797 766 2852 villa
821 2797 1111 2866 receperit.
1145 2798 1251 2852 Sed
1318 2807 1372 2854 et
1427 2799 1496 2854 de
1537 2799 1668 2853 villa
1695 2799 1996 2865 Noviliaca,

379 2888 659 2959 quomodo
690 2888 1105 2944 aKarIomanno
1127 2890 1252 2945 data
1273 2889 1454 2946 fuerat
1492 2898 1683 2948 sancto
1725 2891 1997 2967 Remigio,

381 2989 435 3034 et
465 2980 598 3050 quid
626 2988 815 3051 postca
847 2981 916 3036 de
946 2981 1067 3052 ipsa
1083 2981 1470 3038 fueritactum.
1489 2984 1620 3038 Item
1646 2984 1713 3038 ad
1737 2985 1994 3040 eumdem

376 3069 446 3123 de
478 3069 710 3124 consilio
768 3069 1079 3125 divinarum
1133 3071 1538 3142 Scripturarum
1589 3071 1890 3143 quaerendo
1941 3079 1996 3126 et

2099 1989 2160 2028 se
2189 1973 2256 2028 ab
2290 1989 2356 2028 eo
2389 1974 2611 2040 instrui,
2644 1984 2698 2029 et
2729 1991 2828 2045 pro
2846 1973 2958 2031 ﬁlio
2977 1975 3192 2043 haberi,
3213 1975 3532 2051 signiﬁcans
3555 1977 3724 2031 etiam

2101 2062 2169 2117 de
2201 2061 2401 2116 itinere
2430 2077 2547 2127 suo,
2579 2079 2690 2134 quo
2719 2079 2777 2118 se
2838 2064 3063 2119 Romam
3116 2072 3307 2134 petere
3339 2065 3674 2135 disponebat
3710 2083 3725 2129 ;

2104 2153 2233 2208 item
2267 2154 2335 2207 de
2377 2153 2675 2222 Gondrico,
2710 2171 2873 2226 quem
2915 2156 3484 2211 excommunicaverat
3531 2156 3728 2220 ille,et

2101 2249 2170 2302 de
2190 2247 2436 2302 Fulcrico
2492 2263 2522 2301 a
2579 2263 2638 2302 se
2690 2247 3187 2308 excommunicato,
3223 2247 3317 2319 qui
3360 2247 3633 2319 refugium
3670 2247 3725 2300 in

2101 2339 2426 2394 Treverensi
2459 2339 2663 2394 habere
2718 2339 3014 2394 videbatur
3042 2338 3384 2409 episcopatu.
3411 2337 3728 2393 Gnntbaldo

2103 2430 2292 2498 (Gunt.
2326 2429 2604 2498 Rothom.)
2662 2429 3082 2499 archiepisc0po
3108 2428 3301 2483 scribit
3332 2443 3430 2498 pro
3481 2428 3724 2499 quodam

2104 2518 2448 2589 presbytero,
2474 2517 2544 2572 de
2563 2518 2691 2585 jure
2722 2518 3100 2573 ecclesiastico
3133 2517 3514 2572 conservando
3547 2535 3560 2582 ;
3593 2518 3726 2571 item

2099 2625 2198 2680 pro
2219 2610 2303 2664 his
2329 2625 2450 2681 quae
2469 2609 2526 2663 in
2558 2610 2772 2680 synodo
2798 2618 2954 2683 gesta
2983 2609 3202 2664 fuerant
3227 2609 3450 2673 ;Amolo
3502 2609 3729 2683 Lugdu-

2101 2700 2280 2765 nensi,
2309 2699 2377 2755 de
2409 2699 2611 2769 placito
2642 2699 2790 2770 quod
2837 2699 3108 2754 habuerat
3133 2714 3257 2754 cum
3293 2714 3421 2772 rege
3457 2698 3729 2772 regnique

2103 2787 2459 2858 primoribus,
2490 2788 2558 2841 de
2586 2787 2901 2842 Iudaeorum
2959 2788 3013 2841 in
3045 2787 3149 2842 hoc
3179 2802 3350 2860 regno
3381 2794 3522 2841 statu
3557 2787 3728 2851 ;item

2102 2880 2170 2933 de
2201 2881 2413 2951 synodo
2453 2895 2484 2933 a
2513 2878 2690 2933 tribus
2751 2879 2980 2954 regibus
3031 2879 3307 2943 condicta,
3362 2886 3416 2932 et
3440 2878 3508 2932 de
3539 2878 3730 2933 Ebone

2100 2987 2433 3042 praecessore
2466 2970 2736 3042 ipsius,et
2761 2970 2888 3024 aliis
2917 2969 3288 3037 nonnullis,in
3317 2985 3425 3041 qua
3446 2985 3571 3023 cum
3595 2968 3731 3023 cha-

2099 3062 2375 3117 rissimum
2389 3069 2444 3115 et
2457 3059 2776 3114 unanimem
2793 3059 2901 3113 sibi
2919 3066 3130 3130 patrem
3145 3075 3204 3113 se
3218 3059 3422 3114 habere
3434 3057 3728 3131 signiﬁcat;

378 3161 746 3228 observando,
775 3168 829 3216 et
856 3161 925 3216 de
956 3162 1292 3218 consiliariis
1339 3163 1786 3231 inconsideratis,
1828 3171 1994 3218 crete-

2114 3161 2233 3207 .tem
2265 3151 2334 3206 de
2365 3149 2624 3205 Lothario
2657 3165 2809 3224 rege,
2834 3155 2888 3204 ct
2931 3149 3054 3204 aliis
3084 3149 3415 3221 quibusdam
3460 3147 3648 3213 rebus,
3673 3147 3728 3201 in

381 3257 569 3328 risque
601 3255 769 3311 rebus
800 3256 1039 3327 qualiter
1061 3256 1206 3311 istud
1239 3273 1473 3330 regnum
1505 3256 1834 3325 habebatur,
1859 3265 2000 3312 etne

380 3345 515 3401 illud
547 3345 810 3399 invadere
843 3353 1223 3415 praesumeret.
1263 3347 1392 3400 Item
1437 3361 1535 3416 pro
1574 3345 1838 3400 salvanda
1865 3345 2002 3400 civi-

379 3439 490 3488 tate
523 3433 802 3501 Remensi,
832 3443 886 3488 et
933 3434 1211 3504 parcendo
1283 3434 1451 3489 sacris
1483 3435 1639 3501 Iocis,
1671 3435 1718 3489 si
1764 3435 1998 3490 veniret.

381 3523 516 3577 ltem
537 3522 775 3594 qualiter
795 3523 1013 3597 egerint
1035 3523 1284 3595 episcopi
1307 3539 1436 3598 erga
1465 3524 1802 3579 Ludovicum
1826 3522 2001 3578 ﬁlium

379 3612 580 3681 Karoli,
613 3613 836 3684 quando
868 3629 994 3666 eum
1024 3629 1212 3684 regem
1253 3612 2001 3684 consecraverunt,quiaiste

375 3704 536 3760 aliter
565 3705 834 3759 audierat.
861 3707 997 3760 Item
1037 3705 1107 3760 de
1138 3704 1357 3759 duabus
1395 3704 1666 3760 uxoribus
1690 3704 1863 3775 ipsius
1894 3704 1999 3758 Lu-

375 3793 554 3849 dovici
586 3792 686 3847 ﬁlii
705 3793 1166 3865 Karoli,qualiter
1187 3801 1371 3848 actum
1400 3791 1586 3857 fuerit,
1616 3801 1670 3847 et
1702 3799 1926 3847 caetera.

2104 3258 2214 3312 qua
2243 3257 2302 3296 se
2325 3239 2497 3295 ﬁlium
2557 3239 2875 3294 dilectionis
2929 3239 3103 3310 ipsius
3158 3237 3400 3310 appellat
3451 3237 3628 3308 ;item
3659 3237 3731 3291 de

2105 3335 2444 3392 Gothescalci
2479 3335 2584 3390 rita
2599 3335 2686 3389 vel
2711 3335 3153 3401 conversatione,
3182 3333 3602 3405 praedicatione,
3633 3333 3735 3386 de-

2105 3431 2502 3502 prehensione,
2548 3436 2712 3502 atque
2753 3429 3243 3492 condemnatione,
3303 3429 3380 3483 rei
3439 3426 3735 3483 veritatem

2104 3539 2390 3594 exponens
2425 3540 2438 3586 ;
2471 3522 2723 3577 Hrabano
2754 3521 3050 3594 Moguntiaa
3093 3521 3340 3592 prtesuli,
3369 3536 3535 3590 super
3573 3519 3734 3588 ejus-

2103 3615 2230 3669 dem
2257 3613 2602 3669 Gothescalci
2657 3614 2844 3683 (quem
2901 3612 3047 3667 idem
3113 3612 3357 3682 pontifex
3399 3627 3429 3666 a
3472 3609 3740 3681 parochia

2104 3721 2205 3760 sua
2242 3705 2314 3760 ob
2347 3706 2618 3760 hieresum
2650 3704 2888 3766 semina,
2915 3719 3039 3773 quae
3071 3703 3390 3775 spargebat,
3424 3703 3736 3772 repulsum,

2101 3795 2168 3849 ad
2211 3793 2466 3848 eumdem
2521 3808 2646 3847 cum
2706 3793 3043 3863 quibusdam
3103 3791 3470 3861 complicibus
3523 3791 3641 3845 suis
3673 3791 3739 3861 [i,

445 3885 721 3941 Scribitet
748 3885 986 3957 Pippino
1012 3885 1129 3961 regi
1161 3885 1509 3958 Aquitanica,
1570 3899 1670 3956 pro
1717 3883 1884 3937 rebus
1907 3898 2001 3938 ec-
2103 3885 2294 3955 ipsius]
2329 3883 2620 3953 direxerat)
2653 3882 3013 3954 susceptione
3046 3882 3131 3937 vel
3168 3880 3520 3936 discussione
3555 3881 3734 3945 ;item

377 3975 560 4029 cIesize
590 3990 704 4030 sua;
736 3975 792 4028 in
816 3974 973 4050 pagis
1001 3974 1290 4039 Arvenico,
1325 3972 1616 4028 Lemovico
1648 3980 1704 4027 et
1725 3971 1998 4026 Pictavico
2101 3974 2168 4029 de
2201 3974 2300 4028 hac
2327 3974 2520 4028 eadem
2553 3987 2633 4040 re,
2685 3979 2740 4027 et
2771 3971 2903 4043 quid
2967 3977 3092 4042 post
3123 3971 3534 4041 susceptionem
3555 3972 3741 4044 ipsius

376 4067 520 4134 sitis,
554 4083 654 4139 pro
686 4065 893 4138 quibus
915 4067 1080 4122 etiam
1115 4066 1325 4121 litteras
1347 4064 1528 4120 Karoli
1563 4063 1710 4134 regis
1738 4063 1806 4117 ad
1841 4079 2000 4118 eum-
2102 4066 2170 4120 de
2197 4065 2394 4121 eodem
2444 4065 2643 4140 egerit,
2701 4064 2993 4136 qualemve
3035 4061 3310 4117 invenerit
3343 4061 3518 4132 ipsius
3567 4079 3738 4117 vesa-

377 4158 503 4213 dem
531 4159 825 4230 Pippinum
843 4159 987 4214 mitti
1002 4158 1404 4229 obtinuit,quas
1428 4154 1864 4228 resFrigidoloni
1885 4155 2002 4210 viro
2104 4158 2275 4223 niam,
2303 4156 2591 4212 consilium
2623 4155 2692 4211 ab
2727 4171 2794 4211 eo
2826 4154 3375 4226 rationabilius,quid
3399 4153 3506 4208 sibi
3528 4154 3739 4209 adver—

378 4250 577 4306 iIIustri
609 4251 865 4306 tutandas
893 4251 1186 4306 commisit.
1231 4249 1426 4304 Karolo
1485 4263 1708 4319 quoque
1744 4245 2003 4302 Ludovici
2103 4262 2198 4301 sus
2223 4261 2348 4301 eum
2381 4245 2658 4319 agendum
2690 4246 2782 4312 sit,
2806 4253 3073 4316 expetens
3107 4262 3120 4310 ;
3146 4243 3276 4298 item
3307 4244 3375 4298 de
3402 4244 3655 4299 doctrina
3675 4252 3734 4299 et

376 4345 797 4400 transremensis
849 4343 985 4412 ﬁlio,
1042 4342 1364 4399 collaudans
1408 4340 1536 4396 ﬁdei
1569 4340 1993 4415 benignitatem,
2105 4339 2301 4394 haeresi
2330 4339 2600 4408 ejusdem,
2621 4347 2677 4393 et
2707 4339 2842 4410 quid
2874 4337 2930 4392 in
2962 4353 3088 4393 eum
3112 4336 3325 4404 fecerit,
3359 4343 3649 4408 postquam
3672 4336 3732 4390 in

377 4448 541 4504 quam
568 4433 932 4488 conservabat
986 4449 1117 4507 erga
1175 4431 1318 4486 ﬁlios
1348 4429 1560 4487 sobrini
1616 4429 1702 4484 sui
1735 4428 1999 4484 Ludovici
2100 4431 2312 4503 synodo
2349 4431 2642 4486 haereticus
2701 4429 3094 4501 comprobatus
3142 4428 3341 4490 fuerat,
3377 4443 3480 4482 nec
3525 4427 3732 4500 corrigi

377 4523 804 4579 Karlomannum
841 4527 982 4590 (Car.
1005 4525 1213 4594 Crass,)
1247 4530 1300 4578 et
1331 4520 2001 4588 Ludovicum,obsccrans
2017 4546 2076 4617 D
2101 4522 2366 4595 potuit,et
2382 4523 2514 4594 quid
2540 4522 2662 4592 ipse
2676 4529 2868 4578 contra
2891 4521 3196 4576 doctrinam
3212 4521 3333 4589 ejus
3365 4518 3735 4574 sentiatdam-

377 4633 502 4672 eum
532 4633 630 4689 pro
664 4618 924 4672 Ecclesize
951 4617 1046 4671 Dei
1078 4617 1290 4672 honore
1319 4632 1382 4671 ac
1412 4615 1568 4691 regni
1602 4615 1768 4684 hujus
1789 4609 2063 4670 statuet—
2101 4615 2496 4686 nationemque
2529 4613 2723 4684 ipsius,
2757 4629 2954 4686 quaeve
2979 4620 3169 4669 contra
3193 4611 3447 4667 eumdem
3481 4609 3732 4680 scripse-

375 4708 721 4777 defensione,
750 4717 915 4782 atque
934 4715 995 4764 ut
1007 4707 1246 4779 prchatis
1275 4709 1463 4778 pueris
1495 4707 1662 4778 regiis
1683 4706 1997 4762 constitue-

379 4809 459 4856 ret
499 4803 822 4872 prudentes,
851 4803 1142 4872 justosque
1163 4800 1518 4875 paedagogos,
1561 4799 1654 4871 qui
1695 4815 1792 4855 eos
1827 4800 2000 4854 doce-

376 4899 500 4946 rent
534 4893 629 4947 Dei
656 4891 893 4947 famulos
923 4891 1216 4956 honorare,
1259 4898 1314 4943 et
1334 4887 1594 4942 mandata
1626 4887 1722 4942 Dei
1754 4903 1996 4954 servare,

375 4985 708 5056 semetipsos
773 4999 987 5055 regere,
1022 4981 1294 5056 regnique
1347 4980 1728 5054 gubernacula
1757 4979 1862 5034 rite
1895 4987 2005 5034 tra-

374 5079 544 5126 ctare.
580 5074 719 5128 Item
741 5087 840 5144 pro
871 5088 1037 5127 causa
1068 5069 1340 5146 Sigeberti
1375 5067 1554 5123 ﬁdelis
1580 5069 1682 5123 sui.
1720 5070 1854 5122 Item
1891 5067 2000 5123 Lo-

375 5161 557 5215 thario
586 5163 723 5234 regi,
755 5161 870 5218 ﬁlio
924 5161 1275 5234 imperatoris
1306 5159 1566 5225 Lotharii,
1600 5174 1698 5230 pro
1729 5158 1859 5214 villa
1900 5159 2004 5213 De-

376 5248 627 5314 duciaco,
675 5267 839 5321 quam
889 5260 1045 5322 pater
1086 5251 1206 5320 ejus
1234 5249 1551 5305 reddiderat
1605 5246 1858 5302 ecclesia:
1901 5246 2005 5301 Rc-

376 5337 580 5402 mensi,
615 5353 685 5392 ne
715 5353 803 5394 res
832 5339 898 5392 ad
932 5339 1109 5409 ipsam
1132 5339 1480 5412 pertinentes
1497 5335 1779 5408 aliquibus
1810 5349 2002 5406 perso-

378 5427 486 5493 nis,
547 5427 690 5484 sicut
741 5447 865 5484 eum
929 5431 1111 5487 facere
1169 5431 1433 5487 audiebat
1488 5431 1544 5484 in
1601 5428 1997 5501 proprietatem

2101 4705 2189 4772 rit,
2218 4703 2349 4759 huic
2379 4701 2729 4758 discutienda
2751 4702 2976 4765 direxit,
3009 4717 3266 4773 quaerens
3298 4701 3463 4754 etiam
3491 4697 3733 4769 qualiter

2101 4795 2171 4849 de
2222 4793 2499 4848 Trinitatis
2553 4791 2662 4847 ﬁde
2723 4809 2785 4848 ac
2819 4791 3308 4864 praedestinatione
3373 4789 3726 4843 diversorum

2105 4884 2322 4938 Patrum
2345 4883 2456 4936 sint
2475 4881 2849 4956 intelligendze
2873 4879 3244 4936 scntentiaazin
3271 4877 3629 4949 quaepistola
3645 4892 3731 4930 as-

2104 4972 2240 5028 serit
2262 4972 2414 5026 hunc
2445 4970 2670 5024 beatum
2712 4969 2992 5024 lIrbanum
3018 4967 3198 5023 solum
3233 4964 3732 5035 tunctemporisde

2107 5061 2448 5133 discipulatu
2475 5060 2626 5116 beati
2669 5059 2884 5114 Alcuini
2927 5057 3181 5112 relictum
3213 5074 3228 5124 ;
3262 5055 3608 5109 Landramno
3636 5068 3730 5106 ar-

2104 5155 2486 5226 chiepiscopo,
2520 5153 2587 5208 de
2617 5151 3034 5223 consilio,quod
3049 5150 3118 5204 ab
3147 5164 3212 5204 eo
3245 5147 3481 5219 petierat
3498 5161 3594 5217 pro
3613 5161 3733 5200 mo-

2106 5245 2346 5302 nasterio
2369 5243 2698 5316 puellarum,
2721 5241 2870 5313 quod
2906 5257 2998 5295 rex
3015 5239 3133 5294 dari
3151 5235 3512 5309 praecipiebat
3538 5235 3732 5289 incon-

2100 5335 2347 5391 venienti
2374 5348 2644 5404 personze,
2669 5331 2806 5403 quid
2837 5328 3087 5384 indesibi
3118 5323 3733 5400 foretagendum,utili-

2101 5435 2186 5484 ter
2220 5427 2550 5490 admonens,
2584 5430 2643 5478 ut
2673 5421 2964 5477 ministerii
2996 5420 3104 5475 sibi
3135 5417 3413 5475 commissi
3448 5415 3727 5471 sollicitu-

376 5518 623 5590 periculo
661 5537 761 5576 suo
795 5522 1056 5590 traderet,
1088 5523 1613 5593 velcolonosipsius
1641 5521 1784 5577 villae
1815 5520 2002 5576 absol-
2101 5522 2288 5576 dinem
2321 5516 2627 5574 ferventius
2649 5522 2804 5590 gerat
2833 5532 2848 5581 ;
2883 5512 3226 5586 'I‘eutgaudio
3277 5507 3625 5573 Treverensi,
3659 5507 3730 5562 de

375 5620 551 5677 veret,
586 5613 632 5666 si
656 5612 791 5684 quid
823 5619 1006 5667 autem
1049 5616 1158 5670 tale
1188 5633 1219 5670 a
1248 5632 1308 5670 se
1332 5615 1534 5671 factum
1559 5613 1778 5680 fuisset,
1803 5628 1998 5667 emen-
2101 5611 2337 5683 primatu
2356 5623 2520 5680 quem
2551 5604 2753 5660 deferri
2776 5603 2927 5657 abeo
2946 5601 3152 5657 debere
3167 5600 3465 5670 scripserat
3496 5597 3589 5650 ille
3609 5597 3732 5650 sedi

376 5700 507 5770 dare
537 5711 773 5758 curaret.
807 5703 940 5756 Item
983 5717 1082 5770 pro
1137 5704 1388 5772 ejusdem
1415 5703 1558 5756 villm
1595 5703 1739 5757 male
1771 5707 1999 5757 tractata
2098 5702 2462 5767 Trevirorum,
2497 5698 2788 5754 insinuans
2840 5696 2893 5749 id
2926 5695 3106 5750 eidem
3140 5692 3258 5749 sedi
3292 5709 3323 5748 a
3355 5691 3491 5746 sede
3519 5690 3728 5745 Remo-

376 5783 760 5865 d'ispositione,
795 5801 850 5850 et
906 5807 1098 5860 censu,
1157 5811 1323 5865 quem
1355 5811 1479 5849 cum
1509 5793 1757 5862 periculo
1796 5794 1996 5850 animae
2098 5811 2219 5851 rum
2244 5808 2533 5862 nunquam
2565 5791 2736 5846 fuisse
2768 5788 3033 5857 delatum,
3067 5794 3200 5855 etc.,
3228 5787 3354 5840 item
3388 5783 3641 5839 secundo
3668 5797 3731 5836 ac
