3912 6418
177 374 289 430 201

852 376 1181 432 HISTORIA?
1220 377 1552 434 ECCLESME
1589 381 1917 437 REMENSIS
1958 383 2132 438 LIBRI
2174 384 2500 448 QUATUOR.
2529 417 2597 425 —
2637 387 2766 444 LIB.
2790 389 2858 442 Ill

3433 395 3539 450 202

183 515 360 570 tertio
390 513 461 568 de
501 529 668 572 causa
697 514 928 570 Fulcrici
981 518 1478 583 excommunicati;
1532 519 1660 574 item
1720 535 1820 590 pro
1850 525 1903 592 Α
1924 521 2229 591 sequenda,
2259 521 2628 591 depromens;
2661 524 2730 579 de
2761 524 3040 579 Hincmari
3072 541 3291 597 quoque
3320 527 3541 585 Laudu-

187 606 367 664 rebus
410 607 670 663 Ecclesiae
709 608 1066 664 Treverensis
1103 611 1159 665 in
1195 612 1485 682 Aquitania
1527 613 1669 678 sitis,
1719 630 1822 684 pro

185 697 399 768 quibus
437 697 584 752 idem
625 698 866 753 domnus
917 699 1242 755 Hincmarus
1282 702 1413 755 satis
1455 708 1641 775 egerat
1677 704 1822 773 apud

186 789 497 845 Arnoldum
537 791 834 862 quemdam
877 792 1270 862 Aquitannum,
1313 793 1406 864 qui
1445 808 1539 848 eas
1579 794 1822 860 tenebat,

192 889 254 936 ut
285 883 438 954 ipsas
469 883 725 938 Ecclesiae
753 885 1081 938 Treverensi
1125 886 1454 952 restitueret,
1498 887 1646 956 quod
1673 893 1725 942 et
1766 902 1824 941 se

193 976 508 1032 obtinuisse
542 975 819 1050 signiﬁcat
871 977 1139 1033 Amalrico
1171 979 1376 1048 (Amat.
1433 982 1655 1049 Tit-ron.)
1699 981 1822 1035 reli-

195 1065 376 1139 gioso,
400 1064 844 1136 archiepiscopo,
876 1068 1222 1137 compatiens
1256 1067 1705 1124 tribulationibus
1734 1071 1820 1140 ip-

196 1158 333 1220 sius,
383 1165 438 1213 et
481 1158 779 1213 consolans
837 1159 1176 1229 patientiam.
1237 1166 1400 1230 atque
1461 1162 1821 1235 congaudens

197 1250 476 1304 sanctitati
503 1250 646 1318 ejus,
675 1266 838 1321 quem
865 1250 1170 1304 chariorem
1196 1250 1343 1304 inter
1362 1251 1559 1305 charos
1582 1268 1640 1306 se
1669 1252 1819 1307 dele-

197 1343 348 1414 gisse
397 1341 696 1416 signiﬁcat,
730 1343 953 1397 mittens
991 1342 1043 1398 ei
1082 1343 1334 1414 quaedam
1368 1344 1609 1414 pretiosa
1647 1359 1820 1400 orna-

197 1440 408 1498 menta,
442 1432 686 1487 casulam
721 1431 932 1487 scilicet
960 1431 1356 1502 diaprasinam,
1389 1449 1551 1503 quam
1585 1433 1826 1489 habebat

200 1521 443 1587 unicam,
467 1529 520 1576 et
541 1522 649 1576 alia
679 1521 1012 1576 munuscula
1043 1537 1165 1576 cum
1189 1521 1382 1576 solidis
1412 1529 1652 1577 centum.
1691 1524 1822 1578 ltem

198 1610 394 1665 scribit
423 1611 607 1666 eidem
647 1626 748 1681 pro
780 1611 946 1666 rebus
976 1611 1269 1666 Remensis
1296 1611 1552 1666 Ecclesiae
1583 1613 1638 1665 in
1670 1613 1826 1683 Aqui-

199 1701 348 1755 tania
378 1701 520 1764 sitis,
554 1716 693 1771 quas
732 1707 787 1754 et
818 1715 909 1754 rex
943 1700 1157 1754 restitui
1182 1699 1364 1768 jubet,
1417 1716 1667 1772 quasque
1705 1710 1820 1755 tra-

196 1796 430 1851 ctandas
492 1796 675 1851 eidem
757 1795 1029 1852 Amalrico
1104 1794 1435 1852 ﬁducialiter
1509 1799 1818 1853 committit.

199 1890 516 1946 Rothlando
546 1891 987 1960 archiepiscopo,
1030 1906 1130 1961 pro
1164 1891 1330 1946 rebus
1385 1892 1561 1946 sancti
1595 1892 1826 1965 Remigii

196 1981 624 2050 conjaccntibus
673 1982 728 2036 in
767 1981 1071 2052 provincia,
1132 1990 1184 2037 et
1231 1999 1331 2053 pro
1371 1984 1649 2054 quondam
1691 2000 1822 2054 pre-

195 2077 425 2148 sbytero
458 2077 514 2132 in
546 2076 760 2148 synodo
789 2076 1286 2143 excommunicato,
1321 2085 1376 2132 et
1405 2078 1576 2133 altero
1623 2078 1678 2132 in
1706 2078 1825 2134 loco

195 2174 376 2245 ipsius
407 2175 683 2230 ordinato.
729 2173 966 2229 Rodulfo
999 2174 1358 2249 Biturigensi,
1391 2190 1491 2244 pro
1523 2174 1686 2228 rebus
1718 2176 1826 2230 Re-

192 2264 410 2319 mensis
440 2263 700 2319 Ecclesiae
757 2265 812 2318 in
841 2280 983 2339 pago
1016 2264 1308 2320 Lemovico
1350 2264 1769 2333 conjacentibus
1804 2284 1818 2332 ;

192 2356 325 2410 item
404 2370 504 2426 pro
567 2355 899 2427 quibusdam
960 2355 1491 2419 excommunicatis;
1559 2356 1820 2411 Guutario

191 2450 539 2516 Coloniensi,
567 2456 625 2504 ut
652 2450 960 2506 intercedat
991 2450 1138 2521 apud
1165 2450 1479 2505 Lotharium
1523 2468 1733 2526 regem,
1768 2459 1822 2506 et

187 2553 411 2616 satagat
441 2560 542 2616 pro
575 2545 845 2602 electione
866 2547 1133 2602 canonica
1159 2545 1569 2603 Cameracensis
1592 2548 1815 2618 episco»

188 2638 245 2708 pi
279 2644 406 2708 post
453 2638 740 2693 decessum
794 2639 1117 2694 Theoderici
1177 2640 1479 2694 venerandi
1521 2640 1818 2710 praesulis;

190 2733 325 2786 item
356 2731 624 2797 secundo,
646 2731 734 2787 vel
761 2733 924 2788 tertio
957 2748 1056 2804 pro
1089 2733 1189 2788 hac
1209 2733 1404 2788 eadem
1436 2749 1514 2800 re,
1536 2732 1818 2788 afﬁrmans

189 2837 308 2876 non
353 2822 459 2875 nisi
496 2821 824 2896 regulariter
854 2823 910 2877 iu
967 2823 1167 2878 diebus
1196 2825 1310 2877 suis
1354 2824 1464 2878 illic
1495 2824 1815 2894 episcopum

192 2914 569 2969 ordinandum
603 2913 886 2969 Luitberto
922 2915 983 2986 [ο.
1010 2915 1086 2985 j,,
1127 2915 1321 2986 Luidb]
1357 2917 1694 2991 Maguntino,
1721 2933 1823 2987 pro

193 3006 368 3063 rebus
422 3008 597 3063 sancti
680 3008 914 3082 Remigii
992 3009 1110 3064 sitis
1178 3010 1232 3064 in
1287 3011 1498 3083 Vosago
1553 3011 1823 3082 [Vosge],

194 3097 520 3175 signiﬁcans
543 3099 784 3170 qualiter
807 3100 1029 3171 quidam
1061 3101 1273 3157 Gibero
1299 3118 1398 3173 pro
1429 3119 1614 3157 earum
1641 3118 1820 3157 rerum

197 3194 526 3265 pervasione
557 3209 781 3249 sensum
810 3196 1138 3266 perdiderit,
1157 3203 1327 3268 etper
1353 3197 1628 3272 integrum
1659 3212 1820 3252 meu-

195 3304 313 3343 sem
343 3288 468 3342 sine
500 3286 912 3342 intermissione
943 3294 1189 3354 vexatus,
1224 3303 1347 3342 cum
1367 3287 1558 3342 dolore
1585 3295 1639 3341 et
1670 3286 1823 3357 peri-

195 3385 320 3440 culo
349 3383 590 3439 maximo
612 3383 780 3438 vitam
831 3382 1076 3448 ﬁnierit;
1102 3383 1230 3437 item
1260 3397 1359 3453 pro
1384 3382 1618 3436 tuitionc
1641 3397 1823 3436 rerum

197 3479 665 3550 praescriptarum,
713 3485 768 3533 et
809 3494 997 3534 earum
1046 3477 1267 3532 familiae
1327 3476 1676 3541 defensione,
1733 3475 1823 3530 vel

196 3572 600 3648 gubernatione
627 3587 780 3642 saepe
802 3570 996 3628 scribit
1020 3590 1033 3636 ;
1065 3571 1193 3625 item
1225 3571 1294 3626 de
1325 3568 1702 3625 collocatione
1724 3584 1823 3624 sua

197 3681 360 3738 quam
395 3663 591 3720 habuit
626 3662 772 3734 apud
809 3663 1004 3717 Trecas
1026 3678 1148 3717 cum
1173 3662 1385 3717 Joanne
1411 3675 1574 3731 papa,
1609 3666 1662 3714 et
1688 3659 1822 3730 quid

192 3761 329 3818 boni
380 3776 505 3816 cum
556 3773 624 3814 eo
680 3758 895 3813 loculus
941 3756 1104 3812 fuerit
1134 3757 1202 3812 de
1243 3757 1384 3827 ipso,
1439 3755 1736 3810 exhortans
1764 3760 1823 3809 ut

194 3853 411 3908 litteras
436 3859 493 3906 et
548 3849 777 3905 missum
825 3864 985 3920 papae
1044 3847 1288 3922 benigne
1329 3845 1618 3917 suscipiat,
1653 3852 1707 3899 et
1754 3845 1821 3899 ad

197 3962 326 4003 eum
357 3943 551 4000 venire
582 3941 801 3998 studeat
829 3960 844 4008 ;
877 3943 1009 3998 item
1038 3942 1108 3996 de
1147 3941 1387 4014 quodam
1415 3946 1824 4012 transgressore

196 4035 550 4109 presbytero.
597 4032 803 4090 Scribit
845 4034 993 4089 idem
1047 4032 1385 4088 venerabilis
1415 4031 1741 4086 Hincmarus
1770 4035 1826 4083 et

193 4127 263 4182 ad
319 4124 641 4182 Lotharium
681 4123 849 4179 italiae
887 4140 1098 4196 regem.
1126 4123 1221 4194 qui
1269 4139 1352 4189 se,
1409 4120 1604 4175 relicta
1653 4133 1823 4173 uxore

193 4217 446 4291 propria,
481 4217 703 4272 cuidam
721 4215 940 4271 feminae
971 4216 1350 4286 c0pulaverat,
1385 4214 1524 4268 dans
1557 4211 1607 4265 ei
1642 4208 1826 4265 consi-

193 4311 356 4377 lium,
389 4316 446 4365 et
495 4308 824 4375 admonens,
855 4314 917 4363 ut
948 4323 1068 4362 eam
1101 4324 1132 4362 a
1179 4305 1475 4378 praesentia
1505 4319 1604 4358 sua
1643 4300 1825 4357 omni-

194 4400 302 4456 bus
333 4405 667 4464 removeret,
698 4396 1022 4470 siguiﬁcans
1040 4413 1100 4453 se
1131 4397 1318 4452 domui
1343 4393 1564 4450 Adriani
1599 4392 1823 4463 (4dria-

193 4497 255 4548 ni
284 4492 356 4558 II)
388 4507 548 4563 papae
583 4491 796 4546 litteras
835 4492 930 4559 (est
968 4507 1049 4561 ep.
1110 4490 1200 4562 13)
1249 4498 1305 4544 et
1359 4487 1616 4543 mandata
1658 4499 1828 4554 super

193 4585 302 4640 hac
332 4600 390 4640 re
412 4583 750 4654 suscepisse,
779 4591 834 4638 et
856 4590 916 4638 ut
936 4583 1086 4637 idem
1109 4598 1203 4637 rex
1242 4581 1298 4636 in
1327 4582 1430 4636 hac
1456 4593 1622 4635 causa
1651 4575 1827 4647 ipsius

196 4693 356 4750 papae
394 4682 677 4748 praecepta
720 4683 1032 4740 conservet,
1071 4690 1369 4751 suggerere
1419 4679 1618 4735 curat;
1660 4669 1816 4733 item,

193 4769 360 4824 aliam
386 4767 677 4839 epistolam
701 4767 769 4822 de
797 4766 1120 4822 hominibus
1134 4781 1326 4836 pacem
1353 4763 1602 4834 recipere
1625 4757 1820 4814 nolen-

191 4862 369 4930 tibus,
421 4861 556 4933 quid
597 4861 729 4915 inde
774 4859 894 4915 ﬁeri
934 4859 1154 4925 debeat,
1196 4858 1519 4913 collaudans
1558 4852 1706 4926 quod
1751 4849 1822 4904 de

193 4954 536 5026 quibusdam
586 4953 791 5008 talibus
846 4953 1032 5026 regale
1077 4953 1187 5022 jam
1232 4949 1600 5006 ministerium
1657 4962 1820 5002 exer-

193 5043 393 5099 cuerit.
427 5041 723 5112 Scripsitet
754 5041 1172 5116 Apologeticum
1203 5046 1395 5096 contra
1426 5037 1824 5094 obtrectatores

194 5152 351 5202 suos,
382 5135 476 5207 qui
509 5133 996 5190 calumniabantur
1048 5149 1173 5188 eum
1228 5131 1462 5187 diversis
1523 5127 1824 5184 detractio-

196 5245 331 5284 num
364 5226 831 5299 appetitiouibus,
891 5225 1102 5282 scilicet
1132 5225 1281 5298 apud
1311 5239 1509 5296 papam
1551 5221 1822 5277 Joannem

196 5320 377 5390 (Iean.
427 5319 597 5389 VIII),
639 5321 788 5392 quod
826 5319 1000 5375 nollet
1029 5316 1408 5374 auctoritatem
1440 5314 1690 5384 recipere
1720 5313 1823 5368 de-

196 5417 478 5467 cretorum
500 5407 828 5481 pontiﬁcum
850 5409 1002 5465 sedis
1016 5409 1299 5473 Romanae,
1323 5407 1390 5462 ad
1414 5421 1537 5478 qum
1557 5403 1702 5474 [rest.
1719 5417 1823 5472 pro

198 5501 392 5573 atque]
424 5507 481 5555 et
522 5508 657 5556 tunc
700 5499 755 5554 in
788 5499 1003 5571 synodo
1040 5497 1364 5554 Trecassina
1397 5497 1534 5564 (syn.
1582 5493 1821 5546 Trecass.

194 5608 284 5648 an.
339 5592 486 5660 378),
528 5599 584 5649 et
632 5601 824 5665 postea
875 5592 933 5646 in
978 5592 1087 5647 hoc
1119 5587 1479 5663 Apologetico
1519 5582 1827 5656 respondit,

195 5681 460 5738 refellens
503 5683 605 5738 hos
641 5681 1048 5738 conviciatores
1101 5695 1254 5744 suos,
1309 5684 1365 5733 et
1413 5691 1475 5732 se
1531 5671 1830 5729 decretalia

196 5770 525 5840 pontiﬁcum
565 5770 939 5828 Romanorum
998 5785 1030 5824 a
1059 5767 1265 5824 sanctis
1311 5761 1568 5822 conciliis
1607 5766 1831 5830 recepta

197 5867 251 5914 et
285 5859 597 5932 approbata
627 5859 880 5931 recipere
919 5864 975 5914 et
1002 5856 1161 5929 sequi
1193 5855 1453 5917 discrete,
1505 5858 1671 5922 prout
1698 5854 1832 5904 sunt

501 5969 808 6030 PATROL.
865 5964 1200 6029 CXXXV.

1857 1847 1907 1915 Β

1925 613 2113 667 nensis
2156 613 2509 682 depositione
2547 615 2632 669 vel
2673 617 3048 684 restitutione,
3096 619 3336 690 qualiter
3365 631 3544 676 actum

1924 704 1996 758 sit
2035 704 2416 759 manifestans.
2464 705 2540 761 De
2587 706 2693 762 hoc
2750 707 2915 762 etiam
2976 708 3125 763 unde
3180 708 3547 768 calumniatus

1925 793 2104 850 fuerat
2157 811 2188 850 a
2227 796 2560 867 quibusdam
2598 798 2744 868 apud
2803 799 3062 854 eumdem
3120 817 3340 871 papam,
3389 803 3546 874 quasi

1926 884 2138 941 diceret
2188 901 2298 942 non
2337 888 2515 958 ipsum
2567 889 2794 958 majoris
2834 890 3121 964 dignitatis
3175 908 3296 947 esse
3350 911 3547 965 papam

1927 995 2090 1049 quam
2114 986 2260 1034 esset
2291 980 2411 1050 ipse
2445 999 2460 1046 ;
2516 982 2584 1035 de
2616 982 2968 1038 ordinatione
3001 999 3225 1056 quoque
3259 986 3546 1042 Hedenulﬁ

1925 1067 1979 1120 in
2037 1067 2215 1122 locum
2259 1068 2532 1124 llincmari
2583 1069 2638 1124 in
2694 1071 3018 1142 episcoliatu
3079 1073 3454 1143 Laudunensi,
3495 1085 3549 1131 et

1923 1152 2342 1210 conﬁrmatione
2399 1173 2555 1228 papm
2617 1158 2791 1228 ipsius
2833 1160 3240 1228 ordinationis;
3302 1163 3433 1218 item
3479 1165 3548 1219 de

1925 1242 2312 1311 Karlomanno,
2365 1252 2421 1299 et
2449 1246 2572 1300 aliis
2635 1247 2968 1318 quibusdam
3003 1250 3192 1320 rebus,
3232 1251 3300 1304 de
3346 1253 3551 1324 quibus

1926 1350 2052 1390 eum
2085 1336 2288 1390 veritas
2317 1338 2690 1393 excusabilem
2726 1340 2989 1396 reddidit.
3027 1341 3368 1406 Quibusdam
3404 1361 3548 1417 quo-

1927 1443 2033 1500 que
2085 1429 2572 1500 calumniantibus,
2630 1432 2757 1487 licet
2812 1434 3148 1504 respondere
3201 1443 3408 1506 posset,
3461 1454 3552 1492 as-

1926 1520 2060 1576 serit
2115 1538 2173 1577 se
2240 1522 2507 1588 noluisse,
2567 1539 2635 1578 ne
2692 1524 2958 1580 conviciis
3022 1526 3272 1582 convicia
3322 1528 3548 1583 videre-

1926 1621 2016 1665 tur
2095 1613 2402 1668 reddidisse
2475 1614 2617 1686 [ms.,
2678 1615 2810 1671 vitia
2872 1617 3156 1672 videretur
3221 1619 3549 1690 addidisse],

1923 1703 2221 1776 gloriosius
2285 1721 2406 1760 esse
2469 1705 2680 1761 ducens
2755 1708 2978 1762 eosdem
3055 1710 3288 1764 tacendo
3362 1710 3550 1783 fugere

1928 1811 2092 1866 quam
2156 1797 2544 1868 respondendo
2619 1815 2905 1870 superare,
2977 1817 3046 1855 ne
3106 1817 3257 1856 suam
3317 1802 3548 1874 gloriam

1930 1885 2198 1954 quzesisse
2265 1893 2567 1956 putaretur.
2644 1887 2875 1959 Scripsit
2940 1889 3104 1945 etiam
3165 1892 3417 1962 quaedam
3481 1893 3549 1947 ad

1929 1977 2228 2032 Adrianum
2274 1996 2493 2050 papam.
2531 1980 2624 2051 qui
2677 1980 2957 2037 Romanus
2997 1983 3244 2054 pontifex
3287 1985 3550 2040 nonnulla

1928 2068 1979 2122 ei
2041 2069 2279 2142 dirigere
2337 2088 2397 2125 se
2460 2071 2666 2142 scripta
2727 2082 3144 2128 commemorat.
3222 2074 3315 2128 Cui
3383 2075 3549 2129 etiam

1928 2159 2152 2216 mittens
2199 2163 2488 2232 epistolam
2541 2181 2696 2218 suam
2746 2181 2848 2236 per
2903 2166 3196 2221 Actardum
3235 2167 3550 2222 Nanneten-

1923 2268 2039 2307 sem
2072 2254 2396 2325 episcOpum
2428 2256 2689 2311 laudibus
2728 2257 2974 2328 plenam,
3005 2257 3302 2331 delegavit,
3337 2265 3397 2312 ut
3429 2259 3550 2327 ejus

1923 2344 2042 2399 vice
2095 2345 2151 2399 in
2209 2345 2328 2400 istis
2382 2347 2638 2417 partibus
2692 2364 2860 2419 super
2913 2348 3154 2404 Lotharii
3201 2365 3366 2405 causa
3421 2349 3549 2403 fun-

1921 2442 2166 2508 geretur,
2218 2444 2493 2508 quatenus
2552 2439 2701 2510 quod
2761 2438 2890 2494 inde
2946 2439 3200 2494 Nicolaus
3248 2456 3394 2511 papa
3439 2440 3544 2494 de-

1921 2531 2168 2580 creverat
2220 2534 2553 2581 servaretur.
2612 2527 2919 2599 Respondit
2966 2528 3132 2582 etiam
3183 2527 3251 2582 ad
3303 2529 3544 2599 capitula

1920 2615 2193 2686 quaedam,
2227 2618 2382 2690 regni
2417 2618 2750 2674 Francorum
2784 2619 3064 2691 epjsc0pis
3093 2636 3122 2673 a
3160 2619 3372 2674 Joanne
3406 2637 3546 2692 papa

1921 2708 2243 2762 transmissa
2272 2709 2341 2764 de
2374 2709 2683 2784 privilegiis
2712 2709 2863 2765 sedis
2892 2727 2992 2781 per
3023 2711 3053 2766 7
3092 2711 3353 2782 capitula,
3396 2728 3544 2783 quo-

1921 2797 2067 2851 niam
2121 2797 2266 2852 idem
2301 2815 2444 2869 papa
2476 2799 2631 2854 uisus
2659 2799 2836 2854 fuerat
2874 2800 3196 2874 Ansegisum
3244 2801 3544 2856 Senensem

1923 2885 2246 2956 episc0pum
2337 2887 2628 2958 primatem
2711 2888 3049 2944 constituere
3149 2891 3350 2960 (epist.
3432 2892 3544 2956 13,

1923 2975 2212 3046 Adriani),
2246 2983 2306 3030 ut
2327 2975 2634 3046 apostolica
2655 2976 2775 3031 vice
2799 2993 2896 3047 per
2921 2977 3120 3032 Gallias
3147 2987 3201 3033 et
3227 2978 3549 3034 Germanias

1925 3063 2204 3121 frueretur
2228 3066 2313 3138 [f.,
2341 3065 2701 3140 fungeretur].
2728 3067 2823 3122 Cui
2845 3070 3066 3122 conatui
3091 3070 3430 3125 venerabilis
3456 3071 3548 3125 liic

1925 3159 2125 3226 praesul
2156 3158 2485 3214 Hincmarus
2515 3157 2816 3214 efﬁcaciter
2845 3159 3080 3214 obstitit.
3115 3160 3346 3231 Scripsit
3375 3161 3563 3215 deni-i

1853 3220 1903 3288 Ο
1923 3263 2030 3317 quc
2061 3247 2129 3300 ad
2159 3246 2408 3302 diversos
2438 3247 2731 3318 episcopos
2761 3247 2909 3301 idem
2952 3247 3190 3302 domnus
3221 3249 3548 3304 Hincmarus

1927 3341 2208 3412 plurima;
2257 3342 2506 3416 Remigio
2553 3341 2954 3413 archiprmsuli,
3006 3357 3106 3413 pro
3149 3340 3316 3395 rebus
3369 3339 3543 3396 sancti

1928 3430 2163 3505 Remigii
2195 3430 2252 3484 in
2284 3431 2570 3502 provincia
2617 3430 2895 3504 Cisalpina
2925 3429 3365 3502 coujacentibus,
3407 3445 3546 3501 quas

1928 3519 2075 3574 idem
2116 3519 2486 3586 committens,
2537 3519 2676 3590 petit
2713 3527 2771 3574 ut
2810 3520 3033 3574 easdem
3087 3519 3143 3572 in
3177 3535 3274 3574 sua
3309 3517 3546 3573 tuitione

1923 3611 2190 3682 suscipiat
2223 3629 2237 3677 ;
2272 3611 2421 3673 item,
2454 3627 2554 3682 pro
2598 3610 2951 3666 ordinatione
2987 3613 3136 3666 Isaac
3176 3610 3548 3684 Lingonensis

1925 3703 2170 3776 episcOpi
2200 3721 2213 3770 ;
2258 3703 2388 3758 item
2421 3702 2490 3756 de
2520 3702 2916 3757 constitutione
2966 3701 3082 3772 [γης.
3119 3699 3543 3770 consuetudine]

1924 3797 2185 3872 synodica
2217 3804 2444 3867 propter
2475 3793 2972 3850 ecclesiasticarum
3006 3809 3189 3847 rerum
3222 3808 3548 3864 pervaseres

1929 3890 2093 3962 [Rem.
2127 3887 2421 3957 Lugdun],
2453 3898 2507 3942 et
2537 3887 2683 3953 alia;
2716 3886 2868 3950 item,
2902 3884 2972 3939 de
3003 3900 3170 3939 causa
3200 3883 3412 3954 praefati
3441 3883 3548 3938 Lo-

1925 3981 2086 4038 tharii
2118 3981 2287 4055 regis,
2319 3987 2374 4036 et
2421 3981 2490 4034 de
2516 3978 2798 4050 praedictis
2843 3977 3013 4032 rebus
3041 3975 3226 4030 eidem
3277 3975 3546 4030 nonnulla

1923 4076 2127 4146 scripta
2183 4073 2416 4139 direxit;
2455 4072 2609 4139 item,
2675 4071 2742 4126 ad
2799 4069 3054 4125 eumdem
3108 4067 3441 4141 Remigium,
3493 4073 3548 4121 et

1923 4173 2153 4223 caeteros
2183 4165 2498 4237 episc0pos,
2531 4162 2719 4219 domui
2761 4178 2918 4234 papae
2951 4159 3156 4216 Nicolai
3195 4157 3544 4223 auctoritate,

1924 4261 1979 4316 iu
2029 4258 2300 4330 synodum
2362 4258 2510 4330 apud
2567 4255 2921 4312 Suessionem
2972 4253 3163 4310 venire
3207 4252 3410 4320 jussos,
3446 4265 3545 4321 pro

1925 4365 2090 4406 causa
2118 4348 2339 4404 Vulsadi
2388 4353 2443 4403 et
2473 4346 2809 4421 collegarum
2851 4343 2990 4411 ejus.
3025 4341 3200 4398 Adoni
3246 4340 3544 4394 Viennensi

1926 4439 2345 4510 archiepiscopo
2371 4435 2566 4492 scribit
2595 4436 2740 4489 inter
2769 4442 2986 4495 caetera,
3013 4448 3112 4503 pro
3144 4429 3376 4502 epistola
3396 4429 3546 4482 beati

1926 4529 2066 4585 Aviti
2097 4529 2166 4584 ad
2197 4535 2447 4584 sanctum
2479 4525 2791 4597 Remigium
2834 4522 3058 4593 scripta,
3105 4537 3267 4594 quam
3320 4517 3544 4590 quidam

1841 4618 2211 4714 DRotfridus
2266 4616 2572 4671 monachus
2624 4613 2935 4668 ei’dixerat
2979 4628 3039 4666 se
3094 4609 3239 4681 apud
3272 4607 3544 4714 ‘eumdem

1929 4712 2172 4767 Adonem
2205 4708 2425 4782 legisse.
2461 4706 2566 4760 Sed
2611 4711 2666 4760 et
2713 4705 2760 4758 si
2795 4721 2904 4776 qua
2950 4710 3217 4775 praeterea
3255 4701 3323 4754 de
3357 4705 3547 4753 sancto

1926 4801 2178 4874 Remigio
2197 4798 2449 4870 reperire
2474 4795 2702 4861 valeret,
2723 4789 2778 4850 ei
2811 4809 3182 4865 superaurum
3208 4798 3262 4845 et
3289 4788 3546 4859 topazion

1926 4893 2096 4964 (Psal.
2145 4906 2331 4960 cxvm,
2392 4888 2513 4960 127)
2569 4888 2812 4959 pretiosa
2873 4896 2928 4942 et
2980 4884 3238 4940 amabilia
3281 4879 3544 4934 mitteret.

1927 4985 2169 5040 Herardo
2211 4981 2612 5038 Turonensium
2645 4979 2898 5045 antistiti,
2943 4978 3013 5033 de
3052 4973 3386 5049 quibusdam
3418 4987 3548 5043 apo-

1926 5075 2082 5131 statis
2113 5074 2182 5129 ad
2229 5072 2524 5128 Ecclesiam
2557 5068 2945 5135 redeuntibus,
2979 5067 3030 5122 ei
3072 5065 3193 5121 aliis
3226 5065 3548 5137 paenitenti-

1925 5167 2034 5222 bus
2058 5164 2450 5237 suscipiendis.
2479 5165 2615 5218 ltem
2645 5162 2716 5216 de
2746 5161 2870 5216 aliis
2901 5158 3230 5230 quibusdam
3266 5157 3455 5225 rebus,
3488 5164 3550 5212 ut

1925 5257 2104 5312 amico
2162 5254 2516 5320 cliarissimo,
2567 5252 2662 5323 qui
2704 5250 2896 5306 eadem
2956 5247 3177 5319 praesuli
3229 5256 3420 5308 nostro
3478 5247 3548 5301 ad

1927 5351 2108 5422 ipsum
2140 5349 2373 5404 veniens
2424 5346 2666 5401 fraterna
2713 5359 2772 5398 se
2822 5342 3121 5398 dilectione
3173 5340 3549 5406 commiserat,

1927 5453 2125 5515 petens
2154 5449 2216 5496 ut
2257 5440 2580 5510 ubicunque
2610 5444 2802 5510 posset
2833 5436 3003 5511 regiae
3051 5434 3419 5490 dominationi
3451 5449 3552 5504 pro

1930 5531 2173 5588 Ecclesia
2200 5529 2352 5584 illius
2371 5535 2715 5602 suggereret.
2745 5525 2906 5581 Obitu
2937 5541 3161 5597 quoque
3193 5539 3293 5580 suo
3327 5523 3554 5595 propin-

1930 5629 2157 5696 quante,
2212 5621 2420 5677 litteras
2474 5619 2542 5673 ad
2589 5633 2716 5674 eum
2771 5617 2892 5688 ipse
2953 5615 3201 5682 dictavit,
3253 5621 3307 5670 et
3351 5613 3400 5667 ei
3459 5611 3552 5682 qui

1931 5713 2136 5770 domno
2162 5709 2454 5765 Hincmaro
2485 5708 2556 5762 de
2609 5706 2767 5762 obitu
2820 5705 2968 5760 illius
3022 5705 3374 5762 nuntiaturus
3413 5706 3554 5762 erat,

1932 5806 2155 5864 easdem
2203 5803 2417 5860 litteras
2454 5800 2562 5872 ipsi
2594 5799 2929 5856 deferendas
2950 5798 3126 5855 dedit.
3174 5795 3282 5852 Sed
3315 5801 3371 5848 et
3397 5789 3551 5845 missi

3225 5940 3263 5998 7
