3912 6410
390 373 500 427 203

1503 370 1874 425 FLODOARDI
1915 369 2220 426 CANONICI
2264 369 2609 426 REMENSIS.

3625 373 3729 428 204

391 509 731 568 Turonensis
761 510 1018 567 Ecclesia
1072 510 1173 564 hac
1204 509 1405 564 ﬁducia
1443 505 1587 574 fulti,
1626 515 1750 577 post
1793 505 2007 562 obitum
2035 515 2081 579 Α
2108 507 2256 564 dono
2305 508 2465 574 data,
2519 508 2623 563 sita
2655 508 2710 563 in
2752 508 3007 563 Remensi
3033 508 3336 580 lparochia,
3382 522 3506 580 qua
3543 508 3730 563 Turris

393 605 559 673 hujus
587 603 671 658 sui
723 601 1149 674 archiepiscopi,
1191 602 1258 656 ad
1290 600 1545 654 eumdem
1578 599 1841 654 domuum
1875 599 2011 652 Hin-
2110 611 2354 668 vocatur,
2402 601 2675 668 rescribit,
2725 603 2894 674 petita
2948 603 3261 658 concedens
3291 619 3356 657 ea
3403 601 3725 658 conditione

392 711 636 750 cmarum
657 705 948 751 venerunt.
975 693 1113 748 Cleri
1137 708 1360 764 quoque
1390 707 1453 747 ac
1472 690 1654 762 plebis
1679 691 2004 762 petitionem

390 787 458 840 ad
491 787 670 858 ipsum
703 786 1039 856 deferentes,
1063 792 1120 839 ut
1142 784 1346 856 regiam
1377 782 1762 838 celsitudinem
1794 798 1894 852 pro
1926 782 2007 836 eis

391 883 805 953 deprecaretur,
865 888 1136 953 quatenus
1182 879 1512 934 electionem
1543 876 1867 933 canonicam
1915 892 2005 930 rex

392 975 566 1046 ipsius
593 977 939 1031 concederet.
975 974 1128 1039 Quod
1160 981 1214 1028 et
1245 974 1390 1029 idem
1425 972 1673 1045 pontifex
1700 971 2002 1044 promptis-

387 1069 526 1125 sime
557 1073 786 1145 peregit.
841 1070 1106 1125 lntimans
1153 1069 1319 1125 etiam
1349 1070 1464 1142 regi
1499 1069 1567 1124 de
1621 1069 1859 1141 quodam
1893 1067 2006 1124 cle-

388 1165 524 1229 rico,
580 1165 672 1236 qui
705 1181 762 1219 se
815 1164 1124 1240 ingerebat,
1160 1182 1269 1221 non
1325 1164 1670 1236 recipiendo,
1727 1159 2004 1238 signiﬁcat

2109 702 2167 750 ut
2214 697 2442 767 antiqua
2473 697 2614 751 villa
2649 697 2825 767 ipsius
2853 697 3107 763 ecclesia,
3137 698 3223 752 vel
3255 696 3546 769 presbyter
3575 698 3725 766 ejus-

2112 788 2236 841 dem
2265 788 2476 842 nullum
2512 787 2787 862 privilegii
2818 788 2900 842 sui
2943 797 3168 860 propter
3196 789 3300 844 hoc
3330 789 3722 844 detrimentum

2111 881 2374 950 pariatur.
2434 881 2599 936 Leoni
2658 882 2941 952 episcOpo,
3003 893 3057 937 et
3101 883 3316 939 custodi
3371 883 3724 939 bibliotheca

2112 969 2367 1025 Romana
2427 971 2683 1026 Ecclesia
2740 973 2952 1028 litteras
3014 975 3181 1028 mittit
3239 989 3337 1044 pro
3368 973 3725 1044 susceptione

2108 1061 2400 1135 legationis
2448 1079 2583 1119 sua.
2625 1070 2686 1118 ut
2730 1065 2980 1120 obtineat
3023 1065 3170 1136 apud
3217 1082 3417 1136 papam
3459 1067 3723 1132 Leonem,

2105 1165 2376 1226 quatenus
2413 1157 2530 1226 ejus
2562 1158 2883 1228 petitionem
2927 1159 3168 1234 benigne
3207 1161 3491 1231 suscipiat,
3526 1167 3581 1215 et
3623 1176 3720 1230 pa-

387 1253 532 1324 quod
566 1254 811 1324 episcopi
848 1255 1096 1322 ejusdem
1129 1255 1449 1327 provincia,
1492 1255 1672 1309 clerus
1705 1267 1926 1325 quoque
1957 1258 2012 1305 et
2112 1252 2268 1298 terne
2317 1246 2586 1300 rescribat
2615 1246 2794 1301 eidem
2835 1247 2904 1302 de
2939 1248 3025 1302 his
3069 1265 3191 1320 qua
3222 1248 3278 1302 in
3310 1249 3510 1304 litteris
3537 1248 3606 1303 ab
3657 1263 3724 1302 eo

386 1345 544 1415 plebs
575 1347 750 1417 ipsius
781 1347 1060 1415 Ecclesia,
1087 1347 1299 1402 invitati
1333 1347 1659 1402 auctoritate
1692 1342 2006 1415 apostolica

383 1435 554 1505 sedis,
586 1436 879 1490 Actardum
911 1435 1016 1489 sibi
1068 1437 1238 1492 velint
1277 1435 1470 1491 donari
1514 1435 1866 1507 episcopum,
1912 1432 2007 1504 qui

383 1531 439 1584 in
470 1530 663 1585 eadem
691 1531 924 1586 ecclesia
961 1533 1294 1603 baptizatus,
1345 1532 1584 1586 nutritus
1631 1537 1687 1585 et
1715 1529 2004 1584 ordinatus

2110 1335 2292 1390 missis
2318 1337 2763 1392 continebantur.
2793 1337 3055 1412 Gregorio
3085 1354 3307 1410 quoque
3335 1339 3583 1408 ejusdem
3616 1339 3724 1393 Ro-

2111 1443 2286 1482 mana
2330 1429 2584 1484 Ecclesia
2615 1430 3013 1484 nomenclatori
3048 1439 3103 1485 et
3135 1430 3495 1502 apocrisiario
3527 1438 3724 1501 petens

2109 1527 2168 1572 ut
2220 1519 2364 1573 inter
2399 1519 2592 1574 fideles
2620 1520 2828 1575 amicos
2866 1535 2997 1575 suos
3027 1536 3151 1575 eum
3204 1528 3398 1576 tenere
3443 1521 3720 1592 dignetur.

381 1622 579 1688 fuerat,
628 1623 756 1679 licet
787 1625 907 1680 alia
964 1626 1168 1681 civitati
1202 1626 1361 1680 datus
1404 1624 1718 1696 episcopus,
1757 1623 1855 1677 sed
1906 1636 2004 1690 pa—
2105 1610 2235 1664 “em
2270 1612 2556 1680 POsmlans
2595 1617 2654 1665 ιιι
2700 1611 2905 1666 domno
2956 1611 3259 1681 θροεῖοιίοο
3305 1611 3720 1686 suggestionem

375 1729 645 1786 ganomm
695 1713 1050 1769 ίηῖθδιειίοηρ
1109 1715 1395 1785 depulsus,
1453 1722 1506 1768 et
1540 1712 1706 1783 pallio
1764 1711 1940 1766 [uerat
1971 1724 2002 1762 ε
2101 1713 2257 1752 suam
2287 1699 2685 1769 acceptabilem
2719 1697 2838 1753 ﬁeri
2867 1707 3037 1770 petat,
3080 1699 3491 1755 benedictionis
3519 1701 3570 1754 ei
3602 1717 3725 1754 mu-

377 1805 510 1859 sede
542 1806 843 1876 apostolica
875 1807 1198 1872 honoratus,
1233 1815 1290 1861 ut
1317 1807 1478 1861 etiam
1522 1806 1566 1859 si
1600 1804 1756 1860 locus
1783 1803 1852 1857 de
1883 1817 2001 1856 me-
2024 1835 2078 1904 B
2103 1791 2334 1888 ηυξαυιει
2363 1790 2635 1904 (ξῖτξξθηξοι
2683 1790 2940 1904 θ’ῗτῐηοδξ)
2972 1790 3122 1845 εθάίε
3156 1791 3404 1904 eius?!“
3457 1791 3721 1891 religioso

378 1896 575 1966 trepoli
609 1897 914 1960 adveniret,
943 1895 1020 1949 ibi
1045 1895 1486 1950 incardinaretur
1514 1896 1787 1960 (Annum,
1824 1907 1906 1962 ep.
1936 1890 1994 1944 11

377 1992 427 2042 et
464 1988 574 2057 12).
610 1989 820 2060 Datque
871 1988 1098 2058 insuper
1128 1988 1243 2061 regi
1275 1987 1590 2053 consilium,
1652 1986 1784 2057 quid
1827 1986 1997 2053 clero,

377 2076 512 2148 quid
543 2076 697 2133 laicis
727 2094 890 2151 agere
916 2077 984 2131 sit
1015 2078 1234 2132 interim
1267 2075 1721 2147 praecipiendum,
1757 2075 1891 2146 quid
1927 2077 1997 2132 de

379 2166 546 2221 rebus
575 2185 712 2238 quas
742 2185 805 2223 ex
854 2166 1125 2224 beneficio
1153 2168 1302 2243 regis
1340 2167 1582 2222 habebat
1621 2165 1832 2232 fecerit,
1867 2165 1999 2221 inti-

377 2277 554 2327 mans,
588 2262 682 2333 qui
713 2277 777 2314 ex
808 2261 913 2327 his,
947 2278 1084 2331 quas
1117 2261 1418 2332 reliquerat
1465 2259 1580 2334 regi
1614 2259 1852 2330 placeat,
1901 2274 1994 2313 re-

375 2353 624 2424 quirens.
672 2353 746 2406 De
777 2351 1111 2423 quibusdam
1143 2367 1365 2422 quoque
1402 2351 1563 2406 libris
1602 2352 1776 2421 sancti
1810 2353 1999 2424 Augu-

374 2441 526 2506 stini,
577 2457 717 2512 quos
764 2440 868 2494 sibi
915 2440 984 2494 ab
1035 2440 1231 2495 eodem
1278 2439 1482 2494 remitti
1528 2440 1781 2510 petierat.
1835 2447 1888 2494 et
1926 2440 1996 2493 de

374 2530 788 2600 objectionibus
807 2529 1138 2596 Gracorum,
1167 2544 1335 2598 super
1350 2528 1554 2599 quibus
1573 2528 1829 2583 Nicolaus
1855 2544 1997 2599 papa

376 2624 558 2679 eidem
586 2623 940 2677 mandaverat
970 2631 1024 2676 et
1068 2621 1176 2675 alia
1207 2621 1479 2691 quadam.
1534 2620 1778 2675 Bertulfo
1809 2620 1997 2674 Trevi-

376 2713 523 2792 rensi
554 2711 994 2782 archiepiscopo,
1029 2710 1313 2763 instruens
1345 2724 1471 2762 eum
1501 2708 1570 2763 de
1603 2708 1911 2762 ordinanda
1941 2715 1996 2762 et

373 2795 736 2877 gubernanda
777 2801 1005 2856 dioecesi
1046 2799 1128 2855 vel
1189 2799 1449 2870 parochia
1492 2815 1613 2865 sua,
1655 2809 1760 2855 etc.
1808 2800 1847 2853 Α
1883 2815 1994 2871 quo

373 2891 542 2946 etiam
591 2898 816 2963 rogatus
847 2887 1230 2943 Wiliebertum
1272 2887 1727 2942 Catalaunensem
1775 2887 1996 2959 episco-

375 3000 503 3054 pum
551 2982 700 3037 misit
729 2982 797 3036 ad
839 2980 1246 3036 ordinationem
1284 2979 1508 3035 Arnoldi
1557 2980 1828 3034 Tullensis
1871 2980 1986 3051 epi-

370 3073 548 3145 sc0pi,
581 3072 714 3144 quia
751 3071 946 3126 eodem
978 3069 1221 3125 Bertulfo
1253 3068 1571 3124 infirmitate
1592 3069 1841 3136 detento,
1874 3085 1987 3123 nu-

373 3179 558 3219 merus
588 3163 976 3234 episcoporum
1023 3177 1052 3214 a
1092 3160 1263 3217 sacris
1300 3160 1609 3216 canonibus
1636 3159 1894 3231 prafixus
1934 3159 1990 3213 in

373 3256 724 3312 ordinatione
754 3255 1005 3326 prasulis
1035 3253 1083 3308 ei
1113 3269 1222 3310 non
1268 3254 1477 3309 aderat.
1514 3256 1572 3308 In
1632 3254 1797 3322 hujus
1828 3255 1990 3309 etiam

372 3347 596 3404 Bertulfi
629 3347 978 3403 ordinatione
1003 3347 1115 3415 jam
1149 3348 1364 3418 pridem
1387 3347 1642 3416 jussione
1685 3347 1862 3404 Karoli
1898 3363 1991 3403 re-

371 3438 457 3511 gis
482 3437 830 3491 Hincmarum
863 3435 1186 3506 episcopum
1228 3435 1670 3497 Laudunensem,
1705 3434 1991 3490 Hodonem

369 3531 784 3596 Belvacensem,
823 3538 878 3584 et
905 3529 1213 3584 Iohannem
1247 3529 1697 3584 Cameracensem
1727 3528 1990 3583 transmi-

369 3627 540 3686 serat,
564 3620 632 3674 ad
658 3618 981 3690 petitionem
1009 3617 1263 3673 Adventii
1293 3626 1348 3671 et
1368 3614 1573 3671 Arnulﬁ
1603 3618 1990 3687 episcoporum

370 3709 618 3778 ejusdem
668 3708 1010 3763 Trevirensis
1068 3707 1394 3772 diacescos,
1457 3706 1735 3777 quomodo
1782 3705 1836 3760 id
1888 3705 1993 3760 rite

369 3797 617 3863 deberet,
637 3813 732 3852 eos
760 3798 1024 3852 canonica
1041 3795 1454 3867 apostolicaque
1475 3793 1782 3848 informans
1807 3799 1995 3847 aucto-

370 3887 549 3950 ritate,
585 3896 644 3942 ut
675 3887 895 3941 asacris
927 3885 1150 3960 regulis,
1185 3884 1335 3939 nulla
1364 3891 1458 3938 aut
1489 3882 1853 3957 negligentia,
1897 3889 1992 3936 aut

368 3979 818 4050 prasumptioue,
850 3979 902 4032 in
948 3977 1133 4048 aliquo
1179 3975 1549 4030 discederent.
1592 3973 1795 4028 Scribit
1822 3972 1987 4026 etiam

368 4073 594 4144 prafato
643 4072 886 4129 Bertulfo
926 4089 1025 4144 pro
1061 4071 1392 4143 quibusdam
1440 4069 1669 4141 capellis
1702 4069 1771 4123 ad
1801 4069 1986 4123 villam

366 4165 764 4221 Duodeciacam
822 4163 1248 4236 pertinentibus,
1303 4178 1439 4234 quas
1474 4162 1699 4233 quidam
1731 4176 1798 4214 ex
1821 4174 1984 4229 paro—

366 4256 491 4310 chia
527 4256 838 4313 Trevirensi
871 4255 1175 4326 usurpabat
1222 4270 1322 4326 per
1357 4253 1657 4308 factionem
1699 4251 1986 4320 cujusdam

367 4347 702 4417 presbyteri,
737 4348 986 4419 petitque
1026 4345 1133 4400 sibi
1165 4347 1233 4400 de
1274 4344 1646 4414 hisjustitiam
1674 4341 1816 4398 fieri.
1855 4343 1988 4396 item

368 4453 467 4506 pro
500 4439 698 4493 litteris
721 4456 860 4510 quas
890 4437 1165 4493 Ludovico
1193 4436 1308 4509 regi
1339 4433 1776 4490 Transrhenensi
1809 4433 1996 4487 mitte.

2103 1880 2364 1950 episcopo
2387 1881 2518 1950 (11),
2535 1881 2856 1936 collaudaus
2871 1882 3010 1950 ejus,
3026 1897 3189 1951 quam
3221 1882 3489 1948 audierat,
3513 1881 3722 1936 sancti-

2100 1971 2228 2024 tatis
2257 1978 2312 2025 et
2340 1971 2588 2025 scientia
2617 1971 2867 2037 formam,
2897 1987 3264 2043 quarensque
3294 1971 3469 2042 ipsius
3515 1970 3722 2026 habere

2102 2066 2553 2136 familiaritatem,
2607 2077 2662 2123 et
2707 2076 2765 2123 ut
2821 2069 2942 2139 ipse
2992 2085 3090 2140 pro
3140 2084 3200 2124 se
3229 2068 3490 2141 dignetur
3538 2083 3719 2136 orare,

2101 2161 2278 2216 vicem
2303 2161 2710 2232 reprehendere
2735 2162 3040 2232 spondens,
3065 2169 3118 2216 et
3143 2161 3392 2232 quadam
3415 2161 3465 2215 ei
3490 2173 3722 2216 munera

2101 2253 2346 2317 mittens,
2387 2261 2447 2306 ut
2475 2253 2561 2306 sui
2613 2253 2935 2306 memoriam
2982 2253 3037 2306 in
3083 2253 3434 2307 orationibus
3494 2253 3716 2307 habeat.

2101 2344 2234 2396 Item
2267 2347 2557 2413 postquam
2591 2341 2800 2396 litteras
2825 2358 2955 2397 suas
2983 2342 3130 2397 idem
3159 2343 3454 2398 Formosus
3481 2344 3531 2398 ei
3551 2343 3718 2398 remi-

2099 2440 2266 2500 serat,
2311 2434 2365 2486 in
2400 2435 2602 2504 quibus
2641 2434 2709 2488 de
2740 2434 3007 2488 charitate
3048 2449 3177 2506 erga
3209 2450 3336 2489 eum
3367 2433 3718 2510 signiﬁcave-

2099 2534 2201 2593 rat,
2237 2526 2451 2580 intimat
2483 2526 2612 2597 quia
2641 2543 2895 2598 magnam
2928 2527 2984 2580 in
3017 2527 3139 2596 ipso
3171 2526 3402 2581 haberet
3432 2525 3716 2583 fiduciam.

2101 2617 2233 2670 ltem
2265 2616 2569 2670 Gauderico
2600 2617 2862 2687 episcopo
2905 2616 3142 2686 prafata
3189 2617 3463 2682 Ecclesia,
3501 2627 3559 2672 ut
3587 2633 3715 2672 eum

2100 2707 2151 2760 in
2184 2722 2298 2762 sua
2328 2707 2645 2762 dilectionis
2687 2708 2954 2778 suscipiat
2993 2709 3287 2779 gremium,
3322 2716 3376 2763 et
3423 2711 3717 2765 Dominum

2096 2807 2426 2869 sanctosque
2473 2798 2754 2868 apostolos
2802 2813 2901 2868 pro
2961 2813 3027 2852 eo
3083 2797 3343 2872 dignetur
3392 2799 3715 2869 implorare.

2093 2890 2290 2944 Joanni
2338 2891 2578 2960 prafata
2609 2890 2759 2945 sedis
2789 2889 3053 2960 episcopo
3085 2889 3278 2943 eadem
3326 2906 3470 2959 pene
3498 2891 3717 2956 scribit,

2095 2988 2151 3034 et
2175 2995 2418 3035 canones
2448 2980 2661 3034 Martini
2693 2995 2868 3051 papa,
2903 2977 3258 3053 Evangelium
3290 2994 3512 3050 quoque
3543 2980 3724 3037 Naza-

2094 3091 2352 3131 renorum
2385 3077 2491 3131 sibi
2523 3077 2589 3130 ad
2615 3075 3098 3130 transcribendum
3126 3074 3270 3128 mitti
3303 3081 3517 3144 petens,
3555 3093 3718 3147 qua-

2095 3169 2220 3223 dam
2249 3170 2415 3225 etiam
2446 3171 2608 3224 xenia
2633 3169 2712 3222 illi
2739 3168 3077 3223 transmittit.
3112 3166 3344 3222 Vulfado
3379 3167 3717 3242 Biturigensi

2094 3262 2537 3334 archiepiscopo,
2564 3262 2635 3316 de
2665 3261 2752 3314 his
2778 3260 2870 3331 qui
2905 3259 3212 3314 inconsulte
3243 3274 3441 3314 uxores
3467 3276 3594 3315 suas
3619 3262 3712 3316 in-

2094 3352 2396 3418 terficiunt,
2414 3353 2748 3408 sententiam
2769 3351 3000 3418 Paulini,
3030 3367 3195 3422 quam
3219 3350 3327 3405 sibi
3361 3351 3502 3405 mitti
3533 3353 3716 3422 petie-

2098 3447 2198 3507 rat,
2229 3440 2501 3496 scribens.
2532 3441 2638 3495 Sed
2662 3449 2717 3494 et
2747 3440 2817 3494 de
2846 3439 2970 3494 aliis
2999 3439 3184 3494 rebus.
3225 3439 3470 3494 Frotario
3500 3440 3714 3495 Burde-

2094 3533 2329 3607 galcnsi,
2359 3533 2453 3604 qui
2481 3532 2589 3587 sibi
2613 3532 2778 3587 talem
2811 3532 3021 3586 dixerat
3046 3548 3264 3586 versum
3297 3550 3310 3585 :

2219 3627 2406 3677 Remus
2429 3643 2613 3692 equum
2639 3627 2798 3686 nobis,
2828 3627 3020 3676 mulum
3043 3625 3320 3689 Burdegala
3348 3626 3506 3678 vobis.

2097 3711 2260 3765 talem
2289 3718 2415 3781 post
2444 3709 2690 3764 remisit:

2222 3807 2407 3855 Remus
2432 3817 2616 3866 equum
2639 3801 2792 3858 misit,
2819 3801 3010 3850 mulum
3041 3801 3317 3864 Burdegala
3336 3801 3550 3850 nullum.

2097 3897 2159 3950 Et
2189 3895 2294 3949 alia
2349 3891 2600 3964 quadam
2645 3889 2714 3944 ad
2751 3890 3007 3944 eumdem
3066 3890 3322 3960 scripsit;
3370 3906 3469 3961 pro
3511 3907 3711 3949 mona-

2093 3984 2246 4040 sterii
2285 3997 2509 4054 quoque
2535 3986 2738 4034 sancta
2771 3978 3126 4052 Radegundis
3157 3978 3393 4053 regulari
3435 3979 3711 4038 electione

2092 4074 2409 4138 abbatissa,
2429 4081 2532 4127 etc.
2559 4089 2573 4137 ;
2601 4071 2754 4137 item,
2777 4071 2845 4123 de
2868 4069 3225 4124 ordinatione
3249 4069 3479 4125 Fulcrici
3507 4090 3521 4138 ;
3553 4072 3708 4140 item,

2091 4169 2369 4225 Weniloni
2395 4165 2842 4239 Bothomagensi,
2876 4165 2944 4219 de
2963 4165 3233 4236 cperariis
3257 4173 3514 4236 etapera,
3547 4184 3714 4239 quam

2089 4266 2327 4323 faciebat
2370 4264 2437 4318 ad
2477 4263 2652 4318 Pistas
2683 4262 2740 4315 in
2774 4262 3072 4332 Sequana;
3131 4262 3262 4316 item
3312 4262 3380 4316 de
3408 4278 3572 4317 causa
3608 4265 3711 4319 Ro-

2098 4359 2248 4416 thadi
2288 4364 2343 4412 et
2394 4355 2600 4410 Odonis
2639 4353 3049 4424 episcoporum.
3111 4353 3348 4428 Drogoni
3383 4354 3709 4410 Metensium

2099 4449 2341 4524 prasuli,
2365 4446 2719 4519 imperatoris
2743 4446 3003 4500 Ludovici
3028 4445 3202 4514 fratri,
3225 4463 3323 4517 pro
3346 4445 3714 4505 familiaritate

367 4531 480 4596 bat,
515 4539 576 4585 ut
622 4546 715 4584 eas
746 4530 861 4603 regi
893 4538 1057 4600 atque
1085 4529 1291 4602 regina
1342 4526 1513 4602 relegi
1536 4526 1722 4592 faCiat,
1755 4533 1809 4580 ει
1861 4539 1985 4596 ‘1‘“e
2009 4557 2067 4626 D
2097 4541 2272 4613 ipsius
2301 4537 2662 4608 adipiscenda
2688 4553 2701 4588 :
2731 4535 2860 4589 item
2903 4535 3148 4590 referens
3175 4536 3223 4589 ei
3265 4537 3562 4609 gratiarum
3613 4557 3712 4595 ac-

365 4628 511 4698 apud
533 4643 629 4682 eos
653 4628 782 4681 inde
803 4627 1042 4682 audierit
1057 4627 1257 4681 litteris
1277 4627 1387 4680 sibi
1417 4624 1721 4680 remandet.
1754 4623 1986 4676 Litteras

365 4725 532 4780 etiam
564 4741 701 4795 quas
727 4725 932 4779 Arnoni
963 4723 1227 4794 episcopo
1282 4721 1686 4786 transmiserat,
1721 4719 1829 4774 sibi
1875 4717 1985 4786 legi

367 4815 549 4883 faciat,
593 4825 646 4870 et
675 4831 861 4889 regem
893 4822 1058 4884 atque
1103 4813 1371 4886 reginam,
1405 4814 1502 4868 sed
1534 4822 1589 4868 et
1619 4812 1886 4883 populum
1919 4810 1986 4864 de

368 4912 586 4966 illorum
617 4912 794 4966 salute
825 4918 879 4966 et
910 4927 1047 4982 pace
1086 4919 1288 4965 sancta
1323 4909 1416 4963 Dei
1450 4909 1710 4963 Ecclesiae
1739 4922 1985 4963 commo-

367 5013 511 5061 neat.
545 5007 743 5062 Joanni
775 5007 1229 5082 Bothomogensi,
1263 5005 1607 5076 respondens
1644 5004 1714 5058 ad
1745 5003 1989 5058 interro-

365 5103 642 5175 gationem
681 5106 856 5177 ipsius
901 5105 970 5158 de
1002 5103 1240 5175 quodam
1286 5103 1508 5167 clerico,
1556 5099 1651 5172 qui
1691 5101 1756 5154 ad
1794 5099 1984 5154 Eccle-

365 5193 502 5246 siam
550 5196 843 5266 quamdam
903 5203 1189 5266 promotus
1237 5192 1556 5266 regendam,
1608 5189 1850 5245 ordinari
1885 5206 1984 5260 per

364 5292 581 5339 aetatem
610 5287 709 5342 rite
756 5303 867 5342 non
899 5293 1135 5358 poterat.
1195 5286 1498 5341 Rothstano
1539 5282 1826 5348 Arlatensi,
1887 5282 1979 5353 qui

365 5376 416 5429 ei
452 5375 519 5429 de
560 5392 672 5430 sua
700 5375 949 5432 ecclesia
980 5376 1268 5432 vexatione
1299 5375 1617 5446 scripserat,
1662 5381 1717 5429 et
1744 5375 1812 5428 de
1843 5390 1982 5446 qua-

364 5466 489 5520 dam
527 5467 728 5522 femina
759 5469 990 5538 potenti,
1039 5485 1160 5540 qua
1184 5485 1273 5523 res
1301 5467 1602 5538 usurpabat
1632 5465 1975 5520 ecclesiasti-

363 5575 473 5624 cas,
516 5559 650 5630 quid
681 5559 731 5612 ei
777 5576 946 5628 super
973 5561 1060 5614 his
1100 5561 1172 5615 sit
1218 5561 1493 5634 agendum
1528 5558 1802 5613 rescribit.
1834 5559 1976 5612 Ade-

361 5647 510 5703 loldo
563 5648 865 5703 Turonensi
907 5649 1118 5716 petenti
1175 5658 1235 5703 ut
1289 5648 1398 5704 sibi
1448 5647 1641 5702 liceret
1674 5649 1973 5702 oratorium

358 5741 633 5796 aedificare
677 5758 739 5796 ac
784 5757 1106 5796 consecrare
1139 5744 1194 5795 in
1227 5743 1353 5796 villa
1397 5757 1511 5796 sua
1541 5742 1792 5796 ecclesia
1820 5742 1972 5816 regio

429 5854 472 5919 (Ι
494 5853 540 5921 l)
583 5852 677 5905 Hic
706 5861 899 5921 postea
928 5850 1027 5905 fuit
1057 5851 1213 5906 Rom.
1250 5849 1518 5919 pontifex.

2092 4639 2270 4696 tiones
2293 4648 2392 4704 pro
2435 4629 2809 4687 sollicitudine
2841 4646 3007 4700 quam
3038 4630 3243 4686 habere
3273 4632 3565 4688 videbatur
3603 4635 3713 4690 Re-

2089 4726 2299 4783 mensis
2347 4722 2625 4789 Ecclesia,
2681 4729 2880 4791 petens
2929 4721 3096 4775 etiam
3137 4722 3205 4776 de
3257 4724 3494 4794 quodam
3543 4725 3714 4781 fratre

2089 4819 2253 4887 hujus
2282 4813 2535 4870 ecclesia
2575 4812 2852 4880 ministro,
2883 4820 2942 4866 ut
2986 4813 3060 4867 ita
3099 4814 3376 4869 frueretur
3401 4815 3712 4887 obsequiis,

2088 4918 2362 4983 quatenus
2412 4909 2646 4964 ecclesia
2671 4907 2776 4963 ista
2828 4909 3157 4963 necessariis
3184 4909 3362 4980 ipsius
3410 4919 3598 4980 posset
3629 4915 3709 4968 uti

2088 5006 2319 5074 solatiis,
2353 5014 2408 5061 et
2428 5006 2534 5060 alia
2560 5006 2832 5078 quadam.
2867 5006 3116 5060 Rotbado
3152 5006 3502 5073 Suessonico,
3537 5025 3705 5080 quem

2089 5114 2236 5169 sape
2252 5099 2320 5152 ad
2337 5099 2608 5168 synodum
2631 5099 2823 5153 venire
2843 5097 3192 5153 diﬁ‘ercntcm
3215 5099 3301 5154 vel
3324 5101 3704 5173 negligentem

2081 5189 2335 5256 vocabat,
2366 5188 2560 5242 scribit
2607 5188 2677 5243 de
2717 5189 3052 5259 quibusdam
3087 5189 3395 5244 criminatis
3427 5191 3703 5261 parochiae

2082 5281 2424 5336 Suessonica
2471 5281 2742 5352 personis,
2776 5283 2863 5338 vel
2895 5281 3216 5356 purgandis,
3241 5283 3324 5336 vel
3357 5283 3704 5353 poenitentia

2082 5377 2406 5450 subigendis
2439 5395 2454 5444 ;
2485 5377 2636 5443 item,
2671 5392 2769 5448 pro
2790 5378 3116 5433 ordinandis
3142 5377 3472 5448 quibusdam
3508 5378 3702 5434 Eccle-

2079 5472 2280 5526 siarum
2315 5473 2609 5537 ministris;
2639 5473 2792 5539 item,
2813 5487 2915 5543 pro
2946 5473 3269 5542 recipiendo
3292 5479 3345 5525 et
3368 5472 3702 5530 adducendo

2077 5563 2143 5614 ad
2164 5562 2434 5629 judicium
2463 5561 2853 5627 Gothescalco;
2883 5577 3047 5633 quem
3076 5562 3314 5616 domnus
3346 5561 3604 5616 Rabanus
3629 5564 3702 5619 ad

2078 5652 2360 5707 diacesim
2392 5653 2721 5708 Remensem
2754 5653 3038 5707 remiserat
3075 5670 3087 5706 :
3135 5653 3228 5723 qui
3262 5651 3543 5723 profectus
3571 5652 3699 5708 fue-

2077 5754 2157 5798 rat
2187 5761 2252 5798 ex
2304 5746 2565 5814 parochia
2611 5745 2963 5815 Sucssonica,
3009 5745 3222 5801 scilicet
3254 5745 3550 5800 Orbacensi
3584 5763 3700 5802 mo-
