3912 6414
181 448 291 506 205

835 450 1162 507 HISTORI/E
1200 449 1540 507 ECCLESlA'Z
1578 452 1909 509 REMENSIS
1947 454 2124 510 LIBRI
2165 455 2491 521 QUATUOR.
2517 486 2591 500 -—
2629 457 2733 512 LIB
2798 456 2888 510 Ill.

3422 458 3530 513 206

183 598 425 653 nasterio
455 616 469 664 ;
500 600 651 666 item,
719 615 821 671 pro
869 599 1221 656 ordinatione
1282 599 1602 656 monasterii
1633 585 1880 656 sanctiA
1912 586 1967 635 εί
1995 580 2064 636 de
2088 579 2334 636 moribus
2359 595 2424 636 ⁸ο
2452 580 2717 653 superbia
2776 579 2969 651 Ῐρείυεν
3023 585 3078 635 θῑ
3129 579 3211 633 Sic
3258 579 3313 637 ίη
3373 596 3530 635 οωηδ

181 687 448 754 Medardi,
480 693 535 743 et
566 688 909 744 restituenda
941 688 995 743 in
1013 704 1080 743 eo
1114 688 1304 761 regula
1338 706 1351 754 ;
1380 689 1534 756 item,
1569 704 1668 760 pro
1697 689 1810 761 qui-

182 776 417 832 busdam
471 777 761 833 monachis
791 793 858 831 ex
916 777 1247 832 monasterio
1287 777 1652 832 Altvillarensi
1686 777 1813 852 fuga

185 863 419 935 dilapsis
450 882 465 929 ;
499 865 651 933 item,
684 880 785 937 pro
816 864 1088 932 Godoldo,
1131 864 1225 936 qui
1257 865 1531 920 clamabat
1564 865 1811 920 indebite

184 967 243 1006 se
269 951 667 1009 communione
719 951 950 1023 privari,
986 967 1085 1023 pro
1126 968 1236 1024 quo
1266 952 1431 1007 etiam
1460 952 1622 1008 tertio
1661 953 1810 1008 litte-

183 1056 271 1095 ras
296 1043 365 1096 ad
394 1058 523 1097 eum
554 1042 789 1107 direxit;
818 1041 972 1108 item,
1025 1056 1124 1112 pro
1152 1041 1486 1112 quibusdam
1519 1041 1809 1113 presbyte-

181 1129 276 1195 ris,
310 1130 407 1202 qui
436 1131 811 1187 clamaverant
831 1129 885 1184 in
918 1130 1131 1201 synodo
1155 1131 1359 1202 injusto
1385 1146 1443 1186 se
1464 1130 1532 1185 ab
1553 1146 1621 1186 eo
1636 1131 1811 1185 eccle-

184 1218 281 1273 siae
306 1219 476 1274 rebus
523 1219 790 1289 privatos,
825 1225 880 1273 et
920 1219 1050 1289 quia
1108 1218 1566 1273 irrationabiliter
1612 1218 1810 1289 synodi

185 1310 448 1366 mandata
467 1316 813 1377 tractaverat,
834 1310 940 1364 nisi
960 1325 1019 1364 se
1050 1310 1373 1381 corrigeret,
1406 1310 1689 1365 canonica:
1721 1310 1811 1365 ul-

183 1402 356 1457 tionis
381 1402 600 1475 delegat
616 1401 1149 1469 interminationem;
1170 1402 1303 1456 item
1327 1418 1427 1472 pro
1457 1401 1809 1456 ordinatione

185 1494 487 1561 Hincmari,
528 1501 652 1565 post
682 1494 899 1550 obitum
939 1493 1564 1549 ParduliLaudunensis
1595 1493 1813 1563 episco-

185 1586 278 1656 pi;
312 1587 467 1654 item,
498 1602 600 1658 pro
645 1586 914 1641 Adeloldo
951 1585 1274 1657 presbytero
1300 1586 1456 1654 juxta
1477 1585 1809 1639 sententiam

182 1680 385 1751 synodi
443 1680 809 1747 restituendo,
870 1695 969 1751 pro
1030 1694 1141 1751 quo
1208 1678 1419 1734 litteras
1472 1677 1523 1731 ei
1565 1678 1809 1745 miserat,

184 1782 327 1837 quas
356 1766 447 1821 ille
468 1767 692 1837 penitus
742 1767 1137 1822 contemnebat
1166 1784 1180 1833 ;
1222 1766 1353 1821 item
1387 1782 1486 1836 pro
1535 1766 1813 1820 mandatis

184 1859 335 1933 regis
374 1858 633 1914 Ludovici
691 1866 747 1913 et
782 1858 1041 1914 ﬁrmitate
1071 1857 1141 1913 ab
1174 1874 1241 1913 eo
1273 1858 1528 1929 quaesita,
1563 1874 1686 1929 quae
1724 1872 1815 1912 sa-

185 1951 442 2007 cerdotio
494 1966 603 2006 uon
662 1952 1004 2027 congruebat
1035 1969 1049 2017 ;
1083 1952 1215 2007 item
1248 1967 1348 2023 pro
1410 1952 1614 2007 clerico
1645 1967 1811 2023 quem

186 2042 433 2098 mitteret
460 2043 831 2099 ordinandum
856 2044 923 2098 ad
948 2044 1250 2117 regendum
1285 2043 1573 2098 ecclesiam
1607 2043 1661 2096 in
1683 2043 1813 2097 villa

185 2136 355 2190 Turre
393 2134 553 2190 sitam
589 2153 604 2202 ;
636 2136 789 2199 item,
839 2151 938 2207 pro
998 2136 1284 2207 parochia,
1347 2136 1414 2190 de
1445 2152 1552 2207 qua
1579 2141 1811 2190 conten-

189 2228 343 2283 tione
371 2227 640 2301 agebatur
662 2229 808 2283 inter
826 2244 952 2283 eum
995 2234 1049 2282 et
1077 2228 1376 2299 Erpuinum
1419 2227 1813 2298 Sylvanecten-

181 2331 302 2371 sem
343 2314 671 2387 episcopum
705 2316 901 2383 ;item,
969 2316 1117 2371 idem
1161 2331 1284 2370 cum
1340 2315 1462 2369 aliis
1522 2315 1811 2369 Remensis

176 2408 490 2464 dimceseos
519 2407 819 2479 episcopis,
848 2408 919 2462 de
957 2406 1265 2463 Graecorum
1295 2406 1805 2473 adinventiouibus,

179 2518 322 2575 quas
349 2509 548 2557 contra
589 2496 885 2552 canonicas
914 2503 1156 2552 statuere
1182 2496 1532 2551 conabantur
1564 2495 1785 2569 regulas

182 2598 287 2652 Pro
313 2594 521 2668 quibus
571 2598 680 2647 tam
719 2590 786 2645 ad
842 2590 1047 2661 ipsum,
1080 2604 1243 2660 quam
1275 2589 1345 2643 ad
1373 2596 1604 2644 caeteros
1641 2588 1808 2657 hujus

182 2687 344 2759 regni
365 2683 820 2754 archiepiscopos
850 2680 1089 2735 domnus
1114 2680 1387 2734 Adrianus
1418 2694 1567 2759 papa
1597 2678 1810 2732 litteras

183 2778 437 2834 dederat.
472 2776 706 2846 Insuper
734 2781 789 2827 et
842 2771 950 2826 alia
1004 2785 1386 2842 saepenumero
1433 2784 1531 2841 pro
1578 2769 1813 2824 diversis

181 2869 427 2942 negotiis
455 2867 524 2923 ad
552 2882 678 2921 eum
707 2863 912 2935 scripta
940 2863 1166 2918 direxit.
1214 2860 1486 2917 lmmonni
1521 2860 1811 2915 Novioma-

180 2960 652 3036 gensiepiscOpo,
712 2971 811 3028 pro
866 2954 1079 3026 synodo
1140 2951 1588 3024 comprovinciali
1622 2967 1653 3006 a
1682 2966 1812 3026 rege

186 3052 418 3107 Parisiis
452 3051 512 3121 [i,
562 3045 821 3116 Parisius]
868 3044 1146 3112 condicta,
1203 3051 1259 3097 et
1318 3056 1417 3112 pro
1461 3039 1812 3096 ordinatione

186 3141 488 3200 Irminfridi
555 3145 679 3212 post
732 3137 1022 3192 decessum
1065 3132 1416 3190 Hildemanni
1462 3131 1813 3187 Belvacensis

184 3232 433 3305 episcopi
467 3230 661 3297 ;item,
694 3239 795 3297 pro
824 3223 1176 3280 ordinatione
1196 3222 1417 3277 Parduli
1450 3229 1574 3291 post
1594 3220 1805 3276 obitum

183 3320 466 3377 Simeonis
494 3314 877 3373 Laudunensis
905 3332 922 3377 ;
955 3314 1109 3376 item,
1134 3327 1234 3383 pro
1255 3310 1555 3367 consilioet
1603 3308 1807 3363 auxilio

186 3414 371 3470 dando
407 3410 752 3467 Theoderico
783 3405 1163 3462 Cameracensi
1195 3402 1436 3474 praesuli,
1469 3418 1639 3473 super
1668 3415 1807 3471 quo-

185 3507 311 3563 dam
344 3502 732 3567 inobediente,
754 3498 849 3570 qui
873 3498 1044 3552 Deum
1067 3510 1178 3551 non
1193 3494 1440 3558 timebat,
1471 3501 1525 3548 et
1550 3492 1810 3548 ecclesia-

185 3600 386 3656 sticum
447 3592 817 3650 ministerium
877 3604 988 3645 non
1046 3586 1453 3652 reverebatur;
1513 3586 1666 3649 item,
1709 3597 1808 3654 pro

185 3687 427 3761 quodam
452 3682 801 3756 presbytero,
847 3678 936 3734 cui
964 3678 1144 3750 legem
1193 3674 1518 3731 canonicam
1574 3673 1805 3730 concedi

187 3787 415 3844 monet;
449 3776 606 3842 item,
638 3788 740 3846 pro
782 3770 1019 3845 quadam
1074 3768 1301 3828 femina.
1336 3783 1500 3839 quam
1553 3764 1808 3821 indebite

188 3870 442 3943 queritur
459 3862 970 3922 excommunicasse
992 3877 1006 3927 ;
1029 3860 1156 3914 item
1188 3871 1289 3928 pro
1304 3855 1582 3928 colloquio
1595 3854 1809 3926 episco-

187 3962 299 4034 pali
331 3958 614 4015 habendo.
673 3953 917 4025 Erpuino
970 3948 1395 4016 Silvanectensi,
1434 3963 1535 4018 pro
1561 3946 1802 4018 quodam

189 4050 416 4108 homine
435 4063 602 4120 quem
656 4040 1108 4099 irrationabiliter
1148 4038 1217 4093 ab
1249 4053 1317 4093 eo
1356 4036 1808 4093 excommunica-

182 4145 301 4193 tum
331 4143 393 4191 ut
422 4137 787 4205 compererat,
816 4129 1032 4193 intima,
1065 4126 1338 4182 mandans
1364 4132 1424 4180 ut
1456 4124 1676 4181 obviam
1699 4122 1807 4177 sibi

182 4224 394 4288 veniat,
427 4229 484 4277 et
511 4220 648 4293 quid
701 4218 836 4274 inde
897 4216 1104 4272 rectius
1158 4215 1231 4269 sit
1267 4213 1568 4288 agendum,
1618 4227 1806 4267 secum

186 4316 519 4385 pertractet;
559 4309 714 4369 item,
737 4321 840 4378 pro
865 4305 1107 4377 quodam
1130 4302 1454 4375 presbytero
1514 4302 1683 4357 rebus
1726 4317 1813 4356 ec-

185 4398 518 4458 clesiasticis
568 4396 826 4452 indebite
882 4395 1192 4459 frustrato;
1245 4392 1398 4459 item,
1441 4406 1542 4472 pro
1573 4389 1812 4462 quodam

186 4493 418 4557 clerico,
450 4490 547 4562 qui
575 4504 634 4544 se
657 4486 1041 4561 praajudicium
1087 4484 1157 4539 ab
1191 4498 1258 4540 eo
1279 4482 1393 4555 pati
1429 4484 1763 4539 clamaverat
1795 4498 1811 4547 ;

188 4581 350 4645 item,
387 4593 489 4649 pro
504 4575 782 4632 mandatis
802 4574 1027 4629 Adriani
1058 4588 1215 4644 papae
1238 4571 1308 4627 de
1348 4577 1651 4643 praenotato
1678 4585 1811 4641 pre-

1916 674 2150 742 Domini,
2179 675 2265 730 vel
2297 675 2350 729 in
2381 676 2587 731 Pascha
2615 673 2818 729 debeat
2859 673 3009 728 illum
3041 673 3335 729 admittere
3357 674 3426 728 ad
3440 690 3534 729 au-

1913 769 2179 824 diendum
2212 786 2427 824 sacrum
2459 768 2727 835 ofﬁcium,
2761 768 2848 823 vel
2876 768 3256 840 accipiendam
3284 785 3532 823 commu-

1913 862 2159 929 nionem,
2191 869 2245 917 et
2266 863 2396 933 quid
2430 862 2539 917 sibi
2560 861 2815 917 videatur
2839 860 2907 915 de
2960 861 3238 915 sententia
3273 860 3536 922 Ezechie-

1913 956 1978 1011 lis
2010 957 2291 1027 prophetze
2319 973 2427 1028 qua
2457 956 2659 1011 dicitur
2688 973 2701 1009 :
2733 958 2797 1011 In
2827 971 3149 1025 quacunque
3205 957 3294 1010 die
3332 956 3536 1010 cecide—

1909 1049 1985 1101 rit
2005 1048 2213 1117 justus,
2242 1062 2419 1101 omnes
2442 1047 2679 1117 justitiw
2698 1046 2814 1115 ejus
2843 1049 2899 1100 in
2929 1047 3197 1100 oblivione
3222 1046 3533 1101 tradentur:

1910 1146 1959 1195 et
1983 1156 2303 1210 quacunque
2331 1141 2419 1193 die
2440 1144 2687 1209 peccator
2715 1155 2998 1196 conversus
3028 1141 3198 1206 fuerit
3225 1156 3403 1194 omnes
3423 1142 3531 1194 ini-

1911 1234 2143 1301 quitates
2165 1233 2281 1301 ejus
2314 1233 2603 1286 tradentur
2622 1233 2880 1285 oblivioni
2907 1232 3118 1300 (Ezech.
3148 1236 3325 1297 xvm).
3355 1232 3461 1285 Sed
3485 1238 3538 1286 et

1912 1324 1983 1378 dc
2012 1323 2412 1379 consuetudine
2434 1338 2607 1378 coenae
2631 1322 2845 1377 Domini
2877 1322 3245 1377 celebrandae.
3286 1323 3417 1377 Item
3435 1337 3532 1394 pro

1914 1414 2167 1469 ecclesiis
2183 1413 2332 1468 sedis
2361 1414 2650 1469 Remensis
2678 1414 2736 1468 in
2766 1414 2943 1484 ipsius
2970 1414 3199 1469 dimcesi
3230 1414 3370 1480 sitis,
3403 1431 3540 1485 quas

1914 1506 2009 1559 ille
2074 1506 2235 1560 aliter
2289 1505 2556 1560 tractabat
2615 1521 2780 1576 quam
2835 1505 3139 1576 episc0pali
3207 1506 3531 1560 conveniret

1914 1597 2181 1669 aequitati,
2213 1602 2273 1651 ut
2292 1596 2360 1651 de
2393 1596 2478 1652 his
2505 1603 2558 1651 et
2594 1596 2663 1650 de
2694 1596 2818 1651 aliis
2871 1612 2994 1668 quae
3018 1596 3133 1666 ipse
3155 1595 3421 1651 audiebat
3459 1597 3539 1651 si-

1914 1689 2026 1742 mul
2058 1688 2441 1759 loquerentur,
2502 1690 2802 1743 exhortans
2860 1694 2919 1742 ut
2973 1687 3298 1743 alterutrum
3348 1704 3408 1742 se
3442 1688 3535 1742 in-

1914 1786 2214 1843 struerent,
2265 1786 2320 1833 et
2378 1778 2608 1833 Domino
2662 1787 2855 1833 mutuo
2899 1779 3372 1835 commendarent.
3437 1779 3537 1833 Pro

1918 1884 2028 1939 qua
2059 1885 2116 1922 re
2142 1867 2346 1922 librum
2379 1883 2600 1939 quoque
2653 1866 2943 1939 scripsisse
2977 1869 3270 1939 reperitur.
3307 1868 3539 1925 l‘ardulo

1920 1961 2276 2016 Laudunensi
2310 1959 2573 2032 episcopo
2601 1961 2797 2016 scribit
2821 1977 2920 2032 pro
2942 1961 3170 2016 transitu
3192 1962 3381 2018 domni
3404 1964 3539 2020 Ebo-

1915 2056 2004 2111 nis
2033 2055 2401 2111 antecesseris
2432 2056 2540 2122 sui,
2599 2063 2659 2110 ut
2715 2055 2793 2110 illi
2824 2056 3184 2112 sacerdotalis
3214 2057 3535 2132 benignitas

1914 2151 2096 2223 plenis
2126 2152 2394 2207 charitate
2424 2152 2567 2223 votis
2598 2151 2797 2207 debeat
2850 2152 3120 2207 exhiberi.
3166 2155 3299 2208 Item
3346 2155 3415 2208 de
3447 2171 3537 2209 re-

1912 2240 2303 2295 conciliatione
2328 2239 2595 2294 Luidonis
2636 2239 3076 2307 inconvenienti,
3119 2241 3268 2312 quod
3296 2256 3405 2296 non
3434 2258 3537 2313 po-

1914 2331 2080 2386 tuerit
2106 2331 2171 2384 ad
2197 2346 2316 2384 eam
2342 2329 2717 2401 peragendam
2749 2330 3187 2398 adulationibus,
3227 2332 3313 2386 vel
3336 2348 3536 2403 expro-

1912 2419 2262 2475 brationibus
2290 2419 2573 2475 hominum
2607 2420 2996 2491 insipientium
3028 2420 3247 2476 deﬂecti
3286 2440 3297 2475 :
3339 2438 3535 2478 corro-

1910 2512 2115 2568 borans
2142 2528 2270 2567 eum
2296 2512 2363 2566 ad
2393 2512 2781 2567 rectitudinem
2815 2512 3190 2584 episc0palem
3221 2514 3532 2569 divinarum

1912 2606 2244 2662 testimoniis
2268 2606 2694 2677 Scripturarum,
2713 2614 2774 2661 ut
2812 2624 2913 2677 per
2933 2608 3278 2663 auctoritatis
3314 2609 3535 2681 gradia-

1911 2706 2000 2754 tur
2027 2700 2194 2766 viam,
2219 2706 2273 2754 et
2304 2699 2437 2770 quid
2462 2699 2513 2753 ei
2539 2700 2607 2753 de
2631 2700 2857 2771 praefato
2888 2700 2961 2754 sit
2987 2702 3265 2774 agendum
3284 2701 3532 2757 Luidone

1910 2793 2253 2869 signiﬁcans;
2286 2795 2418 2849 item
2452 2810 2551 2865 pro
2574 2795 2768 2850 eadem
2788 2812 2846 2851 re
2872 2813 2887 2862 ;
2920 2796 3074 2864 item,
3098 2797 3168 2851 de
3199 2798 3535 2871 recognitio-

1914 2903 2004 2954 ne,
2028 2887 2507 2953 humiliatione,et
2536 2886 2887 2943 absolutione
2913 2888 3089 2944 Fulcri
3127 2907 3142 2953 ;
3166 2889 3318 2956 item,
3342 2890 3412 2943 de
3430 2890 3531 2944 ab-

1912 2981 2189 3037 solutione
2210 2982 2522 3050 cujusdam,
2542 2982 2835 3053 requirens
2856 2982 3033 3052 ipsius
3048 2983 3340 3038 consilium
3363 3002 3376 3050 ;
3400 2984 3531 3038 item

1913 3071 2224 3140 dejejunio
2254 3088 2285 3125 a
2332 3071 2525 3144 regina
2581 3072 2891 3137 mandato;
2936 3071 3067 3126 item
3113 3073 3182 3127 de
3231 3072 3528 3128 inﬁrmita-

1915 3174 1970 3219 te
1999 3172 2055 3219 et
2084 3164 2469 3219 humiliatione
2502 3164 2736 3219 Rothadi
2767 3165 3105 3232 Suessonici,
3156 3173 3211 3220 et
3235 3165 3305 3221 de
3344 3168 3532 3222 consi-

1839 3259 1984 3331 Clio
2011 3260 2161 3331 quod
2193 3259 2246 3314 ei
2284 3259 2535 3327 dederat,
2584 3267 2646 3314 ut
2693 3258 2829 3314 illud
2884 3260 2943 3315 in
2982 3276 3050 3317 eo
3095 3262 3441 3329 corroboret,
3475 3270 3531 3317 et

1908 3352 1976 3406 ab
2007 3350 2426 3421 obsequendum
2481 3351 2786 3420 prudenter
2844 3353 3165 3409 exhortetur
3198 3373 3212 3420 ;
3245 3354 3373 3411 item
3428 3373 3528 3427 pro

1909 3456 2064 3506 auro,
2096 3440 2243 3511 quod
2265 3440 2315 3494 ei
2371 3439 2648 3507 mittebat,
2709 3458 2809 3511 per
2845 3458 2970 3498 eum
3003 3446 3209 3518 reginae
3241 3446 3529 3505 offerendo

1910 3536 1979 3589 ad
2009 3534 2453 3605 componendum
2485 3535 2765 3605 quoddam
2797 3536 2892 3591 Dei
2920 3537 3531 3597 Genitricisornamen-

1911 3635 2025 3683 tum
2061 3644 2075 3693 ;
2101 3627 2228 3682 item
2261 3626 2331 3681 de
2361 3626 2631 3697 opusculo
2657 3627 2870 3683 Ferculi
2888 3629 3200 3688 Salomonis
3224 3650 3255 3687 a
3284 3650 3342 3688 se
3375 3650 3529 3689 com-

1909 3716 2111 3787 posito,
2141 3715 2288 3786 quod
2320 3713 2371 3769 ei
2420 3714 2652 3789 legerat,
2695 3716 2940 3789 rogitans
2978 3720 3112 3790 quid
3143 3720 3251 3776 sibi
3281 3722 3531 3778 videatur

1908 3810 1979 3864 de
2010 3809 2105 3865 illo
2137 3809 2233 3880 (De
2252 3809 2345 3863 hoc
2371 3824 2562 3878 supra,
2578 3825 2699 3879 cap.
2735 3810 2839 3879 15}.
2868 3812 3001 3867 Item
3031 3829 3132 3884 pro
3147 3814 3390 3870 Ecclesia
3408 3816 3526 3872 Mo-

1909 3899 2017 3954 rini
2036 3906 2266 3954 vacante
2302 3906 2548 3969 pastore,
2600 3904 2660 3953 ut
2710 3898 2841 3954 inde
2873 3916 3000 3955 cum
3058 3918 3190 3975 rege
3238 3904 3519 3975 loquatur,

1906 3987 2165 4060 qualiter,
2194 3986 2316 4058 ipsa
2345 3986 2544 4042 electio
2570 3985 2674 4043 rite
2707 3997 3020 4063 peragatur,
3054 3997 3109 4046 et
3137 4007 3235 4062 pro
3275 3993 3434 4050 libris
3465 3994 3521 4050 S.

1907 4079 2179 4134 Ambrosii
2202 4079 2271 4133 de
2310 4076 2418 4132 ﬁde
2461 4077 2569 4133 sibi
2622 4078 2930 4136 mittendis.
2966 4082 3281 4139 lrminfrido
3337 4086 3526 4141 Bclva-

1908 4170 2080 4233 censi,
2116 4185 2216 4241 pro
2249 4169 2521 4225 electione
2570 4170 2805 4245 pastoris
2836 4171 3092 4228 Ecclesiae
3114 4172 3523 4243 Ambianensis,

1910 4261 2177 4318 canonice
2215 4260 2601 4327 consecrandi,
2642 4272 2769 4333 post
2816 4262 3030 4319 obitum
3054 4264 3346 4338 Ragenarii
3388 4284 3530 4338 prae-

1912 4357 2091 4424 sulis;
2133 4356 2287 4423 item,
2357 4372 2457 4428 pro
2504 4356 2869 4431 gubernanda
2927 4360 3233 4429 prudenter
3272 4361 3527 4418 Ecclesiae

1914 4450 2065 4517 navi,
2095 4464 2218 4520 quae
2250 4448 2308 4502 in
2330 4448 2435 4503 hoc
2467 4448 2800 4524 naufragoso
2858 4451 3044 4506 saculi
3077 4453 3216 4507 mari
3265 4452 3410 4510 inter
3440 4455 3529 4510 in-

1917 4544 2119 4599 testina
2155 4543 2582 4599 concutiebatur
2624 4544 2791 4600 bella.
2841 4545 3018 4601 Eboni
3060 4547 3325 4620 episcopo
3348 4552 3530 4607 eccle-

187 4632 465 4743 sbytero;
494 4668 646 4734 item,
677 4682 776 4739 pro
824 4632 1086 4721 mandato
1116 4632 1266 4739 regis
1294 4632 1619 4737 regulariter
1646 4632 1809 4718 esse-
1830 4632 1890 4701 D
1913 4641 2021 4743 Sig"
2050 4640 2345 4743 “PmnenSiS‘
2371 4640 2617 4743 Mummi.
2648 4656 2773 4743 PFO.
2811 4642 3054 4743 quodam
3096 4643 3263 4700 fratre
3306 4646 3375 4700 ab
3426 4648 3530 4704 hac

187 4758 437 4833 quendo.
470 4758 621 4829 Lupo
642 4754 1050 4819 Catalaunensi,
1080 4768 1181 4824 pro
1207 4752 1422 4823 synodo
1454 4751 1809 4817 celebranda;

189 4855 351 4919 item,
374 4866 475 4922 pro
504 4850 768 4922 quodam,
809 4846 905 4920 qui
931 4847 1063 4903 dolo
1105 4844 1376 4916 deceptus
1405 4843 1602 4909 fuerat,
1633 4851 1692 4899 ut
1720 4842 1812 4897 in-

189 4943 403 4999 fantem
434 4939 721 5011 proprium
751 4936 821 4993 ad
877 4933 1331 4991 catechizandum
1368 4939 1584 4990 teneret
1614 4949 1628 4999 ;
1657 4932 1811 5001 item,

191 5037 331 5112 quid
362 5036 433 5092 de
454 5036 558 5091 hac
587 5050 645 5091 re
700 5032 947 5106 synodus
972 5029 1297 5088 decreverit.
1334 5028 1431 5085 Cui
1460 5029 1627 5085 etiam
1650 5030 1812 5085 testi-

192 5133 445 5191 monium
472 5131 636 5189 boum
662 5130 789 5187 vita:
820 5129 1079 5201 perbibet
1107 5128 1165 5183 in
1206 5126 1463 5199 epistola,
1490 5142 1655 5199 quam
1678 5127 1817 5183 scri-

194 5230 305 5304 psit
329 5234 458 5301 post
484 5228 699 5285 obitum
722 5225 897 5297 ipsius
935 5225 1003 5280 ad
1029 5228 1218 5301 regem
1242 5222 1499 5280 Karolum
1522 5238 1623 5295 pro
1645 5223 1818 5295 impe-

194 5324 392 5381 tranda
447 5323 725 5379 electione
778 5319 1016 5396 regulari
1094 5318 1354 5375 Ecclesiae
1406 5317 1815 5374 Calalaunensi.

194 5417 501 5474 Prudentio
531 5414 857 5471 Trecassino
886 5412 1158 5480 scribens,
1200 5410 1466 5483 quaeritur
1508 5426 1679 5483 quare
1708 5409 1815 5466 sibi

196 5506 553 5579 praesentiam
585 5519 743 5560 suam
793 5501 1104 5567 subtrahat,
1141 5498 1462 5571 signiﬁcans
1508 5515 1569 5553 se
1623 5497 1694 5552 ab
1752 5513 1818 5554 eo

197 5594 494 5652 consilium
540 5604 791 5665 querere
836 5589 981 5645 velle
1019 5589 1089 5643 de
1111 5593 1254 5644 statu
1307 5595 1363 5643 et
1407 5586 1822 5658 compressione

199 5687 563 5753 Gotbescalci,
600 5684 869 5741 intimans
893 5682 1043 5755 quod
1092 5682 1162 5738 de
1189 5681 1311 5753 ipso
1354 5687 1535 5738 actum
1567 5680 1653 5736 vel
1671 5680 1825 5750 judi-

198 5787 376 5836 catum
408 5778 593 5834 fuerat
618 5775 677 5831 in
718 5775 957 5847 synodo,
1006 5788 1117 5846 quo
1145 5789 1272 5829 eum
1302 5773 1575 5830 reclusum
1601 5771 1827 5829 tenebat

191 5874 429 5945 judicio,
459 5878 516 5927 et
535 5871 670 5943 quia
689 5869 880 5925 multis
904 5869 1085 5923 modis
1098 5884 1227 5924 eum
1244 5868 1493 5925 converti
1511 5867 1826 5933 tentaverit,

1911 4730 2147 4787 ecclesia
2175 4729 2304 4805 fuga
2332 4730 2509 4801 lapso,
2542 4737 2599 4786 et
2627 4731 2775 4802 apud
2810 4731 2988 4803 ipsum
3036 4743 3440 4803 commorante,
3469 4745 3531 4792 ut

1912 4822 2242 4895 quantocius
2265 4822 2421 4877 illum
2474 4822 2729 4897 diligenti
2784 4841 2915 4880 cura
2957 4826 3243 4882 remittere
3263 4828 3528 4897 studeat;

1913 4916 2044 4971 item
2066 4930 2167 4986 pro
2189 4914 2542 4971 ordinatione
2572 4915 2721 4971 lsaac
2750 4916 2806 4971 in
2820 4917 3140 4989 episcOpatu
3171 4919 3529 4992 Lingonensi,

1916 5014 1975 5063 ut
2000 5007 2323 5062 exhortetur
2343 5006 2656 5081 Remigium
2679 5008 3160 5080 archiepiscopum
3177 5011 3243 5064 ad
3273 5012 3530 5069 eamdem

1913 5099 2325 5155 ordinationem
2406 5100 2803 5175 peragendam.
2866 5100 3208 5159 Theodorico
3276 5104 3533 5163 Camera-

1916 5187 2093 5255 censi,
2125 5204 2226 5259 pro
2251 5188 2492 5260 quodam
2539 5188 2782 5244 Hectone
2834 5188 3071 5245 Lotharii
3096 5192 3244 5268 regis
3270 5195 3532 5265 vassallo,

1918 5276 2007 5333 cui
2045 5276 2327 5331 communi
2386 5292 2661 5332 consensu
2715 5277 3102 5348 paenitentiam
3154 5281 3534 5353 injunxerant,

1919 5365 2013 5437 qui
2037 5381 2095 5419 se
2122 5365 2439 5420 absolutum
2475 5382 2507 5419 a
2544 5365 2773 5436 prazfato
2815 5366 3159 5425 Theoderico
3191 5369 3360 5428 fuisse
3401 5373 3540 5431 fate-

1918 5458 2103 5525 batur,
2132 5463 2186 5511 et
2211 5472 2311 5528 pro
2329 5457 2570 5528 quodam
2592 5457 2942 5529 presbytero,
2997 5476 3162 5532 quem
3186 5462 3333 5520 idem
3353 5465 3539 5523 Theo-

1922 5546 2146 5601 dericus
2184 5546 2779 5611 excommunicaverat,
2813 5564 2909 5618 pro
2943 5566 3053 5621 quo
3086 5568 3231 5624 papa
3264 5554 3545 5613 Romanus

1925 5637 2130 5693 domno
2172 5635 2462 5692 Hincmaro
2494 5636 2705 5695 litteras
2758 5639 2994 5709 miserit,
3022 5658 3161 5715 quas
3210 5645 3331 5718 ipse
3361 5646 3545 5704 eidem

1925 5730 2267 5787 Theoderico
2315 5730 2589 5788 mittebat.
2648 5733 2784 5790 Item
2828 5751 2929 5807 pro
3004 5738 3216 5809 praefati
3292 5739 3552 5798 Hectonis

1935 5820 2083 5894 [ms.,
2141 5822 2408 5894 llettonis]
2463 5824 2816 5882 absolutione
2857 5844 2873 5894 ;
2918 5827 3052 5883 item
3093 5845 3195 5900 pro
3244 5830 3412 5886 rebus
3443 5831 3549 5885 Re-

1934 5912 2146 5967 mensis
2172 5911 2451 5979 Ecclesize,
2479 5930 2620 5984 quas
2645 5914 2753 5971 sibi
2796 5932 2898 5986 per
2926 5917 3265 5986 praestariam
3293 5917 3551 5972 Theode—
