3912 6400
371 412 476 468 207

1486 398 1856 457 FLODOARDI
1896 395 2202 454 CANONICI
2242 400 2571 456 REMENSIS

3601 404 3710 460 208

375 539 523 595 ricus
551 537 850 609 episcopus
875 534 1118 609 delegari
1146 530 1583 605 petebat;item,
1615 542 1716 598 pro
1756 524 1975 581 ordina—
2012 530 2060 593 Λ
2088 533 2195 581 tem
2252 544 2407 584 suam
2462 536 2816 601 respuentem
2871 544 3056 585 coram
3109 529 3298 586 multis
3350 531 3702 587 sustinuerit.

376 628 529 684 tione
552 626 805 681 Hunfridi
836 626 890 680 in
920 625 1241 695 episcopatu
1268 620 1500 685 Morini;
1534 618 1665 672 item
1694 631 1794 687 pro
1838 613 1990 670 ordi-

375 719 603 774 natione
637 714 905 771 Ercamrai
939 722 1061 785 post
1106 712 1393 766 decessum
1426 707 1561 778 Lupi
1596 703 1995 760 Catalamensis

377 813 629 886 episcopi
668 810 860 877 ;item,
893 807 1209 863 deadventu
1228 800 1986 866 LudoviciTransrhenensis,

377 903 507 976 quia
522 901 709 955 Remis
738 896 973 961 venerit,
1006 903 1061 949 et
1086 894 1218 965 quid
1248 892 1445 966 egerit,
1474 890 1677 963 quidve
1701 888 1810 945 sibi
1850 905 1991 959 prae-

377 994 625 1066 ceperit;
660 992 811 1057 item,
871 1003 969 1059 pro
1031 986 1319 1050 Balduino,
1370 983 1467 1057 qui
1519 983 1742 1039 viduam
1795 979 1987 1036 Iudith

378 1088 546 1143 tiliam
573 1084 722 1159 regis
748 1080 927 1137 Karoli
956 1078 1171 1135 furatus
1210 1077 1409 1144 fuerat,
1437 1082 1499 1132 ut
1539 1073 1678 1131 sciat
1700 1090 1827 1129 eum
1858 1089 1891 1128 a
1928 1089 1989 1128 se

375 1176 480 1231 sub
501 1175 851 1230 anathemate
894 1169 1159 1241 positum,
1208 1175 1264 1223 et
1285 1165 1339 1221 id
1369 1181 1469 1238 per
1510 1180 1667 1219 suam
1699 1160 1995 1218 denuntiet

376 1265 690 1338 parochiam
744 1280 758 1328 ;
805 1261 961 1327 item,
1011 1273 1112 1329 pro
1179 1256 1419 1330 quodam
1451 1296 1466 1322 ,
1544 1254 1637 1327 qui
1695 1251 1991 1326 quamdam

376 1353 641 1410 feminam
685 1351 741 1406 in
772 1348 1149 1406 concubinatu
1206 1344 1462 1416 accipere
1489 1358 1787 1415 persuasus
1812 1339 1993 1395 fuerat

376 1463 408 1501 a
459 1454 615 1518 patre
679 1441 857 1515 ipsius
912 1440 1131 1512 puellae.
1187 1437 1451 1493 Folcuino
1506 1432 1830 1501 Morinensi,
1888 1446 1991 1503 pro

376 1537 615 1609 quodam
662 1533 988 1607 presbytero
1034 1530 1211 1602 ipsius
1249 1529 1529 1595 ordinato,
1596 1525 1689 1598 qui
1721 1522 1995 1580 clamabat

377 1626 636 1695 injuriam
659 1639 720 1680 se
739 1622 851 1694 pati
885 1621 954 1676 ab
987 1621 1232 1676 Immone
1261 1617 1517 1689 praesule,
1549 1615 1797 1688 petitque
1828 1614 1991 1669 simul

2097 618 2442 693 Corripitque
2464 637 2611 689 eum,
2639 621 2771 694 quia
2800 637 3083 693 nunquam
3114 637 3173 675 se
3211 636 3615 694 recognoscere
3633 622 3705 677 de

2094 709 2280 782 aliqua
2302 712 2484 782 culpa,
2518 712 2616 766 sed
2670 728 2892 782 semper
2919 728 2977 767 se
3024 711 3323 767 defendere
3354 711 3604 782 parabat,
3636 712 3706 765 de

2095 804 2288 859 habitu
2310 822 2551 877 quoque,
2573 807 2810 870 incessu,
2834 806 2970 873 risu,
2998 805 3349 875 juramentis,
3390 804 3705 876 impatienti

2093 894 2392 962 locutione,
2428 898 2508 952 ira
2536 897 2829 969 praecipiti,
2873 904 2928 954 et
2957 897 3081 953 aliis
3118 897 3307 953 multis
3336 914 3351 962 ;
3384 896 3539 965 item,
3572 897 3705 969 quia

2093 996 2283 1041 contra
2338 997 2650 1045 sanctarum
2741 991 3145 1062 Scripturarnm
3203 990 3477 1047 tramitem
3541 1003 3709 1044 causa

2092 1096 2203 1135 sum
2230 1078 2445 1149 injuriae
2475 1082 2531 1136 in
2571 1082 2845 1154 parochite
2884 1100 2997 1139 suae
3047 1084 3458 1158 gubernatione
3512 1096 3706 1136 exces-

2093 1183 2257 1241 serat,
2290 1182 2351 1230 ut
2380 1176 2499 1231 haec
2560 1178 2839 1253 corrigere
2898 1179 3136 1241 studeat,
3193 1178 3504 1233 admonens
3571 1191 3698 1231 eum

2092 1265 2313 1337 qualem
2341 1281 2402 1322 se
2431 1267 2635 1325 debeat
2661 1268 2928 1325 exhibere
2955 1270 3142 1324 verbis
3160 1269 3405 1341 Apostoli
3427 1268 3497 1323 ad
3517 1266 3705 1322 Timo-

2093 1360 2281 1415 theum
2308 1378 2321 1415 :
2352 1361 2508 1429 item,
2566 1363 2634 1419 de
2683 1364 2923 1436 quodam
2989 1364 3299 1437 sacrilegio,
3332 1373 3388 1420 et
3423 1380 3456 1419 a
3479 1379 3540 1418 se
3569 1378 3706 1434 pro-

2093 1451 2403 1507 sceleribus
2431 1451 2928 1521 excommunicato,
2987 1454 3135 1525 quod
3190 1452 3267 1507 illi
3327 1469 3415 1509 res
3443 1451 3712 1508 ecclesia—

2094 1544 2258 1597 sticas
2285 1542 2354 1597 ad
2381 1542 2556 1613 turpis
2607 1543 2743 1598 lucri
2793 1544 3079 1614 praemium
3134 1544 3392 1610 dederit;
3425 1544 3578 1611 item,
3608 1559 3711 1615 pro

2097 1637 2326 1694 Hadulfo
2356 1639 2595 1710 quodam
2624 1639 2799 1710 ipsius
2848 1640 3050 1697 clerico
3106 1648 3326 1713 petens,
3358 1656 3524 1712 quem
3560 1638 3707 1694 idem

376 1715 641 1787 reliquias
669 1710 1054 1811 sanctorumin
1075 1707 1375 1810 Morinensi
1407 1705 1671 1807 parochia
1700 1704 1991 1812 quiescam-.-
2021 1745 2068 1812 Β
2095 1704 2420 1786 Ηίηοῐηδνάε
2479 1704 3053 1788 Θχοοῐίιωηηίοᾶνεηι
3092 1704 3122 1794 ς’
3149 1704 3323 1797 item"
3362 1704 3431 1784 de
3472 1727 3712 1799 epistola

377 1807 515 1861 tium
546 1804 654 1859 sibi
681 1802 845 1869 mitti,
893 1800 1022 1873 quia
1077 1799 1134 1854 in
1166 1797 1582 1854 consecratione
1611 1794 1862 1850 ecclesiae
1895 1794 1988 1848 Dei

376 1894 676 1950 Gcnitricis
704 1893 874 1948 altare
895 1892 963 1947 ab
989 1891 1112 1962 ipso
1146 1888 1411 1946 Folcuino
1442 1885 1910 1950 consecrandum,
1939 1891 1995 1937 et

378 2005 446 2043 ex
473 1987 650 2058 ipsius
689 1984 962 2058 parochiae
1006 1981 1258 2054 reliquiis
1298 1979 1681 2036 honorandum
1717 1992 1996 2050 praepara-

380 2080 494 2134 bat.
563 2076 840 2130 Bainnero
886 2072 1150 2144 episcopo
1202 2085 1306 2142 pro
1345 2067 1585 2141 quodam
1645 2066 1993 2138 presbytero,

379 2183 547 2240 quem
578 2166 758 2221 Notho
802 2162 1255 2234 archiepiscopus
1285 2160 1641 2227 Arelatensis,
1687 2159 1737 2213 ei
1792 2156 1996 2212 litteris

379 2258 721 2313 indicaverat
749 2253 1027 2322 abjectum
1057 2252 1344 2319 canonice,
1376 2259 1431 2307 et
1453 2249 1993 2307 excommunicatum

379 2365 411 2403 a
440 2346 677 2419 synodo,
709 2344 883 2399 altero
934 2342 1255 2415 presbytero
1283 2341 1341 2396 in
1369 2342 1490 2411 ejus
1515 2341 1639 2397 loco
1669 2340 1993 2395 constituto.

378 2437 516 2512 Agio
538 2437 702 2509 (Agio
732 2437 942 2507 Aurel.)
972 2435 1237 2507 episcopo
1277 2449 1376 2505 pro
1409 2432 1577 2487 rebus
1601 2430 1856 2486 Ecclesiae
1886 2429 1999 2483 Re-

378 2528 586 2582 mensis
617 2528 674 2581 in
708 2526 1003 2599 Aquitania
1022 2523 1464 2595 conjacentibus.
1505 2521 1721 2577 Abboni
1752 2520 1998 2576 Antisio-

378 2619 629 2687 dorensi,
678 2634 777 2691 pro
810 2617 1107 2673 Heriboldo
1158 2615 1395 2687 praesule
1424 2613 1710 2677 defuncto,
1744 2612 1840 2683 qui
1872 2611 1995 2666 cui-

378 2713 504 2766 dam
544 2711 697 2766 fratri
740 2725 1033 2781 apparens,
1096 2707 1386 2763 admonuit
1430 2707 1499 2762 de
1529 2707 1903 2778 eleemosyna,
1940 2712 1995 2760 et

378 2803 747 2869 orationibus,
780 2809 944 2873 atque
991 2799 1372 2856 oblationibus
1421 2814 1522 2870 pro
1552 2816 1612 2854 se
1662 2797 1989 2855 oﬁerendis.

376 2892 561 2948 Encas
591 2892 948 2958 Parisiorum,
979 2904 1080 2961 pro
1112 2888 1364 2944 Rothado
1385 2887 1759 2951 Suessionico,
1782 2887 1853 2942 de
1884 2903 1995 2959 quo

378 2982 631 3054 quaedam
673 2978 1123 3037 inconvenientia
1172 2978 1319 3049 apud
1373 2992 1559 3051 regem
1587 2976 1849 3031 ventilata
1877 2976 1994 3032 fue-

379 3078 523 3138 rant,
544 3078 599 3126 et
628 3087 722 3126 rex
771 3069 1029 3125 eumdem
1078 3067 1304 3123 Eneam
1336 3082 1460 3122 cum
1515 3066 1762 3121 Immone
1790 3066 1996 3122 Novio-

380 3162 629 3237 magensi
658 3161 728 3217 ad
752 3161 873 3217 haec
910 3159 1257 3216 discutienda
1303 3157 1599 3233 dirigebat.
1635 3158 1907 3213 Almarico
1930 3158 1994 3229 [j,

378 3254 670 3325 Almerico]
705 3253 994 3309 Cumensis
1025 3253 1282 3309 Ecclesiae
1313 3251 1557 3323 praesuli,
1590 3266 1692 3323 pro
1714 3251 1996 3323 Egilberto

380 3350 618 3404 diacono
658 3346 982 3403 monasterii
1020 3345 1198 3400 sancti
1232 3346 1468 3422 Remigii
1502 3345 1795 3412 monacho,
1829 3361 1993 3417 quem

379 3440 563 3495 eidem
582 3438 850 3508 episcopo
882 3436 937 3490 id
967 3434 1177 3506 petenti
1200 3435 1269 3489 ad
1297 3434 1691 3503 ordinandum,
1722 3440 1778 3489 et
1801 3440 2003 3507 regem

378 3529 511 3584 dum
533 3526 829 3583 committit

985 3614 1192 3670 CAPUT
1221 3613 1383 3669 XXII.

380 3730 512 3796 Qum
538 3731 902 3784 instrumenta
946 3731 1089 3792 vitm,
1120 3728 1204 3780 vel
1253 3726 1662 3792 redarguttones
1704 3727 1994 3780 Hincmaro

864 3801 1047 3868 nepoti
1072 3814 1168 3852 suo
1196 3800 1477 3866 scripserit

453 3909 743 3963 Hincmaro
774 3906 963 3977 nepoti
1004 3921 1105 3961 suo
1121 3904 1473 3959 Laudnnensi
1499 3904 1786 3982 episcopo,
1819 3902 1875 3956 in
1906 3917 1996 3958 or-

377 3998 680 4055 dinationis
704 3997 879 4067 ipsius
937 3995 1118 4061 initio,
1177 3995 1455 4049 instruens
1480 4003 1536 4048 et
1560 3993 1804 4049 edocens
1842 4010 1993 4060 eum,

377 4090 616 4164 qualiter
664 4090 821 4158 juxta
867 4087 1189 4142 canonicam
1239 4085 1623 4140 auctoritatem
1658 4127 1674 4152 ,
1730 4085 1995 4140 commis-

377 4202 494 4241 sam
522 4184 629 4239 sibi
659 4190 892 4238 tractare
934 4182 1165 4235 deberet
1235 4178 1531 4234 Ecelesiam
1559 4196 1572 4242 ;
1606 4179 1761 4247 item,
1802 4180 1997 4233 admo-

379 4291 537 4339 nens,
594 4282 655 4327 ut
708 4270 998 4343 provideat
1056 4285 1126 4323 ne
1180 4268 1624 4340 conspirationes
1694 4269 1839 4324 inter
1882 4268 1990 4323 sibi

376 4365 661 4435 subjectos
684 4363 933 4419 adoleret
966 4379 979 4415 :
1030 4360 1127 4415 scd
1160 4368 1215 4415 et
1244 4361 1288 4414 si
1344 4369 1547 4416 exortte
1578 4360 1833 4428 fuissent,
1867 4375 1990 4415 mox

378 4457 609 4513 rationis
682 4453 1066 4511 moderatione
1140 4453 1579 4516 succiderentur,
1632 4460 1725 4509 aut
1771 4452 1877 4507 sibi
1947 4452 1991 4505 si

2096 1842 2251 1897 papae
2277 1826 2499 1881 Adriani
2541 1826 2610 1881 ad
2656 1825 2925 1897 quosdam
2957 1824 3254 1895 episcOpos
3294 1839 3395 1894 per
3416 1838 3542 1878 eum
3572 1820 3713 1875 diri-

2094 1919 2275 1991 genda
2302 1936 2316 1984 ;
2343 1919 2495 1985 item,
2530 1934 2629 1990 pro
2647 1919 3017 1991 dispositione
3034 1917 3400 1992 quarumdam
3433 1917 3713 1989 parochite

2096 2025 2209 2066 suae
2237 2010 2726 2066 ecclesiasticarum
2758 2028 2964 2069 rerum.
3015 2019 3076 2066 ut
3105 2011 3236 2066 inde
3255 2008 3342 2064 vel
3375 2008 3444 2063 ad
3477 2009 3712 2079 provin-

2099 2104 2292 2159 cialem
2324 2111 2642 2175 expectaret
2674 2104 2946 2176 synodum
2973 2123 2988 2170 ;
3022 2105 3172 2171 item,
3205 2120 3303 2176 pro
3331 2104 3717 2159 excommuni-

2098 2193 2313 2249 catione
2335 2192 2707 2255 Karlomanni,
2752 2193 2903 2249 unde
2925 2192 3154 2248 obedire
3181 2192 3285 2263 ipsi
3310 2191 3553 2258 nolebat,
3584 2208 3715 2248 eum

2098 2300 2247 2355 saepe
2272 2298 2652 2348 commonens,
2684 2287 2743 2336 ut
2774 2281 3179 2337 contumaciam
3236 2296 3352 2335 sum
3382 2281 3583 2337 mentis
3614 2284 3718 2337 de-

2099 2382 2352 2447 poneret,
2382 2383 2437 2429 et
2487 2374 2554 2428 ad
2623 2372 3042 2429 obaudiendum
3090 2372 3220 2441 sibi,
3251 2387 3352 2428 ceu
3383 2371 3496 2440 jam
3527 2384 3714 2424 coram

2099 2464 2289 2520 multis
2316 2463 2552 2518 testibus
2580 2462 2866 2534 professus
2880 2461 3131 2517 fueratin
3152 2461 3365 2533 synodo
3393 2467 3560 2532 atque
3579 2456 3717 2513 sub-

2098 2556 2415 2627 scripserat,
2474 2570 2534 2609 se
2592 2554 2928 2619 inclinaret;
2969 2553 3124 2620 item,
3184 2568 3286 2625 pro
3325 2550 3613 2607 Berthario
3648 2550 3714 2621 [j.

2099 2644 2411 2714 Berchario]
2435 2644 2691 2705 diacono,
2724 2660 2890 2715 quem
2920 2644 3361 2715 metropolitanaz
3396 2644 3494 2715 [ms
3510 2651 3719 2698 metro-

2096 2732 2346 2806 politani]
2390 2740 2555 2804 atque
2586 2732 3072 2804 comprovincialis
3094 2731 3291 2803 synodi
3315 2733 3590 2800 judicium
3614 2748 3722 2803 ap-

2097 2821 2395 2894 pellantem
2449 2821 2701 2876 indebite
2756 2822 2860 2877 sub
2915 2822 3166 2877 custodia
3214 2822 3521 2877 detinebat.
3558 2822 3718 2877 Unde

2095 2928 2356 2985 promens
2377 2912 2428 2967 ei
2459 2912 2608 2985 quod
2655 2913 2734 2968 ita
2781 2914 2837 2968 in
2884 2929 3011 2968 eum
3041 2929 3205 2987 agere
3259 2929 3371 2970 non
3403 2913 3720 2982 debuisset,

2097 3003 2359 3073 praecepit
2388 3002 2466 3057 illi
2497 3002 2823 3058 auctoritate
2862 3018 3139 3058 sacrorum
3179 3018 3456 3058 canonum
3487 3011 3544 3057 et
3592 2992 3753 3070 sua,’

2097 3101 2157 3150 ut
2188 3094 2442 3150 eumdem
2474 3095 2793 3161 diaconum,
2835 3095 2919 3151 vel
2949 3095 2995 3149 si
3026 3095 3121 3167 qui
3150 3094 3387 3150 fuissent
3417 3094 3509 3150 alii
3548 3096 3721 3151 cleri-

2021 3160 2071 3229 C
2097 3200 2284 3241 corum
2310 3184 2581 3254 judicium
2600 3184 2849 3259 regulare
2880 3160 3285 3256 proclamantes
3321 3184 3392 3239 ab
3451 3185 3573 3257 ipso
3603 3186 3712 3241 de~

2100 3276 2256 3342 tenti,
2288 3276 2356 3330 ad
2394 3290 2552 3329 suum
2583 3291 2647 3331 ac
2677 3282 3003 3330 caaterorum
3029 3275 3418 3346 episcoporum
3438 3274 3713 3342 judicium

2096 3368 2270 3422 libere
2292 3367 2482 3422 venire
2532 3366 2895 3437 permitteret,
2965 3375 3021 3421 et
3063 3366 3185 3437 ipse
3205 3366 3386 3421 eidem
3413 3381 3472 3421 se
3498 3366 3714 3434 judicio

2096 3461 2476 3528 praesentaret.
2512 3456 2647 3510 Item
2676 3470 2989 3511 convocans
3020 3470 3148 3510 eum
3175 3453 3243 3509 ad
3265 3454 3564 3525 synodum,
3615 3454 3712 3509 ubi

2094 3544 2319 3599 Adriani
2347 3560 2503 3615 papa}
2552 3543 2814 3599 mandata
2862 3544 3150 3599 tractanda
3203 3551 3382 3599 erant.
3414 3543 3620 3599 Scribit
3645 3544 3713 3599 ad

2096 3653 2224 3692 eum
2254 3645 2526 3707 praeterea
2554 3635 2726 3691 multa
2759 3654 2773 3701 ;
2807 3635 3104 3691 novissime
3162 3634 3462 3691 voluminis
3489 3636 3715 3704 seriem,

2099 3739 2473 3780 rememorans
2521 3724 2576 3777 in
2607 3739 2698 3791 eo,
2737 3724 2807 3779 ad
2838 3724 3041 3779 mentis
3079 3724 3198 3792 ejus
3226 3724 3419 3780 oculos
3448 3739 3717 3781 revocans

2096 3816 2498 3889 qualiterillum
2526 3816 2834 3887 orphanum
2894 3816 3042 3871 dulci
3095 3814 3396 3872 dilectione
3447 3815 3553 3873 sub
3577 3816 3713 3871 reli-

2095 3910 2261 3983 gione
2292 3909 2571 3977 nutrierit,
2596 3909 2795 3965 litteris
2810 3909 3097 3973 erudierit,
3132 3926 3233 3981 per
3247 3910 3496 3985 singulos
3509 3910 3719 3985 gradus

2098 3999 2502 4055 ecclesiasticos
2512 4015 2688 4070 usque
2701 4000 2771 4054 ad
2788 4000 3144 4071 episcopatus
3153 4000 3368 4071 apicem
3384 4000 3717 4072 provexerit.

2175 4116 2190 4139 ι
2238 4090 2621 4162 Nunc,inquit,
2650 4090 3067 4147 retribuendum
3090 4092 3229 4147 mihi
3244 4093 3389 4147 mala
3410 4106 3510 4163 pro
3531 4091 3720 4157 bonis,

2098 4189 2154 4238 et
2191 4182 2319 4238 odio
2352 4198 2442 4237 me
2468 4181 2766 4238 habentem
2806 4183 2976 4258 gratis
2994 4183 3167 4256 (Psal.
3200 4183 3408 4254 χχχιιι),
3452 4183 3720 4255 quoniam

2098 4286 2210 4326 non
2262 4270 2420 4326 faveo
2448 4270 2558 4325 tuis
2625 4269 2982 4327 infructuosis
3025 4272 3314 4343 operibus,
3364 4271 3612 4343 quandiu
3666 4280 3721 4327 te

2096 4363 2292 4433 patiar,
2325 4361 2515 4418 multis
2555 4377 2588 4417 a
2617 4368 2671 4417 te
2704 4360 2943 4418 afflictus
2963 4362 3184 4432 injuriis
3209 4363 3239 4417 ?
3262 4366 3438 4435 (Joan.
3478 4364 3593 4434 xv.)
3626 4363 3722 4417 Et-

2094 4452 2239 4507 enim
2270 4450 2340 4508 ab
2370 4451 2489 4523 ipsa
2518 4450 2609 4505 die
2658 4449 3023 4506 ordinationis
3050 4458 3160 4507 tute
3200 4460 3310 4508 tam
3334 4454 3520 4510 verbis
3547 4471 3716 4527 quam

376 4563 605 4603 necesse
662 4545 805 4602 foret
852 4546 968 4599 haec
1022 4543 1280 4599 intimare
1334 4554 1571 4612 curaret,
1649 4553 1705 4599 et
1767 4543 1990 4616 quando
2019 4529 2073 4597 D
2096 4546 2336 4617 scriptis,
2363 4553 2417 4601 et
2455 4544 2511 4599 in
2540 4544 2809 4599 ordinatis
2837 4545 3051 4600 actibus
3082 4561 3145 4601 ac
3181 4547 3426 4603 motibus
3455 4548 3566 4604 tuis
3604 4549 3721 4605 fre-

374 4640 648 4710 synodum
690 4638 892 4692 debeat
936 4636 1216 4691 celebrare
1294 4635 1395 4691 Pro
1453 4652 1562 4708 quo
1619 4636 1779 4691 valde
1842 4634 1999 4690 labo-

377 4731 534 4797 ravit,
566 4730 850 4800 multaque
873 4728 952 4781 illi
973 4727 1189 4794 scribit,
1221 4726 1641 4797 reprehendens
1664 4742 1815 4790 eum,
1841 4733 2000 4780 etca-

374 4823 585 4896 stigans
615 4821 685 4873 de
709 4817 928 4872 levitate
950 4832 1164 4872 morum
1194 4825 1250 4872 et
1277 4826 1496 4873 actuum
1522 4815 1778 4883 suoru'm,
1805 4818 1999 4872 admo-

376 4929 627 4984 nensque
656 4918 718 4965 ut
745 4910 811 4963 ad
841 4924 939 4965 cor
967 4925 1128 4964 suum
1160 4909 1372 4977 redeat,
1400 4918 1455 4965 et
1474 4910 1644 4965 Deum
1664 4918 1776 4965 tota
1802 4910 1990 4965 inten-

376 5005 524 5059 tione
551 5001 764 5074 precari
791 5001 1105 5066 studeat,ut
1126 5003 1253 5054 eum
1278 4999 1560 5069 respiciat,
1590 5006 1650 5055 ut
1671 4999 1985 5073 intelligere

371 5096 477 5151 sibi
510 5103 675 5167 atque
715 5095 995 5167 corrigere
1019 5092 1434 5164 perversitatem
1460 5109 1613 5148 suam
1636 5094 1827 5163 donet,
1856 5095 1985 5167 quia

371 5186 632 5242 videlicet
663 5187 829 5241 nimis
858 5185 965 5239 sibi
988 5185 1214 5257 sapiens
1241 5200 1361 5239 esse
1388 5184 1706 5253 videbatur,
1735 5192 1790 5241 et
1815 5187 1989 5257 perti-

373 5291 477 5331 nax
509 5276 562 5328 in
596 5274 1071 5339 contentionibus,
1104 5274 1463 5349 etquialeges
1495 5274 1897 5331 ecclesiasticas
1916 5276 1984 5330 ad

371 5382 486 5421 suae
514 5366 814 5421 voluntatis
841 5366 1209 5422 intentionem
1232 5367 1455 5423 ﬂectere
1483 5368 1847 5435 nitcbatur,et
1870 5387 1987 5426 me-

371 5458 477 5513 lius
533 5473 629 5512 eas
683 5474 743 5513 sc
800 5460 1025 5530 putabat
1109 5459 1443 5533 intelligere,
1500 5478 1666 5533 quam
1732 5463 1984 5518 seniores

370 5554 520 5603 natu.
554 5547 658 5601 Pro
688 5562 797 5618 quo
826 5547 880 5601 in
905 5555 1113 5603 tantum
1146 5549 1437 5617 laboravit,
1472 5560 1531 5605 ut
1551 5552 1715 5607 etiam
1744 5554 1982 5609 senioris

366 5638 450 5693 sui
482 5637 632 5711 regis
657 5634 1023 5692 offensionem
1058 5637 1357 5693 incurrisse
1379 5656 1437 5693 se
1464 5640 1647 5707 dicat;
1682 5642 1836 5697 illum
1850 5661 1980 5701 vero

366 5727 677 5800 impudenti
733 5727 936 5797 fronte,
999 5739 1295 5801 erectaque
1334 5733 1570 5796 cervice,
1613 5735 1980 5790 trementibus

367 5818 551 5886 labiis,
584 5824 639 5873 et
669 5819 1025 5875 inﬂammatis
1050 5819 1237 5874 verbis
1265 5820 1591 5889 petitionem
1612 5831 1666 5878 ct
1694 5824 1980 5881 humilita-

2100 4635 2403 4705 quentibus
2429 4635 2570 4690 adeo
2612 4650 2734 4689 sum
2765 4643 3044 4710 gravatus,
3084 4636 3517 4695 lacerationibus
3541 4648 3714 4712 atque

2099 4730 2542 4796 contusionibus,
2575 4738 2636 4785 ut
2656 4731 2853 4786 taedeat
2890 4748 2980 4787 me
2996 4732 3121 4788 vitae
3149 4749 3308 4799 mete,
3341 4724 3479 4806 quia.
3504 4736 3584 4791 sic
3613 4753 3719 4808 pro

2100 4826 2211 4881 loci
2235 4825 2345 4879 mei
2367 4823 2552 4880 ofﬁcio
2578 4832 2685 4880 tute
2707 4824 3021 4881 insolentiae
3041 4842 3163 4882 sum
3183 4844 3486 4897 connexus,
3513 4839 3577 4887 ut
3597 4847 3712 4887 non

2091 4920 2269 4976 solum
2286 4924 2414 4990 post
2436 4918 2670 4990 primam
2688 4927 2744 4974 et
2773 4920 3076 4976 secundam
3108 4924 3535 4991 correctionem,
3550 4925 3712 4994 juxta

2090 5010 2410 5080 Apostolum
2476 5009 2609 5079 (Tit.
2677 5012 2781 5079 nt),
2838 5025 3030 5066 verum
3079 5027 3181 5067 nec
3246 5023 3372 5084 post
3442 5014 3713 5085 plurimas

2089 5100 2364 5170 privatim,
2395 5107 2450 5155 et
2475 5115 2659 5156 coram
2680 5102 3073 5158 communibus
3092 5102 3459 5161 familiaribus
3478 5107 3707 5173 nostris,

2089 5193 2188 5247 sed
2208 5202 2262 5247 et
2282 5208 2464 5247 coram
2515 5207 2667 5267 rege,
2707 5200 2766 5249 et
2819 5195 3100 5265 episcopis
3156 5212 3220 5251 ac
3249 5196 3506 5267 plurimis
3558 5199 3709 5267 aliis,

2088 5282 2272 5338 verbis
2300 5291 2354 5339 et
2377 5282 2597 5354 scriptis
2621 5284 3094 5342 commonitiones
3117 5294 3169 5342 te
3190 5288 3402 5343 valeam
3434 5289 3707 5347 devitarc.

2088 5375 2150 5431 Et
2180 5375 2307 5431 licet
2345 5382 2621 5447 exoptem,
2680 5383 2741 5432 ut
2798 5377 3064 5434 darentur
3126 5380 3262 5435 mihi
3307 5397 3505 5451 pennae
3559 5384 3710 5440 sicut

2084 5469 2373 5537 columbae,
2433 5479 2487 5525 et
2517 5470 2813 5539 avolarem,
2878 5487 2941 5527 ac
2971 5474 3377 5544 requiescerem
3398 5492 3431 5532 a
3456 5485 3508 5532 te
3537 5478 3703 5533 elon-

2083 5572 2243 5633 gatus
2268 5564 2327 5616 in
2356 5563 2597 5634 aliquam
2614 5563 2971 5620 solitudinem
2996 5568 3139 5635 (Psal
3154 5569 3299 5639 xcv),
3324 5584 3435 5625 non
3466 5585 3700 5641 possum

2082 5666 2359 5721 quoquam
2391 5650 2654 5725 effugere,
2683 5659 2742 5707 ut
2771 5660 2868 5708 aut.
2892 5660 2985 5709 tua
3016 5656 3321 5725 pertinacia
3350 5661 3704 5717 contumacis

2081 5745 2412 5815 praesentiae,
2456 5755 2552 5800 aut
2605 5745 2897 5802 missorum
2957 5755 3176 5805 tuorum
3224 5751 3576 5824 duriloquiis,
3602 5763 3701 5812 aut

2078 5834 2474 5903 scripturarum
2535 5842 2747 5891 tuarum
2805 5836 3265 5909 derogationibus
3302 5850 3358 5897 et
3405 5842 3703 5901 inutilibus
