3912 6418
274 430 384 486 209

927 425 1258 483 IIISTORl/E
1297 423 1632 481 ECCLESI/E
1672 420 2000 478 REMENSIS
2040 420 2216 475 LIBRI
2257 419 2589 485 QUATUOR.
2620 452 2691 462 -—
2722 421 2847 477 LIB.
2892 422 2983 476 III.

3522 424 3630 481 210

278 566 501 632 ηεειιίὶε,
534 565 669 638 quin
711 565 896 637 potius
925 561 1228 636 tragoediis,
1269 569 1362 617 aut
1388 560 1591 616 talibus
1629 575 1751 631 quae
1798 573 1909 613 non
1934 563 1984 630 Α
2014 557 2242 624 tionem,
2298 572 2402 612 nec
2430 555 2599 611 etiam
2656 556 2865 611 humile
2894 571 3226 627 responsum
3270 556 3408 612 mihi
3436 573 3500 613 ac
3528 574 3626 615 co-

276 657 626 713 conveniunt
642 658 929 729 episcopo,
961 656 1029 711 de
1051 662 1105 711 te
1132 651 1508 708 auditionibus
1529 666 1640 706 non
1668 649 1901 722 afﬂigar,

275 758 332 804 et
352 749 468 818 jam
499 751 725 805 tandem
772 748 959 820 putavi
987 754 1040 802 te
1078 746 1270 821 pigere
1299 744 1431 800 talia
1458 743 1682 815 exsequi
1712 783 1726 809 ,
1777 757 1901 797 cum

275 857 408 896 ecce
437 857 588 896 nunc
620 841 808 896 Idibus
844 838 1167 896 Novembris
1193 842 1400 909 quarta:
1432 834 1751 891 indictionis
1776 848 1904 905 pro-

276 933 601 988 lixissimam
658 934 917 1000 rotulam,
958 929 1262 986 mendaciis
1302 939 1357 985 et
1395 927 1905 985 irrationalitatibus

276 1039 343 1079 ac
374 1023 731 1095 improperiis
759 1029 952 1078 contra
988 1022 1275 1077 veritatem
1314 1027 1371 1075 et
1408 1020 1786 1075 auctoritatem
1819 1032 1907 1072 re-

276 1116 486 1186 pletam
516 1115 652 1170 mihi
683 1114 901 1170 misisti.
934 1114 997 1169 Et
1021 1113 1193 1170 miror
1221 1128 1320 1168 cur
1347 1112 1426 1167 sic
1457 1112 1679 1167 exfrons
1711 1111 1903 1178 factus,

278 1216 340 1263 ut
388 1208 458 1263 de
486 1207 677 1262 Judaea
723 1207 992 1262 Dominus
1030 1204 1300 1278 queritur,
1357 1204 1538 1259 nescis
1577 1203 1906 1258 erubescere

276 1300 407 1371 (Jer.
433 1318 486 1356 vi
502 1305 554 1356 et
572 1300 709 1369 vni),
734 1307 788 1355 et
806 1299 907 1354 tibi
930 1313 1042 1354 non
1059 1305 1149 1353 est
1165 1312 1370 1353 nausea
1386 1296 1516 1352 talia
1527 1303 1581 1351 et
1600 1304 1747 1351 tanta
1762 1295 1904 1351 scri-

275 1393 453 1460 bere,
504 1394 610 1449 nisi
658 1393 921 1466 quoniam
977 1389 1309 1447 utilitatibus
1362 1405 1473 1446 non
1520 1404 1580 1444 es
1626 1390 1903 1455 intentus,

277 1502 467 1557 neque
484 1487 541 1540 in
566 1485 895 1542 necessariis
916 1489 1245 1555 occupatus:
1265 1489 1321 1538 et
1350 1490 1410 1537 ut
1427 1482 1497 1536 de
1527 1482 1649 1536 aliis
1670 1490 1900 1537 taceam.

274 1594 401 1650 quae
456 1578 503 1634 si
532 1593 595 1633 ex
644 1579 841 1634 ordine
868 1577 1094 1633 voluero
1147 1575 1436 1647 replicare,
1470 1583 1633 1629 antea
1682 1572 1904 1628 deﬁciet

274 1666 367 1720 lux
401 1666 622 1733 diurna,
671 1683 833 1738 quam
881 1663 1118 1738 legenda
1163 1663 1365 1718 exinde
1402 1661 1623 1717 deﬁciat
1676 1662 1899 1737 pagina,

275 1754 558 1825 replicabo
580 1755 678 1810 tibi
709 1755 915 1826 aliqua,
937 1768 1059 1826 qua:
1088 1769 1200 1808 non
1227 1754 1384 1808 valeo
1411 1768 1515 1808 nec
1545 1751 1903 1807 debeosilen-

275 1846 350 1901 tio
385 1846 693 1916 praeterire.
741 1846 1006 1901 Videlicet
1062 1847 1190 1918 quia
1245 1845 1425 1900 statim
1458 1851 1517 1899 ut
1561 1860 1590 1898 a
1650 1851 1892 1915 paternae

272 1935 408 1989 nido
441 1935 788 1991 educationis
817 1934 993 1990 factus
1022 1936 1316 2007 episcopus
1345 1933 1595 2001 evolasti,
1628 1943 1681 1990 et
1718 1952 1807 1990 me
1838 1943 1891 1991 et

269 2038 370 2078 eos
399 2023 497 2094 qui
532 2030 584 2078 te
614 2023 930 2078 nutrierunt
958 2023 1272 2090 deseruisti,
1303 2031 1359 2078 et
1387 2024 1677 2079 saeculares
1706 2025 1901 2080 amici-

268 2116 376 2170 tias
429 2124 595 2187 atque
634 2115 1038 2170 familiaritates
1091 2115 1358 2187 quaesisti,
1406 2122 1462 2170 et
1491 2118 1797 2189 acquisisti,
1847 2128 1900 2175 et

262 2209 345 2264 sic
370 2209 612 2264 subinde
643 2210 783 2265 alios
809 2218 868 2265 et
896 2210 1035 2266 alios
1064 2210 1330 2265 deserens
1361 2219 1417 2266 et
1442 2211 1756 2281 acquirens,
1786 2228 1897 2268 non

260 2302 447 2356 solum
471 2301 543 2357 de
564 2302 941 2372 comparibus,
963 2302 1061 2357 sed
1083 2302 1244 2358 etiam
1268 2310 1324 2357 et
1354 2303 1421 2358 de
1444 2304 1544 2358 tibi
1566 2304 1894 2371 commissis,

257 2394 329 2447 ad
363 2394 472 2450 hoc
510 2394 805 2461 emersisti,
837 2400 895 2448 ut
945 2403 1140 2451 contra
1168 2410 1351 2450 sacras
1403 2395 1777 2451 Antiochenas
1804 2413 1896 2451 re-

259 2486 419 2556 gulas
451 2485 841 2556 praecipientes
880 2492 941 2541 ut
968 2492 1169 2557 praeter
1205 2502 1294 2542 me
1324 2503 1489 2561 agere
1521 2487 1658 2541 nihil
1689 2487 1895 2543 debeas

258 2573 484 2642 (conca.
510 2574 760 2627 Antioch.
796 2591 837 2637 1,
867 2590 989 2645 cap.
1019 2574 1097 2642 9),
1126 2576 1436 2630 secundum
1476 2576 1761 2647 antiquam
1792 2577 1894 2631 Pa-

260 2661 443 2715 tribus
470 2662 675 2716 nostris
724 2663 972 2737 regulam
1002 2662 1378 2729 constitutam,
1413 2662 1523 2717 nisi
1562 2679 1626 2717 ea
1658 2672 1893 2733 tantum,

262 2770 388 2824 quae
416 2754 487 2808 ad
526 2760 672 2808 tuam
717 2754 1033 2825 parochiam
1065 2754 1366 2826 pertinent,
1402 2758 1895 2830 possessionesque

262 2845 551 2914 subjectas
603 2843 724 2899 sine
752 2859 895 2910 mea,
927 2843 1016 2899 vel
1062 2844 1519 2915 coepiscoporum
1579 2854 1892 2902 nostrorum

262 2936 612 2992 conscientia
644 2936 1181 2991 administrationem
1213 2936 1269 2990 in
1297 2937 1502 3007 palatio
1532 2939 1720 2994 domni
1751 2941 1895 3011 regis

262 3028 598 3094 obtinueris,
650 3043 816 3100 quam
857 3026 1393 3083 administrationem
1425 3028 1523 3083 tibi
1573 3044 1756 3083 coram
1788 3044 1890 3083 eo-

262 3117 390 3171 dem
436 3117 644 3172 domno
689 3132 817 3190 rege
868 3124 925 3171 et
952 3115 1076 3170 aliis
1128 3115 1221 3187 qui
1269 3115 1571 3171 adfuerunt
1612 3133 1678 3171 ex
1724 3117 1894 3172 sacris

264 3206 475 3279 regulis
499 3206 790 3273 interdixi,
812 3205 1198 3277 etaliquandiu
1222 3206 1291 3260 ab
1312 3206 1507 3261 eadem
1538 3205 1893 3261 administra-

264 3296 418 3351 tione
448 3296 702 3351 cessasti.
749 3296 946 3352 Postea
975 3305 1159 3352 autem
1200 3313 1301 3368 per
1325 3302 1562 3363 exteras,
1592 3296 1646 3349 id
1673 3304 1755 3351 est
1784 3294 1891 3350 sae-

261 3386 483 3441 culares
512 3392 817 3456 potestates
845 3394 1036 3441 contra
1074 3386 1434 3441 Sardicenses
1463 3400 1707 3441 canones
1744 3386 1879 3455 (con-

261 3479 351 3532 cil,
398 3478 567 3535 Sard.
602 3495 722 3533 can.
766 3479 857 3551 15)
903 3480 1155 3535 eamdem
1186 3479 1723 3534 administrationem
1763 3494 1886 3533 cum

259 3570 487 3625 abbatia
530 3571 586 3625 in
616 3572 779 3626 tertia
811 3572 1097 3643 provincia
1124 3572 1269 3627 ultra
1297 3572 1626 3627 Remensem
1660 3571 1889 3642 provin-

259 3660 405 3714 ciam
435 3659 557 3715 sine
587 3676 711 3715 mea
761 3662 1102 3717 conscientia
1130 3662 1439 3718 obtinuisti.
1470 3662 1549 3716 Ad
1591 3678 1755 3733 quam
1787 3661 1888 3715 ab-

259 3747 468 3801 batiam
495 3747 618 3802 sine
649 3764 772 3805 mea
802 3750 1027 3806 licentia
1055 3752 1278 3823 quoties
1309 3752 1412 3806 tibi
1438 3751 1663 3822 placuit,
1697 3766 1887 3821 perre-

259 3834 409 3902 xisti,
453 3844 511 3891 et
539 3838 787 3908 quandiu
822 3839 923 3894 tibi
967 3840 1173 3910 placuit
1202 3840 1408 3894 ibidem
1452 3840 1603 3895 fuisti
1635 3842 1889 3895 immora-

258 3933 368 3993 tus,
423 3933 619 3982 contra
671 3927 861 3983 Hilarii
914 3946 1071 4000 papae
1116 3929 1338 3985 decreta
1377 3930 1612 3985 dicentis
1657 3930 1885 4000 (IIILAR.,

254 4022 420 4089 epist.
452 4020 506 4088 8)
537 4037 550 4073 :
584 4019 727 4075 Illud
749 4037 861 4077 non
891 4023 1175 4092 potuimus
1189 4023 1471 4093 praeterire
1502 4025 1650 4096 quod
1678 4024 1887 4079 sollici-

255 4111 455 4166 tuiline
483 4111 841 4187 diligentiore
888 4116 1197 4171 curandum
1229 4125 1334 4185 est,
1385 4134 1457 4172 ne
1505 4127 1705 4188 praeter
1762 4133 1881 4172 me-

254 4202 722 4272 tropolitanorum
769 4221 995 4260 suorum
1046 4206 1263 4261 litteras
1305 4208 1478 4279 aliqui
1535 4207 1783 4278 episcopi
1818 4211 1885 4264 ad

253 4293 567 4365 quamlibet
591 4297 931 4366 provinciam
958 4300 1200 4355 audeant
1229 4300 1527 4372 proﬁcisci,
1551 4303 1698 4373 quod
1723 4302 1887 4359 etiam

253 4387 312 4440 in
345 4386 502 4441 omni
532 4402 738 4461 genere
784 4389 955 4446 ofﬁcii
987 4393 1261 4449 clericalis
1291 4410 1389 4465 per
1436 4394 1684 4470 singulas
1723 4395 1891 4453 debet

251 4480 526 4539 ecclesias
554 4483 841 4540 custodiri.

1926 1888 1973 1954 Β

2011 644 2291 716 episcopis
2307 644 2515 701 nostris
2532 643 2850 699 exhibuisti.
2875 644 3004 701 Post
3020 644 3137 701 haec
3152 661 3305 702 more
3329 654 3435 701 tua:
3456 646 3630 702 insta-

2003 737 2235 792 bilitatis
2289 753 2351 792 ac
2386 737 2771 793 inconstantiae
2824 738 3017 793 contra
3046 736 3311 793 domuum
3353 754 3540 813 regem
3570 739 3629 795 in

2006 836 2222 885 tantum
2253 836 2305 885 te
2337 830 2456 885 sine
2503 830 2715 886 ratione
2748 830 3151 886 contumaciter
3201 830 3448 898 erexisti,
3479 839 3539 886 ut
3574 839 3630 889 et

2006 921 2542 978 administrationem
2575 922 2897 993 palatinam,
2927 928 2983 976 et
3011 923 3189 994 ipsam
3221 922 3497 978 abbatiam
3520 924 3625 979 tibi

2007 1012 2271 1079 auferret,
2302 1022 2357 1067 et
2382 1028 2413 1067 a
2444 1020 2496 1067 te
2537 1018 2897 1085 exaggeratus
2927 1012 3150 1067 duriora
3189 1013 3496 1086 ingerenda
3526 1012 3627 1067 tibi

2009 1114 2368 1177 proponeret.
2400 1104 2556 1160 Unde
2606 1111 2662 1159 et
2704 1104 2945 1175 scriptis,
2978 1111 3033 1160 et
3086 1104 3270 1160 verbis
3294 1119 3395 1176 pro
3419 1113 3473 1159 te
3512 1116 3627 1159 sat-

2008 1212 2179 1272 agens
2209 1196 2361 1252 illum
2417 1196 2518 1251 tibi
2547 1195 2915 1251 reconciliavi.
2977 1196 3223 1268 Indeque
3255 1196 3399 1251 sicut
3445 1196 3627 1252 sciunt

2009 1292 2257 1365 plurimi,
2291 1298 2483 1346 contra
2515 1289 2667 1344 illum
2698 1295 2753 1344 te
2779 1289 2976 1344 iterum
3009 1290 3252 1356 erexisti,
3284 1296 3337 1344 et
3366 1290 3627 1345 mandata

2007 1397 2127 1447 sua,
2159 1386 2220 1435 ut
2249 1379 2317 1433 ad
2349 1394 2476 1433 eum
2508 1378 2747 1441 venires,
2781 1385 3164 1445 coutemnens,
3195 1378 3337 1434 adeo
3368 1379 3523 1434 illum
3553 1379 3623 1435 ad

2007 1473 2348 1529 iracundiam
2374 1472 2705 1543 provocasti,
2724 1472 2865 1527 sicut
2894 1488 3088 1528 omnes
3102 1473 3157 1526 in
3176 1472 3292 1527 istis
3304 1472 3627 1548 regionibus

2006 1566 2209 1632 sciunt,
2238 1571 2297 1619 ut
2323 1570 2547 1619 coactus
2574 1571 2627 1618 te
2657 1578 2756 1634 per
2785 1562 2981 1618 ﬁdeles
3006 1580 3137 1618 suos
3164 1563 3304 1619 sicut
3341 1562 3623 1619 inﬁdelem

2003 1662 2311 1729 appeteret.
2342 1656 2418 1710 Tu
2456 1663 2641 1711 autem
2682 1663 2809 1711 ante
2847 1656 3149 1711 inauditam
3180 1656 3625 1712 excommunica-

2003 1753 2211 1808 tionem
2267 1750 2321 1804 in
2352 1764 2529 1814 meos,
2562 1755 2617 1802 et
2655 1749 2952 1804 multorum
2984 1749 3524 1819 archiepiscoporum
3566 1755 3624 1803 et

2003 1844 2387 1915 episcOporum
2430 1840 2815 1911 parochianos,
2868 1839 2966 1893 sed
3006 1848 3060 1894 et
3100 1839 3159 1893 in
3198 1839 3378 1910 ipsum
3432 1856 3618 1914 regem

2002 1939 2123 1993 sine
2154 1952 2276 1991 mea
2306 1932 2647 1991 conscientia
2677 1939 2868 1988 contra
2897 1948 3082 1988 sacras
3102 1933 3321 2006 regulas
3339 1933 3618 2002 jaculasti.

2002 2031 2158 2087 Unde
2198 2029 2400 2085 multos
2437 2026 2841 2093 scandalizasti,
2873 2034 2928 2081 et
2966 2025 3262 2080 maximum
3302 2026 3623 2083 scandalum

2003 2138 2114 2178 non
2145 2120 2324 2176 solum
2374 2118 2653 2184 Ecclesiae,
2691 2118 2787 2172 sed
2819 2123 2874 2172 et
2903 2117 3021 2191 regi
3066 2133 3131 2172 ac
3163 2131 3334 2189 regno
3366 2116 3619 2179 intulisti,

2002 2231 2126 2270 cum
2150 2215 2235 2269 lex
2258 2210 2588 2284 prohibebat
2615 2219 2675 2265 ut
2696 2227 2797 2281 per
2816 2210 3053 2265 alienam
3076 2225 3314 2266 messem
3347 2209 3624 2264 transiens

2000 2310 2194 2365 falcem
2219 2324 2329 2364 non
2346 2307 2553 2374 mittas,
2583 2305 2681 2361 sed
2711 2321 2877 2360 manu
2906 2305 3087 2376 spicas
3112 2311 3368 2361 conteras
3393 2312 3449 2361 et
3466 2320 3625 2359 man-

1997 2403 2167 2458 duces
2189 2402 2362 2471 (Deut.
2382 2415 2541 2465 xxm,
2573 2398 2682 2465 25}.
2704 2397 2943 2465 Falcem,
2974 2397 3154 2468 inquit
3182 2397 3377 2450 beatus
3415 2396 3622 2471 Grego-

1998 2498 2130 2563 rius,
2158 2495 2354 2565 judicii
2372 2495 2591 2549 mittere
2613 2510 2722 2550 non
2746 2500 2904 2565 potes
2930 2494 2988 2548 in
3009 2509 3074 2549 ea
3101 2501 3289 2569 segete
3306 2492 3474 2563 (Cum
3504 2535 3517 2559 ,
3547 2495 3622 2548 ad

1996 2595 2319 2660 interrogat.
2349 2589 2631 2657 Augustin
2649 2604 2790 2658 resp.
2816 2588 2893 2658 9),
2919 2588 3049 2659 quia
3071 2587 3228 2642 alteri
3254 2587 3472 2643 videtur
3495 2604 3619 2643 esse

1997 2688 2310 2753 commissa,
2359 2686 2457 2741 sed
2498 2702 2598 2756 per
2636 2684 2892 2741 effectum
2942 2684 3075 2740 boni
3106 2683 3291 2756 operis
3344 2684 3618 2739 frumenta

1996 2779 2281 2835 Dominica
2305 2778 2564 2833 vitiorum
2595 2793 2821 2832 suorum
2850 2774 3025 2847 paleis
3055 2774 3322 2846 exspolia,
3352 2782 3407 2830 et
3434 2775 3490 2829 in
3519 2775 3620 2829 Ec-

1996 2872 2179 2926 clesiae
2206 2885 2410 2941 corpus
2438 2869 2720 2925 monendo
2750 2876 2804 2924 et
2834 2867 3246 2940 persuadendo,
3277 2867 3432 2940 quasi
3460 2883 3621 2921 man-

1997 2968 2203 3035 dando,
2234 2973 2515 3024 converte.

2070 3086 2095 3117 α
2137 3065 2266 3120 Post
2311 3078 2476 3135 quam
2532 3059 3046 3133 praesumptionem,
3102 3058 3368 3114 adhibitis
3396 3075 3613 3115 mecum

1992 3160 2364 3218 confratribus
2395 3158 2620 3223 nostris,
2665 3165 2716 3212 te
2744 3162 2799 3210 et
2828 3170 2952 3209 cum
2983 3169 3050 3209 eo
3094 3151 3379 3222 paciﬁcavi
3413 3160 3468 3208 et
3496 3154 3619 3225 epi-

1912 3258 1960 3327 C
1988 3256 2191 3328 scopis,
2224 3269 2459 3327 quorum
2503 3250 2872 3322 parochianos
2912 3248 3423 3316 excommunicasti,
3468 3256 3529 3304 ut
3557 3249 3613 3305 in

1991 3356 2043 3402 te
2100 3343 2351 3416 synodali
2406 3339 2683 3397 sententia
2729 3354 2840 3394 non
2897 3339 3273 3406 inveherent,
3332 3340 3612 3411 persuasi;

1988 3436 2084 3492 sed
2125 3442 2180 3489 et
2209 3433 2432 3488 eosdem
2474 3447 2506 3484 a
2542 3436 2595 3485 te
2626 3429 3151 3496 excommunicatos,
3191 3429 3321 3485 licet
3349 3445 3458 3485 non
3492 3429 3613 3485 sine

1988 3525 2200 3590 labore,
2228 3518 2661 3576 adminiculante
2683 3525 2867 3573 tamen
2897 3517 3104 3573 domno
3136 3533 3289 3593 rege,
3322 3519 3610 3575 adversum

1989 3626 2040 3671 te
2071 3612 2467 3686 conquiescere
2518 3608 2646 3665 feci.
2680 3608 2785 3663 Sed
2820 3615 2877 3663 tu
2916 3608 3129 3664 addens
3178 3610 3366 3680 pejora
3417 3610 3611 3681 priori-

1987 3706 2112 3774 bus,
2130 3706 2210 3760 sic
2231 3704 2495 3759 domuum
2526 3717 2736 3775 regem,
2765 3700 2908 3754 sicut
2934 3699 3069 3754 mihi
3086 3701 3312 3772 longum
3345 3710 3428 3756 est
3449 3717 3613 3756 enar-

1991 3814 2133 3864 rare,
2163 3803 2218 3852 et
2262 3794 2420 3849 multi
2459 3796 2661 3862 sciunt,
2720 3794 2918 3848 iterum
2955 3793 3320 3866 exaggerasti,
3352 3803 3411 3850 ut
3447 3812 3613 3851 causa

1991 3900 2099 3948 tuae
2156 3888 2551 3964 castigationis,
2582 3897 2659 3956 te,
2710 3888 2830 3943 sine
2869 3902 2993 3941 mea
3046 3887 3350 3954 voluntate,
3382 3887 3615 3960 sineque

1989 4003 2114 4042 meo
2171 4001 2487 4051 consensu,
2583 3981 2986 4055 aliquantulum
3058 3982 3297 4040 detineri
3368 3984 3607 4052 juberet.

1987 4079 2063 4133 Tu
2089 4091 2221 4133 vero
2256 4090 2420 4131 causa
2462 4080 2567 4129 tua}
2623 4072 2862 4143 injuriae,
2894 4089 2982 4129 me
3040 4074 3376 4141 inconsulto,
3410 4083 3464 4131 et
3488 4076 3610 4132 sine

1988 4185 2261 4227 consensu
2309 4168 2766 4240 coepiscoporum
2810 4168 3099 4224 Remensis
3127 4171 3425 4242 provinci-ce
3467 4170 3613 4226 sicut

1991 4263 2183 4335 petitio
2227 4278 2257 4316 a
2289 4261 2502 4316 clericis
2556 4261 2936 4316 Laudunensis
2976 4261 3233 4317 Ecclesiae
3285 4262 3419 4317 mihi
3469 4278 3607 4335 por-

1996 4365 2142 4413 recta
2181 4357 2541 4420 demonstrat,
2581 4356 2934 4426 presbyteros
2972 4364 3026 4411 et
3074 4356 3480 4413 comministros
3509 4375 3607 4415 ec-

1993 4450 2174 4507 clesia:
2205 4465 2269 4504 ac
2306 4448 2581 4519 parochia:
2620 4447 2718 4503 tibi
2756 4448 3061 4504 commissa:
3100 4450 3611 4519 excommunicasti,

1994 4548 2053 4597 ut
2101 4556 2265 4597 nemo
2292 4540 2348 4594 in
2393 4539 2587 4594 eadem
2627 4539 2890 4611 parochia
2919 4540 3208 4597 missarum
3258 4540 3441 4599 ofﬁcia
3464 4544 3613 4600 cele-

331 4640 358 4662 σι
403 4616 467 4671 Et
496 4616 577 4672 sic
615 4625 775 4673 antea
833 4620 1082 4678 Zosimus
1109 4624 1339 4693 (Zosm.,
1378 4630 1538 4697 epist.
1570 4629 1605 4683 5
1648 4633 1699 4683 et
1726 4630 1799 4696 9),
1832 4638 1886 4685 et
1910 4633 1963 4700 D
1994 4632 2197 4696 braret,
2248 4629 2529 4684 neminem
2564 4628 2938 4698 parvulorum,
2981 4631 3145 4687 etiam
3187 4633 3243 4689 in
3283 4634 3476 4691 mortis
3519 4652 3613 4690 ur-

251 4716 455 4780 postea
488 4718 714 4767 sanctus
744 4712 1041 4787 Gregorius
1081 4717 1366 4788 (Gazaca,
1407 4721 1581 4789 libav,
1613 4726 1768 4792 epist.
1801 4725 1892 4796 51)

251 4800 644 4857 decreverunt.
697 4803 1003 4875 PrOpterea
1052 4824 1279 4881 quoque
1320 4811 1494 4866 semel
1542 4828 1604 4867 ac
1647 4814 1892 4871 secundo

253 4893 466 4949 litteris
492 4895 777 4952 canonicis
808 4909 1070 4957 evocatus
1099 4902 1170 4957 ad
1201 4903 1607 4959 ordinationem
1639 4906 1890 4979 episcopi

254 4982 314 5037 in
359 4983 608 5039 Ecclesia
639 4987 1020 5044 Cameracensi
1080 4992 1375 5062 provinciae
1415 5000 1616 5049 nostra:
1670 5005 1890 5065 pastore

257 5074 545 5143 destituta,
572 5079 720 5134 unde
763 5081 1067 5151 apostolica
1093 5083 1256 5138 sedes
1295 5100 1385 5138 me
1413 5094 1745 5159 suggerente
1777 5102 1886 5144 non

263 5166 484 5222 modice
518 5167 806 5238 laboravit,
839 5187 943 5227 nec
970 5173 1090 5244 ipse
1119 5175 1343 5243 venisti,
1377 5192 1479 5231 nec
1511 5192 1610 5247 pro
1642 5184 1693 5232 te
1742 5178 1889 5234 vica-

261 5254 403 5309 riam
435 5272 756 5327 personam,
808 5261 895 5314 vel
937 5260 1145 5317 litteras
1197 5264 1276 5317 tui
1306 5279 1631 5331 consensus,
1686 5273 1745 5321 ut
1800 5283 1890 5322 re-

255 5342 405 5416 gula:
433 5360 604 5400 sacrae
638 5347 990 5419 praecipiunt,
1018 5350 1089 5405 ad
1118 5367 1206 5427 me
1236 5351 1503 5408 direxisti.
1538 5353 1689 5409 Unde
1719 5355 1881 5426 Sym-

261 5437 492 5491 machus
521 5454 666 5509 papa
695 5440 763 5494 ad
795 5441 1032 5498 Eonium
1064 5460 1129 5499 ex
1175 5446 1348 5501 sacris
1379 5447 1586 5521 regulis
1638 5449 1886 5520 promul-

259 5530 411 5604 gavit
452 5531 633 5599 (Βὴλ,
679 5549 763 5603 ep.
813 5535 902 5603 11,
951 5536 1028 5590 ad
1066 5539 1407 5609 Cmsarium),
1460 5550 1516 5594 ut
1560 5540 1604 5593 si
1655 5542 1893 5612 quilibet

259 5618 562 5691 epiSCOpus
606 5624 1035 5693 metrOpolitano
1089 5626 1336 5695 pontiﬁci
1361 5628 1515 5695 juxta
1568 5630 1888 5685 canonicam

264 5708 652 5769 deﬁnitionem
696 5724 925 5773 vocatus
955 5717 1339 5793 obtemperare
1384 5721 1645 5789 noluerit,
1679 5724 1894 5779 noverit

267 5803 672 5859 sucridendum
688 5823 769 5873 se,
793 5808 942 5880 quod
965 5824 1075 5865 non
1096 5816 1371 5880 optamus,
1386 5812 1761 5868 ecclesiastica
1780 5814 1895 5869 dis-

269 5894 497 5966 ciplina.
531 5893 643 5950 Sed
663 5901 721 5950 et
745 5895 875 5952 hinc
904 5914 935 5952 a
966 5915 1052 5955 me
1070 5907 1397 5969 conventus,
1416 5904 1622 5959 nullam
1651 5904 1897 5960 satisfac-

1994 4722 2175 4799 gentis
2205 4719 2451 4792 periculo
2499 4720 2878 4787 constitutum,
2926 4720 3249 4793 baptizaret,
3296 4726 3508 4783 nullum
3540 4727 3610 4783 ad
3673 4768 3679 4772 -

1995 4812 2376 4885 paenitentiam
2407 4811 2718 4884 quisquam,
2753 4827 2857 4867 nec
2896 4812 3059 4868 etiam
3087 4815 3315 4871 obeunti
3363 4834 3613 4875 commu-

1993 4908 2161 4964 nione
2188 4906 2385 4962 viatica
2412 4906 2659 4962 muneris
2688 4908 3042 4975 subveniret;
3099 4911 3234 4965 nulli
3264 4911 3526 4969 defuncto
3552 4916 3609 4971 in

1990 4980 2317 5070 sepeliendo
2340 4997 2700 5053 humanitatis
2727 4998 3054 5070 obsequium
3087 5000 3398 5069 exhiberet;
3431 5003 3612 5063 donec

1992 5102 2158 5149 auttu
2177 5094 2295 5166 ipse
2317 5094 2386 5148 ad
2416 5110 2512 5149 eos
2537 5094 2776 5161 venires,
2808 5102 2900 5148 aut
2930 5111 2960 5149 a
2988 5096 3120 5151 sede
3151 5099 3451 5168 apostolica
3482 5100 3611 5158 inde

1993 5185 2315 5242 relationem
2345 5186 2675 5257 reciperent.
2734 5186 2889 5249 Quod
2915 5186 3167 5255 audiens,
3200 5188 3395 5258 fateor,
3443 5194 3615 5250 vehe-

1990 5289 2208 5337 menter
2246 5281 2525 5346 exhorrui,
2568 5287 2623 5335 et
2666 5281 2900 5352 proinde
2931 5282 3000 5336 ad
3054 5290 3127 5352 te,
3189 5287 3613 5359 n.etropolitana

1990 5372 2389 5436 sollicitudine,
2422 5371 2632 5427 litteras
2662 5372 2807 5439 misi,
2840 5389 3076 5429 monens
3106 5382 3160 5430 et
3190 5376 3419 5435 hortans
3448 5387 3523 5448 te,
3556 5388 3616 5436 ut

1993 5478 2102 5524 tam
2147 5467 2482 5524 exitiabilem
2532 5469 3165 5527 excommunicatiouem
3211 5480 3267 5528 et
3316 5474 3616 5545 impietatis

1993 5560 2403 5633 colligationem
2451 5560 2505 5614 in
2536 5567 2688 5615 tuum
2738 5569 2793 5615 et
2834 5563 3129 5618 multorum
3187 5566 3495 5637 periculum
3528 5569 3616 5624 in-

1994 5657 2284 5713 tcntatam,
2315 5650 2648 5720 quantocius
2687 5650 2954 5706 solveres.
2986 5652 3093 5706 Sed
3127 5661 3181 5709 et
3224 5655 3292 5709 ad
3332 5656 3617 5713 ministros

1997 5740 2378 5797 Laudunensis
2426 5741 2704 5810 Ecclesiae,
2756 5742 2957 5799 timens
3020 5745 3261 5803 immane
3317 5747 3612 5803 multorum

1996 5836 2247 5903 exitium,
2314 5836 2650 5892 certissimas
2688 5846 2743 5893 et
2800 5838 3207 5912 irrefragabiles
3261 5839 3613 5897 deﬁnitiones

1999 5932 2332 6007 evangelicze
2359 5932 2624 6001 veritatis,
2651 5934 3038 6006 ctapostolicze
3055 5934 3414 5999 auctoritatis,
3442 5941 3610 6002 atque
