3912 6416
378 384 479 439 211

1516 379 1888 436 FLODOARDI
1925 379 2232 436 CANONICI
2272 378 2600 435 REMENSIS

3619 385 3723 438 212

379 526 662 570 sacrorum
690 525 968 567 canonum
994 515 1051 565 et
1088 509 1403 580 apostolicae
1441 507 1592 563 sedis
1622 507 1822 576 direxi,
1866 526 2007 581 qua-
2029 514 2082 582 Α
2103 516 2159 565 et
2181 516 2234 564 te
2263 508 2434 565 sacris
2462 507 2670 584 regulis
2699 508 2965 576 subdens,
2999 524 3191 581 pacem
3220 515 3277 564 et
3299 510 3720 568 sanctimoniam

382 612 541 662 tenus
566 601 877 657 secundum
916 599 1140 655 easdem
1172 596 1551 664 definitiones,
1580 612 1704 668 quae
1745 598 1804 652 in
1853 599 2005 654 nullo

383 692 620 751 convelli
647 698 900 764 possunt,
933 706 1000 745 ex
1039 689 1232 744 eadem
1265 688 1579 759 periculosa
1611 693 1666 741 et
1720 687 2007 763 irregulari

385 786 957 845 excommunicatione
988 791 1216 857 agerent
1270 789 1325 837 et
1367 782 1471 852 ipsi
1528 784 1683 840 satis.
1716 784 1824 839 Sed
1878 785 2007 856 quia

386 900 522 939 mea:
578 878 946 938 admonitioni
983 876 1216 932 obedire
1258 891 1368 931 non
1396 875 1639 943 voluisti,
1682 877 1807 931 misi
1837 876 1905 931 ad
1954 887 2008 932 te

388 979 581 1033 iterum
604 973 805 1029 exinde
826 973 1055 1037 litteras,
1079 969 1179 1024 sed
1208 977 1263 1024 et
1294 970 1362 1024 ad
1392 969 1622 1025 clericos
1671 970 2007 1026 Laudunen-

384 1074 460 1128 sis
486 1070 785 1142 parochiae,
815 1076 870 1123 et
899 1083 1003 1122 nec
1040 1066 1119 1121 sic
1150 1071 1203 1119 te
1249 1064 1320 1119 ad
1368 1064 1742 1120 obediendum
1775 1066 2007 1120 invitare

386 1159 668 1234 prmvalui.
706 1158 839 1213 Post
865 1157 1005 1222 haec,
1040 1169 1296 1226 quarens
1324 1154 1776 1223 adinventiones,
1809 1162 1869 1210 ut
1901 1165 1953 1211 te
1979 1172 2009 1211 a

387 1249 810 1320 metropolitana
830 1246 1183 1316 subjectione
1204 1261 1397 1317 posses
1419 1262 1647 1314 exuere,
1672 1246 1924 1301 libellum
1941 1247 2009 1302 de

382 1342 734 1414 antiquorum
768 1339 989 1393 Patrum
1027 1336 1248 1407 scriptis
1285 1343 1413 1392 ante
1442 1352 1631 1392 sacros
1660 1336 1893 1393 Nicaeus:
1921 1354 2012 1409 sy-

387 1437 539 1503 nodi,
592 1444 648 1490 et
684 1435 923 1490 aliorum
966 1436 1285 1489 sanctarum
1345 1448 1589 1488 canones
1631 1432 1796 1488 editis
1843 1433 2014 1489 colle-

383 1531 533 1606 gisti,
562 1529 619 1583 in
651 1528 855 1600 quibus
885 1527 1193 1582 sententias
1223 1527 1371 1581 inter
1398 1542 1459 1580 se
1488 1526 1761 1593 dissonas,
1795 1535 1850 1582 et
1878 1542 2014 1583 con-

386 1633 467 1681 tra
498 1623 876 1696 evangelieam
909 1629 965 1677 et
996 1621 1378 1692 apostolicam,
1410 1629 1575 1691 atque
1606 1621 1928 1677 canonicam
1960 1628 2016 1677 et

384 1714 702 1786 apostolicae
738 1712 890 1768 sedis
918 1710 1299 1767 auctoritatem
1332 1709 1705 1776 immiscuisti,
1748 1717 1803 1765 et
1829 1710 2013 1764 eidem

386 1810 578 1865 libello
599 1810 722 1864 sine
742 1805 1155 1878 metropolitani
1174 1805 1703 1876 et‘coepiscoporum
1722 1804 2015 1860 Remensis

386 1899 692 1972 provinciae
737 1895 1083 1952 conscientia
1111 1911 1175 1950 ac
1209 1910 1484 1950 consensu
1515 1892 1913 1964 subscripsisti,
1963 1900 2018 1947 et

385 2005 420 2043 a
466 1986 684 2043 clericis
727 1984 978 2041 ecclesiae
1040 1990 1169 2050 tua),
1221 1998 1439 2038 necnon
1489 1988 1544 2038 et
1585 1997 1617 2037 a
1663 1981 2018 2052 parochianis

387 2081 729 2154 presbyteris
754 2078 1029 2135 subscribi
1071 2076 1271 2134 fecisti.
1303 2077 1499 2134 volens
1528 2084 1582 2131 te
1607 2092 1639 2132 a
1668 2076 2016 2146 subjectione

389 2183 497 2229 tum
554 2171 879 2242 metropolis
935 2176 1159 2225 exutum
1215 2174 1519 2237 ostentare,
1560 2176 1616 2224 et
1660 2168 2013 2242 privilegium

389 2262 829 2335 metropolitante
878 2260 1030 2316 sedis
1071 2260 1383 2327 annullare,
1429 2259 1587 2331 quasi
1627 2274 1739 2315 non
1796 2275 2015 2331 possem

389 2353 691 2425 impietatis
745 2360 848 2408 tuae
902 2352 1288 2426 colligationes
1347 2352 1615 2407 canonica
1673 2351 2015 2414 auctoritate,

391 2445 514 2499 sine
546 2452 640 2499 tuo
670 2459 967 2511 consensu,
1001 2458 1064 2498 ac
1094 2443 1216 2497 sine
1246 2442 1499 2514 synodali
1532 2448 1808 2497 conventu
1840 2441 1895 2496 in
1926 2457 2020 2511 pa-

394 2536 582 2593 rochia
624 2544 716 2591 tua
746 2536 1076 2603 dissolvere,
1109 2551 1234 2590 cum
1285 2534 1356 2588 de
1397 2533 1563 2588 certis
1613 2541 1670 2587 et
1708 2531 2017 2587 manifestis

393 2633 596 2700 causis,
630 2648 753 2704 qua:
785 2632 842 2687 in
874 2631 1025 2686 nullo
1080 2630 1247 2685 nobis
1276 2636 1406 2683 sunt
1430 2628 1604 2682 dubia
1633 2628 1721 2683 vel
1759 2628 2016 2692 obscura,

394 2730 449 2778 et
476 2722 545 2776 de
573 2721 775 2793 quibus
805 2717 1053 2774 finitivas
1082 2717 1410 2783 sententias,
1443 2733 1567 2787 quae
1605 2716 1754 2771 nulla
1787 2723 2018 2787 possunt

394 2813 608 2867 ratione
638 2808 898 2876 convelli,
930 2824 962 2862 a
992 2808 1202 2863 sanctis
1230 2806 1483 2861 Patribns
1512 2806 1885 2878 promulgatas
1917 2805 2012 2859 ha-

394 2908 613 2973 bemus,
644 2904 910 2977 synodale
949 2903 1283 2970 consultum,
1316 2902 1403 2958 vel
1431 2901 1890 2973 coepiscoporum
1914 2917 2017 2956 no-

392 3012 518 3058 strae
566 3000 863 3072 provinciae
895 2999 1212 3066 consilium,
1266 2996 1354 3053 vel
1387 3012 1719 3052 consensum
1760 3011 1871 3051 non
1919 2996 2018 3051 de-

390 3099 550 3153 beam
583 3101 920 3166 exspectare,
970 3100 1026 3148 et
1069 3109 1100 3147 a
1145 3091 1352 3164 regulis
1396 3090 1738 3162 praestitutis,
1782 3098 1841 3145 ut
1887 3106 2019 3144 san-

2108 597 2415 652 secundum
2446 596 2769 667 Apostolum
2809 596 2967 668 sequi
2995 596 3250 651 studeres
3279 596 3464 667 (Hebr.
3499 598 3618 668 xu).
3650 598 3725 653 Tu

2109 695 2291 743 autem
2324 686 2533 743 nullam
2575 687 2706 742 inde
2732 702 2868 743 meae
2898 687 3264 743 admonitioni
3294 687 3724 745 satisfactionem

2106 780 2428 847 exhibuisti,
2448 780 2581 851 quin
2606 780 2788 850 potius
2816 779 3049 835 rotulam
3083 780 3507 850 prolixissimam
3537 789 3728 838 contra

2107 871 2393 927 veritatem
2427 879 2483 926 et
2508 872 2913 939 auctoritatem,
2945 887 3010 927 ac
3031 872 3298 928 rationem
3329 880 3642 929 contextam
3674 873 3727 929 in

2109 960 2302 1015 eadem
2334 960 2546 1031 synodo
2572 959 2901 1015 obtulistret
2923 958 3209 1030 praefatum
3242 967 3393 1015 tuum
3425 971 3733 1018 monstruo-

2109 1066 2229 1105 sum
2258 1050 2529 1117 libellum,
2554 1058 2661 1106 ate
2681 1057 2736 1106 et
2757 1066 2788 1104 a
2813 1050 2919 1105 tuis
2944 1050 3317 1120 subscriptum
3347 1051 3401 1106 in
3430 1052 3626 1107 eadem
3642 1069 3729 1123 sy-

2110 1136 2257 1192 nodo
2299 1136 2598 1207 protulisti,
2650 1153 2816 1209 quem
2872 1136 3081 1191 ibidem
3129 1137 3410 1208 accipiens
3464 1139 3735 1195 hactenus

2110 1245 2292 1285 servo.
2340 1229 2405 1285 Et
2443 1245 2568 1285 cum
2624 1245 2712 1285 me
2741 1229 2856 1286 vidi
2894 1235 3020 1300 post
3069 1236 3149 1284 tot
3191 1229 3555 1287 admonentes
3594 1232 3733 1286 nihil

2110 1320 2256 1391 apud
2272 1328 2324 1376 te
2347 1336 2514 1392 posse
2531 1319 2827 1392 proficere,
2860 1320 3181 1375 schedulam
3195 1322 3413 1392 porrexi
3437 1323 3491 1377 in
3520 1323 3735 1395 synodo

2110 1412 2503 1484 episcoporum
2532 1413 2724 1469 decem
2757 1414 3169 1485 provinciarum
3196 1417 3329 1486 (syn.
3361 1419 3735 1482 Duziacensis,

2113 1520 2201 1560 an.
2241 1504 2390 1575 871),
2439 1504 2507 1559 ab
2541 1505 2748 1560 eisdem
2781 1508 3118 1562 venerandis
3166 1508 3445 1579 episcOpis
3483 1523 3740 1580 quarens

2115 1591 2430 1659 consilium,
2474 1592 2606 1664 quid
2639 1601 2829 1648 contra
2868 1601 3017 1649 tuam
3055 1595 3392 1666 pertinacem
3440 1603 3738 1650 contuma-

2117 1684 2254 1738 ciam
2296 1699 2460 1759 agere
2505 1701 2748 1755 possem,
2798 1694 2853 1741 et
2890 1686 3006 1753 illa,
3041 1703 3164 1758 quae
3213 1686 3315 1742 tibi
3358 1703 3421 1741 ac
3462 1686 3740 1757 parochim

2116 1776 2225 1826 tua:
2271 1781 2463 1827 contra
2492 1773 2877 1846 colligationes
2922 1782 3028 1831 tuae
3069 1775 3375 1847 impietatis
3404 1777 3739 1843 direxeram,

2044 1832 2093 1900 Β
2116 1878 2301 1918 coram
2341 1863 2451 1919 illis
2482 1832 2657 1940 relegi
2686 1864 2815 1922 feci.

2188 2017 2218 2047 α
2261 1997 2414 2053 Unde
2441 2006 2496 2053 et
2514 1998 2586 2053 ab
2615 1998 2826 2055 eisdem
2846 1999 3128 2072 episcopis
3150 2002 3427 2072 praedictis
3446 2001 3582 2057 sacri
3602 2017 3741 2057 con-

2115 2091 2315 2141 ventus
2361 2087 2806 2155 auctoritatibus,
2848 2090 3111 2161 quoniam
3152 2090 3355 2159 injuste
3385 2107 3450 2145 ac
3483 2091 3750 2162 irregula-

2118 2174 2254 2229 riter
2279 2181 2459 2231 tantas
2490 2184 2546 2231 et
2576 2178 2712 2231 tales
2757 2179 3359 2235 excommunicationes
3394 2195 3559 2253 agere
3593 2195 3748 2249 prie-

2119 2263 2426 2334 sumpsisti,
2472 2271 2529 2320 et
2556 2282 2586 2319 a
2617 2265 2821 2321 domno
2852 2282 2981 2340 rege
3013 2268 3317 2338 impetitus,
3357 2268 3617 2339 quoniam
3652 2268 3754 2335 ju-

2118 2360 2369 2407 ramenta
2407 2352 2488 2408 illi
2540 2360 2655 2409 ate
2687 2370 2858 2425 super
2911 2371 3067 2411 sacra
3123 2357 3364 2427 praestita
3396 2372 3505 2412 non
3554 2357 3754 2412 obser-

2121 2440 2258 2495 vasti
2290 2455 2305 2509 ;
2341 2442 2442 2497 sed
2475 2451 2530 2497 et
2559 2443 2691 2514 quia
2718 2459 2805 2499 res
2844 2460 2959 2499 suae
2991 2445 3350 2517 proprietatis
3378 2456 3569 2501 contra
3596 2445 3759 2518 leges

2121 2532 2340 2587 divinas
2396 2541 2453 2589 et
2507 2534 2777 2591 humanas
2819 2537 3092 2604 invasisti,
3145 2545 3201 2593 et
3236 2555 3267 2593 a
3316 2538 3630 2594 Normanno
3692 2538 3755 2591 in

2122 2624 2336 2694 synodo
2376 2634 2690 2693 accusatus,
2723 2628 2986 2698 quoniam
3018 2645 3144 2684 eum
3186 2630 3257 2685 de
3293 2629 3461 2685 rebus
3490 2640 3581 2685 tua
3609 2645 3760 2684 con-

2121 2712 2376 2768 cessione
2430 2722 2595 2785 atque
2643 2716 3017 2771 consensione
3060 2733 3091 2771 a
3141 2717 3369 2773 domino
3410 2718 3604 2773 Karolo
3638 2718 3758 2773 sibi

2117 2800 2484 2869 heneficiatis,
2526 2802 2649 2858 sine
2687 2804 3015 2860 auctoritate
3057 2805 3230 2879 regia,
3270 2814 3480 2862 armata
3518 2807 3757 2863 militari

2117 2906 2304 2957 manu,
2337 2897 2391 2946 et
2423 2892 2584 2946 turba
2614 2892 2761 2967 vulgi
2802 2893 3055 2961 collecta,
3094 2910 3219 2949 cum
3248 2893 3450 2968 gladiis
3479 2902 3534 2949 et
3582 2895 3758 2952 fusti-

2116 2982 2220 3037 bus
2255 2982 2492 3053 primum
2529 2983 2755 3055 quidem
2811 2999 3039 3040 uxorem
3086 3001 3265 3053 suam,
3314 3002 3438 3057 quae
3488 2986 3564 3040 ibi
3622 2988 3760 3043 sine

2117 3073 2229 3129 ullo
2257 3082 2395 3141 erat,
2445 3082 2500 3130 et
2532 3083 2724 3146 postea
2756 3076 2911 3130 illum
2945 3076 3128 3147 ipsum
3167 3086 3359 3132 contra
3388 3076 3542 3152 leges
3570 3084 3626 3132 et
3659 3095 3759 3134 re-

392 3196 513 3245 ctus
545 3155 837 3253 Leo,.dicit
866 3155 1019 3256 (beo,
1043 3201 1128 3255 ep.
1152 3155 1242 3250 84:
1266 3155 1579 3255 0.2),nulla
1602 3189 1697 3237 aut
1724 3155 2017 3257 negligen-
2050 3155 2582 3257 Οειξξδξθκρμιίείί,
2640 3175 2694 3257 ξι
2722 3168 2909 3257 omnia
2940 3184 3067 3257 $113,
3100 3185 3221 3241 qua2
3254 3168 3331 3223 ibi
3362 3168 3576 3237 halm“,
3615 3169 3757 3225 abs-

393 3285 488 3352 tia,
528 3293 620 3340 aut
649 3281 1081 3354 praesumptione
1121 3280 1430 3347 discedere,
1489 3295 1592 3335 nec
1622 3279 1788 3335 etiam
1823 3279 2015 3334 sedem

393 3379 760 3452 apostolicam
790 3377 923 3431 inde
954 3376 1286 3448 inquietare,
1314 3375 1458 3431 sicut
1488 3375 1663 3447 ipsius
1690 3382 1892 3430 sanctae
1922 3391 2013 3429 se-

392 3470 481 3527 dis
516 3470 669 3526 beati
700 3467 995 3541 pontifices
1025 3467 1405 3536 innocentius,
1437 3468 1702 3534 Zosimus,
1758 3466 2011 3522 Caelesti-

395 3577 522 3629 nus,
554 3560 683 3625 Leo,
717 3556 978 3623 Hilarius,
998 3557 1270 3624 Gelasius,
1296 3556 1611 3629 Gregorius,
1642 3566 1697 3612 et
1719 3556 1813 3611 alii
1835 3556 2020 3627 plures

391 3653 640 3722 ejusdem
675 3658 878 3707 sanctae
900 3650 1052 3706 sedis
1076 3656 1320 3705 rectores
1349 3648 1407 3703 in
1424 3648 1664 3703 decretis
1685 3648 1798 3703 suis
1827 3656 2018 3704 osten-

392 3742 550 3809 dunt,
586 3764 612 3792 υ
649 3750 704 3796 et
735 3739 971 3810 reliqua.

462 3834 595 3887 Item
619 3830 763 3885 datis
784 3827 1206 3884 auctoritatibus
1222 3825 1419 3881 Gelasii
1448 3841 1638 3897 papa}:
1669 3846 1688 3876 ι
1724 3825 1854 3880 Post
1874 3842 2018 3896 prte—

391 3920 486 3976 fali
517 3919 785 3992 denique,
828 3917 1031 3990 inquit,
1086 3915 1423 3973 monstruosi
1464 3914 1638 3969 libelli
1678 3930 1709 3969 a
1746 3922 1801 3969 te
1858 3930 2018 3969 mon-

390 4022 606 4069 struose
661 4011 881 4068 collecti
934 4015 1080 4065 tuam
1141 4017 1476 4080 tuorumque
1524 4007 2011 4078 subscriptionem,

390 4102 589 4157 litteris
619 4116 851 4173 quarum
892 4097 1176 4168 exemplar
1204 4097 1407 4163 habeo,
1459 4096 1643 4151 denuo
1678 4103 1733 4151 te
1763 4111 2016 4151 commo-

391 4196 507 4263 nui,
546 4204 607 4251 ut
633 4211 697 4249 ea
742 4208 865 4266 quae
910 4192 967 4246 in
1014 4191 1273 4262 parochia
1303 4198 1397 4245 tua
1434 4197 1624 4246 contra
1658 4190 1924 4245 rationem
1963 4197 2018 4245 et

389 4282 769 4338 auctoritatem
804 4295 1018 4355 egeras,
1067 4279 1321 4334 studeres
1362 4279 1661 4354 corrigere,
1693 4278 1787 4332 sed
1821 4278 2013 4333 admo-

390 4371 586 4428 nitioni
613 4386 752 4425 mere
784 4385 894 4425 non
941 4368 1193 4440 paruisti.
1245 4368 1453 4424 Deinde
1485 4385 1552 4424 ex
1613 4367 1854 4440 praefatis
1892 4368 2013 4438 epi-

389 4460 546 4515 stolis
579 4459 835 4513 Romanze
886 4458 1038 4513 sedis
1072 4455 1392 4529 pontificum
1444 4464 1572 4513 ante
1616 4457 1886 4512 Niczenam
1922 4473 2014 4528 sy-

2119 3254 2293 3309 tulisti
2322 3255 2418 3309 sed
2459 3264 2515 3309 et
2544 3271 2575 3309 a
2601 3255 2711 3310 tuis
2742 3256 3059 3311 hominibus
3085 3266 3395 3325 accusatus,
3437 3258 3567 3329 quia
3596 3272 3748 3314 con-

2120 3353 2202 3401 tra
2234 3346 2388 3422 leges
2418 3347 2635 3402 divinas
2666 3357 2721 3403 et
2750 3348 3063 3406 mundanas
3091 3349 3174 3405 eis
3203 3366 3302 3404 sua
3333 3349 3602 3405 beneficia
3629 3351 3761 3407 abs-

2115 3438 2312 3506 tulisti,
2374 3445 2433 3493 ut
2487 3439 2807 3511 synodalem
2858 3456 3149 3496 censuram
3198 3442 3483 3507 evaderes,
3543 3440 3753 3497 dedisti

2119 3530 2236 3604 regi
2268 3537 2330 3584 et
2371 3530 2506 3584 mihi
2541 3531 2596 3584 in
2627 3531 2821 3585 eadem
2866 3533 3080 3602 synodo
3132 3531 3497 3603 professionis
3528 3540 3636 3588 tuae
3683 3535 3749 3589 li-

2118 3618 2325 3673 bellum
2349 3619 2417 3673 de
2450 3619 2689 3693 regulari
2716 3619 3043 3675 obedientia
3074 3629 3185 3687 tua,
3220 3638 3384 3692 quem
3411 3620 3592 3677 habeo
3622 3640 3639 3688 ;
3693 3632 3753 3678 et

2118 3718 2174 3765 tu
2208 3726 2413 3785 negare
2453 3726 2565 3766 non
2598 3718 2777 3781 potes,
2825 3712 3086 3783 quoniam
3119 3713 3293 3784 ipsius
3323 3712 3605 3784 exemplar
3628 3714 3752 3785 (12)

2118 3800 2188 3854 de
2219 3816 2384 3853 manu
2427 3816 2551 3854 mea
2582 3799 2638 3853 in
2680 3800 2876 3855 eadem
2906 3801 3120 3872 synodo
3170 3802 3457 3872 accepisti,
3489 3801 3634 3857 sicut
3689 3803 3752 3857 in

2117 3905 2379 3960 processu
2428 3891 2767 3946 monstrabo.
2802 3891 2908 3946 Sed
2955 3898 3017 3946 ut
3071 3892 3154 3946 vir
3200 3892 3404 3964 duplex
3450 3893 3660 3958 animo,
3692 3902 3756 3948 et

2118 3982 2440 4038 inconstans
2491 3984 2546 4037 in
2577 3984 2841 4039 omnibus
2895 3984 3000 4040 viis
3029 3985 3139 4040 tuis
3168 3987 3304 4057 (Jac.
3357 3987 3415 4058 ι),
3446 3987 3631 4042 statim
3689 3980 3772 4041 in

2117 4074 2361 4129 crastina
2407 4075 2610 4131 misisti
2661 4076 2801 4131 mihi
2854 4092 2954 4147 per
2993 4077 3326 4134 Harduicum
3365 4079 3745 4135 venerabilem

2116 4165 2616 4221 Vesontionensem
2649 4167 2995 4239 episcOpum,
3030 4170 3097 4224 ad
3131 4168 3502 4241 proﬁtendum
3534 4179 3590 4226 et
3616 4171 3751 4227 sub-

2116 4254 2472 4310 scribendum
2520 4255 2618 4310 tibi
2669 4255 3014 4312 breviculum
3062 4257 3137 4314 ita
3190 4275 3249 4314 se
3305 4260 3636 4316 habentem:
3679 4261 3749 4317 Et

2117 4361 2222 4420 ego
2266 4346 2592 4402 Hincmarus
2639 4348 2933 4404 Remorum
2983 4350 3431 4423 archiepiscopus
3459 4352 3559 4408 tibi
3608 4352 3748 4407 Hin-

2116 4453 2306 4493 cmaro
2336 4437 2722 4495 Laudunensis
2752 4440 3007 4496 Ecclesiae
3038 4442 3370 4514 coepiscopo
3399 4450 3550 4499 tuum
3583 4445 3744 4500 debi—

388 4546 595 4603 nodum
628 4546 850 4618 scriptis
879 4526 1131 4601 libellum
1162 4563 1194 4601 a
1223 4554 1279 4602 te
1305 4546 1619 4613 collectum,
1649 4554 1704 4601 et
1726 4526 2015 4599 versiculis
2040 4527 2097 4596 D
2120 4534 2253 4592 “1m:
2282 4526 2455 4580 sacris
2509 4526 2965 4597 Ρτωοίρίθηίίδυε
3017 4530 3345 4595 canonibus,
3392 4532 3746 4608 Pri‘i'egium

388 4638 443 4692 in
478 4638 704 4693 nomine
734 4637 925 4693 domni
951 4638 1097 4711 regis
1117 4637 1297 4693 Karoli
1323 4637 1622 4702 titulatum,
1652 4652 1753 4708 per
1780 4652 2015 4691 venera-

389 4730 559 4785 bilem
592 4731 875 4802 quondam
893 4730 1375 4801 archiepiscopum
1405 4729 1754 4785 Wanilonem
1782 4728 1837 4782 in
1864 4727 2015 4781 Gun-

387 4821 501 4877 dufi
535 4822 665 4877 villa
689 4838 873 4877 coram
902 4820 1184 4893 episcOpis
1223 4821 1317 4892 qui
1346 4820 1668 4887 adfuerunt,
1700 4820 1834 4873 mihi
1866 4819 2016 4875 dire-

387 4917 536 4986 xisti,
565 4917 633 4971 de
656 4930 767 4987 quo
790 4915 889 4970 tibi
912 4914 1117 4984 scripto
1140 4913 1425 4984 respondi,
1448 4913 1608 4981 cujus
1621 4913 1904 4984 exemplar
1918 4914 2017 4967 ha-

386 5010 512 5075 beo,
546 5024 782 5064 monens
808 5014 881 5075 te,
910 5015 969 5061 ut
993 5006 1165 5060 sacris
1181 5005 1489 5061 canonibus
1515 5013 1570 5060 et
1591 5005 1904 5075 apostolicae
1926 5022 2015 5060 se-

387 5101 472 5155 dis
502 5100 740 5155 decretis
769 5115 834 5154 ex
857 5098 1064 5152 eisdem
1094 5097 1264 5152 sacris
1284 5097 1590 5151 canonibus
1617 5104 1673 5150 et
1701 5096 2015 5166 apostolicae

386 5192 535 5245 sedis
560 5190 939 5266 promulgatis,
983 5188 1147 5244 fidem
1177 5188 1646 5253 accommodares,
1680 5198 1733 5243 et
1764 5189 2005 5243 debitam

386 5283 762 5338 obedientiam
796 5283 905 5337 illis
931 5282 1300 5354 dependeres.
1338 5281 1473 5336 Inde
1504 5280 1560 5335 in
1591 5280 1871 5349 Actinjaco
1902 5280 2006 5335 Re-

386 5371 594 5425 mensis
634 5371 906 5439 parochize
937 5370 1037 5424 tibi
1067 5386 1250 5427 coram
1282 5369 1559 5441 episcOpis
1597 5368 1728 5423 dedi
1757 5368 2002 5423 libellum

386 5463 441 5516 in
482 5462 553 5517 55
580 5462 836 5532 capitulis
878 5463 1233 5519 auctoritates
1271 5462 1672 5517 ecclesiasticas
1716 5461 2009 5517 continen-

386 5563 494 5612 tem
531 5556 711 5626 (Svn.,
736 5558 794 5609 in
830 5557 1132 5623 Attem’aco,
1156 5573 1287 5611 ann.
1319 5556 1467 5628 870),
1494 5555 1792 5612 contrailla
1806 5571 1928 5627 quae
1950 5556 2026 5609 in‘

385 5644 628 5715 praefatis
661 5642 768 5697 tuis
809 5643 1026 5698 duobus
1057 5643 1259 5699 libellis
1297 5644 1623 5719 collegeras,
1664 5659 1900 5698 monens
1946 5650 2006 5697 ut

383 5732 627 5788 atalibus
648 5730 1030 5801 ethujusmodi
1058 5733 1582 5802 reprehensionibus
1602 5740 1654 5786 te
1683 5732 2000 5800 cohiberes,

449 5832 563 5909 (12)
605 5832 789 5888 Exstat
826 5831 973 5907 apud
1013 5832 1323 5889 Aimonium
1356 5832 1454 5889 lib.
1486 5848 1541 5900 ν,
1572 5847 1622 5888 c.
1651 5833 1741 5889 2i.

2115 4621 2478 4687 conservabo,
2530 4630 2585 4677 et
2626 4623 2682 4676 in
2722 4623 3148 4697 quibuscunque
3204 4627 3596 4683 ecclesiasticis
3641 4644 3745 4683 ne—

2115 4710 2283 4785 gotiis
2314 4711 2645 4786 indigneris,
2681 4714 2990 4769 secundum
3024 4732 3208 4771 sacras
3241 4717 3459 4792 regulas
3492 4717 3745 4773 debitum

2116 4802 2213 4857 tibi
2237 4803 2361 4871 jure
2393 4803 2731 4871 adjutorium
2783 4805 3247 4878 archiepisc0pali
3281 4810 3604 4865 auctoritate
3635 4810 3742 4865 ad—

2120 4894 2344 4950 hibebo.
2378 4895 2508 4960 Quae
2541 4912 2705 4951 causa
2733 4912 2842 4952 non
2862 4898 3038 4953 solum
3073 4915 3183 4955 non
3206 4900 3275 4955 de
3304 4901 3521 4968 humili,
3552 4918 3745 4958 verum

2118 5001 2222 5040 nec
2270 4986 2340 5041 de
2369 5001 2506 5041 sano
2564 5002 2729 5042 sensu
2761 4989 3054 5059 processit.
3119 4991 3385 5060 Injustum
3419 4994 3625 5065 quippe
3683 5009 3749 5049 ac

2116 5073 2495 5130 irrationabile
2547 5075 2786 5141 videtur,
2844 5083 2904 5131 ut
2957 5079 3409 5150 archiepiscopus
3474 5098 3505 5135 a
3573 5083 3745 5137 sacris

2116 5165 2422 5221 canonibus
2451 5181 2561 5222 non
2601 5167 2936 5230 exorbitans,
2979 5170 3268 5226 excedenti
3328 5172 3590 5243 episc0po
3621 5173 3740 5227 suf-

2107 5254 2369 5329 fraganeo
2409 5272 2440 5310 a
2465 5271 2526 5311 se
2556 5256 2832 5324 ordinato,
2866 5256 3230 5327 professionis
3267 5277 3331 5316 ac
3368 5260 3737 5332 subscriptio-

2107 5347 2194 5401 nis
2248 5347 2456 5415 libello,
2517 5347 2659 5403 sicut
2709 5350 3106 5419 postulaveras,
3157 5351 3515 5409 satisfaceret.
3576 5354 3732 5412 Sicut

2105 5440 2252 5493 enim
2292 5440 2597 5494 secundum
2632 5439 2966 5511 Scripturam
3018 5443 3202 5498 minor
3244 5460 3275 5497 a
3305 5444 3512 5513 majore
3550 5445 3729 5503 bene-

2108 5526 2308 5583 dicitur
2333 5528 2518 5597 (Hebr.
2553 5529 2668 5596 vn),
2710 5528 2785 5582 ita
2817 5544 3046 5599 prorsus
3076 5530 3309 5586 minora
3339 5532 3549 5601 majore
3573 5534 3730 5601 judi-

2104 5628 2280 5687 catur,
2310 5620 2512 5693 ligatur
2536 5620 2622 5675 vel
2654 5620 2905 5685 solvitur,
2950 5620 3175 5675 sicutpet
3203 5620 3258 5675 in
3299 5621 3537 5678 decretis
3567 5624 3727 5680 Gela-

2103 5711 2167 5766 sii
2197 5711 2605 5768 demonstratur
2657 5712 2898 5783 (Gauls,
2938 5728 3018 5767 ev.
3066 5713 3101 5766 4
3125 5718 3174 5767 et
3207 5712 3317 5784 13),
3365 5714 3519 5771 Juste
3547 5716 3721 5793 igitur
