3912 6474
363 488 471 542 215

1499 489 1867 544 FLODOARDI
1909 491 2219 547 CANONlCl
2259 490 2588 547 REMENSIS

1996 100 1999 101 ν
2022 99 2089 113 ⁷
2139 99 2193 110 γ
2252 99 2317 109 -
2370 99 2415 108 ν
2484 99 2531 105 —

3603 491 3710 548 216

365 622 627 680 eumdem
659 623 1082 690 Nortmannum,
1115 624 1211 695 qui
1269 625 1415 694 ipsas
1446 639 1533 679 res
1562 641 1593 679 a
1632 632 1687 681 te
1714 626 1828 701 regi
1854 642 1992 683 con-
2014 632 2067 699 Α
2098 640 2358 699 exposco,
2387 627 2533 682 sicut
2560 634 2617 684 et
2662 626 2719 681 in
2772 626 2967 682 eadem
2996 627 3211 698 synodo
3259 626 3315 682 in
3344 627 3544 684 eodem
3576 628 3714 683 Atti-

368 730 574 781 cessas,
598 730 699 786 per
727 715 876 790 regis
931 715 1265 770 beneﬁcium
1309 716 1598 782 retinebat,
1630 717 1906 774 violenter
1934 728 1991 775 et

367 806 490 861 sine
519 805 669 879 regis
697 804 1044 867 auctoritate,
1076 819 1140 859 ac
1182 803 1376 871 verbo,
1414 804 1497 859 vel
1533 806 1729 862 litteris
1764 809 1987 879 expuli-

369 894 462 958 sti,
494 900 551 948 et
581 893 810 964 expulso
846 892 962 957 illo,
985 892 1108 946 illas
1136 891 1410 960 invasisti,
1448 902 1503 948 et
1524 894 1578 949 in
1620 910 1714 950 eas
1747 895 1983 965 intrasti,

370 1000 436 1040 ac
466 982 782 1054 possedisti,
813 997 937 1036 cum
967 982 1078 1036 sint
1132 982 1285 1056 leges
1312 990 1370 1038 et
1422 985 1647 1058 regulae,
1703 986 1776 1042 sit
1820 987 1987 1042 etiam

371 1094 463 1133 rex
493 1085 724 1148 portans
775 1075 1019 1148 gladium
1076 1076 1146 1131 ad
1202 1077 1504 1133 vindictam
1564 1079 1986 1136 malefactorum

372 1174 541 1244 (Rom.
571 1171 715 1242 xm),
745 1171 857 1225 sint
895 1170 1165 1242 episcOpi,
1217 1180 1272 1226 et
1300 1188 1543 1229 canones
1582 1175 1650 1230 ad
1688 1176 1992 1245 judicanda

370 1263 603 1319 crimina
631 1262 1049 1336 sacrilegorum,
1079 1269 1137 1318 ut
1161 1263 1206 1318 si
1240 1263 1361 1336 ipse
1397 1265 1770 1323 Nortmannus
1795 1284 1990 1340 perva-

370 1373 463 1414 sor
525 1373 710 1412 rerum
763 1357 1264 1415 ecclesiasticarum
1320 1352 1481 1427 foret,
1535 1362 1741 1438 gladio,
1803 1364 1857 1419 id
1904 1373 1989 1421 est

370 1452 614 1508 vindicta
634 1452 785 1528 regia
823 1452 1134 1524 puniretur,
1167 1454 1215 1509 si
1252 1455 1560 1529 sacrilegus
1598 1458 1990 1529 comprobatus

372 1552 540 1608 esset,
598 1543 900 1616 episcOpali
933 1552 987 1600 et
1036 1545 1306 1602 canonico
1348 1547 1562 1617 judicio
1621 1548 1986 1616 judicaretur.

370 1635 509 1691 Sunt
539 1635 705 1691 etiam
732 1635 973 1706 judices,
1033 1646 1089 1692 et
1115 1643 1243 1692 sunt
1273 1637 1445 1712 leges,
1495 1654 1730 1711 quorum
1763 1648 1818 1697 et
1847 1658 1989 1713 qua-

373 1746 492 1785 rum
515 1728 748 1799 judicio,
781 1729 827 1784 si
853 1728 987 1800 quid
1020 1727 1155 1785 forte
1184 1728 1306 1796 tibi,
1335 1740 1393 1785 et
1422 1731 1680 1787 Ecclesiae
1713 1731 1810 1786 tibi
1834 1748 1990 1788 com-

371 1819 554 1873 missae
582 1819 788 1888 injuste
818 1817 1025 1873 factum
1064 1824 1201 1886 erat,
1247 1819 1503 1893 legaliter
1555 1828 1611 1877 et
1664 1822 1995 1894 regulariter

374 1913 785 1971 cmendaretur.
822 1936 848 1960 η

448 2007 582 2061 ltem
614 2013 739 2077 post
759 2004 1012 2076 quadam
1062 2003 1343 2076 praecipue
1382 2003 1533 2060 beati
1569 2005 1819 2080 Gregorii
1854 2023 1996 2078 pras-

372 2096 695 2167 ceptionum
724 2094 972 2149 decreta:
1001 2114 1025 2145 «
1041 2093 1289 2166 Denique
1314 2109 1379 2149 ex
1392 2109 1458 2149 eo
1473 2094 1624 2166 quod
1646 2095 1722 2149 tui
1742 2097 1998 2152 homines

372 2201 432 2239 se
462 2185 531 2238 ad
585 2199 770 2258 regem
828 2182 1285 2249 reclamaverunt,
1346 2182 1608 2254 quoniam
1665 2183 1734 2238 ab
1784 2184 1866 2238 eis
1896 2200 1997 2239 sua

373 2276 666 2344 beneficia,
722 2275 816 2348 qui
868 2274 1016 2346 apud
1056 2282 1439 2330 antecessores
1470 2280 1614 2346 {tuos
1669 2276 1997 2347 praeservie-

373 2375 520 2433 runt,
556 2366 758 2435 injuste
790 2373 846 2419 et
875 2363 1330 2420 irrationabiliter
1383 2363 1709 2420 abstulisses
1739 2371 1863 2437 post
1896 2365 1995 2419 da-

377 2466 491 2514 tum
530 2457 644 2533 regi
676 2463 731 2512 et
759 2456 894 2511 mihi
923 2454 1244 2511 libellumin
1263 2457 1479 2528 synodo
1506 2456 1576 2512 de
1602 2456 1838 2530 regulari
1862 2455 1999 2512 obe-

375 2550 586 2606 dientia
618 2557 729 2615 tua,
784 2548 1087 2604 secundum
1146 2564 1334 2604 sacros
1385 2564 1653 2615 canones,
1687 2555 1743 2604 et
1779 2548 2003 2604 decreta

374 2650 577 2698 sanctae
604 2643 756 2698 sedis
788 2642 1048 2698 Romanm
1078 2639 1428 2712 pontificum,
1483 2656 1548 2694 ex
1588 2640 1800 2695 eisdem
1830 2642 2003 2698 sacris

375 2734 686 2791 canonibus
752 2733 1119 2807 promulgata,
1173 2731 1382 2787 electos
1436 2731 1655 2800 judices
1704 2732 2001 2804 episcopos

377 2828 523 2899 apud
549 2843 640 2882 me
670 2825 948 2897 expetisti,
1008 2831 1063 2879 et
1114 2832 1246 2890 tres,
1307 2823 1612 2879 secundum
1682 2824 1999 2880 Africanum

375 2916 672 2972 concilium
704 2916 874 2985 (conc.
932 2914 1117 2980 Afric.
1175 2929 1298 2967 can.
1346 2912 1436 2978 63,
1494 2912 1583 2974 88,
1613 2913 1702 2980 89,
1738 2914 1849 2984 94),
1884 2914 1998 2969 sci-

375 3007 506 3062 licet
536 3005 849 3071 Actardum,
896 3003 1319 3076 Rageneliuum.
1348 3012 1517 3076 atque
1541 3003 1810 3059 Joannem
1851 3023 1882 3061 a
1909 3022 1998 3061 me

379 3099 476 3153 tibi
504 3098 824 3172 designatos
842 3095 1158 3167 suscepisti,
1190 3103 1246 3150 et
1276 3111 1490 3164 eorum,
1522 3103 1687 3168 atque
1713 3098 1999 3169 apostolo-

406 3204 499 3241 um
531 3187 705 3241 Deum
739 3185 1051 3241 timentium
1099 3184 1334 3254 judicio,
1369 3185 1424 3239 in
1456 3185 1646 3241 domni
1680 3187 1829 3262 regis
1858 3187 2002 3243 sicut

381 3279 692 3352 postulasti,
718 3278 1011 3351 przesentia
1041 3278 1111 3333 de
1132 3276 1467 3350 quibusdam
1496 3278 1779 3335 decretum
1798 3278 1922 3346 fuit,
1944 3287 2004 3336 ut

383 3372 658 3427 .mneficia
687 3386 808 3437 sua,
841 3386 963 3442 qua:
994 3369 1452 3425 irrationabiliter
1501 3370 1879 3441 perdiderant,
1916 3388 2006 3427 re-

382 3476 651 3529 cuperare
680 3458 975 3514 deberent.
1005 3458 1377 3524 Quorumdam
1401 3465 1583 3514 autem
1616 3476 1808 3515 eorum
1840 3477 2005 3516 causa

383 3568 555 3623 usque
585 3551 654 3605 ad
684 3550 853 3606 alium
885 3558 1196 3617 tractatum,
1220 3551 1387 3607 certis
1417 3552 1597 3607 causis
1631 3551 2006 3608 intervenien-

383 3646 532 3703 tibus
561 3663 672 3701 non
702 3646 961 3708 diffinita.
996 3646 1091 3701 sed
1125 3646 1214 3701 die
1244 3646 1354 3701 alia
1404 3644 1733 3703 difﬁnienda
1785 3664 2007 3703 reman-

382 3740 452 3794 sit
485 3758 499 3805 ;
533 3748 587 3796 et
617 3748 673 3795 tu
704 3747 829 3796 ante
861 3738 1250 3794 difﬁnitionem
1285 3747 1476 3795 contra
1506 3756 1694 3796 sacros
1738 3757 2003 3809 canones,

383 3842 437 3890 et
462 3833 584 3888 sine
610 3832 722 3888 ulla
753 3832 1079 3888 necessitate
1097 3829 1182 3885 vel
1202 3830 1436 3898 ratione,
1492 3827 1623 3905 fuga
1672 3831 1879 3902 lapsus,
1912 3848 2004 3888 re-

382 3924 628 3999 gularem
651 3920 1044 3978 diffinitionem
1071 3927 1392 3993 exspectare
1422 3920 1830 3992 contempsisti.
1864 3942 1888 3972 ι›

452 4013 589 4068 Item
622 4020 750 4085 post
772 4011 959 4084 aliqua
988 4012 1057 4067 de
1079 4009 1408 4067 canonibus:
1444 4034 1458 4057 ι
1484 4010 1548 4065 Ει
1574 4009 1643 4065 ab
1676 4010 2001 4081 electorum,

379 4106 614 4178 judicio,
647 4116 707 4163 ut
731 4105 982 4179 praedixi,
1011 4104 1230 4162 incaute
1249 4121 1313 4160 ac
1343 4105 1635 4161 inhoneste
1666 4103 1794 4177 fuga
1818 4105 2004 4176 lapsus

383 4197 711 4263 abscedens,
745 4194 1095 4267 pitacciolum
1126 4194 1582 4250 irrationabiliter
1610 4193 2007 4263 confectum,et

386 4306 551 4345 manu
568 4296 663 4344 tua
688 4286 1084 4358 subscriptum,
1140 4301 1203 4342 ac
1260 4284 1500 4357 praefatae
1531 4284 1867 4357 professioni
1898 4293 2005 4342 tua:

387 4393 788 4453 usquequaque
824 4375 1189 4443 contrarium,
1240 4391 1340 4447 per
1396 4375 1788 4432 Ermenoldum
1816 4376 2008 4432 diaco-

387 4493 517 4532 num
550 4485 728 4539 tuum,
759 4490 811 4528 vi
857 4472 1039 4528 Nonas
1093 4469 1247 4527 Julii.
1279 4468 1589 4525 indictione
1619 4469 1652 4523 3
1682 4468 1819 4524 mihi
1850 4469 2004 4525 misi~

386 4572 480 4636 sti,
517 4570 665 4643 quod
694 4569 769 4625 ita
798 4583 859 4623 se
882 4566 1053 4623 habet
1084 4564 1188 4636 ($3)
1221 4582 1235 4619 :

463 4687 487 4705 υ
526 4656 1012 4717 Reverendissimo
1042 4654 1338 4710 Remorum
1398 4651 1818 4725 archiepiscopo
1876 4651 2007 4706 Hm-

2029 3327 2078 3396 C

2091 724 2252 780 niaco
2292 739 2325 779 a
2350 722 2512 779 vobis
2569 729 2891 789 convocata,
2922 722 3070 795 quod
3102 722 3418 794 impetrare,
3481 737 3594 778 non
3616 736 3714 777 va-

2089 813 2186 879 lui,
2214 809 2577 883 expostulavi,
2607 825 2669 864 ac
2693 809 2805 877 jam
2835 809 3000 864 etiam
3054 825 3156 881 per
3184 810 3461 884 integrum
3493 809 3712 883 efflagi-

2091 904 2199 960 tavi
2219 919 2443 969 annum,
2467 908 2523 957 et
2552 901 2829 973 praecipue
2860 901 2916 956 in
2946 902 3160 974 synodo
3191 903 3341 974 apud
3375 902 3711 958 Vermeriam

2091 998 2356 1069 palatium
2384 997 2513 1053 olim
2535 997 2603 1051 ab
2635 1011 2774 1053 orno
2799 996 2992 1052 habita
3040 997 3196 1067 (Syn.
3247 997 3401 1068 apud
3446 998 3712 1063 γεννηθῇ,

2091 1105 2182 1143 an.
2215 1088 2366 1158 770),
2407 1087 2754 1142 obsecrando
2805 1086 3133 1155 declamavi,
3197 1104 3346 1144 nunc
3401 1101 3628 1160 quoque
3659 1093 3715 1141 et

2091 1176 2345 1242 obsecro,
2396 1184 2451 1231 et
2496 1175 2627 1230 item
2673 1175 2943 1240 declamo,
2975 1184 3035 1231 ut
3093 1183 3148 1231 et
3179 1175 3448 1232 hactenus
3469 1175 3579 1250 egi,
3602 1191 3715 1248 quo

2092 1273 2275 1321 vestra
2304 1263 2764 1335 archiepiscopali
2791 1264 3119 1320 auctoritate
3142 1265 3291 1336 apud
3316 1265 3508 1321 domui
3538 1264 3714 1320 nostri

2092 1359 2477 1434 gloriosissimi
2508 1359 2659 1434 regis
2721 1358 2903 1414 Karoli
2960 1359 3165 1431 (Ca-r01.
3214 1358 3714 1430 Calvus)clemen-

2092 1451 2222 1505 tiam
2254 1449 2581 1519 obtineatis,
2634 1455 2909 1521 quatenus
2964 1448 3157 1505 domui
3179 1459 3235 1506 et
3264 1448 3590 1505 universalis
3616 1465 3720 1521 pa-

2093 1561 2175 1617 pae
2201 1545 2426 1600 Adriani
2458 1545 2754 1616 praeceptis
2783 1561 2846 1601 ac
2885 1544 3333 1601 institutionibus
3371 1543 3718 1601 ecclesiasti-

2091 1636 2191 1698 cis,
2219 1634 2357 1690 mihi
2386 1644 2446 1690 ut
2496 1635 2760 1691 omnibus
2789 1636 3034 1707 expedit,
3065 1636 3218 1691 velut
3246 1636 3298 1691 ei
3335 1636 3430 1708 qui
3461 1636 3531 1690 de
3560 1633 3719 1691 omni

2093 1724 2338 1781 Ecclesia
2362 1726 2443 1781 fas
2473 1726 2641 1782 habet
2663 1725 2979 1795 judicandi,
3032 1728 3196 1783 liceat
3225 1728 3481 1793 obedire,
3506 1725 3721 1782 videli-

2093 1829 2181 1877 cet
2207 1831 2266 1876 ut
2293 1823 2487 1877 limina
2523 1832 2838 1879 sanctorum
2871 1822 3269 1893 apostolorum,
3306 1822 3447 1877 Petri
3497 1820 3719 1877 scilicet

2095 1919 2149 1964 et
2177 1910 2351 1977 Pauli,
2381 1927 2615 1979 merear,
2676 1918 2734 1967 ut
2773 1911 2991 1976 devovi,
3052 1916 3107 1965 et
3155 1910 3223 1965 ab
3257 1909 3450 1966 eodem
3485 1909 3723 1978 insuper

2096 2011 2323 2060 vocatus
2359 2021 2505 2072 sum,
2540 2013 2853 2076 penetrare.
2888 2003 3144 2076 Alioquin
3174 2019 3264 2058 me
3286 2003 3445 2060 vobis
3474 2002 3544 2057 ab
3565 2001 3724 2069 hinc,

2097 2108 2158 2155 ut
2185 2101 2604 2172 archiepiscopo
2661 2101 3029 2172 coepiscopus
3095 2100 3481 2171 obtemperare
3526 2097 3718 2165 debet,

2096 2190 2364 2245 canonice
2393 2189 2583 2246 sciatis
2598 2190 2832 2261 obsequi
2863 2206 2975 2246 non
3009 2205 3194 2261 posse,
3221 2190 3353 2262 quia
3381 2198 3440 2244 ut
3466 2187 3724 2243 decernit

2098 2283 2296 2339 beatus
2325 2300 2468 2354 papa
2491 2283 2742 2338 Gelasius
2768 2283 3178 2354 (Gaus.,epist.
3204 2284 3284 2349 4),
3318 2280 3726 2352 nesciuntquid

2096 2378 2423 2444 loquuntur,
2480 2373 2575 2444 qui
2619 2373 2858 2428 decretis
2916 2382 3117 2428 sanctae
3179 2372 3435 2427 Romanae
3467 2368 3730 2425 Ecclesiae

2100 2464 2251 2519 sedis
2282 2464 2577 2536 praesulum
2603 2465 2759 2537 quasi
2781 2480 3025 2521 canones
3040 2470 3352 2536 opponunt,
3385 2462 3737 2534 quibuscon-

2104 2557 2268 2612 traire
2323 2565 2515 2614 contra
2571 2573 2815 2613 canones
2873 2566 2956 2613 est
3016 2557 3170 2628 ipsos
3218 2571 3278 2611 se
3330 2556 3565 2630 erigere.
3623 2554 3734 2607 lste

2104 2646 2351 2702 Gelasius
2403 2664 2545 2719 papa
2597 2648 2938 2704 venerabilis
2994 2655 3048 2703 et
3100 2655 3327 2702 sanctus
3371 2658 3568 2701 omnes
3619 2642 3732 2696 dc-

2103 2738 2336 2793 cretales
2367 2738 2634 2808 epistolas
2664 2737 3068 2794 venerabiliter
3104 2736 3285 2790 sanxit
3314 2732 3732 2806 suscipiendas,

2102 2842 2209 2882 nec
2238 2842 2303 2881 ea
2327 2825 2719 2881 venerabiliter
2783 2824 3033 2895 suscipit,
3093 2824 3223 2879 licet
3281 2824 3348 2878 ad
3380 2831 3591 2879 tomum
3634 2836 3734 2876 ca-

2106 2927 2203 2993 put
2230 2921 2478 2987 inclinet,
2513 2921 2609 2992 qui
2634 2920 2718 2975 eis
2734 2935 2844 2975 non
2870 2919 3084 2985 obedit,
3115 2918 3214 2972 sed
3228 2917 3413 2988 potius
3436 2931 3603 2987 porro
3626 2915 3738 2971 ob-

2101 3013 2219 3068 vias
2240 3027 2438 3066 manus
2465 3011 2732 3075 inferens,
2768 3010 2915 3083 quod
2937 3010 3059 3064 sine
3087 3008 3333 3080 periculo
3358 3008 3445 3083 agi
3488 3022 3599 3062 non
3626 3021 3736 3078 po-

2104 3107 2230 3169 test,
2258 3101 2477 3173 respuit
2505 3107 2698 3171 utpote
2727 3100 2823 3173 qui
2874 3100 2943 3155 de
2974 3115 3033 3154 se
3058 3098 3294 3168 judicari
3343 3113 3454 3153 non
3496 3095 3728 3168 prospi-

2104 3198 2197 3252 cit.
2232 3196 2364 3250 Nam
2412 3193 2647 3249 velimus
2702 3193 2965 3256 nolimus,
3021 3200 3115 3247 aut
3137 3191 3221 3246 eis
3259 3190 3597 3265 parebimus,
3631 3198 3737 3246 aut

2103 3301 2295 3341 eorum
2323 3283 2534 3355 judicio
2567 3283 2953 3354 percellemur,
2980 3296 3214 3353 quorum
3250 3280 3531 3335 neminem
3555 3278 3738 3350 aliqui

2105 3376 2313 3448 quique
2335 3373 2635 3445 reprobare
2677 3372 2942 3428 valemus.
2976 3372 3051 3426 De
3079 3368 3517 3440 archiepiscopis
3543 3375 3737 3423 autem

2107 3467 2362 3542 Remigio
2419 3482 2483 3521 ac
2534 3465 2827 3531 Harduico,
2860 3464 3009 3536 quod
3040 3463 3178 3518 mihi
3231 3478 3331 3534 per
3360 3460 3737 3516 Teutlandum

2107 3563 2404 3617 diaconum
2459 3559 2781 3625 mandastis,
2857 3556 3153 3629 privilegio
3210 3564 3411 3613 sanctae
3469 3556 3738 3612 Romanae

2109 3652 2368 3708 Ecclesia:
2391 3667 2500 3707 non
2531 3649 2876 3722 praejudicat,
2904 3648 3003 3702 sed
3035 3646 3185 3719 quod
3217 3645 3299 3701 eis
3319 3646 3513 3701 eadem
3542 3655 3743 3703 sancta

2106 3744 2267 3799 sedes
2292 3742 2473 3797 deme
2521 3740 2697 3797 voluit
2752 3755 2817 3794 ac
2859 3735 3136 3808 disposuit
3173 3735 3543 3800 committere,
3575 3750 3739 3791 com-

2105 3832 2280 3900 misit,
2306 3847 2405 3888 vos
2430 3846 2561 3887 vero
2583 3829 2732 3901 quod
2764 3834 3009 3885 vestrum
3073 3832 3156 3880 est
3201 3823 3368 3895 agite.
3406 3822 3466 3876 ln
3497 3822 3742 3879 Domino

2103 3925 2236 3981 Jesu
2265 3924 2476 3980 Christo
2528 3923 2675 3977 bene
2725 3921 2924 3976 valete.
2983 3917 3097 3989 Ego
3144 3916 3466 3997 Hincmarus
3521 3924 3739 3972 sancta:

2110 4019 2488 4079 Laudunensis
2509 4019 2765 4075 Ecclesiae
2792 4017 3093 4089 episc0pus
3110 4021 3310 4087 sponte
3342 4013 3672 4086 subscripsi.
3703 4036 3738 4066 ι»

2183 4135 2207 4166 ι
2239 4116 2315 4171 De
2339 4129 2449 4186 quo
2465 4112 2661 4184 pitatio
2714 4110 2813 4166 tibi
2844 4108 3035 4164 distuli
3084 4105 3427 4178 respondere
3450 4112 3653 4176 putans
3680 4112 3739 4162 te

2107 4210 2433 4273 retractare,
2466 4209 2522 4256 et
2550 4217 2581 4255 a
2604 4211 2699 4255 tua
2736 4196 3087 4254 contumacia
3128 4194 3455 4266 resipiscere
3496 4213 3511 4248 :
3545 4203 3599 4249 tu
3628 4211 3740 4250 au—

2106 4303 2217 4351 tem
2245 4310 2357 4350 non
2387 4291 2668 4366 quievisti,
2724 4291 2869 4345 sicut
2898 4305 3064 4344 causa
3089 4286 3381 4345 brevitatis
3413 4285 3632 4341 omitto.
3670 4286 3740 4342 Et

2109 4397 2234 4459 post
2263 4388 2382 4443 haec
2400 4402 2499 4456 per
2519 4384 2783 4441 clericum
2809 4390 2961 4439 tuum
3004 4380 3351 4437 Bertharium
3382 4379 3587 4436 domno
3610 4381 3736 4455 regi

2109 4490 2231 4536 tuas
2260 4480 2469 4535 litteras
2516 4475 2785 4543 direxisti,
2834 4490 3105 4530 excusans
3153 4481 3208 4529 te
3252 4472 3515 4544 quoniam
3559 4471 3628 4526 ad
3662 4471 3739 4526 il-

2106 4571 2242 4638 lum,
2275 4571 2420 4628 sicut
2439 4568 2539 4625 tibi
2571 4568 2947 4624 mandaverat.
2982 4565 3175 4621 venire
3213 4580 3324 4621 non
3352 4579 3568 4635 posses,
3597 4564 3735 4636 quia

2108 4662 2449 4727 febricitans,
2482 4667 2543 4714 ut
2562 4668 2617 4714 te
2639 4659 2722 4714 sol
2751 4663 3003 4733 tangeret
3030 4654 3265 4711 sufferre
3298 4653 3567 4725 nequibas
3591 4670 3605 4707 :
3628 4654 3731 4709 sed

385 4766 567 4807 CMARO
635 4755 838 4803 58Ποιέ
900 4743 1284 4800 Laudunensis
1342 4741 1601 4799 Ecclesiae
1665 4741 2000 4810 HINCMARUS,
2241 4755 2467 4810 Romam
2521 4752 2692 4808 eundi
2748 4751 3029 4807 licentiam
3079 4748 3256 4815 daret,
3290 4747 3595 4804 secundum
3626 4762 3731 4803 vo-

387 4846 498 4900 Deo
523 4842 842 4903 miserante,
873 4837 1190 4909 episcopus,
1222 4835 1463 4891 debitam
1496 4836 1551 4890 in
1584 4834 1800 4891 Christo
1831 4835 2006 4892 devo-

388 4936 619 4991 tionem.
651 4933 758 4988 Vos
786 4930 940 4987 scitis
964 4929 1095 5002 quia
1124 4928 1193 4983 ab
1237 4927 1532 4983 universali
1564 4934 1767 4983 sanctae
1808 4926 2008 4983 Roma-

390 5042 473 5082 na:
500 5023 761 5080 Ecclesiae
819 5036 984 5093 papa,
1013 5019 1171 5075 Patre
1202 5034 1424 5092 quoque
1456 5025 1644 5075 nostro
1667 5025 1721 5074 et
1747 5019 2009 5093 magistro

390 5120 629 5176 Adriano
661 5118 917 5188 (Adrian.
972 5115 1044 5186 II)
1078 5114 1163 5170 his
1215 5122 1442 5170 vocatus
1469 5113 1667 5179 existo,
1688 5122 1743 5169 et
1770 5130 1869 5171 vos
1896 5114 2000 5186 ipsi

392 5215 447 5269 in
473 5211 937 5286 quaternionibus
964 5210 1099 5266 mihi
1132 5226 1163 5265 a
1194 5207 1353 5265 vobis
1383 5207 1439 5263 in
1482 5206 1751 5263 Attiniaco
1775 5209 2003 5278 palatio,

393 5322 575 5363 coram
605 5304 1041 5377 archiepiscOpis
1098 5310 1154 5358 et
1206 5300 1507 5374 episcopis,
1563 5300 1658 5373 qui
1688 5300 2004 5369 adfuerunt,

393 5394 559 5461 datis,
590 5393 823 5463 quodad
840 5394 1033 5448 eadem
1066 5392 1256 5448 sedem
1278 5390 1472 5447 venire
1503 5390 1734 5447 totidem
1784 5398 2013 5448 vocatus

392 5486 829 5549 detrectem,me
872 5482 1318 5554 reprehendistis
1351 5482 1433 5549 ;si
1502 5482 1636 5537 vitio
1698 5481 2008 5553 scriptoris,

393 5593 493 5651 pro
524 5576 848 5643 detrectem,
892 5575 1043 5648 quod
1088 5583 1175 5631 est
1229 5573 1573 5631 dissimulem
1619 5574 1705 5631 vel
1733 5573 2006 5640 differam,

391 5674 714 5733 detractem,
755 5671 904 5742 quod
960 5670 1120 5727 valde
1176 5678 1404 5727 tractem
1461 5685 1573 5727 non
1631 5670 1699 5725 ab
1731 5686 1790 5726 re
1829 5669 2004 5741 accipi

390 5773 595 5840 potest,
628 5763 1125 5820 intercbaraxatum
1156 5779 1266 5820 non
1317 5763 1439 5819 fuit.
1500 5764 1654 5819 Unde
1708 5778 1804 5819 vos
1860 5781 2008 5820 nunc

390 5873 490 5930 pro
516 5870 703 5911 amore
742 5854 837 5911 Dei
860 5852 1282 5925 omnipotentis,
1316 5861 1372 5909 et
1429 5853 1740 5909 reverentia
1769 5854 1824 5908 S.
1859 5840 2003 5909 Petri

455 5961 569 6034 (l3)
609 5960 790 6018 Evstat
820 5959 889 6017 ad
919 5957 1088 6014 ﬁnem
1118 5957 1375 6030 opusculi
1412 5958 1494 6012 LV
1526 5958 1761 6030 Capitul.

2110 4851 2225 4900 tum
2254 4852 2405 4899 tuum
2437 4841 2587 4915 quod
2646 4840 2861 4906 vovisti,
2911 4838 3134 4911 quando
3182 4839 3354 4894 altera
3374 4836 3495 4892 vice
3516 4834 3728 4891 febrem

2111 4937 2376 5005 habuisti,
2414 4946 2476 4992 ut
2501 4936 2570 4991 ad
2594 4942 2911 4991 sanctorum
2934 4932 3311 5003 apostolorum
3342 4929 3556 4990 limina.
3584 4928 3739 4984 sicut

2109 5044 2339 5084 voveras
2363 5026 2616 5090 veniens,
2646 5024 2856 5079 ibidem
2888 5023 2956 5077 ab
2980 5022 3175 5077 eadem
3202 5020 3358 5077 febre
3383 5017 3727 5074 liberareris.

2110 5118 2163 5173 ls
2180 5124 2361 5172 autem
2393 5116 2635 5172 domnus
2663 5129 2757 5169 rex
2787 5127 2971 5167 coram
3011 5111 3290 5183 episcOpis
3337 5115 3395 5164 et
3430 5108 3554 5163 aliis
3579 5107 3724 5163 ﬁde-

2094 5212 2255 5279 ,libus
2275 5212 2408 5280 suis,
2439 5210 2533 5282 qui
2562 5209 2877 5272 adfuerunt,
2907 5207 3007 5264 tibi
3040 5223 3139 5278 per
3159 5205 3418 5261 eumdem
3467 5203 3730 5259 clericum

2111 5314 2265 5360 tuum
2300 5302 2662 5367 remaudavit,
2687 5302 2889 5357 mirum
2920 5310 2975 5355 et
3020 5313 3132 5354 non
3181 5314 3369 5353 verum
3421 5311 3541 5351 esse
3584 5296 3734 5368 quod

2113 5395 2352 5462 diceres,
2404 5392 2665 5465 quoniam
2717 5391 2786 5446 ad
2842 5390 2995 5446 illum
3053 5388 3242 5444 venire
3275 5401 3385 5441 non
3438 5400 3651 5457 posses,
3680 5393 3737 5441 et

2115 5485 2339 5541 Romam
2372 5483 2524 5538 adire
2580 5482 2813 5536 valeres.
2865 5478 3097 5534 Venires
3152 5485 3338 5532 autem
3372 5475 3441 5531 ad
3472 5475 3652 5539 illum,
3678 5484 3734 5532 et

2109 5578 2154 5633 si
2174 5577 2292 5648 ipse
2319 5591 2418 5648 pro
2448 5591 2614 5630 causa
2644 5570 2955 5628 rationabili
2994 5577 3047 5626 te
3083 5569 3309 5626 illucire
3340 5568 3484 5625 velle
3514 5583 3727 5642 cogno-

2107 5681 2260 5723 scere
2292 5670 2498 5736 posset,
2532 5662 2631 5718 tibi
2684 5660 2967 5718 lieentiam
2995 5674 3104 5716 non
3127 5659 3432 5731 denegaret
3483 5657 3561 5713 Tu
3594 5674 3725 5715 vero

2108 5757 2175 5813 ad
2192 5755 2345 5810 illum
2364 5753 2553 5810 venire
2586 5751 2833 5820 noluisti,
2891 5752 3071 5807 donec
3096 5750 3239 5807 circa
3274 5748 3557 5804 Kalendas
3585 5748 3727 5819 Sep-

2108 5850 2338 5908 tembris
2366 5848 2545 5905 tertia:
2585 5846 2930 5912 indictionis,
2964 5844 3031 5900 ad
3079 5843 3352 5899 Silvanum
3380 5841 3450 5897 de
3478 5841 3726 5899 collocu-
