3912 6434
206 426 315 481 217

866 428 1192 484 lllSTORl/E
1232 428 1558 485 ECCLESl/E
1599 433 1926 490 REMENSIS
1970 435 2145 492 LIBRI
2187 433 2492 500 QUATUOR
2547 465 2614 474 —
2645 434 2771 489 LIB.
2815 435 2907 489 lll.

3444 436 3551 492 218

207 556 363 612 tione
384 556 569 611 fratris
599 557 684 612 sui
708 557 968 614 Ludovici
1000 557 1184 627 rediit,
1243 575 1353 632 quo
1379 560 1596 618 obviam
1621 564 1701 620 illi
1732 583 1832 621 ve-
1860 571 1911 639 Α
1938 583 2061 624 cum
2093 568 2280 623 subire
2304 567 2600 635 judicium,
2659 566 2802 623 sicut
2847 567 2933 622 lex
2974 565 3358 631 Valentiniani,
3387 583 3551 638 quam

207 644 388 708 niens,
415 644 554 699 nihil
608 660 738 699 cum
811 661 900 709 eo,
954 646 1055 700 sed
1104 662 1210 702 nec
1260 664 1500 717 mecum,
1545 660 1718 722 perte
1748 656 1833 709 vel

201 736 405 791 missos
425 743 573 797 tuos,
599 743 694 791 aut
717 737 930 792 litteras
985 746 1107 793 tuas
1136 739 1206 794 de
1237 739 1457 796 licentia
1481 750 1574 798 tua
1606 745 1832 801 Romam

203 828 377 883 eundi
399 827 733 884 dixisti.Sed
757 838 811 885 et
853 830 1077 901 quando
1129 831 1281 886 missi
1313 833 1502 888 domni
1544 839 1830 906 apostolici

205 915 394 970 Remis
426 915 671 983 fuerunt,
713 918 968 988 quotidie
1000 935 1099 990 per
1128 930 1342 991 septem
1372 923 1515 990 dies,
1549 941 1671 980 cum
1701 944 1831 1000 rege

207 1016 264 1061 et
291 1024 508 1063 mecum
540 1008 760 1064 locutus
791 1009 969 1078 fuisti,
1002 1018 1057 1065 et
1085 1011 1213 1067 inde
1247 1013 1383 1068 nihil
1434 1017 1643 1072 dixisti.
1678 1019 1830 1084 Quod

212 1097 354 1151 dicis
385 1097 519 1152 tein
553 1099 767 1168 synodo
811 1100 960 1170 apud
993 1101 1358 1168 Vermerium,
1413 1104 1652 1177 indeque
1684 1109 1829 1179 apud

215 1186 547 1241 Attiniacum
580 1187 862 1242 licentiam
902 1187 1071 1243 eundi
1107 1190 1331 1244 Romam
1364 1193 1593 1262 petisse,
1641 1202 1695 1249 et
1718 1195 1829 1249 im-

211 1283 432 1344 petrare
461 1290 572 1330 non
615 1276 880 1345 potuisse,
903 1291 1097 1332 omnes
1123 1279 1397 1350 episcopi,
1421 1281 1516 1352 qui
1542 1283 1596 1336 in
1620 1283 1829 1338 eisdem

209 1367 438 1438 synodis
455 1366 698 1431 fuerunt,
741 1367 1150 1438 liquidosciunt
1178 1372 1440 1442 quoniam
1471 1389 1595 1428 cum
1628 1375 1698 1430 de
1721 1377 1831 1430 tuis

210 1456 528 1511 insolentiis
559 1455 960 1527 increpabaris,
1011 1458 1210 1513 timens
1256 1461 1508 1534 regulare
1532 1462 1827 1532 judicium,

208 1547 291 1600 vel
327 1546 476 1618 regis
529 1547 970 1618 castigationem,
1041 1547 1319 1602 licentiam
1381 1552 1549 1604 eundi
1607 1553 1830 1606 Romam

213 1632 462 1704 petebas.
498 1632 632 1688 Cum
664 1650 796 1690 vero
826 1635 1078 1702 videbas,
1130 1637 1261 1708 quia
1301 1649 1354 1691 et
1383 1654 1474 1692 rex
1497 1647 1552 1694 et
1582 1639 1831 1712 episcopi

212 1731 372 1778 erant
402 1723 503 1778 tibi
536 1725 862 1795 placabiles,
886 1727 956 1781 de
989 1729 1110 1798 ipsa
1168 1728 1392 1784 licentia
1423 1730 1559 1785 nihil
1584 1731 1831 1798 dicebas,

213 1815 360 1869 sicut
388 1831 492 1870 nec
523 1815 688 1870 modo
721 1814 878 1882 facis,
919 1816 1100 1871 donec
1138 1818 1380 1889 aliquam
1414 1821 1736 1886 novitatem,
1777 1830 1837 1876 ut

214 1905 383 1971 soles,
411 1921 577 1976 quam
622 1921 843 1976 semper
898 1906 1150 1962 timendo
1205 1915 1484 1979 exspecto.
1520 1909 1718 1964 iterum
1750 1909 1838 1964 fa-
1864 1898 1914 1966 Β

219 1997 354 2061 cias,
389 1999 458 2052 de
489 2013 599 2068 qua
629 1997 995 2068 compellatus
1023 1999 1243 2054 solitam
1273 2001 1586 2056 cantionem
1634 2003 1705 2056 de
1744 2013 1837 2058 tua

212 2097 484 2146 recantes.
556 2090 758 2145 Potitio
821 2099 1003 2146 autem
1053 2099 1146 2146 tua
1176 2093 1323 2163 apud
1352 2094 1616 2149 domuum
1649 2111 1833 2170 regem

208 2181 338 2237 talis
361 2181 484 2248 fuit,
518 2181 742 2253 quando
786 2181 854 2235 ad
897 2197 1023 2236 eum
1077 2182 1296 2250 venisti,
1317 2183 1447 2254 quia
1475 2183 1619 2238 sicut
1650 2185 1836 2255 plures

204 2282 260 2328 et
291 2289 438 2345 pene
460 2289 658 2329 omnes
684 2271 741 2327 in
772 2273 892 2328 istis
946 2275 1229 2345 provincis
1285 2275 1428 2330 scire
1460 2277 1743 2343 dicuntur,
1777 2287 1832 2332 et

205 2374 379 2438 patet,
411 2366 625 2420 addens
662 2365 924 2436 gravibus
940 2366 1215 2440 graviora,
1245 2367 1395 2422 velut
1419 2368 1537 2439 ipsa
1551 2384 1831 2424 sacrorum

202 2473 482 2513 canonum
515 2457 898 2512 demonstrant
930 2457 1161 2526 judicia,
1216 2458 1407 2514 nescio
1464 2459 1670 2531 quibus
1713 2476 1830 2514 ma-

203 2549 626 2606 chinationibus
655 2548 944 2620 exquiSitis
986 2567 1018 2605 a
1074 2558 1125 2606 te
1153 2551 1330 2619 jussio
1389 2559 1474 2605 est
1505 2551 1830 2622 principalis

204 2639 419 2704 elicita,
473 2645 532 2693 ut
561 2637 633 2692 de
684 2638 772 2692 his
815 2638 884 2692 de
915 2637 1121 2709 quibus
1150 2640 1355 2695 electos
1379 2640 1598 2708 judices
1627 2656 1831 2694 secun-

203 2733 542 2786 dumsacros
594 2746 836 2785 canones
891 2731 1171 2802 expetisti,
1229 2747 1340 2787 non
1389 2732 1567 2787 solum
1638 2748 1828 2788 eorum

204 2821 462 2894 querela,
511 2836 748 2892 quorum
789 2837 952 2876 causa
997 2838 1172 2893 usque
1205 2822 1271 2876 ad
1326 2822 1496 2877 alium
1539 2829 1829 2878 tractatum

202 2909 539 2967 dilﬁnienda
569 2910 833 2965 remansit
857 2928 869 2964 :
889 2928 1079 2966 verum
1103 2921 1155 2966 et
1177 2928 1320 2983 quae,
1347 2921 1407 2967 ut
1428 2912 1563 2979 dixi,
1589 2913 1643 2966 in
1669 2913 1829 2969 dom-

198 3003 254 3056 ni
315 3001 466 3072 regis
518 3000 814 3071 praesentia
871 3002 1172 3056 electorum
1241 3002 1492 3070 judicum
1553 3003 1827 3057 sententia

196 3093 442 3150 diffinita
498 3093 746 3157 fuerunt,
814 3093 936 3148 sine
992 3093 1402 3163 metropolitani
1459 3095 1823 3160 conscientia,

1939 661 2135 732 probat
2161 660 2424 728 Ecclesia,
2457 658 2819 715 demonstrat".
2853 683 2878 706 »ν

2008 755 2142 809 ltem
2176 759 2299 824 post
2328 759 2579 808 ostensas
2605 753 2974 808 auctoritates:
3009 772 3035 803 α
3065 753 3125 808 Ει
3157 768 3266 808 non
3282 760 3555 824 pertrans-

1935 854 2023 901 eat
2052 847 2223 902 etiam
2254 853 2401 899 tuam
2460 844 2988 911 considerationem,
3058 861 3157 900 cur
3193 845 3432 900 domnus
3465 861 3555 899 rex

1935 944 2039 991 tuae
2072 937 2325 1007 petitioni
2345 935 2623 1000 annuerit,
2665 943 2724 990 ut
2775 935 2926 990 unde
2993 936 3046 989 in
3081 936 3377 1006 praesentia
3409 935 3556 990 illius

1933 1026 2139 1081 electos
2159 1026 2380 1095 judices
2411 1025 2706 1096 episcopos
2733 1025 3042 1080 secundum
3099 1041 3286 1080 sacros
3311 1041 3555 1081 canones

1933 1114 2223 1186 accepisti,
2259 1113 2380 1169 sine
2402 1113 2743 1168 conscientia
2757 1113 3193 1184 metropolitani,
3217 1113 3452 1183 sineque
3469 1129 3555 1168 ec-

1932 1203 2240 1258 clesiastico
2286 1202 2500 1271 judicio
2542 1203 2904 1268 consenserit,
2937 1211 2996 1256 ut
3034 1201 3553 1269 secularesjudices

1933 1293 2000 1346 ad
2033 1294 2380 1348 retractanda
2402 1309 2468 1348 ea
2498 1310 2620 1365 quie
2652 1292 2892 1348 difﬁnita
2921 1292 3168 1360 fuerunt,
3196 1295 3281 1348 vel
3313 1294 3550 1349 addifli-

1933 1386 2160 1452 nienda,
2190 1388 2260 1441 de
2291 1388 2497 1458 quibus
2523 1388 2742 1456 judices
2788 1403 3101 1458 acceperas,
3133 1387 3355 1442 demum
3397 1388 3550 1442 acci-

1933 1491 2114 1544 peres.
2147 1475 2269 1530 Scio
2301 1476 2448 1530 enim
2499 1485 2554 1530 et
2610 1485 2790 1531 certus
2824 1492 2946 1530 sum
3000 1476 3130 1530 hinc
3156 1475 3553 1531 illumcanoni-

1935 1585 2058 1622 cum
2097 1570 2244 1624 scire
2277 1570 2575 1638 judicium,
2633 1577 2686 1624 et
2745 1571 2915 1625 miror
2943 1585 3006 1624 ac
3036 1569 3198 1623 doleo
3227 1585 3324 1623 cur
3363 1578 3419 1624 ιιι
3449 1570 3555 1625 hoc

1935 1663 2126 1718 videre
2170 1681 2282 1720 non
2327 1665 2569 1731 voluisti,
2615 1672 2709 1720 aut
2733 1666 2842 1721 Deo
2869 1665 3055 1734 judice
3094 1665 3413 1737 arrogantia
3444 1679 3554 1720 cae-

1936 1764 2090 1810 catus
2120 1773 2230 1812 non
2258 1758 2505 1828 potuisti.
2543 1759 2752 1830 lnunge
2785 1757 2979 1828 igitur,
3012 1757 3317 1812 secundum
3365 1755 3553 1812 consi-

1937 1844 2071 1898 lium
2092 1846 2445 1917 Apocalypsis
2501 1845 2764 1910 Joannis,
2814 1846 3040 1916 collyrio
3100 1845 3291 1900 oculos
3346 1854 3470 1899 tuos
3493 1851 3553 1899 ut

1936 1933 2128 1988 videas
2163 1937 2351 2004 (Apoc.
2387 1937 2488 2001 iii),
2524 1944 2577 1989 et
2595 1935 2914 2008 albuginem
2931 1934 3258 2009 arrogantia:
3290 1934 3359 1987 de
3389 1932 3550 1988 oculo

1936 2027 2162 2090 mentis,
2221 2027 2277 2080 id
2334 2033 2415 2081 est
2456 2028 2740 2083 intellectu
2801 2035 2917 2091 tuo,
2964 2028 3207 2097 abjicere
3261 2026 3462 2092 valeas,
3497 2032 3551 2081 et

1938 2130 2110 2186 pensa
2141 2131 2210 2170 ne
2242 2115 2380 2170 forte
2405 2116 2643 2171 domnus
2671 2132 2783 2182 rex,
2803 2131 2965 2187 quem
3001 2115 3159 2170 toties
3185 2113 3546 2184 exacerbasti,

1935 2204 2119 2258 sciens
2139 2204 2325 2258 divina
2343 2204 2548 2274 judicia
2571 2211 2734 2276 atque
2762 2204 3003 2276 eloquia,
3025 2203 3222 2258 liincin
3255 2203 3550 2259 annuendo

1932 2294 2074 2347 votis
2113 2293 2221 2346 tuis
2247 2293 2572 2367 cogitaverit
2601 2302 2791 2349 contra
2823 2301 2876 2348 te
2905 2291 3214 2347 sententias
3245 2291 3460 2346 divinas
3479 2292 3547 2346 de

1935 2387 2021 2441 his
2049 2386 2143 2457 qui
2172 2385 2323 2439 durze
2380 2387 2612 2441 cervicis
2658 2394 2713 2440 et
2757 2385 3127 2442 indomabiles
3174 2385 3342 2440 corde
3373 2393 3502 2440 sunt
3535 2403 3548 2438 :

1933 2476 2037 2540 Qui
2068 2479 2218 2528 nocet
2280 2479 2466 2529 noceat
2518 2476 2699 2529 adhuc
2739 2477 2950 2543 (Ezech.
3013 2476 3092 2543 ii),
3127 2483 3182 2528 et
3211 2477 3309 2543 qui
3349 2477 3406 2527 in
3434 2489 3552 2528 sor—

1930 2567 2086 2620 dibus
2116 2571 2193 2620 est
2244 2568 2518 2621 sordescat
2560 2568 2739 2621 adhuc
2798 2569 2984 2637 (Apoc.
3021 2569 3172 2635 xxii),
3203 2571 3262 2619 ut
3290 2567 3552 2635 impleant

1924 2663 2149 2728 peccata
2187 2674 2289 2712 sua
2316 2675 2523 2728 semper
2553 2662 2603 2728 (Ι
2624 2661 2801 2714 Thess.
2837 2661 2902 2730 ii)
2937 2677 2950 2724 ;
2983 2670 3037 2714 et
3065 2677 3078 2712 :
3112 2662 3332 2715 Dimisit
3359 2676 3442 2714 eos
3470 2675 3550 2714 se-

1932 2747 2166 2801 cundum
2192 2748 2465 2801 desideria
2496 2750 2674 2803 cordis
2705 2764 2906 2814 eorum,
2946 2750 3101 2802 ibunt
3129 2751 3188 2802 in
3209 2749 3552 2802 adinventio-

1932 2839 2094 2892 nibus
2155 2853 2270 2892 suis
2333 2839 2501 2905 (Psal.
2546 2843 2698 2908 Lxxx)
2737 2857 2750 2894 ;
2783 2846 2883 2893 et:
2934 2841 3124 2895 Nonne
3172 2840 3280 2892 hac
3336 2839 3553 2892 condita

1929 2934 2059 2983 sunt
2086 2930 2236 2999 apud
2251 2946 2351 2992 me,
2387 2939 2443 2985 et
2471 2933 2692 2998 signata
2745 2933 2804 2985 in
2836 2932 3104 2985 thesauris
3130 2933 3258 2984 meis
3291 2932 3447 2984 ?mea
3476 2933 3560 2983 cst

1928 3022 2081 3086 ultio,
2114 3026 2165 3076 et
2192 3038 2286 3089 ego
2317 3024 2617 3077 retribuam
2639 3028 2715 3077 eis
2735 3025 2795 3076 in
2843 3027 3096 3092 tempore,
3123 3028 3185 3076 ut
3215 3023 3432 3076 labatur
3454 3037 3550 3090 pes

1929 3125 2113 3163 eorum
2145 3127 2158 3163 :
2183 3111 2354 3178 juccta
2381 3115 2458 3164 est
2479 3112 2592 3164 dies
2618 3111 2968 3179 perditionis,
3002 3115 3052 3164 et
3081 3112 3266 3163 adesse
3288 3111 3552 3176 festinant

189 3185 429 3295 Sineqluc
460 3183 815 3295 cananilco'et
857 3183 1170 3295 .el’iscopflli
1213 3183 1448 3251 indiCiO:
1485 3199 1584 3286 iter
1610 3183 1828 3295 lu‘difm?
1855 3227 1904 3295 Ο
1928 3201 2169 3265 tempora
2193 3199 2364 3266 (Deut.
2420 3200 2606 3266 xxxii).
2669 3198 2884 3252 Etcum
2916 3204 3187 3252 tantarum
3241 3203 3551 3269 transgres-

191 3277 512 3337 szeculares,
577 3275 965 3347 Helmigarium
1035 3275 1253 3330 scilicet
1301 3277 1524 3330 mercati
1598 3276 1823 3346 palatini

191 3368 604 3432 Telonearium,
647 3374 703 3422 et
755 3366 1090 3422 Flotharium
1149 3383 1211 3422 ac
1252 3367 1538 3423 Ursionem
1573 3369 1822 3424 villarum

198 3459 483 3532 regiarum
537 3456 776 3525 majores
837 3455 1244 3522 refricarentur,
1309 3465 1500 3512 contra
1559 3474 1820 3526 canones,

195 3555 288 3626 qui
319 3553 391 3606 ab
413 3549 808 3605 ecclesiasticis
852 3549 919 3604 ad
970 3550 1198 3618 majoris
1251 3550 1593 3606 auctoritatis
1631 3551 1820 3606 eccle-

193 3643 715 3710 siasticosjudices,
757 3648 812 3696 et
864 3656 972 3696 non
1023 3657 1053 3695 a
1103 3640 1409 3709 majoribus
1434 3641 1502 3695 ad
1552 3642 1821 3708 minores,

191 3752 294 3791 nec
312 3735 384 3788 ab
415 3733 808 3789 ecclesiasticis
824 3733 893 3787 ad
925 3733 1242 3801 saeculares,
1267 3749 1449 3804 neque
1482 3749 1512 3787 a
1542 3748 1823 3788 consensu

188 3829 432 3900 partium
462 3826 654 3881 electis
711 3825 996 3896 provocari
1039 3825 1385 3895 permittunt.
1431 3826 1468 3878 A
1509 3825 1711 3896 quibus
1735 3825 1826 3894 ju-

190 3919 416 3973 dicibus
435 3915 797 3971 saecularibus
835 3931 866 3969 a
896 3921 950 3970 te
973 3915 1162 3985 petitis
1188 3916 1440 3990 quiedam
1475 3932 1540 3970 ex
1570 3914 1826 3970 difﬁnitis

195 4009 522 4064 refricataet
535 4006 1104 4077 immutata,quiedam
1119 4021 1252 4060 vero
1265 4023 1332 4061 ex
1345 4006 1687 4062 diffiniendis
1699 4013 1826 4061 sunt

186 4099 448 4167 difﬁnita,
477 4097 842 4154 adinventitia
865 4097 1232 4167 reputatione,
1263 4098 1408 4153 sicut
1443 4097 1512 4151 ab
1545 4097 1700 4168 ipsis,
1731 4097 1825 4169 qui

193 4195 247 4248 in
279 4194 482 4249 eodem
515 4193 715 4263 placito
748 4192 990 4257 fuerunt,
1017 4192 1321 4258 dicitur,de
1353 4207 1466 4247 non
1494 4191 1828 4247 necessariis

201 4284 1146 4356 etinconvenientibusjuramentis
1176 4291 1412 4351 reperta,
1446 4291 1499 4338 et
1521 4291 1619 4338 ate
1643 4300 1825 4340 coram

203 4374 488 4446 praedictis
534 4373 820 4442 judicibus
873 4373 1010 4444 ipsis
1041 4375 1149 4428 tuis
1213 4373 1656 4440 accusatoribus,
1689 4388 1830 4444 quos

201 4472 396 4519 contra
422 4462 871 4530 electosjudices
925 4462 1068 4517 sicut
1123 4463 1460 4533 expetieras,
1514 4462 1825 4534 suscepisti,

199 4555 512 4626 praposita,
539 4563 814 4626 quatenus
837 4562 892 4609 et
911 4555 957 4608 is
980 4555 1049 4609 de
1066 4569 1176 4625 quo
1200 4554 1450 4628 legaliter
1469 4569 1533 4609 ac
1559 4552 1829 4625 regulari-

201 4654 283 4699 ter
311 4643 614 4700 difiinitum
656 4643 856 4711 fuerat,
895 4652 955 4698 ut
986 4642 1318 4699 beneficium
1376 4659 1536 4698 suum
1577 4641 1828 4707 haberet,

199 4736 350 4806 quod
381 4732 1262 4804 contrarationemetzequitatem
1292 4731 1828 4803 perdiderat,eadem

199 4828 601 4883 adinventione
629 4827 1012 4892 dimitteret,et
1043 4825 1337 4897 illiquibus
1360 4824 1665 4893 judicatum
1698 4824 1828 4878 fue-

199 4925 299 4984 rat,
333 4925 394 4972 ut
426 4917 686 4988 quoniam
719 4926 779 4972 tu
837 4923 962 4986 post
1003 4915 1307 4986 expetitum
1338 4916 1641 4970 electorum
1669 4913 1830 4982 judi-

196 5008 364 5070 cium,
401 5005 547 5060 idem
573 5005 846 5073 judicium
870 5003 1278 5078 subterfugisti,
1313 5001 1586 5058 beneficia
1616 5019 1714 5058 sua
1730 5019 1822 5059 us-

197 5116 304 5170 que
330 5099 402 5153 ad
431 5097 662 5174 legalem
689 5097 1080 5152 difﬁnitionem
1103 5102 1380 5163 tenerent,
1414 5094 1818 5167 beneficiaipsa

198 5187 546 5253 desererent,
573 5193 626 5241 et
653 5192 708 5242 tu
767 5186 916 5258 quod
964 5185 1237 5256 incaepisti
1270 5185 1615 5240 evindicares
1644 5204 1659 5251 ;
1693 5201 1817 5241 cum

195 5275 337 5332 sicut
369 5277 470 5331 tibi
503 5291 614 5332 non
669 5276 798 5331 licet
851 5275 922 5330 de
970 5275 1343 5341 accusatione,
1371 5275 1489 5330 sive
1512 5274 1818 5330 criminalis

194 5382 397 5431 causae,
452 5365 570 5422 sive
632 5364 830 5430 civilis,
889 5363 1077 5420 relicto
1128 5363 1524 5430 ecclesiastico,
1593 5363 1818 5435 publico

196 5459 417 5532 purgari
444 5457 681 5528 judicio,
711 5457 786 5513 ita
841 5457 1007 5512 etiam
1066 5473 1176 5513 non
1209 5457 1336 5515 licet
1384 5457 1484 5514 tibi
1510 5457 1816 5530 postposito

192 5548 276 5602 vel
304 5553 629 5618 contempto
669 5546 1070 5614 ecclesiastico,
1116 5547 1349 5616 judicio,
1406 5548 1475 5604 ad
1532 5548 1818 5604 saecularia

186 5640 400 5707 judicia
429 5639 748 5706 convolare,
780 5639 866 5696 vel
896 5655 1311 5713 quemcunque,
1371 5657 1478 5698 nec
1503 5641 1671 5697 etiam
1704 5641 1810 5697 lai-

191 5746 311 5784 cam
346 5745 644 5801 personam
701 5730 1042 5800 pertrahere,
1085 5745 1268 5802 neque
1323 5731 1390 5786 ad
1443 5731 1622 5788 forum
1653 5748 1814 5788 suum

191 5823 372 5894 sequi,
401 5822 446 5877 si
475 5822 593 5894 ipsa
646 5837 886 5893 persona
908 5823 1047 5879 laica
1089 5824 1436 5881 consenserit
1471 5823 1815 5882 ecclesiasti-

1927 3288 2145 3342 sionum
2180 3287 2484 3343 inveniaris
2535 3288 2829 3355 obnoxius,
2856 3303 2967 3344 non
3007 3304 3190 3343 cessas
3220 3303 3306 3343 me
3343 3303 3547 3359 provo-

1926 3395 2072 3446 care,
2104 3387 2163 3434 ut
2183 3380 2254 3434 de
2293 3380 2567 3450 promisso
2600 3379 2802 3451 pitacio
2836 3387 2941 3435 tuae
2985 3379 3344 3451 professionis
3383 3386 3548 3450 atque

1924 3470 2370 3541 subscriptionis,
2397 3470 2466 3525 de
2509 3487 2619 3542 quo
2648 3471 2772 3536 tibi,
2829 3479 2889 3526 ut
2921 3471 3170 3544 praedixi,
3205 3471 3547 3542 respondere

1927 3563 2192 3617 hactenus
2207 3562 2414 3628 distuli,
2466 3563 2564 3617 sed
2622 3571 2676 3618 et
2707 3565 2776 3619 de
2808 3565 2934 3619 aliis
2965 3565 3070 3620 tuis
3104 3563 3548 3636 professionibus

1925 3667 2091 3728 atque
2124 3657 2630 3728 subscriptionibus
2650 3659 2736 3713 vel
2767 3659 3056 3714 lacessitus
3083 3658 3552 3731 rescribam,qua-

1927 3760 2090 3806 tenus
2109 3750 2512 3822 professionum
2545 3759 2599 3807 et
2621 3752 3094 3823 subscriptionum
3138 3759 3355 3807 tuarum
3373 3752 3550 3808 histo-

1926 3845 2035 3899 rias
2065 3845 2253 3916 plures
2284 3846 2554 3918 legentes,
2612 3846 2659 3901 si
2711 3846 2850 3901 forte
2905 3853 3033 3901 sunt
3091 3847 3184 3918 qui
3243 3847 3424 3902 adhuc
3456 3862 3550 3900 eas

1928 3937 2205 4011 ignorent,
2240 3955 2432 3993 earum
2501 3939 2842 4012 diligentiam
2893 3939 3163 3994 cautelam
3225 3954 3448 4010 quoque
3497 3943 3552 3992 et

1929 4027 2216 4082 utilitatem
2247 4035 2603 4101 cognoscant.
2667 4028 2728 4082 Et
2788 4027 3024 4098 primum
3059 4027 3280 4100 quidem
3315 4042 3549 4098 respon-

1931 4113 2075 4170 debo
2105 4115 2206 4169 tibi
2235 4115 2304 4169 de
2329 4115 2556 4186 priefato
2588 4133 2619 4170 a
2651 4125 2703 4171 te
2741 4116 3056 4188 subscripto
3090 4115 3314 4186 pitacio,
3351 4114 3404 4168 in
3439 4131 3549 4187 quo

1933 4206 2131 4261 scribis
2164 4207 2217 4261 in
2250 4208 2589 4264 adminiculo
2621 4216 2712 4265 tuo
2767 4217 2820 4264 te
2851 4226 2880 4263 a
2912 4225 3002 4264 me
3043 4209 3463 4279 reprehensum.
3497 4215 3552 4262 et

1929 4315 2052 4354 esse
2083 4316 2172 4354 me
2192 4301 2439 4358 ostendis
2496 4301 3012 4373 reprehensibilem.
3079 4302 3186 4356 Sed
3220 4316 3322 4376 ego
3367 4305 3553 4370 spreta

1930 4389 2366 4459 reprehensione
2397 4397 2510 4458 tua,
2534 4407 2642 4462 qua
2698 4407 2788 4446 me
2809 4391 2963 4463 quasi
2994 4391 3098 4445 sub
3119 4390 3357 4462 quodam
3387 4405 3552 4444 excu-

1928 4478 2157 4533 sationis
2175 4479 2472 4545 velamine,
2525 4479 2594 4533 de
2639 4480 2923 4550 scriptoris
2970 4479 3102 4534 vitio
3135 4494 3288 4534 more
3312 4485 3405 4534 tuo
3435 4477 3551 4533 evi-

1929 4569 2127 4624 denter
2155 4571 2568 4640 reprehendere
2607 4571 2830 4645 satagis,
2891 4572 2984 4642 qui
3048 4579 3142 4627 aut
3183 4569 3546 4626 differentiam

1931 4656 2086 4711 verbi
2118 4657 2418 4712 detrectem
2451 4657 2595 4730 [rest.
2615 4675 2715 4727 pro
2764 4658 3110 4731 detractem],
3146 4660 3293 4731 quod
3322 4661 3376 4714 in
3407 4659 3550 4713 meis

1931 4748 2149 4818 scriptis
2197 4748 2298 4803 tibi
2353 4749 2496 4804 datis
2547 4749 2730 4821 posui,
2793 4752 3059 4819 nesciam,
3119 4760 3209 4807 aut
3266 4750 3552 4822 scriptoris

1929 4839 2123 4895 vitium
2157 4840 2213 4894 in
2244 4841 2326 4896 eis
2357 4841 2636 4915 corrigere
2657 4859 2766 4899 non
2798 4846 3100 4915 sapuerim,
3130 4844 3217 4899 vel
3251 4843 3549 4899 emendare

1931 4933 2290 5005 neglexerim,
2321 4943 2375 4991 et
2395 4952 2461 4990 ex
2480 4952 2603 4992 mea
2649 4938 3081 5009 reprehensione
3100 4946 3248 4992 tuam
3273 4941 3550 4992 ostentare

1923 5023 2235 5092 scientiam,
2287 5026 2453 5080 Cham
2483 5027 2595 5083 Noe
2641 5026 2789 5081 filius
2825 5028 2979 5096 (Gen.
3039 5028 3111 5085 ιχ(
3142 5026 3384 5091 voluisti,
3437 5042 3550 5082 non

1922 5111 2103 5166 solum
2133 5113 2189 5166 in
2216 5114 2372 5169 verbi
2403 5114 2552 5170 illius
2575 5114 2906 5182 differentia,
2936 5115 3034 5171 sed
3063 5124 3117 5171 et
3145 5117 3198 5171 iii
3220 5116 3329 5171 alio
3353 5115 3548 5184 verbo,

1919 5201 2069 5271 quod
2118 5202 2186 5256 ad
2242 5204 2668 5260 ostentationem
2710 5204 2790 5259 tui
2821 5205 2876 5258 in
2932 5205 3039 5260 tuis
3063 5205 3551 5262 adinventionibus

1922 5294 2177 5351 iteratum
2224 5298 2456 5364 inveni;
2514 5307 2719 5353 etcum
2777 5299 2908 5354 hinc
2946 5315 3124 5355 meam
3173 5300 3550 5372 insipientiam

1920 5386 2143 5443 voluisti
2173 5391 2492 5457 ostendere,
2523 5400 2673 5446 tuam
2706 5391 2969 5447 studuisti
3010 5391 3158 5464 apud
3190 5393 3550 5450 scholasticos

1919 5482 2199 5537 stultitiam
2234 5483 2544 5553 propalare.
2579 5483 2680 5538 Pro
2706 5499 2796 5538 me
2829 5483 2967 5538 nihil
2999 5501 3132 5541 curo
3158 5485 3343 5542 dicere
3371 5505 3383 5540 :
3417 5485 3545 5540 Mihi

1917 5570 2066 5624 enim
2114 5586 2215 5642 pro
2263 5571 2494 5626 minimo
2538 5577 2710 5626 estut
2761 5588 2793 5627 a
2833 5579 2884 5627 te
2933 5573 3155 5643 judicer
3187 5577 3225 5646 (ι
3280 5578 3404 5633 Cor.
3442 5577 3540 5642 iv),

1917 5670 2011 5718 aut
2040 5662 2162 5718 sine
2209 5663 2508 5718 dilectione
2539 5681 2570 5719 a
2609 5671 2700 5720 tua
2750 5666 2979 5722 scientia
3010 5669 3402 5739 reprehendar.
3434 5667 3541 5723 Sed

1919 5771 1988 5811 ne
2015 5756 2164 5827 apud
2201 5756 2348 5823 illos,
2399 5757 2493 5827 qui
2523 5764 2706 5814 tecum
2760 5761 3107 5816 rumusculos
3137 5769 3376 5832 captant,
3426 5761 3540 5833 glo-

1917 5846 2074 5904 rieris
2115 5848 2274 5921 quasi
2320 5864 2409 5904 me
2448 5857 2664 5908 mutum
2697 5851 2947 5908 eﬁ‘eceris
2998 5861 3053 5909 et
3089 5854 3391 5926 elinguem,
3441 5849 3534 5920 qui
