3912 6462
367 482 474 537 219

369 615 522 671 solus
579 618 785 673 nostris
841 617 1186 689 temporibus
1241 617 1531 671 thesauros
1587 614 1872 686 sapientia
1937 621 2066 688 etA

369 707 613 762 scientia
658 716 958 780 penetrans
1001 709 1258 773 introisti,
1312 708 1402 761 hic
1461 722 1624 761 causa
1673 707 1990 778 compendii

369 801 817 869 praetermittens,
855 817 977 857 cum
1011 801 1145 855 mihi
1191 799 1486 866 vacaverit,
1514 799 1801 854 ostendam
1855 800 1987 870 quid

371 895 681 969 regularum
701 896 1066 969 grammatica
1097 895 1227 949 artis
1249 901 1521 962 auctores,
1544 894 1676 966 quid
1707 895 1990 969 orthogra-

368 982 512 1052 phia
556 981 831 1048 doctores,
883 982 1015 1053 quid
1070 988 1272 1036 sancta
1326 981 1619 1052 Scriptura
1668 987 1988 1036 tractatores

372 1072 500 1126 inde
532 1072 772 1126 sentiant
806 1082 971 1144 atque
999 1074 1204 1128 dicant.
1239 1096 1265 1122 η

437 1164 586 1218 Idem
630 1171 754 1234 post
786 1164 1055 1218 nonnulla
1087 1181 1100 1216 :
1152 1184 1173 1213 ι
1208 1162 1316 1217 Sed
1355 1169 1409 1217 et
1455 1162 1562 1217 alia
1603 1169 1732 1217 sunt
1763 1162 1894 1218 hinc
1925 1179 1989 1218 ex

362 1257 533 1310 sacris
570 1255 884 1310 canonibus
923 1262 978 1309 et
1029 1254 1344 1326 apostolica
1375 1255 1524 1310 sedis
1572 1254 1832 1321 decretis,
1866 1271 1988 1326 qua

364 1347 496 1400 mihi
526 1347 614 1402 hic
635 1361 841 1416 ponere
873 1346 1098 1417 longum
1131 1347 1252 1413 fuit,
1291 1347 1345 1401 in
1376 1347 1644 1418 opusculo
1673 1349 1745 1402 55
1776 1349 1987 1418 capitu-

353 1440 562 1505 lorum,
613 1438 760 1510 quod
821 1438 888 1492 ad
950 1446 1096 1494 tuam
1150 1440 1666 1507 commonitionem,
1711 1451 1766 1495 et
1800 1456 1984 1496 corre-

361 1528 602 1583 ctionem
635 1534 797 1598 atque
852 1528 1271 1583 instructionem
1320 1529 1419 1582 tibi
1451 1529 1599 1595 dedi,
1639 1537 1797 1600 potes
1844 1531 1985 1586 rele-

357 1637 513 1694 gere,
573 1629 774 1691 prater
804 1622 1064 1692 epistolas
1122 1622 1432 1692 pramissas
1490 1639 1627 1695 quas
1655 1624 1756 1678 tibi
1809 1624 1983 1679 direxi

357 1711 425 1764 ad
460 1710 901 1784 redarguendam
960 1719 1105 1764 tuam
1151 1712 1518 1766 temeritatem
1577 1723 1768 1767 contra
1817 1729 1982 1767 evan-

356 1801 591 1875 gelicam
649 1803 958 1866 veritatem,
1011 1806 1065 1854 et
1121 1801 1480 1870 apostolicam
1539 1811 1702 1874 atque
1753 1803 1982 1857 canoni-

355 1907 474 1945 cam
552 1892 932 1946 auctoritatem
964 1933 976 1955 ,
1047 1897 1348 1962 contraque
1431 1893 1581 1946 sedis
1667 1894 1982 1964 apostolica

355 1984 598 2048 decreta,
660 1984 714 2036 in
750 1991 893 2037 tuam
943 1991 996 2037 et
1036 1982 1334 2052 perniciem
1368 1983 1664 2038 multorum
1718 1947 2031 2055 prasum-I

356 2079 528 2143 ptam,
562 2072 706 2127 sicut
751 2074 805 2126 in
838 2073 1050 2144 synodo
1082 2072 1442 2142 plurimorum
1474 2075 1870 2145 episcoporum
1900 2087 1984 2131 est

356 2165 797 2234 comprobatum.
843 2164 950 2219 Sed
977 2170 1031 2219 et
1063 2172 1261 2235 prater
1303 2163 1439 2218 alias
1469 2166 1751 2236 epistolas,
1783 2184 1848 2222 ac
1875 2169 1983 2223 alia

351 2257 579 2328 scripta,
615 2275 736 2328 qua
764 2258 862 2312 tibi
904 2256 1101 2322 direxi,
1133 2257 1219 2312 vel
1247 2258 1375 2314 dedi
1407 2260 1475 2314 ad
1503 2260 1977 2330 comprimendam

355 2355 504 2404 tuam
535 2348 984 2416 insolentiam,et
1014 2351 1474 2405 commonendam
1504 2367 1568 2406 ac
1598 2351 1978 2407 instruendam

353 2447 500 2493 tuam
533 2439 909 2507 dilectionem,
947 2449 1006 2494 ut
1033 2457 1228 2514 ageres
1265 2443 1419 2511 juxta
1475 2443 1690 2498 Domini
1729 2443 1975 2498 dictum:

352 2531 490 2594 Quid
522 2533 718 2602 quarit
745 2532 1010 2586 Dominus
1039 2533 1183 2587 Deus
1214 2543 1341 2588 tuus
1371 2550 1400 2587 a
1432 2543 1508 2600 te,
1557 2535 1662 2589 nisi
1696 2542 1754 2589 ut
1781 2535 1978 2591 timeas

352 2619 644 2675 Dominum
706 2621 875 2675 Deum
912 2629 1086 2687 tuum,
1142 2629 1198 2678 et
1228 2622 1396 2678 facias
1448 2625 1781 2683 voluntatem
1834 2625 1974 2693 ejus,

351 2709 692 2779 obediasque
725 2710 899 2780 ipsius
933 2710 1164 2780 imperio
1195 2713 1367 2780 (Deut.
1397 2711 1447 2779 χ)
1470 2711 1498 2764 ?
1529 2712 1656 2777 Qua
1685 2712 1850 2767 frater
1873 2714 1975 2768 sol-

352 2800 500 2855 licita
521 2802 703 2856 cordis
735 2802 1044 2856 intentione
1090 2802 1332 2867 revolve,
1363 2810 1416 2856 et
1452 2803 1696 2875 recogita
1740 2805 1875 2874 quid
1906 2804 1976 2860 sit

350 2889 498 2959 quod
530 2889 716 2944 dixisti
743 2909 758 2942 :
795 2889 929 2952 Quia
960 2905 1026 2943 ex
1052 2899 1182 2944 tunc
1209 2891 1431 2960 quando
1457 2892 1590 2945 mihi
1621 2893 1829 2948 litteras
1855 2894 1975 2949 illas

352 2976 566 3042 misisti,
601 2983 658 3030 ut
701 2976 1123 3047 archiepiscOpo
1169 2978 1536 3048 coepiscOpus
1588 2980 1974 3052 obtemperare

351 3063 518 3117 debet
546 3065 834 3131 canonice,
863 3065 1068 3120 scirem
1100 3066 1335 3137 obsequi
1371 3068 1504 3121 mihi
1544 3075 1596 3124 te
1627 3086 1738 3125 non
1775 3088 1973 3145 posse;

349 3159 404 3206 et
457 3167 652 3207 revoca
691 3159 816 3206 ante
857 3153 1050 3208 oculos
1091 3162 1231 3221 tuos,
1272 3155 1421 3226 quod
1466 3172 1647 3212 coram
1692 3160 1973 3232 episcOpis

349 3243 540 3298 decem
573 3244 976 3314 provinciarum
1026 3248 1303 3316 professus
1335 3266 1414 3316 es,
1466 3260 1520 3307 et
1551 3270 1718 3308 manu
1751 3258 1971 3328 propria

350 3331 762 3402 subscripsisti:
801 3333 1015 3389 scilicet
1062 3336 1192 3406 quia
1242 3338 1532 3415 privilegio
1563 3345 1970 3416 metropolitani

350 3425 648 3495 provincia
682 3427 976 3481 Remorum
1010 3428 1289 3498 Ecclesia,
1330 3434 1635 3489 secundum
1669 3452 1853 3493 sacros
1887 3455 1973 3494 ca-

351 3528 526 3568 nones
551 3523 605 3568 et
634 3514 857 3569 decreta
877 3517 1029 3572 sedis
1048 3521 1365 3589 apostolica
1387 3539 1453 3577 ex
1477 3525 1648 3580 sacris
1665 3528 1973 3584 canonibus

349 3605 694 3678 promulgata
725 3623 822 3677 pro
843 3609 986 3663 scire
1015 3619 1068 3664 et
1097 3627 1261 3681 posse
1297 3621 1348 3668 te
1379 3615 1728 3672 obediturum
1754 3621 1974 3690 profite-

348 3693 484 3748 reris
522 3701 575 3748 et
604 3695 999 3768 subscripsisti.
1037 3700 1152 3767 Dic,
1187 3701 1372 3770 frater,
1401 3707 1623 3775 quando
1657 3717 1712 3763 et
1737 3710 1852 3777 ubi,
1883 3714 1969 3766 vel

345 3780 398 3836 in
431 3781 634 3852 quibus
665 3801 695 3837 a
722 3795 775 3839 te
797 3787 1056 3858 requisivi
1089 3792 1172 3843 vel
1197 3799 1528 3864 extorquere
1553 3796 1722 3864 volui,
1758 3799 1969 3856 utmihi

346 3880 533 3927 contra
567 3875 683 3929 hac
718 3875 772 3929 in
807 3875 992 3947 aliquo
1041 3879 1350 3936 obedires?
1401 3885 1495 3955 qui
1535 3902 1817 3958 nunquam
1855 3895 1967 3956 tua,

343 3964 442 4017 sed
464 3965 618 4032 juxta
648 3967 990 4037 Apostolum,
1026 3977 1078 4024 te
1107 3973 1336 4041 quasivi
1367 3977 1441 4042 (II
1477 3976 1597 4031 Cor.
1631 3993 1745 4045 xu),
1777 3987 1834 4034 et
1876 3982 1969 4051 qui

346 4055 762 4124 measinjurias,
791 4061 1002 4118 scilicet
1034 4081 1173 4120 mea
1201 4082 1475 4136 persona,
1505 4070 1685 4136 facile,
1708 4070 1818 4126 Deo
1845 4088 1970 4143 gra-

352 4148 720 4218 tias,possum
759 4151 1055 4219 dimittere,
1092 4157 1232 4211 sicut
1271 4168 1326 4214 et
1351 4162 1598 4231 quotidie
1629 4180 1728 4234 pro
1759 4173 1811 4219 te
1848 4181 1968 4222 om-

346 4239 708 4309 nipotentiam
743 4245 958 4300 Domini
998 4248 1198 4304 devote
1232 4266 1466 4308 exorans
1506 4255 1647 4311 facio
1677 4275 1691 4320 ;
1739 4258 1970 4326 injurias

344 4331 710 4388 ordinationis
741 4335 961 4403 divina,
996 4355 1118 4410 qua
1147 4357 1178 4394 a
1218 4349 1308 4396 tua
1349 4343 1645 4402 insolentia
1674 4351 1968 4421 exquirun-

342 4430 450 4491 tur,
484 4433 542 4479 ut
561 4428 988 4497 metropolitano
1019 4432 1309 4508 privilegio
1339 4438 1603 4493 canonice
1627 4455 1736 4496 non
1757 4442 1964 4497 subda-

345 4516 439 4579 ris,
487 4517 541 4570 in
573 4534 698 4573 eum
749 4521 1144 4590 redundantes,
1187 4527 1281 4597 qui
1311 4529 1516 4599 Spiritu
1557 4540 1751 4588 sancto
1781 4550 1904 4601 suo,
1935 4553 1966 4591 a

345 4621 455 4676 quo
478 4609 807 4682 promulgati
831 4611 1088 4685 leguntur
1107 4624 1161 4670 et
1192 4618 1495 4674 creduntur
1511 4636 1775 4686 canones,
1800 4625 1963 4680 insti-
1986 4603 2040 4670 D

347 4698 470 4764 luit,
513 4699 787 4768 patienter
818 4703 959 4759 ferre
993 4722 1104 4762 non
1150 4725 1398 4780 possum,
1455 4729 1557 4768 nec
1596 4715 1798 4780 debeo,
1832 4718 1964 4789 quin

345 4795 553 4843 tantum
585 4791 712 4848 inde
745 4809 855 4848 non
885 4804 1130 4870 satagam
1161 4809 1428 4871 quantum
1473 4812 1686 4875 potero.
1721 4809 1851 4863 Nam
1879 4810 1962 4864 si-

342 4889 434 4934 cut
459 4881 773 4939 sollicitudo
807 4894 861 4940 et
893 4889 1160 4957 primatus
1200 4893 1366 4949 totius
1397 4896 1650 4952 Ecclesia
1678 4901 1962 4958 catholica

340 4978 544 5060 sancta
567 4975 714 5029 sedis
741 4976 1000 5034 Romana
1031 4982 1278 5052 pontifici
1319 4985 1584 5043 divinitus
1622 5000 1706 5044 est
1743 4992 1960 5060 collata,

345 5059 419 5113 ita
448 5067 501 5113 et
531 5061 832 5134 unicuique
860 5069 1290 5138 metropolitano
1330 5089 1393 5128 ac
1412 5074 1633 5144 primati
1664 5059 1962 5146 provincia

344 5151 658 5208 sollicitudo
684 5155 790 5209 sibi
822 5156 1088 5232 delegata
1116 5163 1433 5235 provincia,
1465 5182 1564 5236 per
1585 5184 1769 5223 sacros
1794 5187 1962 5228 cano-

349 5259 447 5297 nes
472 5244 676 5314 Spiritu
725 5249 820 5304 Dei
853 5252 1106 5310 conditos
1134 5265 1189 5311 et
1232 5259 1398 5314 totius
1429 5261 1619 5316 mundi
1653 5267 1963 5321 reverentia

348 5345 698 5395 consecratos
728 5344 978 5400 noscitur
1029 5364 1151 5404 esse
1189 5353 1503 5420 commissa,
1566 5376 1590 5405 »
1648 5365 1703 5412 et
1741 5366 1957 5414 catera.

344 5422 662 5494 Sequuntur
701 5431 945 5504 denique
978 5437 1133 5506 plura
1163 5439 1230 5494 de
1270 5441 1709 5510 professionibus
1739 5454 1795 5502 et
1833 5447 1960 5502 sub-

345 5510 740 5605 scriptionibus
769 5520 1016 5588 ejusdem
1077 5527 1377 5597 Hincmari,
1418 5538 1472 5585 et
1521 5535 1964 5605 correptionibus

347 5603 466 5706 ejus
504 5623 680 5706 usque
711 5613 778 5667 ad
817 5612 981 5669 finem
1032 5620 1238 5690 operis.
1274 5623 1406 5678 ltem
1456 5625 1606 5682 aliud
1636 5603 1777 5699 opus
1825 5629 1963 5686 inci—

347 5699 507 5766 piens
529 5699 604 5754 ita
637 5717 650 5753 :

421 5813 443 5836 ι
493 5791 813 5890 timeamus
836 5794 1130 5856 Remorum
1144 5804 1440 5877 episcopus
1451 5809 1731 5867 HINCMARO
1751 5812 1968 5867 Laudu-

349 5893 507 5934 nenSI
530 5897 814 5953 episcopo.

1474 478 1842 536 FLODOARDI
1920 479 2224 536 CANONICI
2265 480 2614 539 REMENSIS.

3601 488 3706 542 220

2165 637 2191 662 ‹ι
2224 616 2317 671 Vir
2348 616 2581 673 diversis
2635 617 2868 692 ﬂagellis
2905 636 2937 674 a
2990 619 3221 675 diversis
3266 620 3486 676 attritus
3529 621 3703 677 dicit:

2093 708 2198 774 Qui
2233 725 2315 764 me
2343 711 2624 765 comedunt
2652 728 2759 765 non
2789 712 3065 766 dormiunt
3105 713 3226 779 (Job
3255 716 3406 780 xxx),
3438 729 3502 768 ac
3531 713 3578 767 si
3617 713 3702 767 di-

2092 805 2260 863 ceret,
2303 813 2414 852 non
2445 798 2759 869 quiescunt.
2789 800 2852 854 Et
2891 807 2968 866 tu,
3013 800 3198 866 frater,
3243 818 3331 857 me
3363 809 3467 856 tua
3507 802 3708 877 lingua

2091 887 2322 962 ﬂagellis
2377 897 2634 957 atterere,
2667 900 2722 945 et
2779 893 3070 948 venenosis
3108 893 3327 964 scriptis
3369 894 3476 957 tuis
3500 893 3569 947 ad
3602 894 3707 948 ira-

2089 979 2347 1034 cundiam
2379 979 2729 1052 provocando
2771 979 2996 1036 inficere
3027 996 3137 1036 non
3177 982 3436 1053 quiescis.
3469 981 3576 1036 Sed
3610 982 3703 1053 qui

2095 1069 2245 1124 illum
2290 1087 2508 1127 servum
2541 1088 2700 1126 suum
2755 1072 3051 1128 custodivit
3090 1091 3122 1128 a
3151 1073 3702 1131 murmurationibus.

2091 1176 2178 1215 me
2209 1168 2575 1232 peccatorem,
2599 1169 2654 1216 et
2681 1161 2930 1236 fragilem
2962 1161 3015 1216 in
3048 1179 3107 1217 se
3129 1163 3500 1218 confidentem
3529 1169 3708 1233 potest

2090 1254 2368 1308 custodire
2400 1271 2432 1307 a
2453 1270 2684 1310 rancore
2715 1263 2770 1310 et
2810 1256 3015 1312 malitia
3044 1263 3230 1312 contra
3272 1264 3393 1311 tuas
3419 1255 3582 1310 falsas
3604 1256 3711 1310 cri-

2089 1343 2440 1398 minationes.
2467 1343 2597 1398 Post
2627 1343 2733 1398 alia
2763 1345 2930 1400 multa
2953 1361 3123 1415 super
3141 1345 3386 1400 dolorem
3417 1344 3706 1399 vulnerum

2089 1451 2336 1492 meorum
2359 1438 2570 1492 addens
2601 1438 2770 1509 (Psal.
2801 1441 2995 1507 vam),
3027 1439 3199 1493 dicis:
3233 1439 3382 1503 Sicut
3412 1439 3466 1492 in
3487 1437 3712 1508 scriptis

2090 1526 2195 1580 tuis
2224 1528 2497 1597 perversis
2535 1528 2780 1595 invenio,
2839 1528 2968 1598 quia
3006 1528 3321 1598 apostolica
3358 1528 3506 1582 sedis
3559 1535 3710 1596 pote-

2085 1615 2209 1669 stati
2240 1614 2468 1690 derogo.
2508 1616 2662 1670 Unde
2685 1632 2848 1672 nemo
2877 1633 3070 1670 sanum
3097 1617 3319 1687 sapiens
3335 1616 3428 1670 tibi
3459 1632 3704 1686 unquam

2085 1704 2342 1774 credidit,
2371 1705 2457 1759 vel
2484 1705 2693 1771 credet,
2727 1706 2989 1777 quoniam
3016 1712 3069 1759 et
3100 1705 3218 1776 ipsa
3247 1705 3451 1776 scripta
3482 1722 3605 1776 qua
3636 1705 3704 1758 ad

2083 1796 2442 1866 apostolicam
2483 1797 2672 1852 sedem
2709 1797 3018 1867 sapissime
3050 1797 3194 1863 misi,
3239 1804 3291 1852 et
3321 1797 3410 1850 illa
3441 1813 3562 1867 qua
3603 1797 3704 1850 tibi

2085 1887 2371 1942 resultanti
2417 1904 2565 1959 sape
2611 1889 2912 1955 transmisi,
2962 1897 3012 1943 te
3053 1888 3361 1954 revincent,
3406 1895 3461 1941 et
3499 1889 3555 1941 in
3599 1889 3705 1944 isto

2085 1975 2307 2038 saculo,
2334 1983 2388 2029 et
2413 1975 2469 2030 in
2502 1976 2684 2031 futuro
2710 1977 2942 2045 judicio.
2978 1977 3095 2031 Non
3119 1977 3268 2031 enim
3291 1977 3359 2030 de
3391 1992 3477 2031 me
3508 1993 3702 2032 verum

2084 2082 2206 2122 esse
2223 2066 2432 2122 valebis
2457 2084 2723 2140 unquam,
2746 2069 2832 2123 vel
2855 2085 3084 2140 usquam
3104 2069 3336 2139 probare
3359 2068 3508 2140 quod
3533 2070 3704 2124 dicis:

2083 2159 2162 2212 Ab
2196 2159 2304 2225 his,
2347 2159 2627 2231 inquiens.
2656 2177 2687 2215 a
2713 2161 2916 2232 quibus
2945 2176 3045 2231 pro
3065 2161 3380 2232 apostolica
3407 2161 3558 2215 sedis
3590 2162 3708 2232 pri-

2082 2251 2320 2326 vilegiis,
2352 2269 2475 2323 qua
2507 2252 2700 2307 Christi
2732 2261 2860 2308 sunt
2897 2269 3074 2324 usque
3115 2254 3182 2308 ad
3212 2261 3443 2310 mortem
3478 2253 3560 2308 fas
3587 2263 3709 2309 erat

2081 2344 2374 2412 decertari,
2408 2345 2737 2415 pradicatur
2765 2351 2819 2399 et
2857 2345 3104 2413 docetur,
3149 2347 3203 2400 in
3234 2347 3320 2400 his
3352 2362 3473 2418 qua
3504 2347 3704 2401 eadem

2079 2440 2243 2494 sedes
2269 2439 2481 2502 statuit,
2510 2439 2659 2494 velut
2681 2438 3053 2509 respuendum
3074 2438 3316 2509 probari.
3346 2438 3452 2492 Sed
3475 2445 3531 2492 tu
3565 2454 3703 2508 pro-
3792 2435 3800 2444 ’

2080 2531 2226 2586 baris
2256 2533 2376 2600 ejus
2397 2531 2686 2603 privilegio
2719 2532 3005 2597 resultare,
3039 2532 3133 2603 qui
3171 2531 3476 2586 secundum
3510 2546 3706 2585 sacros

2078 2633 2390 2680 sanctorum
2436 2625 2794 2680 conciliorum
2835 2641 3076 2680 canones
3133 2639 3301 2695 supra
3340 2625 3569 2695 positos,
3625 2623 3704 2676 ab

2080 2713 2198 2782 ipsa
2235 2714 2411 2782 prima
2440 2713 2571 2767 sede
2612 2720 2774 2784 atque
2828 2713 2896 2767 ab
2927 2713 3080 2768 omni
3129 2712 3375 2767 Ecclesia
3427 2711 3706 2766 catholica

2077 2802 2482 2871 comprobatos,
2515 2807 2572 2854 ut
2602 2817 2790 2855 revera
2829 2801 3040 2870 Spiritu
3088 2801 3185 2854 Dei
3214 2798 3492 2867 conditos,
3526 2807 3582 2852 et
3613 2805 3707 2854 to-

2076 2892 2184 2946 tius
2209 2893 2402 2947 mundi
2451 2892 2757 2947 reverentia
2787 2898 3156 2957 consecratos,
3195 2893 3423 2960 etjuxta
3473 2891 3709 2946 decreta

2078 2987 2252 3058 ipsius
2271 2993 2472 3041 sancta
2503 2984 2671 3049 sedis,
2702 3001 2765 3039 ex
2788 2985 3000 3039 eisdem
3029 2983 3202 3039 sacris
3223 2984 3536 3039 canonibus
3566 3000 3709 3054 pro-

2077 3077 2342 3152 mulgata,
2371 3077 2796 3148 metrOpolitano
2822 3075 3138 3148 privilegio,
3160 3073 3330 3128 semel
3362 3083 3414 3126 et
3444 3074 3707 3130 secundo

2077 3183 2142 3221 ac
2171 3167 2332 3222 tertio
2360 3166 2751 3231 commonitus,
2787 3165 3022 3220 obedire
3054 3164 3393 3230 detrectasti,
3448 3170 3506 3216 ut
3536 3164 3706 3218 colli-

2073 3255 2322 3329 gationes
2352 3255 2650 3325 impietatis
2680 3256 2787 3321 (Isa
2850 3254 3024 3323 Lvtn),
3065 3269 3202 3324 quas
3240 3260 3432 3307 contra
3458 3268 3705 3325 evange-

2074 3347 2232 3401 licam
2264 3347 2574 3413 veritatem,
2615 3354 2670 3400 et
2709 3345 3070 3417 apostolicam
3101 3352 3268 3416 atque
3311 3344 3700 3414 propheticam

2073 3438 2475 3502 auctoritatem,
2503 3447 2803 3510 contraque
2834 3445 3150 3492 sanctorum
3183 3451 3480 3500 canonum,
3511 3442 3564 3490 et
3595 3436 3705 3490 de-

2074 3538 2221 3585 creta
2252 3531 2430 3601 ipsius
2468 3531 2798 3585 veneranda
2832 3529 2981 3584 sedis
3020 3528 3398 3598 exitiabiliter,
3431 3528 3484 3582 in
3517 3537 3702 3592 tuum,

2075 3629 2130 3674 et
2160 3619 2461 3674 multorum
2496 3620 2802 3690 periculum
2833 3619 3126 3690 colligasti,
3159 3618 3513 3672 dissolveres.
3537 3617 3703 3670 lnsu-

2075 3726 2173 3780 per
2202 3717 2393 3766 contra
2441 3725 2626 3765 sacras
2664 3710 2883 3783 regulas
2921 3709 3182 3764 adversus
3212 3708 3702 3778 metropolitanum

2075 3799 2421 3870 privilegium
2459 3798 2650 3854 libello
2683 3799 2995 3869 perniciose
3026 3798 3430 3868 subscripsisti,
3472 3809 3525 3853 et
3550 3799 3700 3852 sub-

2072 3893 2238 3948 scribi
2263 3893 2458 3948 fecisti.
2483 3893 2638 3947 Unde
2665 3893 2721 3946 in
2744 3891 2957 3962 synodo
2980 3899 3284 3946 conventus
3310 3891 3378 3945 ab
3412 3890 3701 3962 episcopis

2071 3987 2263 4042 decem
2293 3987 2704 4058 provinciarum
2727 3986 2867 4055 (syn.
2893 3985 3265 4055 Duziacensis)
3293 3984 3539 4038 libellum
3564 4000 3703 4053 pro—

2071 4077 2330 4132 fessionis
2355 4077 2425 4132 de
2449 4077 2629 4131 futura
2651 4084 2740 4131 tua
2771 4075 3092 4131 obedientia
3117 4074 3487 4144 subscriptum
3521 4091 3694 4129 manu

2071 4169 2313 4239 propria,
2343 4183 2509 4238 quem
2551 4166 2753 4232 habeo,
2796 4164 3107 4235 porrexisti.
3141 4163 3338 4218 Contra
3379 4179 3542 4234 quem
3572 4162 3691 4217 ite-

2071 4276 2190 4312 rum
2238 4257 2700 4329 resubscripsisti.
2743 4257 2874 4310 Nam
2920 4271 3023 4329 ego
3067 4255 3373 4310 decretales
3421 4254 3693 4324 epistolas

2069 4347 2221 4402 sedis
2243 4347 2560 4418 apostolica
2583 4345 2818 4400 diversis
2840 4344 3204 4415 temporibus,
3230 4359 3328 4414 pro
3341 4343 3690 4398 diversorum

2068 4440 2290 4494 Patrum
2337 4439 2740 4504 consolatione,
2771 4437 2858 4491 vel
2889 4435 3292 4492 consultatione
3333 4435 3400 4488 ab
3434 4435 3688 4503 ejusdem

2069 4529 2218 4584 sedis
2249 4527 2608 4600 pontiﬁcibus
2635 4528 2810 4590 datas,
2844 4535 2898 4583 et
2921 4525 3309 4583 venerabiliter
3336 4525 3604 4595 suscipio,
3635 4537 3692 4581 et

2067 4621 2463 4677 venerabiliter
2490 4621 2874 4692 suscipiendas
2918 4621 3042 4675 dico
3089 4629 3144 4673 et
3175 4617 3376 4676 scribo.
3420 4626 3474 4672 et
3501 4635 3690 4674 sacros

2067 4723 2381 4770 sanctorum
2440 4714 2800 4770 conciliorum
2835 4729 3077 4768 canones
3107 4728 3229 4766 cum
3259 4711 3498 4766 decretis
3551 4727 3690 4782 apo-

2066 4805 2275 4860 stolica
2322 4804 2495 4870 sedis,
2527 4820 2591 4858 ex
2630 4803 2837 4859 eisdem
2879 4803 3049 4857 sacris
3085 4800 3395 4856 canonibus
3439 4801 3686 4870 promul-

2064 4897 2220 4969 gatis,
2256 4907 2312 4950 et
2341 4896 2712 4967 recipiendos,
2745 4905 2799 4949 et
2825 4893 3243 4957 custodiendos,
3286 4891 3685 4958 etservandos,

2065 4985 2210 5040 sicut
2236 5002 2406 5056 supra
2433 4985 2672 5053 ostendi,
2709 4983 2990 5055 proﬁteor.
3028 4983 3090 5036 Et
3119 4982 3268 5052 quod
3299 4981 3461 5045 dicis,
3493 4990 3544 5034 te
3576 4997 3684 5034 au-

2065 5078 2183 5132 dire
2214 5077 2440 5148 obloqui
2473 5077 2541 5131 de
2567 5076 2777 5144 judicio
2827 5075 3019 5131 domni
3061 5090 3216 5144 papa
3263 5073 3489 5137 Nicolai,
3539 5073 3586 5127 si
3616 5073 3686 5129 de

2065 5185 2152 5224 me
2184 5168 2344 5235 dicis,
2396 5168 2747 5223 mendacium
2788 5168 2948 5222 dicis.
2983 5167 3115 5221 Nam
3166 5165 3313 5237 quod
3345 5165 3438 5220 ille
3483 5165 3552 5219 de
3585 5166 3688 5220 Ro-

2065 5261 2230 5316 thado
2252 5262 2366 5316 sive
2398 5261 2468 5316 de
2508 5260 2739 5315 Vulfado
2763 5260 3051 5329 judicavit,
3081 5274 3192 5313 non
3223 5256 3552 5322 contradixi,
3586 5258 3687 5311 sed

2063 5353 2207 5407 sicut
2235 5353 2355 5422 ipse
2387 5353 2650 5424 pracepit
2681 5351 2910 5408 obedire
2932 5350 3138 5406 curavi.
3171 5351 3245 5404 De
3274 5365 3341 5405 eo
3363 5350 3508 5420 quod
3541 5350 3688 5405 dicis

2065 5445 2133 5500 de
2165 5447 2437 5513 Rothado,
2465 5446 2596 5518 quia
2624 5446 2679 5500 in
2721 5447 2840 5512 ejus
2869 5445 3274 5516 depositionem
3308 5459 3417 5498 non
3445 5459 3686 5500 consen-

2065 5534 2206 5598 sisti,
2231 5535 2670 5606 subscriptiones
2691 5543 2799 5590 tua
2821 5551 3016 5589 manus
3039 5533 3276 5604 prepria
3301 5541 3351 5587 te
3376 5533 3687 5597 revincunt,

2067 5625 2210 5679 Nihil
2241 5624 2389 5678 enim
2429 5625 2556 5679 inde
2587 5624 2698 5700 egi,
2732 5625 2880 5698 quod
2907 5639 3122 5679 mecum
3151 5639 3262 5678 non
3295 5623 3511 5696 egeris;
3547 5625 3687 5678 nihil

2061 5717 2322 5787 judicavi.
2343 5719 2492 5790 quod
2508 5734 2620 5773 non
2633 5718 2998 5788 judicaveris;
3031 5717 3169 5772 nihil
3189 5716 3515 5786 subscripsi,
3536 5719 3688 5790 quod

2067 5825 2178 5864 non
2208 5810 2619 5881 subscripseris.
2651 5811 2836 5866 Habeo
2863 5809 3011 5865 enim
3038 5809 3161 5864 illas
3191 5809 3340 5880 ipsas
3368 5825 3568 5865 manus
3583 5817 3690 5866 tua

2065 5902 2526 5974 subscriptiones.
2571 5924 2597 5954 ι)
