3912 6406
231 397 337 453 221

888 396 1216 452 ΗΙὸΤΟΗΙίἘ
1254 396 1588 453 ECCLESUE
1626 399 1957 457 REMENSIS
1998 405 2176 460 LIBRI
2216 405 2431 469 QUATU

1399 397 1588 453 .ESUE
1626 399 1957 457 REMENSIS
1998 405 2176 460 LIBRI
2216 405 2550 469 QUATUOR.
2576 437 2647 447 —
2684 408 2811 463 LIB.
2853 409 2944 464 ΙΙΙ.

3483 413 3590 469 222

309 522 375 579 Et
393 521 542 578 circa
559 521 727 592 hujus
746 522 935 597 operis
956 520 1155 578 ﬁnem:
1188 546 1213 571 ι
1246 522 1324 578 De
1343 523 1468 579 aliis
1494 540 1643 592 vero,
1661 542 1783 597 quae
1812 528 1867 582 in
1897 532 2115 602 Aquod
2156 532 2225 586 de
2268 547 2370 588 suo
2408 532 2629 589 dicebat
2685 534 2921 590 Paulus:
2971 535 3293 591 Alearander
3336 541 3589 602 manus,

231 615 444 687 scripto
504 615 654 687 apud
691 615 1018 671 Attiniacum
1073 615 1201 671 dato
1239 616 1376 671 mihi
1435 616 1865 688 imprOperando

235 706 588 762 mendaciter
607 706 771 774 dicis,
790 705 890 761 tibi
915 706 1254 778 respondere
1282 721 1393 761 non
1415 722 1566 763 curo.
1594 708 1701 763 Sed
1725 710 1867 765 scias

236 798 371 869 quia
403 814 515 853 non
547 814 671 852 sum
714 797 924 853 oblitus
975 796 1125 868 quod
1184 796 1451 868 scriptum
1493 805 1579 853 est
1609 798 1664 853 in
1726 799 1865 854 lsaia

234 890 513 962 prOpheta
534 892 666 961 (Isa.
700 889 929 959 xxxv"),
962 888 1228 960 quoniam
1260 889 1314 943 S.
1341 887 1601 944 Ezechias
1629 898 1867 946 arctatus

227 983 507 1059 angustia,
526 980 884 1052 blasphemas
903 981 1171 1051 epistolas
1195 980 1302 1035 sibi
1322 981 1560 1036 directas
1578 983 1631 1036 in
1661 983 1866 1054 templo

227 1085 415 1126 coram
448 1069 681 1124 Domino
712 1068 998 1140 expandit,
1031 1077 1084 1123 et
1114 1068 1183 1123 ad
1217 1084 1344 1123 eum
1368 1068 1648 1135 clamavit,
1684 1077 1738 1124 et
1766 1086 1867 1124 ex-

226 1161 456 1219 auditus
486 1170 588 1215 est.
616 1159 934 1230 Expandam
961 1164 1145 1215 autem
1176 1175 1375 1213 manus
1404 1176 1555 1214 meas
1586 1160 1653 1216 ad
1678 1160 1861 1215 Domi-

230 1267 367 1305 num
414 1266 538 1307 cum
573 1250 937 1321 blasphemiis
979 1260 1034 1306 et
1063 1250 1478 1322 superbissimis
1506 1251 1728 1323 scriptis
1759 1251 1868 1307 tuis

234 1342 375 1397 mihi
406 1358 437 1397 a
467 1350 522 1397 te
553 1341 801 1404 directis,
833 1357 999 1397 orans
1027 1350 1109 1410 ut,
1150 1343 1373 1415 quando
1403 1343 1525 1410 scit,
1558 1351 1613 1399 et
1643 1344 1866 1415 quando

227 1433 370 1500 vult,
401 1440 457 1489 et
482 1434 624 1488 sicut
650 1433 756 1489 scit
795 1442 851 1488 et
874 1434 1017 1489 sicut
1048 1435 1185 1499 vult,
1231 1442 1285 1489 te
1315 1444 1598 1490 convertat
1625 1436 1693 1489 ad
1724 1450 1866 1492 vera:

229 1524 388 1596 pacis
410 1532 466 1580 et
488 1524 808 1581 dilectionis
835 1533 1000 1597 atque
1027 1526 1227 1581 debita:
1254 1526 1587 1582 obedientite
1614 1527 1867 1583 dilectio-

229 1634 359 1672 nem
385 1618 541 1688 [for.,
559 1617 971 1688 directionem],
986 1624 1042 1673 et
1071 1634 1162 1672 me
1184 1618 1380 1673 liberet
1402 1635 1433 1673 a
1459 1618 1619 1673 labiis
1640 1619 1865 1691 iniquis,

229 1718 286 1763 et
342 1722 373 1763 a
406 1709 596 1784 lingua
634 1708 827 1765 dolosa
873 1710 1036 1777 (Psal.
1092 1710 1259 1779 cxIx).
1312 1710 1376 1763 Et
1433 1709 1673 1764 dominre
1730 1725 1867 1764 meae

231 1796 408 1852 beatae
466 1805 522 1851 et
553 1796 809 1871 gloriosae
836 1797 932 1852 Dei
970 1796 1257 1871 genitricis
1295 1797 1477 1853 Mariae
1523 1798 1757 1861 meritis,
1804 1814 1868 1852 ac

232 1884 495 1954 precibus
533 1884 708 1939 sancti
769 1883 1026 1959 Remigii,
1062 1883 1220 1952 cujus
1265 1884 1553 1958 privilegio
1608 1884 1861 1957 derogas,

230 1972 492 2027 exaudiet
522 1988 609 2028 me
656 1972 879 2041 adjutor
909 1972 964 2027 in
997 1973 1504 2043 opportunitatibus
1546 1972 1602 2026 in
1635 1972 1863 2027 tribula-

230 2062 382 2116 tione
416 2062 567 2131 (Psal
631 2062 727 2131 Ix).
762 2061 826 2116 Et
855 2061 985 2133 quia
1020 2062 1215 2115 beatus
1243 2062 1608 2133 Hieronymus
1660 2061 1728 2116 de
1751 2062 1857 2123 his,

225 2171 466 2228 quorum
496 2155 786 2210 adversum
828 2172 916 2210 me
954 2155 1125 2229 gratis
1151 2155 1443 2226 suscepisti
1473 2154 1740 2221 officium,
1774 2155 1857 2210 di-

224 2245 340 2300 cit:
380 2244 620 2298 Audiant
649 2258 816 2298 canes
843 2244 953 2297 mei
987 2244 1241 2313 (HIERON.
1275 2246 1495 2315 praefat.
1535 2246 1594 2298 in
1623 2246 1762 2313 Job),
1803 2254 1859 2299 tu

223 2336 319 2408 qui
354 2335 426 2390 de
446 2334 560 2389 tilio
591 2335 647 2389 in
680 2334 927 2402 fratrem,
962 2335 1205 2408 indeque
1237 2336 1457 2391 crevisti
1488 2336 1543 2389 in
1575 2336 1857 2407 coepisco-

224 2440 384 2494 pum,
418 2430 474 2478 et
495 2429 619 2493 post
647 2422 787 2477 adeo
820 2422 1123 2493 proiecisti,
1162 2432 1223 2479 ut
1251 2423 1306 2477 in
1337 2440 1529 2478 canem
1558 2440 1743 2479 meum
1766 2440 1860 2478 cx-

222 2511 493 2578 creveris,
525 2511 716 2582 accipe
744 2512 886 2567 hanc
918 2512 1163 2583 perversi
1196 2512 1556 2567 contumaciae
1583 2521 1687 2567 tuae
1716 2512 1858 2583 pita-

219 2603 354 2658 cioli
387 2603 645 2678 exigente
705 2619 891 2670 causa,
934 2603 1202 2675 prolixam
1248 2604 1686 2675 responsionem.
1723 2604 1855 2659 Cum

222 2699 414 2746 autem
449 2690 585 2744 mihi
614 2692 913 2757 vacaverit,
943 2691 1279 2747 succinctius
1303 2691 1372 2745 de
1404 2690 1528 2744 aliis
1558 2691 1853 2761 perversis,

218 2790 275 2838 et
307 2781 695 2853 incompositis
714 2782 934 2853 scriptis
960 2782 1088 2850 tuis,
1111 2782 1167 2836 in
1194 2782 1395 2854 quibus
1417 2781 1668 2853 quaedam
1693 2798 1857 2836 men-

213 2874 711 2945 daciter,quzedam
729 2874 1249 2944 rcprebensibiliter
1263 2890 1350 2928 me
1369 2873 1852 2944 reprehendendo.

216 2966 474 3037 quaedam
509 2963 636 3019 ﬁcte
680 2965 981 3031 humiliter,
1016 2972 1069 3020 et
1121 2981 1250 3021 vere
1280 2965 1521 3037 superbe
1564 2965 1856 3035 scripsisti,

218 3058 548 3125 rescribam,
577 3067 632 3113 et
661 3058 715 3112 in
748 3058 841 3114 illo
873 3058 1101 3129 scripto,
1136 3057 1267 3130 quia
1295 3059 1418 3131 lego
1449 3058 1654 3112 dixisse
1686 3056 1862 3112 Domi-

1966 621 2142 675 multa
2195 622 2343 676 mala
2379 623 2518 677 mihi
2559 623 2817 690 ostendit,
2850 624 3039 680 reddet
3090 625 3177 680 illi
3215 628 3476 683 Dominus
3521 630 3591 693 (ιι

1970 714 2106 767 Tm
2143 716 2237 782 Μ’
2285 736 2310 760 ”
2562 785 2772 840 CAPUT
2804 786 2991 842 XXIII.

1967 874 2097 941 Quae
2120 875 2370 943 Alt/ride
2403 878 2841 934 Transrhenmtsi
2865 881 3128 949 episcopo,
3160 886 3211 936 et
3229 884 3431 937 caeteris
3457 884 3588 953 qui-

2323 966 2549 1021 busdam
2602 970 2863 1037 episcopis
2928 973 3231 1040 scripserit.

2036 1077 2272 1134 Altfrido
2299 1080 2735 1137 Transrhenensi
2783 1084 3049 1155 episcopo
3088 1086 3310 1157 scripsit
3335 1087 3587 1157 quaedam

1968 1182 2068 1237 pro
2098 1167 2265 1223 rebus
2294 1170 2347 1223 S.
2388 1171 2621 1246 Remigii
2652 1172 2775 1228 sitis
2806 1173 2862 1227 in
2891 1174 3205 1251 Thoringia,
3239 1191 3377 1247 quas
3405 1176 3586 1231 eidem

1968 1260 2343 1327 commiserat,
2380 1271 2437 1317 ut
2486 1263 2737 1319 redditus
2773 1264 3017 1336 ipsarum
3064 1267 3167 1338 ipsi
3211 1276 3457 1338 tempore
3486 1284 3589 1340 op-

1969 1354 2207 1418 portuno
2238 1348 2527 1422 dirigeret,
2580 1350 2940 1421 interdicens,
2984 1355 3141 1424 juxta
3177 1354 3587 1427 depositionem

1972 1436 2030 1490 B.
2064 1437 2319 1513 Remigii,
2348 1446 2408 1493 ut
2439 1454 2602 1496 nemo
2632 1441 2861 1497 colonos
2890 1443 3137 1514 ipsarum
3161 1444 3216 1498 in
3248 1461 3586 1517 suoprtesu-

1970 1537 2146 1583 meret
2183 1530 2502 1600 opprimere
2551 1533 2819 1600 servitio;
2853 1534 3005 1602 item,
3062 1537 3208 1607 quod
3240 1537 3462 1592 easdem
3500 1553 3590 1593 res

1970 1620 2187 1675 cuidam
2220 1637 2321 1677 suo
2349 1622 2403 1676 in
2423 1623 2756 1681 beneficium
2791 1627 3009 1682 dederit
3038 1628 3270 1694 homini,
3301 1644 3503 1702 rogans
3530 1637 3590 1685 ut

1970 1708 2151 1763 eidem
2186 1711 2396 1766 homini
2428 1713 2687 1770 solatium
2733 1716 2789 1771 in
2820 1717 3246 1789 quibuscunque
3289 1719 3591 1794 indiguerit

1970 1796 2114 1851 ferre
2150 1800 2400 1865 studeat;
2442 1802 2736 1871 Adventio,
2766 1805 3116 1861 Mettensium
3149 1807 3390 1877 praesuli,
3421 1824 3589 1879 super

1966 1889 2203 1959 quadam
2235 1889 2366 1946 ﬁdei
2397 1894 2725 1964 quaestione,
2758 1896 2829 1950 de
2868 1914 2977 1968 qua
3007 1896 3182 1952 fuerat
3215 1898 3586 1972 interrogatus

1964 1979 2034 2033 ab
2063 1980 2221 2051 ipso;
2258 1983 2409 2051 item,
2441 1985 2510 2039 de
2542 1986 2739 2041 itinere
2771 1989 2919 2059 quod
2960 1990 3104 2044 idem
3149 1990 3450 2045 Adventius
3477 1991 3587 2047 Ro-

1963 2087 2107 2125 mam
2142 2074 2414 2143 petiturus
2450 2076 2693 2133 debebat
2718 2079 2965 2151 incipere
2998 2099 3012 2147 ;
3054 2082 3207 2148 item,
3250 2083 3316 2136 de
3347 2082 3586 2139 adventu

1962 2179 2063 2218 suo
2090 2164 2156 2217 ad
2188 2165 2568 2222 denuntiatam
2600 2186 2631 2223 a
2652 2186 2780 2242 rege
2811 2174 3107 2242 synodum,
3152 2190 3251 2245 pro
3280 2182 3587 2230 memorata

1960 2256 2270 2325 quaestione
2329 2261 2615 2315 tractanda
2648 2282 2661 2325 ;
2727 2263 2880 2330 item,
2952 2281 3052 2335 pro
3092 2266 3225 2321 fiilio
3265 2267 3447 2337 neptis
3475 2283 3589 2321 suae

1962 2363 2125 2418 quem
2151 2349 2331 2403 eidem
2366 2352 2786 2420 committebat;
2820 2356 2977 2424 item,
3014 2374 3114 2428 pro
3158 2358 3244 2413 his
3280 2376 3401 2430 quae
3442 2359 3587 2413 idem

1959 2438 2262 2494 Adventius
2291 2440 2341 2495 ei
2374 2444 2732 2500 mandaverat
2785 2446 2855 2501 de
2888 2447 3181 2504 liincmaro
3236 2449 3587 2504 Laudunensi

1961 2525 2245 2596 episcopo,
2301 2528 2546 2585 breviter
2582 2531 2847 2588 intimans
2886 2551 3008 2606 qum
3038 2537 3186 2592 bona
3226 2553 3359 2613 erga
3407 2538 3585 2608 ipsum

1957 2618 2213 2691 gesserit,
2241 2626 2296 2674 et
2327 2638 2449 2692 qua:
2482 2640 2648 2693 prava
2680 2625 2774 2681 ille
2800 2634 2991 2682 contra
3017 2629 3284 2701 gerebat;
3316 2630 3586 2700 item,pe-

1960 2707 2098 2760 tenti
2143 2709 2434 2763 consilium
2481 2712 2615 2782 quid
2663 2730 2828 2785 agere
2864 2715 3116 2781 deberet,
3166 2717 3362 2774 Karolo
3396 2718 3451 2772 in
3496 2734 3581 2772 re-

1959 2814 2129 2872 gnum
2165 2799 2430 2857 Ludovici
2462 2802 2645 2858 fratris
2695 2805 2779 2860 sui
2820 2808 3057 2862 senioris
3086 2809 3259 2879 ipsius
3304 2809 3586 2874 veniente,

1959 2889 2283 2965 signiﬁcans
2327 2894 2463 2964 quid
2491 2897 2668 2968 egerit
2710 2897 2851 2968 ipse,
2901 2901 3124 2971 quando
3156 2900 3464 2956 Ludovicus
3500 2915 3589 2954 re-

1959 2999 2129 3055 gnum
2175 2984 2356 3040 Karoli
2388 2997 2726 3057 pervaserat,
2771 2997 2826 3044 et
2854 2992 2988 3062 quid
3017 2992 3199 3048 eidem
3232 3000 3367 3049 tunc
3416 3009 3587 3068 agen-

1962 3070 2093 3124 dum
2170 3071 2358 3139 foret;
2415 3074 2568 3141 item,
2637 3092 2738 3147 pro
2803 3079 3167 3134 acceleranda
3237 3081 3587 3137 ordinatione

218 3171 355 3209 num
390 3172 404 3208 ε
458 3153 579 3209 Ῐδηι
634 3169 745 3209 non
777 3153 982 3209 irascar
1031 3153 1125 3209 libi
1166 3153 1407 3225 amplius
1465 3154 1658 3222 (Ezech
1723 3152 1854 3222 xw),
1889 3200 1938 3268 Ο
1963 3160 2186 3214 Berardi
2239 3160 2499 3217 Ecclesiae
2528 3163 2890 3221 Virdunensis
2942 3167 3125 3232 electi,
3157 3174 3214 3225 et
3252 3169 3430 3224 vocati
3471 3170 3587 3240 epi-

220 3258 495 3321 quantum
530 3248 661 3303 mihi
692 3249 875 3304 adhuc
906 3257 1065 3320 paret
1099 3250 1169 3303 de
1200 3248 1516 3318 hujusmodi
1548 3247 1857 3303 altercatio-
1890 3247 2112 3320 ”scopi
2141 3266 2156 3314 ;
2207 3249 2358 3313 item,
2425 3267 2524 3321 pro
2579 3254 3154 3311 exeommuuicatione
3209 3257 3583 3324 Karlomanni,

224 3341 390 3395 nibus
438 3339 540 3394 tibi
572 3339 855 3395 scribendi
884 3340 1053 3395 finem
1108 3340 1409 3411 imponam.
1459 3340 1531 3394 De
1566 3340 1671 3394 hoc
1705 3339 1853 3411 quod

224 3431 386 3498 dicis,
445 3431 577 3502 quia
624 3431 814 3486 dicunt
845 3430 913 3485 de
961 3447 1050 3485 me
1079 3430 1377 3485 homines:
1419 3430 1603 3495 Qualis
1630 3439 1713 3484 est
1762 3429 1853 3484 ille

225 3522 558 3591 avunculus,
588 3522 683 3594 qui
704 3522 835 3576 talia
864 3537 965 3577 suo
992 3520 1181 3592 nepoti
1206 3520 1450 3576 scribit?
1481 3520 1668 3576 dicant
1699 3529 1753 3574 et
1783 3519 1853 3573 de

227 3618 278 3666 te
311 3611 417 3681 ipsi
436 3610 697 3665 homines
730 3627 744 3664 :
788 3609 974 3674 Qualis
1025 3618 1108 3664 est
1138 3609 1228 3663 ille
1274 3624 1451 3680 nepos
1479 3608 1548 3663 ab
1580 3607 1852 3663 avunculo

222 3722 325 3761 suo
354 3705 479 3760 talis
510 3714 569 3760 ut
596 3714 728 3760 tunc
758 3714 876 3760 erat
922 3714 1256 3777 assumptus,
1298 3714 1354 3760 et
1382 3704 1505 3760 talis
1530 3704 1674 3760 sicut
1703 3720 1850 3759 nunc

1955 3361 2118 3417 quam
2163 3343 2414 3399 mittebat
2444 3345 2517 3407 ei,
2550 3344 2874 3420 signiﬁcans
2917 3349 3158 3419 qualiter
3197 3350 3450 3405 eamdem
3481 3358 3587 3405 tra-

1953 3440 2101 3488 ctare
2155 3431 2428 3498 deberet;
2487 3433 2639 3497 item,
2696 3450 2797 3505 pro
2851 3435 3036 3491 missis
3095 3438 3267 3508 ipsius
3310 3438 3584 3504 Adventii,

1954 3537 2096 3594 quos
2137 3522 2363 3576 Romam
2406 3522 2684 3578 direxerat
2717 3540 2820 3595 pro
2879 3542 3045 3581 causa
3080 3528 3366 3599 Bertulphi
3410 3528 3589 3583 Trevi—

1954 3613 2135 3668 rensis
2168 3614 2595 3686 archiepiscopi,
2627 3616 2835 3671 mirans
2862 3634 2960 3672 cur
2990 3618 3096 3673 sibi
3138 3635 3249 3675 non
3286 3618 3591 3695 signiﬁcas-

1953 3714 2058 3772 set,
2093 3705 2185 3777 qui
2219 3705 2271 3760 ei
2302 3707 2770 3763 renuntiavissent
2799 3725 2814 3774 ;
2862 3708 3018 3775 item,
3051 3726 3151 3780 pro
3183 3710 3383 3766 litteris
3414 3710 3590 3768 Ludo-

223 3793 389 3849 estin
417 3792 657 3864 spiritali
691 3808 753 3847 ac
774 3792 1061 3864 temporali
1083 3793 1294 3849 honore
1325 3791 1575 3862 effectus,
1600 3792 1693 3864 qui
1721 3792 1847 3847 talia
1947 3798 2053 3853 vici
2099 3798 2271 3870 regis,
2321 3815 2459 3871 quas
2489 3799 2635 3854 idem
2669 3800 2968 3856 Adventius
2994 3802 3045 3856 ei
3075 3801 3378 3868 direxerat,
3420 3809 3476 3857 et
3530 3810 3590 3858 ut

222 3889 328 3945 sibi
364 3888 535 3964 exigit
562 3887 631 3942 ab
657 3887 831 3944 invito
861 3889 1153 3954 avunculo,
1186 3905 1257 3944 ne
1286 3888 1413 3943 talis
1442 3887 1511 3943 ab
1538 3888 1679 3954 aliis,
1706 3889 1849 3943 sicut
1950 3889 2177 3958 litteras,
2238 3906 2375 3961 quas
2443 3892 2560 3962 ipse
2619 3892 2856 3948 domnus
2916 3892 3239 3949 Hincmarus
3308 3893 3586 3949 Ludovico

225 3998 258 4036 a
288 3989 493 4051 nepote
524 3995 626 4035 suo
653 3980 993 4055 depingitur,
1040 3980 1363 4045 aestimatus,
1415 3996 1515 4051 per
1540 3996 1666 4034 eum
1723 3978 1847 4034 bla-
1960 3977 2232 4045 mittebat,
2266 3978 2387 4049 ipse
2419 3979 2681 4050 praefatus
2712 3981 2909 4051 praesul
2963 3981 3014 4036 ei
3064 3988 3156 4036 aut
3201 3981 3467 4043 mitteret,
3497 3988 3591 4038 aut

225 4074 558 4144 sphemetur
588 4087 793 4127 nomen
836 4072 1051 4127 Domini
1102 4073 1273 4142 (Rom.
1320 4073 1377 4142 II)
1409 4080 1465 4126 et
1516 4071 1862 4141 vituperetur
1961 4068 2237 4133 donaret;
2290 4068 2443 4135 item,
2477 4084 2575 4139 pro
2625 4069 2820 4125 litteris
2854 4069 3029 4141 ipsius
3058 4069 3334 4136 Adventii,
3367 4085 3505 4142 quas
3537 4070 3588 4124 ei

229 4164 603 4219 ministerium
654 4163 776 4231 ejus
820 4166 892 4231 (II
939 4166 1060 4219 Cor.
1112 4164 1225 4233 vI),
1264 4170 1488 4218 secutus
1538 4160 1860 4232 Apostolum
1963 4156 2209 4224 miserat,
2264 4158 2525 4212 intimans
2584 4160 2655 4213 de
2708 4159 2947 4215 adventu
2999 4159 3299 4233 legatorum
3360 4173 3586 4214 suorum

224 4257 573 4313 scribentem
596 4256 664 4311 ad
700 4255 1042 4321 Corinthios,
1074 4264 1269 4312 contra
1298 4272 1356 4311 se
1384 4255 1857 4327 blasphemantes,

224 4357 281 4404 et
306 4347 585 4420 vilipendi
610 4345 679 4401 ab
709 4345 832 4400 aliis
858 4345 1179 4401 laborantes
1199 4345 1227 4399 ?
1280 4345 1401 4420 Egit
1430 4344 1638 4417 quippe
1668 4344 1864 4402 doctor

222 4434 489 4509 egregius
522 4441 599 4497 ut,
630 4432 761 4488 dum
791 4432 909 4505 ipse
931 4432 1110 4505 qualis
1132 4439 1280 4488 esset
1310 4431 1649 4508 agnoscitur,
1674 4441 1730 4488 ct
1750 4432 1860 4488 vita

220 4532 277 4579 et
298 4524 493 4597 lingua
524 4521 675 4576 male
696 4520 1112 4592 praedicantium
1142 4521 1262 4590 ejus
1286 4520 1683 4593 praedicatione
1722 4519 1857 4575 vile-

220 4622 427 4679 sceret,
454 4613 581 4667 illos
612 4610 873 4666 videlicet
897 4612 1336 4677 commendaret,
1376 4611 1422 4665 si
1452 4626 1511 4665 se
1540 4609 1855 4666 absconde-

220 4716 325 4773 ret,
359 4722 603 4777 eumque
643 4720 701 4759 se
732 4720 843 4761 non
874 4704 1216 4768 ostenderet,
1249 4703 1422 4758 errori
1454 4703 1635 4758 locum
1669 4702 1854 4759 dedis-

218 4804 326 4850 set.
358 4795 559 4849 Dicunt
589 4792 758 4848 etiam
790 4800 846 4847 et
875 4792 979 4864 ipsi
1013 4792 1267 4848 homines
1294 4792 1363 4846 de
1393 4799 1447 4847 te
1480 4809 1492 4846 :
1545 4791 1730 4856 Qualis
1769 4799 1854 4847 est

220 4884 317 4938 ille
348 4899 549 4953 nepos,
593 4880 687 4953 qui
710 4880 837 4936 talia
868 4888 1060 4936 contra
1088 4898 1247 4936 suum
1277 4880 1635 4942 avunculum,
1666 4888 1720 4936 et
1752 4897 1855 4935 nu-

218 4973 475 5029 tritorem
499 4978 666 5043 atque
691 4970 1068 5026 ordinatorem
1102 4969 1469 5037 machinatur,
1501 4976 1556 5024 et
1584 4977 1851 5042 quantum

216 5073 404 5137 potest
432 5063 563 5118 mali
592 5062 731 5137 agit,
765 5071 818 5117 et
849 5056 1142 5134 plusquam
1172 5068 1356 5133 potest
1377 5077 1543 5137 agere
1575 5060 1850 5132 cupit,si-

215 5166 312 5214 cut
347 5167 403 5212 tu
460 5156 515 5210 in
552 5156 646 5210 die
675 5156 860 5230 magni
888 5154 1086 5224 judicii
1128 5155 1423 5210 manifeste
1450 5153 1689 5221 videbis,
1721 5155 1766 5209 si
1800 5162 1851 5211 te

212 5256 380 5303 antea
412 5245 546 5301 inde
582 5260 692 5300 non
735 5246 1149 5318 recognovcris,
1182 5253 1237 5301 et
1283 5244 1468 5318 dignis
1503 5245 1847 5315 pmnitentiae

208 5336 484 5391 fructibus
519 5350 630 5391 non
663 5334 1049 5389 emendaveris
1078 5333 1106 5387 ?
1150 5333 1376 5390 Multum
1418 5350 1507 5389 me
1543 5332 1762 5408 fatigas,
1798 5344 1853 5391 et

1963 4244 2193 4318 pallium
2225 4263 2257 4301 a
2286 4247 2420 4301 sede
2469 4247 2772 4318 apostolica
2824 4248 3120 4320 Bertulpho
3160 4247 3584 4319 archiepiscopo

1963 4334 2358 4404 deferentium,
2384 4336 2680 4391 exhortans
2699 4337 2887 4404 etiam,
2910 4346 2969 4392 ut
2987 4337 3055 4391 de
3080 4352 3269 4411 regum
3291 4336 3591 4392 concordia

1960 4426 2270 4492 laboraret;
2301 4428 2473 4495 unde,
2505 4427 2634 4499 quia
2653 4444 2876 4500 semper
2896 4426 3230 4484 laboraverit
3259 4434 3313 4482 et
3342 4426 3589 4483 laborare

1961 4517 2226 4581 decertet,
2277 4515 2597 4582 innotescit,
2643 4524 2699 4571 et
2751 4516 2821 4570 de
2871 4516 3043 4583 mulo,
3086 4532 3251 4587 quem
3296 4514 3405 4570 sibi
3447 4515 3588 4571 mitti

1881 4570 1936 4638 D
1961 4605 2215 4678 petierat,
2272 4604 2401 4677 quia
2434 4605 2537 4660 hoc
2574 4604 2779 4659 animal
2831 4604 2951 4675 ipse
2990 4605 3227 4660 domnus
3267 4604 3590 4661 Hincmarus

1960 4710 2071 4750 non
2120 4694 2371 4762 haberet,
2403 4710 2507 4749 nec
2560 4695 2757 4749 sedere
2796 4694 3021 4761 soleret,
3062 4702 3116 4749 et
3147 4694 3254 4749 alia
3283 4694 3535 4765 quasdam
3567 4708 3585 4761 ;

1960 4786 2114 4854 item,
2190 4802 2290 4857 pro
2364 4785 2961 4842 excommunicationis
3045 4784 3403 4851 discretione,
3460 4783 3589 4857 quia

1957 4877 2467 4935 excommunicatos
2517 4875 2926 4950 signiﬁcaverat
2956 4894 2987 4931 a
3031 4892 3090 4932 se
3121 4876 3387 4949 quosdam
3417 4875 3589 4930 male-

1956 4969 2193 5026 factores
2247 4970 2536 5026 Mettensis
2585 4970 2865 5036 Ecclesiae,
2914 4969 3169 5026 homines
3207 4968 3420 5024 scilicet
3447 4966 3590 5022 Wal-

1956 5062 2082 5118 terii
2115 5062 2356 5130 comitis,
2383 5070 2437 5118 et
2459 5063 2782 5131 Lambertii,
2814 5064 3123 5135 deposcens
3151 5068 3210 5116 ut
3229 5059 3586 5132 apostolicam

1956 5151 2205 5225 regulam
2237 5159 2291 5207 et
2318 5152 2693 5223 episc0palem
2717 5157 2898 5207 servet
2930 5152 2984 5205 in
3015 5149 3332 5219 hujusmodi
3362 5149 3588 5225 negotio

1952 5241 2318 5312 patientiam;
2377 5242 2530 5309 item,
2583 5255 2695 5312 quo
2747 5239 2989 5295 debeant
3030 5238 3227 5294 ordine
3274 5240 3587 5295 consecrari

1957 5333 2423 5404 Inetropolitanus
2443 5339 2608 5404 atque
2631 5332 2981 5388 dimcesanus
3001 5331 3270 5404 episcopi.
3297 5332 3587 5388 Ercamrao

209 5426 434 5492 merito,
466 5442 580 5482 non
613 5424 715 5480 tibi
747 5425 1075 5497 imputetur,
1128 5426 1227 5480 sed
1260 5425 1639 5498 fatigationem
1669 5441 1847 5481 meam
1952 5424 2379 5481 Cathalaunensi
2411 5425 2701 5496 episcOpo,
2726 5425 2796 5480 de
2817 5423 3151 5497 quibusdam
3166 5424 3586 5496 reprehendens

206 5516 555 5585 consolatur,
588 5514 739 5586 quod
773 5514 918 5570 sicut
949 5514 1049 5569 tibi
1083 5515 1300 5587 scripsi,
1334 5513 1531 5571 beatus
1557 5514 1847 5570 dicitGre-
1952 5534 2076 5590 qua:
2130 5532 2242 5573 non
2283 5517 2525 5572 libenter
2577 5516 2838 5572 audiebat
2885 5516 2955 5572 de
3006 5516 3121 5584 illo,
3165 5517 3475 5573 admonens
3530 5524 3584 5571 et

204 5608 447 5683 gorius:
498 5604 616 5660 Etsi
663 5603 916 5676 Ethiops
965 5605 1126 5679 niger
1157 5606 1211 5659 in
1264 5604 1525 5659 balneum
1557 5603 1746 5671 intrat,
1794 5611 1849 5660 et
1951 5607 2237 5662 instruens
2292 5606 2534 5679 qualiter
2584 5621 2646 5662 se
2676 5622 2841 5680 agere
2902 5606 3123 5675 debeat,
3155 5614 3211 5662 et
3240 5614 3301 5662 ut
3356 5605 3583 5663 monitis

204 5701 369 5777 niger
423 5701 495 5757 de
528 5698 737 5756 balneo
797 5699 947 5766 exit;
991 5707 1175 5780 tamen
1229 5696 1519 5755 balneator
1554 5697 1845 5754 denarium
1948 5696 2271 5769 apostolicis
2301 5694 2599 5772 diligenter
2633 5696 2924 5764 attendat;
2965 5697 3121 5761 item,
3149 5711 3251 5768 pro
3291 5694 3576 5765 cujusdam

202 5790 392 5849 balnei
419 5790 510 5847 sui
570 5803 682 5845 non
714 5790 919 5861 perdit.
950 5789 1139 5846 Timeo
1177 5790 1248 5845 de
1280 5795 1335 5846 te
1359 5804 1484 5846 meo
1535 5790 1845 5848 Alexandro
1947 5789 2092 5848 villae
2123 5788 2342 5857 incolis,
2383 5803 2524 5861 quos
2553 5788 3009 5847 irrationabiliter
3042 5788 3113 5845 ab
3144 5788 3295 5846 omni
3326 5785 3573 5845 consola-
