3912 6428
424 387 529 443 223

1540 391 1909 448 FLODOARDI
1952 388 2254 446 CANONICI
2296 393 2627 450 REMENSIS

3655 396 3761 452 224

424 520 577 576 tione
627 520 800 577 divini
854 521 1171 589 ministerii,
1228 532 1454 595 propter
1480 526 1760 597 quoddam
1808 526 2047 583 homici-
2074 531 2128 600 Α
2148 544 2248 585 cus
2293 530 2433 586 mitti
2465 531 2706 602 petebat,
2738 546 2803 586 ac
2830 532 2901 586 de
2949 530 3206 587 Ecclesiis
3232 529 3554 585 monasterii
3584 530 3757 585 Orba-

425 611 600 679 dium,
634 627 743 667 non
786 612 855 666 ab
888 612 1023 683 ipsis
1073 620 1369 685 patratum,
1424 623 1752 684 removerat,
1784 617 2044 672 intimans

423 702 703 772 quomodo
734 718 838 757 nec
888 702 1232 771 charitatem,
1264 720 1369 759 nec
1418 704 1767 759 discretionis
1796 706 2044 761 modera-

426 792 633 847 tionem
667 793 722 848 in
763 794 871 849 hoc
901 793 1043 849 facto
1081 795 1405 851 custodierit
1435 813 1449 861 ;
1504 796 1659 864 item,
1690 812 1790 868 pro
1818 796 2044 852 absolu-

423 882 575 937 tione
620 883 905 952 cujusdam
952 883 1021 937 ab
1080 883 1201 954 ipso
1252 884 1733 952 excommunicati,
1792 900 1891 955 pro
1931 900 2041 957 quo

422 970 717 1026 Guntarius
765 972 1111 1027 Coloniensis
1140 974 1437 1045 episcopus
1484 974 1665 1029 eidem
1698 974 1909 1029 litteras
1937 976 2040 1030 de-

422 1063 763 1133 precatorias
807 1064 1054 1132 miserat,
1113 1081 1250 1137 quas
1301 1065 1393 1120 ille
1433 1066 1717 1137 suscipere
1766 1066 2038 1133 noluerat,

421 1151 726 1206 ostendens
765 1152 984 1223 qualem
1016 1168 1075 1207 se
1128 1169 1258 1227 erga
1289 1153 1701 1225 delinquentes,
1734 1161 1789 1209 et
1819 1156 2038 1226 qualem

421 1258 552 1314 erga
579 1251 1039 1315 recognoscentes
1061 1244 1357 1315 episcopus
1376 1245 1639 1300 exhibere
1670 1245 1891 1301 debeat.
1925 1247 2041 1301 Hil-

421 1331 649 1386 merado
696 1332 1073 1399 Ambianensi,
1141 1349 1243 1404 pro
1298 1335 1534 1405 quodam
1589 1335 1882 1401 monacho,
1941 1338 2036 1408 qui

422 1420 806 1492 presbyterum
866 1430 922 1477 et
968 1424 1302 1479 monachum
1348 1423 1407 1478 in
1467 1425 1803 1480 monasterio
1858 1427 2034 1481 sancti

420 1510 660 1567 Richarii
699 1513 925 1580 occidit,
977 1530 1078 1585 pro
1134 1530 1244 1587 quo
1302 1516 1539 1571 domnus
1582 1533 1727 1588 papa
1782 1517 2040 1573 Nicolaus

419 1597 631 1653 litteras
672 1600 856 1655 eidem
911 1601 1116 1657 domno
1160 1603 1451 1659 Hincmaro
1509 1603 1803 1672 direxerat,
1854 1606 2039 1676 paeni-

419 1692 604 1747 tentia:
659 1700 908 1749 tenorem
987 1696 1386 1763 continentes;
1444 1698 1577 1753 item
1609 1740 1622 1765 ,
1684 1714 1783 1770 pro
1841 1698 2040 1756 litteris

418 1780 643 1835 Adriani
674 1798 830 1853 papae
876 1783 1010 1855 (14),
1044 1800 1182 1855 quas
1217 1786 1268 1840 ei
1300 1800 1398 1857 pro
1430 1786 1671 1857 quodam
1713 1785 2040 1857 presbytero

419 1869 664 1939 miserat,
704 1879 1004 1943 monetque
1044 1881 1105 1929 ut
1151 1875 1471 1944 apostolicis
1499 1875 1727 1930 obediat
1772 1876 2038 1944 jussioni-

421 1962 571 2026 bus;
614 1962 767 2030 item,
804 1980 901 2034 pro
954 1966 1196 2036 quodam
1252 1966 1602 2038 presbytero,
1660 1967 1755 2038 qui
1801 1969 1868 2022 ad
1915 1984 2041 2023 eum

419 2056 777 2123 clamaverat,
810 2056 962 2128 quia,
1024 2073 1122 2128 pro
1154 2073 1221 2114 eo
1253 2060 1402 2130 quod
1447 2075 1599 2113 arma
1654 2060 1724 2115 de
1754 2060 2041 2129 cujusdam

416 2148 561 2203 ebrii
611 2148 889 2216 manibus,
935 2150 1029 2221 qui
1077 2166 1203 2205 eum
1259 2151 1521 2206 occidere
1561 2151 1804 2218 volebat,
1855 2160 2043 2209 extor-

418 2253 619 2308 quens,
654 2237 887 2307 projecit
916 2246 971 2293 et
994 2238 1153 2313 fugit,
1180 2239 1325 2294 idem
1351 2240 1651 2311 episcOpus
1671 2240 1741 2294 ab
1770 2256 1838 2296 eo
1868 2248 1925 2296 et
1954 2242 2043 2297 Ec-

414 2329 642 2385 clesiam
671 2345 825 2384 suam
855 2336 911 2385 et
940 2329 1229 2387 facultates
1259 2332 1381 2400 ejus
1397 2332 1632 2387 tulisset.
1668 2332 1823 2387 Unde
1855 2334 2042 2389 redar-

414 2416 536 2489 guit
585 2432 736 2482 eum,
794 2419 944 2487 quod
983 2426 1180 2474 contra
1212 2420 1597 2475 auctoritatem
1626 2436 1905 2476 sacrorum
1950 2437 2044 2477 ca-

416 2520 626 2559 nonum
658 2521 789 2578 erga
816 2506 1104 2577 praefatum
1134 2509 1314 2579 egerit
1341 2509 1747 2579 presbyterum,
1773 2512 2044 2567 mandans

414 2598 550 2669 quid
586 2596 852 2666 ﬁendum,
876 2606 930 2653 et
951 2600 1087 2670 quid
1111 2600 1270 2667 juxta
1293 2601 1619 2655 canonicam
1645 2602 1718 2656 sit
1745 2603 2038 2657 auctorita-

416 2693 527 2740 tem
544 2688 613 2741 de
637 2690 742 2742 hoc
768 2686 1198 2742 observandum.
1228 2690 1363 2743 ltem
1393 2690 1736 2762 redarguens
1761 2705 1887 2744 eum
1905 2707 2039 2762 qua-

420 2794 475 2831 re
506 2777 562 2831 in
620 2784 845 2848 torpore
884 2779 1241 2853 negligentia:
1287 2780 1682 2851 requiescens,
1746 2797 2039 2853 pravorum

414 2869 665 2925 consiliis
693 2876 962 2937 uteretur,
993 2887 1119 2925 cum
1150 2879 1205 2926 et
1247 2881 1406 2927 aetate
1437 2879 1491 2927 et
1520 2887 1770 2944 corporis
1808 2871 2038 2929 inﬁrmi-

415 2967 523 3016 tate
554 2961 621 3016 ad
651 2959 820 3016 ﬁnem
850 2961 973 3017 vitae
1004 2963 1187 3038 urgeri
1214 2963 1514 3032 videretur,
1560 2967 1864 3021 ostendens
1890 2967 1942 3021 ei
1972 2982 2039 3021 ex

414 3059 729 3108 sanctarum
755 3053 982 3109 monitis
1019 3053 1444 3126 Scripturarum,
1491 3057 1696 3128 quibus
1727 3065 2036 3132 transgres-

415 3147 667 3202 sionibus
713 3148 1062 3205 inveniretur
1090 3148 1367 3206 obnoxius
1399 3169 1414 3217 ;
1474 3153 1627 3220 item,
1663 3168 1759 3224 pro
1795 3155 2035 3226 quodam

2143 621 2346 688 censis,
2394 620 2700 675 admonens
2748 635 2898 685 eum,
2931 635 3003 674 ne
3054 624 3247 674 contra
3298 625 3528 673 matrem
3583 634 3759 685 suam,

2144 714 2441 771 Ecclesium
2500 711 2709 766 scilicet
2760 710 3113 776 Remensem,
3147 718 3202 765 et
3254 716 3547 781 patronum
3602 725 3760 764 suum

2141 811 2392 861 sanctum
2426 801 2736 876 Remigium
2779 801 2991 873 aliquid
3048 816 3306 872 perverse
3345 815 3509 875 agere
3555 817 3765 871 praesu-

2142 901 2337 949 meret.
2372 890 2547 946 Odoni
2593 888 2932 957 Bclvacensi,
2981 904 3145 961 quem
3176 888 3346 943 ﬁlium
3380 888 3760 944 charissimum

2140 1001 2288 1058 saepe
2317 991 2496 1050 vocat,
2542 983 2720 1037 multa
2751 980 2990 1037 ﬁdenter
3051 982 3193 1052 [ms.,
3225 980 3482 1051 ﬁdeliter]
3522 980 3761 1052 scripsit.

2140 1078 2245 1133 Pro
2274 1073 2508 1146 epistola
2537 1072 2812 1143 siquidem
2851 1070 3076 1125 Adriani
3126 1085 3303 1141 papae,
3336 1086 3500 1142 quam
3531 1070 3637 1124 sibi
3668 1069 3767 1124 mi-

2140 1170 2287 1220 serat
2330 1177 2500 1233 super
2556 1160 2931 1231 appellatione
2995 1159 3285 1228 cujusdam
3340 1158 3650 1230 presbyteri
3696 1173 3766 1212 ex

2140 1252 2497 1306 Ambianensi
2541 1250 2823 1321 parochia,
2854 1254 2915 1302 ut
2944 1255 3186 1302 assumat
3214 1248 3360 1303 idem
3391 1247 3506 1303 Odo
3535 1262 3637 1318 pro
3665 1246 3768 1302 hac

2141 1346 2410 1414 laborem,
2441 1354 2718 1419 quatenus
2750 1344 3102 1399 llilmeradus
3130 1343 3427 1414 episcopus
3470 1357 3628 1413 papae
3651 1341 3769 1410 jus-

2140 1440 2216 1494 sis
2239 1440 2481 1509 obediat,
2514 1447 2569 1494 et
2600 1438 2837 1510 qualiter
2864 1438 3090 1508 scripta,
3121 1435 3571 1507 presbyteridcm
3594 1434 3769 1489 Roma

2141 1533 2434 1600 detulerat,
2466 1532 2770 1603 prudenter
2799 1537 3031 1585 tractare
3061 1529 3287 1594 debeat;
3320 1529 3474 1594 item,
3505 1543 3606 1598 pro
3635 1526 3767 1597 qui-

2140 1622 2370 1677 busdam
2403 1621 2549 1691 regis
2579 1620 2898 1677 hominibus
2937 1620 3083 1674 inter
3111 1634 3171 1673 se
3210 1615 3678 1678 discordantibus,
3710 1623 3771 1670 ut

2140 1723 2492 1770 commoneat
2518 1729 2615 1769 eos
2657 1714 2726 1767 ad
2766 1728 2959 1783 pacem
2992 1712 3206 1778 venire,
3237 1710 3555 1782 indicetque
3606 1708 3767 1780 ipsis,

2071 1806 2293 1920 Bquod
2325 1806 2428 1860 nisi
2464 1807 2568 1861 hoc
2608 1804 2848 1877 egerint,
2884 1804 2952 1857 ab
2983 1803 3181 1859 eodem
3216 1803 3424 1858 domno
3472 1802 3770 1857 Hincmaro

2148 1898 2663 1920 -----_._.__-_Z--.._IZ
2726 1897 2828 1920 ΑΞ...
2855 1914 2868 1920 -
2935 1896 3061 1920 ξι-..
3141 1911 3237 1920 ...ι-..-
3307 1895 3516 1920 --.ᾌΑᾹΑ
3601 1910 3765 1920 ,νε-...ν-

2144 1898 2665 1955 excommunicandi
2725 1897 2869 1963 sint;
2934 1896 3088 1963 item,
3141 1911 3241 1967 pro
3306 1895 3539 1966 synodo,
3598 1910 3767 1965 quam

2143 2006 2236 2045 rex
2270 1996 2611 2062 prazceperat
2638 1989 2953 2044 habendam
2984 2003 3095 2044 non
3128 1989 3183 2042 in
3219 1996 3469 2059 tempore
3497 2003 3770 2062 congruo,

2144 2089 2341 2154 petens
2387 2083 2681 2137 consilium
2723 2082 2856 2154 quid
2911 2081 3040 2136 inde
3079 2097 3246 2155 agere
3297 2081 3515 2147 debeat,
3566 2094 3777 2154 rogans

2143 2175 2307 2229 etiam
2346 2175 2452 2228 sibi
2492 2174 2803 2229 remandari
2850 2173 2985 2245 quid
3026 2188 3121 2228 rex
3156 2171 3507 2243 responderit
3545 2171 3615 2224 de
3660 2169 3774 2224 illis

2142 2267 2462 2323 hominibus
2492 2282 2633 2339 quos
2672 2284 2732 2321 se
2771 2266 3373 2321 excommunicaturum
3415 2260 3775 2337 signiﬁcave-

2144 2366 2246 2425 rat,
2283 2368 2338 2414 et
2385 2359 2456 2414 de
2511 2359 2634 2413 aliis
2695 2358 3027 2413 necessariis
3083 2358 3280 2413 causis.
3312 2357 3390 2412 De
3437 2354 3770 2427 quibusdam

2145 2464 2370 2520 quoque
2399 2449 2638 2521 scriptis,
2672 2455 2727 2503 et
2765 2448 3076 2504 Graecorum
3118 2447 3539 2517 quaestionibus,
3570 2452 3625 2499 et
3661 2444 3771 2498 ho-

2144 2538 2314 2593 miliis
2338 2539 2484 2594 beati
2517 2540 2663 2593 Petri
2690 2538 3017 2608 casterisque
3050 2535 3245 2600 rebus;
3275 2535 3407 2590 item
3437 2535 3506 2589 de
3536 2548 3777 2603 respon-

2143 2626 2393 2680 sionibus
2422 2626 2491 2680 ad
2522 2626 2741 2693 objecta
2770 2624 3103 2689 Graecorum,
3128 2638 3266 2694 quas
3295 2623 3443 2677 idem
3469 2621 3585 2676 Odo
3615 2620 3782 2675 colli-

2142 2732 2281 2790 gens
2308 2717 2695 2787 descripserat.
2734 2722 2789 2769 et
2828 2715 3035 2770 domno
3067 2714 3357 2768 Hincmaro
3386 2713 3631 2767 miserat.
3665 2711 3781 2766 Un-

2143 2806 2211 2862 de
2242 2806 2354 2862 Deo
2384 2807 2590 2879 gratias
2621 2806 2814 2873 refert,
2847 2806 2975 2877 quia
3005 2821 3064 2860 se
3106 2806 3402 2875 ipsumque
3433 2818 3545 2857 uno
3574 2802 3777 2872 spiritu

2143 2906 2360 2971 potatos
2398 2899 2632 2966 invenit,
2675 2899 2892 2971 etquid
2939 2898 3008 2952 de
3055 2898 3140 2951 his
3171 2896 3274 2950 sibi
3321 2896 3574 2950 videatur
3603 2895 3777 2949 simul

2141 2990 2542 3046 conferendum
2571 3006 2694 3045 esse
2716 2988 3014 3064 signiﬁcat,
3043 2988 3140 3043 sed
3164 2994 3219 3041 et
3238 2987 3385 3058 apud
3407 3004 3595 3062 regem
3620 3003 3780 3041 sem-

2139 3095 2239 3149 per
2268 3095 2393 3134 eum
2426 3089 2745 3134 excusatum
2770 3076 2892 3133 ﬁeri
2925 3084 3099 3150 rogat,
3128 3078 3222 3150 qui
3252 3085 3386 3132 tunc
3411 3077 3464 3130 in
3499 3076 3621 3144 ejus
3648 3092 3778 3130 ser-

2140 3172 2354 3237 vitium,
2407 3170 2642 3227 diversis
2680 3169 3095 3225 inﬁrmitatibus
3132 3170 3413 3235 detentus,
3470 3167 3621 3222 abire
3656 3183 3776 3223 non

416 3241 761 3312 presbytero,
802 3242 1073 3297 mandans
1100 3248 1154 3297 et
1192 3243 1533 3301 interdicens
1562 3221 1886 3302 auctoritate
1916 3263 2030 3303 me-

2143 3264 2404 3335 potuerit,
2438 3279 2816 3319 rememorans
2835 3262 2998 3317 etiam
3025 3263 3095 3316 de
3128 3260 3593 3325 discordantibus,
3618 3259 3780 3314 unde

414 3332 766 3403 tropolitana,
797 3341 856 3388 ut
886 3334 1100 3390 nullum
1126 3336 1509 3406 prmjudicium
1542 3338 1593 3392 ei
1624 3339 1808 3406 iaciat,
1837 3340 1934 3393 sed
1964 3340 2030 3394 ad

2143 3352 2243 3419 iam
2273 3356 2652 3422 mandaverat,
2689 3363 2748 3408 ut
2779 3370 2875 3409 eos
2923 3354 2988 3407 ad
3032 3370 3222 3423 pacem
3274 3353 3459 3408 redire
3488 3363 3775 3422 moueret,

413 3429 684 3499 synodum
727 3436 1085 3484 convocatam
1117 3431 1206 3486 die
1232 3431 1587 3489 denominata
1607 3433 1715 3489 sibi
1744 3448 2032 3490 occurrere
2134 3448 2367 3502 laudans
2387 3463 2512 3502 cum
2546 3446 2692 3517 quod
2716 3445 2785 3500 de
2808 3446 2894 3500 his
2923 3461 3045 3517 quae
3072 3445 3127 3499 in
3147 3446 3345 3500 litteris
3372 3444 3487 3499 suis
3517 3445 3566 3498 ei
3589 3444 3774 3519 signi-

414 3524 673 3589 ειυάθειῑς
730 3523 882 3591 “em.
925 3541 1024 3597 ρνο
1054 3526 1159 3580 hac
1187 3528 1380 3583 eadem
1407 3544 1486 3594 ι’θ,
1521 3528 1785 3584 inlimatis
1814 3528 1945 3599 quia
1986 3531 2031 3586 Si
2133 3540 2413 3607 ﬁcaverat,
2454 3547 2514 3595 ut
2547 3540 2719 3593 Deum
2771 3546 2824 3594 et
2860 3537 3084 3593 fratrem
3132 3538 3395 3612 diligens,
3427 3536 3673 3591 studiose
3706 3553 3777 3593 ac

416 3630 528 3669 non
578 3616 881 3671 occurrerit
920 3619 988 3673 ad
1020 3619 1293 3691 synodum
1344 3621 1649 3675 secundum
1696 3630 2032 3694 praeceptum
2135 3629 2530 3701 episcopalitcr
2562 3628 2762 3702 egerit,
2795 3637 3139 3702 etutregem
3162 3633 3530 3691 commoneat,
3560 3632 3616 3680 et
3638 3626 3777 3681 inde

414 3721 593 3776 papae,
640 3708 788 3778 quod
828 3710 1074 3781 synodus
1102 3711 1171 3766 de
1201 3727 1267 3767 eo
1292 3712 1624 3782 judicaverit
1661 3713 1717 3767 in
1748 3715 1933 3785 ipsum
1965 3716 2039 3771 sit

414 3798 853 3870 exsequendum.
891 3801 1041 3856 lsaac
1068 3801 1427 3878 Lingonensi,
1469 3819 1571 3875 pro
1611 3804 1847 3875 quodam
1882 3807 2037 3880 regio

414 3891 587 3947 milite
636 3893 704 3948 ab
736 3896 855 3973 ipso
902 3900 1401 3967 excommunicato,
1460 3902 1704 3955 suadens
1755 3910 1816 3957 ut
1850 3904 2039 3959 mitius

415 3996 546 4057 erga
586 4000 712 4039 eum
744 3996 953 4061 ageret,
986 3999 1216 4060 propter
1240 3990 1537 4046 instantem
1568 3991 1639 4046 de
1684 3992 2041 4050 infestatione

415 4086 754 4147 paganorum
784 4078 1192 4145 necessitatem,
1222 4078 1623 4152 notiﬁcansque
1651 4082 1888 4155 qualiter
1917 4084 2039 4155 ipse

414 4178 581 4236 agere
610 4164 815 4221 soleret
857 4166 911 4220 in
963 4167 1164 4222 talibus
1202 4170 1804 4227 excommunicatorum
1836 4174 2036 4241 causis,

414 4264 468 4311 et
486 4257 615 4328 quia
645 4256 779 4313 illud
799 4258 1094 4313 anathema
1120 4274 1230 4315 non
1255 4259 1418 4315 duret
1439 4259 1697 4331 amplius,
1730 4262 1834 4316 nisi
1863 4280 2037 4335 quan-

413 4349 507 4403 diu
534 4350 701 4405 homo
731 4350 788 4405 in
818 4358 1045 4421 peccato
1096 4359 1415 4422 perseverat
1442 4369 1457 4418 ;
1500 4352 1654 4420 item,
1695 4369 1796 4425 pro
1827 4356 2039 4427 nepoti-

414 4439 519 4494 bus
546 4439 741 4511 ipsius,
773 4441 867 4512 qui
905 4440 1053 4512 apud
1092 4442 1351 4497 eumdem
1383 4442 1650 4498 domnum
1682 4444 2035 4502 Hinemarum

414 4536 608 4591 nutriti
636 4535 876 4604 fuerant,
907 4544 962 4593 et
996 4536 1102 4591 alia
1128 4538 1403 4610 quaidam.
1437 4538 1716 4615 Hungario
1747 4541 2033 4614 episcopo,
2059 4588 2117 4657 D

414 4646 512 4657 -..ιιι
549 4631 1115 4657 Α..,.Α...............Ξ,...ΔΞΑ...Α
1147 4632 1397 4657 ιδ..1,ι--ε..;
1443 4635 1530 4657 ---2
1578 4633 1756 4657 1--.⁴12ιι.
1808 4636 2021 4657 __:.I____._

413 4646 514 4703 pro
546 4631 1117 4689 excommunicatione
1147 4632 1400 4689 Balduini
1438 4635 1534 4706 qui
1571 4633 1760 4691 Judith
1808 4636 2030 4693 viduam

415 4723 561 4798 regis
609 4722 778 4779 filiam
810 4723 914 4779 sibi
963 4722 1175 4780 furatus
1212 4723 1389 4781 fuerat
1428 4725 1484 4780 in
1517 4741 1772 4795 uxorem,
1805 4729 1956 4784 unde
1985 4740 2041 4787 et

414 4820 483 4874 ab
510 4818 786 4891 episcopis
812 4819 980 4888 hujus
1007 4819 1163 4891 regni
1191 4817 1371 4875 fuerat
1397 4822 1930 4878 excommunicatus.

485 4909 743 4966 Hortatur
794 4916 979 4966 autem
1029 4910 1286 4965 eumdem
1342 4910 1808 4985 llungarium,qut
1856 4914 2043 4971 admo-

414 5011 543 5061 neat
574 5004 829 5062 Boricum
869 5004 1271 5072 Normannum,
1309 5021 1491 5077 nuper
1529 5005 1597 5060 ad
1639 5004 1806 5062 ﬁdem
1848 5007 2043 5065 Chrisli

2136 3716 2504 3772 ministerium
2529 3733 2687 3770 suum
2720 3716 2901 3771 facere
2926 3722 3103 3791 rogat,
3129 3715 3233 3769 sibi
3266 3730 3489 3786 quoque
3514 3713 3774 3779 rescribi,

2137 3806 2205 3859 de
2233 3805 2588 3877 quibusdam,
2640 3821 2763 3877 quae
2796 3806 2944 3861 inter
2973 3820 3031 3859 se
3059 3814 3113 3859 et
3154 3821 3340 3879 regem
3376 3803 3771 3858 versabantur.

2138 3899 2395 3965 Quaedam
2426 3900 2588 3954 etiam
2614 3899 2897 3967 intimans,
2931 3915 3053 3971 quae
3076 3907 3287 3954 secreto
3316 3899 3516 3953 Joanni
3548 3897 3773 3968 episco-

2143 4004 2215 4059 po
2245 3987 2555 4043 notiﬁcaret
2596 3988 2666 4042 de
2696 3988 2909 4058 synodo
2938 3996 3088 4055 tunc,
3129 3995 3189 4042 ut
3219 4004 3313 4042 rex
3355 3988 3617 4056 jusserat,
3652 4001 3772 4041 non

2141 4081 2378 4155 agenda,
2401 4087 2457 4135 et
2473 4096 2643 4153 quare
2665 4088 2797 4135 tunc
2828 4082 3120 4137 convocari
3142 4098 3252 4137 non
3271 4080 3523 4145 deberet,
3544 4078 3765 4133 addens

2140 4170 2210 4225 de
2241 4169 2572 4241 quibusdam
2605 4186 2826 4243 quoque
2866 4171 3106 4241 scriptis,
3149 4186 3271 4242 qure
3302 4168 3380 4224 illi
3420 4166 3761 4235 remittebat,

2140 4263 2224 4317 vel
2258 4279 2381 4335 quae
2432 4263 2537 4318 sibi
2580 4264 2720 4319 mitti
2761 4265 3069 4336 poscebat;
3130 4264 3261 4319 item
3293 4262 3363 4316 de
3408 4259 3763 4315 ordinatione

2138 4353 2467 4423 Willeberti,
2499 4357 2585 4412 cui
2611 4373 2704 4411 rex
2737 4354 3077 4426 episc0pium
3119 4352 3559 4407 Cathalaunense
3589 4351 3766 4405 dede-

2139 4455 2241 4515 rat,
2274 4463 2342 4501 ne
2380 4447 2436 4501 in
2468 4446 2642 4517 ipsius
2672 4445 3026 4501 ordinatione
3058 4444 3126 4498 ab
3156 4443 3355 4499 ordine
3379 4441 3568 4496 debito
3594 4440 3763 4494 decli-

2139 4548 2314 4607 naret,
2374 4539 2636 4594 intimans
2663 4538 2810 4611 quod
2856 4536 3307 4593 irrationabiliter
3354 4534 3763 4590 Cathalaunen-

2145 4646 2254 4698 ses,
2287 4636 2411 4701 post
2431 4630 2645 4685 obitum
2676 4630 2760 4685 sui
2785 4630 3051 4702 episeOpi,
3070 4629 3137 4683 de
3159 4644 3256 4683 sua
3286 4628 3403 4700 ipsa
3434 4626 3766 4680 necessitate

2142 4718 2391 4787 fecerint,
2416 4728 2471 4774 et
2500 4719 2653 4792 quod
2674 4719 2742 4773 ad
2771 4734 2957 4792 regem
2983 4719 3192 4773 litteras
3220 4733 3346 4771 suas
3368 4730 3468 4787 pro
3491 4715 3767 4770 electione

2143 4813 2355 4884 praefati
2404 4813 2707 4869 Willeberti
2764 4813 3037 4880 miserint,
3088 4812 3373 4867 decretum
3431 4825 3562 4865 vero
3606 4825 3765 4864 suum

2144 4908 2213 4963 ad
2240 4907 2745 4978 archiepiscOpum,
2774 4905 2916 4959 sicut
2945 4905 3164 4959 mittere
3192 4904 3524 4968 debuerant,
3557 4909 3619 4955 ut
3639 4900 3769 4955 inde

2146 5014 2268 5070 qua;
2309 4998 2523 5072 agenda
2558 5003 2746 5051 essent
2784 4994 3051 5049 canonice
3095 5002 3306 5067 ageret,
3340 5007 3451 5047 non
3492 4989 3768 5054 miserint,

416 5116 770 5171 conversum,
803 5118 873 5157 ne
917 5102 1146 5174 recipiat
1176 5102 1434 5158 eumdem
1473 5101 1825 5172 Balduinum,
1860 5121 2045 5177 neque
2146 5087 2439 5142 insinuans
2470 5084 2704 5158 qualiter
2735 5084 2867 5138 inde
2889 5083 3010 5177 rite
3044 5082 3225 5177 facere
3256 5080 3622 5177 debuissent;
3658 5080 3770 5177 -sed

419 5197 736 5269 praesidium
765 5198 901 5255 ferat
933 5216 946 5254 :
988 5200 1085 5256 sed
1117 5207 1172 5255 et
1201 5200 1351 5272 quod
1380 5208 1606 5256 centum
1644 5200 1699 5271 [ἱ.
1736 5200 1780 5255 si
1814 5202 2042 5274 caeteri].

420 5286 741 5344 Nortmanni
770 5305 871 5361 per
890 5289 1012 5360 ejus
1030 5289 1347 5359 consilium,
1371 5298 1431 5347 ut
1450 5290 1723 5358 audierat,
1752 5298 1877 5362 post
1905 5308 2044 5349 con-

419 5377 733 5434 versionem
764 5381 939 5451 ipsius
985 5382 1132 5438 istud
1162 5398 1398 5456 regnum
1436 5382 1739 5454 depraedati
1789 5382 2045 5450 fuissent,

423 5475 528 5529 hoc
552 5472 720 5546 digna
776 5476 1106 5545 paenitentia
1136 5477 1436 5533 emendare
1489 5477 1754 5532 studeret.
1798 5477 2048 5532 Fulerico

419 5569 744 5626 Treeassino
806 5569 1088 5641 episcOpo,
1148 5571 1405 5631 Ecclesiae
1454 5571 1747 5628 Bernensis
1801 5570 2047 5637 alumno,

421 5660 627 5737 gratias
656 5659 907 5715 referens
961 5677 1062 5731 pro
1105 5662 1356 5732 epistolis
1384 5661 1715 5733 quibusdam
1759 5658 2050 5735 Augustini

426 5758 497 5813 ab
517 5772 592 5812 eo
620 5756 728 5812 sibi
754 5754 959 5821 missis,
1000 5762 1062 5810 et
1084 5756 1160 5812 de
1188 5755 1328 5815 libro
1357 5755 1595 5826 Didymi,
1639 5771 1803 5826 quem
1838 5752 2048 5808 Fulcri-

2147 5176 2280 5248 quia
2337 5191 2450 5230 non
2495 5174 2759 5241 fecerant,
2807 5172 2940 5244 quid
2977 5172 3177 5226 exinde
3233 5171 3446 5227 cautius
3493 5170 3771 5245 agendum

2147 5265 2251 5320 sibi
2294 5264 2566 5330 videatur,
2618 5263 2891 5330 edisserit,
2923 5270 2979 5317 et
3015 5262 3319 5333 prudenter
3375 5259 3771 5314 attendendum

2148 5354 2397 5421 mandat,
2431 5361 2491 5408 ut
2522 5352 2791 5427 regularis
2822 5352 3020 5407 electio
3072 5350 3186 5418 ﬁat,
3221 5356 3276 5405 et
3305 5356 3606 5421 postremo,
3637 5350 3778 5404 sicut

2152 5453 2329 5525 ipsius
2373 5448 2682 5523 prudentia!
2743 5448 2942 5503 melius
2982 5446 3111 5501 inde
3151 5446 3452 5512 videretur,
3514 5445 3658 5500 hanc
3708 5446 3777 5500 ita

2152 5544 2477 5616 disponeret
2507 5561 2524 5611 ;
2573 5542 2726 5608 item,
2755 5545 2823 5595 de
2855 5557 3022 5595 causa
3053 5539 3326 5611 parocliize
3372 5538 3543 5609 ipsius
3573 5537 3778 5593 Odonis

2152 5653 2275 5709 quae
2307 5637 2452 5693 inter
2501 5635 2682 5707 ipsum
2716 5642 2770 5690 et
2801 5633 3109 5689 Bothadum
3165 5632 3624 5688 Suessionensem
3658 5631 3777 5700 epi-

2154 5745 2384 5798 scopum
2427 5727 2817 5795 ventilabatur,
2866 5725 3145 5796 simulque
3192 5726 3261 5781 de
3289 5724 3635 5797 presbytero,
3687 5722 3777 5795 qui

491 5856 605 5927 (14)
645 5855 736 5912 Ha:
761 5853 1013 5927 epistolae
1041 5853 1217 5909 Nicol.
1251 5855 1270 5908 Ι
1309 5861 1365 5911 et
1394 5853 1617 5909 Adriani
1645 5852 1716 5908 ad
1761 5851 2119 5907 Hincmarum
2155 5866 2267 5907 non
2295 5856 2529 5905 exstant.
