3912 6438
176 415 291 472 225

837 419 1162 474 HISTORUE
1202 420 1534 476 ECCLESUE
1575 422 1900 478 REMENSlS
1941 424 2118 478 LIBRI
2158 425 2466 489 QUATUOR

2621 428 2745 482 LIB.
2791 431 2880 484 lll.
3425 436 3530 491 226

175 551 477 620 epistolam
509 567 667 622 papae
690 552 865 608 Roma
890 553 1186 618 detulerat,
1223 564 1483 629 utregem
1514 555 1810 611 admoneat
1834 561 1886 628 Α
1912 557 2212 628 quisitione
2229 557 2298 612 ab
2329 557 2448 628 ipso
2470 557 2658 614 Odone
2696 568 2751 614 et
2779 560 3005 631 praefato
3062 561 3368 618 lledenulfo
3419 573 3526 619 tra-

176 636 513 694 modiﬁcans
535 639 656 706 ejus
685 641 954 707 animum,
989 658 1059 696 ne
1080 650 1270 696 contra
1292 643 1583 698 Dominum
1598 643 1808 715 aliquid

182 724 350 782 faciat
375 729 433 782 in
467 730 707 786 Ecclesia
739 733 853 798 Dei,
881 733 968 787 vel
1001 734 1304 804 episcOpali
1339 735 1534 789 ordine
1568 752 1679 789 non
1715 750 1812 806 pro

186 819 481 878 Hincmaro
511 832 716 895 nepote
743 841 844 881 suo
866 841 925 881 se
954 835 1164 881 tantum
1210 828 1262 881 id
1300 829 1487 883 dicere
1535 844 1812 895 asserens,

183 924 452 985 quantum
488 932 586 987 pro
611 918 736 988 ipso
752 919 976 974 seniore
1025 935 1124 974 suo
1166 935 1318 994 rege,
1352 936 1419 975 ne
1477 922 1595 992 ipse
1629 921 1813 976 taliter

186 1015 464 1074 peccaret,
496 1007 648 1062 unde
677 1009 1012 1063 aeternaliter
1061 1011 1313 1079 periret;
1356 1012 1510 1078 item,
1571 1013 1640 1066 de
1685 1028 1812 1068 cor-

184 1097 436 1152 rectione
473 1099 721 1169 epistolae
752 1117 880 1165 suae,
917 1119 1081 1173 quam
1113 1102 1190 1156 illi
1221 1103 1436 1173 pridem
1461 1104 1708 1171 miserat,
1739 1105 1808 1160 ab

185 1192 446 1261 imperito
476 1193 751 1264 scriptore
789 1206 1124 1266 corruptam,
1148 1204 1204 1252 et
1233 1197 1303 1251 de
1334 1198 1419 1252 his
1433 1215 1555 1269 quae
1586 1199 1812 1268 objicie-

188 1279 392 1335 hantur
430 1282 722 1338 Hincmaro
763 1285 1188 1340 scandalizatori
1233 1302 1334 1342 suo
1359 1328 1373 1353 ,
1409 1288 1562 1355 item,
1621 1287 1690 1342 de
1723 1289 1812 1343 lit-

188 1369 341 1434 teris,
373 1386 512 1440 quas
544 1388 642 1442 pro
680 1373 877 1427 eodem
926 1374 1218 1430 Hincmaro
1277 1375 1393 1449 regi
1425 1376 1700 1438 mittebat,
1753 1383 1814 1431 ut

187 1456 310 1527 ipse
338 1458 454 1513 Odo
487 1475 580 1513 eas
611 1460 688 1514 illi
723 1462 1048 1536 porrigeret,
1091 1471 1146 1518 et
1173 1465 1418 1534 qualiter
1454 1480 1548 1518 eas
1580 1479 1810 1534 recepe-

190 1549 280 1613 rit,
321 1551 408 1603 vel
442 1551 527 1604 his
558 1553 840 1620 annuerit,
875 1556 970 1609 sed
1029 1565 1084 1610 et
1132 1557 1202 1610 de
1245 1557 1367 1611 aliis
1415 1557 1521 1611 sibi
1568 1557 1813 1611 sciendis

189 1641 328 1710 petit
355 1642 557 1698 litteris
583 1644 690 1698 sibi
725 1647 1034 1701 remandari
1066 1648 1234 1713 ;item
1267 1649 1336 1702 de
1393 1665 1558 1704 causa
1582 1649 1808 1720 Erpuini

185 1729 461 1800 episcopi,
502 1733 598 1802 qui
629 1734 696 1787 ad
761 1735 1072 1790 condictam
1119 1737 1392 1808 synodum
1447 1737 1638 1792 venire
1700 1753 1809 1793 non

1915 649 2047 704 ctari
2093 649 2293 718 judicii
2359 650 2635 706 Auriniaci
2698 654 3067 718 monasterii,
3110 669 3207 723 pro
3259 655 3529 728 regimine

1917 741 2158 796 Ricoarae
2189 741 2499 807 abbatissae,
2527 759 2649 814 quae
2681 751 2871 798 contra
2911 744 3064 816 leges
3099 744 3245 800 idem
3299 762 3531 816 usurpa-

1914 843 2066 891 verat
2085 836 2501 902 monasterium,
2532 843 2830 907 monetque
2882 845 2942 891 ut
2990 845 3247 911 suggerat
3289 839 3428 912 regi,
3461 857 3530 895 ne

1915 934 2102 1001 ageret
2150 928 2279 983 inde
2311 929 2548 1000 qualiter
2602 928 2802 984 alienis
2858 930 3099 1000 peccatis
3131 929 3526 1000 implicaretur.

1915 1015 2065 1068 Idem
2097 1016 2166 1070 de
2188 1017 2386 1072 itinere
2403 1032 2503 1072 suo
2536 1033 2647 1072 non
2667 1017 2735 1070 ad
2780 1032 2968 1090 regem
2999 1024 3346 1073 terrenorum
3389 1037 3532 1091 prae-

1911 1104 2169 1172 sentiam,
2198 1106 2295 1160 sed
2347 1106 2415 1160 ad
2465 1106 2612 1178 regis
2669 1106 2860 1161 aeterni
2912 1105 3206 1173 judicium,
3247 1108 3316 1161 ad
3377 1109 3526 1179 quod

1909 1191 2022 1260 jam
2044 1210 2104 1249 se
2137 1185 2402 1250 festinare
2443 1211 2540 1266 per
2569 1195 2864 1251 continuas
2887 1193 3093 1249 indicat
3106 1195 3526 1268 aegrotationes;

1917 1281 2069 1348 item,
2102 1299 2200 1353 pro
2221 1283 2572 1339 ordinatione
2591 1284 2879 1350 Hetilonis,
2928 1299 3091 1354 quem
3121 1283 3280 1354 plebs
3324 1284 3529 1340 Novio-

1914 1371 2194 1442 magensis
2226 1373 2549 1443 episcOpum
2570 1373 2676 1426 sibi
2706 1372 2947 1446 elegerat
2967 1371 3360 1440 ordinandum,
3393 1373 3528 1428 alia-

1914 1478 2022 1532 que
2053 1465 2322 1520 nonnulla
2339 1465 2522 1520 eidem
2551 1481 2698 1536 saepe
2715 1464 2982 1519 direxisse
3013 1465 3287 1535 reperitur
3303 1465 3526 1536 scripta.

1916 1555 2228 1628 Hildegario
2291 1556 2557 1611 Meldensi
2623 1556 2888 1628 episcopo
2926 1599 2941 1622 ,
3010 1572 3109 1627 pro
3178 1558 3530 1628 parochianis

1915 1642 2089 1714 ipsius
2120 1645 2476 1716 quibusdam,
2519 1645 2614 1716 qui
2663 1645 2962 1700 homicidia
2987 1645 3065 1716 ⁵ἱῐι
3104 1647 3362 1701 Remensi
3391 1664 3526 1718 per-

1912 1743 2198 1804 petravere
2221 1737 2483 1807 parochia
2511 1736 2722 1803 scribit,
2739 1737 3037 1791 exhortans
3087 1743 3145 1792 ut
3176 1753 3273 1793 eos
3316 1739 3528 1794 salvare

184 1817 430 1886 valebat,
463 1829 522 1874 ut
547 1837 770 1876 causam
805 1823 978 1894 ipsius
1001 1825 1115 1880 Odo
1159 1825 1306 1880 inter
1360 1826 1481 1894 ejus
1510 1841 1807 1897 personam
1841 1887 1882 1897 ,κ
1912 1839 2247 1896 quocunque
2309 1827 2488 1881 valeat
2551 1825 2786 1881 consilio
2851 1833 2905 1880 et
2959 1825 3162 1880 auxilio
3226 1837 3525 1896 procuret,

182 1917 238 1963 et
267 1919 622 1967 accusatores
650 1914 772 1981 ejus
793 1917 1020 1987 exsequi
1051 1918 1323 1985 studeret,
1377 1925 1431 1972 et
1479 1919 1524 1972 si
1557 1919 1625 1972 ad
1657 1919 1806 1973 inte-
1840 1887 1889 1953 Β
1913 1916 2225 1985 adjuturum
2294 1935 2354 1973 se
2415 1919 2700 1990 spondens
2743 1959 2757 1985 ,
2824 1926 2884 1972 ut
2957 1917 3026 1972 ad
3091 1933 3281 1988 pacem
3337 1919 3526 1976 venire

183 2015 345 2072 grum
366 2001 421 2055 id
443 2017 609 2076 agere
656 2019 767 2059 non
823 2015 1028 2076 posset,
1077 2008 1336 2063 eumdem
1394 2010 1697 2080 Erpuinum
1754 2016 1810 2064 et

181 2102 540 2148 accusatores
578 2095 699 2163 ejus
727 2096 796 2150 ad
835 2099 1107 2168 synodum
1139 2101 1287 2170 apud
1321 2099 1496 2157 Pistas
1535 2103 1807 2176 agendam

178 2181 342 2237 abire
369 2195 765 2241 commoneat:
816 2189 966 2252 item,
1029 2190 1098 2245 de
1130 2191 1331 2246 litteris
1359 2193 1465 2246 sibi
1522 2194 1590 2248 ab
1618 2193 1807 2249 Odone

179 2275 393 2342 missis,
437 2277 493 2330 in
545 2278 750 2349 quibus
813 2292 1160 2353 compererat
1190 2284 1480 2358 insurgere
1538 2287 1806 2357 quosdam

177 2368 489 2423 monachos
517 2377 710 2426 contra
739 2388 948 2428 sacram
979 2376 1390 2443 auctoritatem,
1442 2383 1496 2431 et
1527 2376 1598 2431 de
1630 2377 1807 2448 privi-

173 2455 343 2529 legiis
370 2457 724 2515 Corbeiensis
744 2462 1068 2517 monasterii
1107 2481 1121 2528 ;
1176 2464 1307 2518 item
1340 2479 1441 2534 pro
1471 2464 1670 2520 itinere
1707 2481 1808 2521 suo

175 2549 246 2602 ad
282 2565 474 2623 regem
510 2569 524 2615 ;
580 2551 710 2606 item
768 2554 970 2628 gratias
1017 2555 1264 2610 referens
1293 2556 1428 2624 Deo,
1458 2573 1560 2627 pro
1588 2557 1809 2612 satisfa-

176 2637 388 2692 ctionis
448 2647 504 2693 et
551 2642 918 2698 correctionis
957 2643 1277 2709 dulcedine,
1324 2661 1432 2716 qua
1486 2645 1543 2700 in
1612 2646 1807 2701 litteris

172 2730 358 2799 ipsius
389 2731 597 2786 Odonis
615 2734 843 2788 multam
876 2736 1274 2808 recOgnitionis
1302 2737 1424 2805 ejus
1445 2738 1516 2792 de
1539 2738 1626 2792 his
1658 2739 1806 2794 unde

175 2823 697 2898 redarguerateum
753 2826 961 2896 reperit
1014 2827 1456 2902 benignitatem;
1517 2830 1647 2884 item
1705 2846 1807 2901 pro

175 2916 456 2970 electione
487 2916 817 2972 Suessorum
850 2918 1096 2989 epis00pi
1133 2927 1258 2990 post
1285 2921 1502 2976 obitum
1532 2922 1804 2991 Rothadi;

176 3009 333 3074 item,
369 3023 472 3079 pro
498 3017 777 3065 conventu
821 3011 1074 3081 synodali
1122 3028 1291 3083 super
1339 3015 1706 3086 responsione
1736 3017 1805 3072 ad

171 3098 466 3168 epistolam
500 3099 721 3154 Adriani
756 3117 946 3171 papae;
1000 3101 1152 3169 item,
1215 3118 1314 3173 pro
1373 3103 1570 3159 litteris
1635 3106 1802 3180 regis,

173 3191 382 3261 quibus
395 3202 734 3264 praeceperat
752 3196 1047 3268 episcopos
1066 3197 1223 3271 regni
1246 3214 1277 3252 a
1290 3197 1496 3253 domno
1511 3197 1701 3254 Hincm
1709 3213 1804 3253 aro

172 3285 577 3351 convocari,ut
617 3287 981 3357 prohiberent
1035 3287 1212 3344 filium
1265 3288 1442 3359 ipsius
1489 3289 1638 3363 regis
1670 3289 1804 3344 Kar-
1831 3257 1881 3327 Ο

173 3374 502 3430 lomannum
532 3391 564 3429 a
590 3379 1024 3448 praesumptione
1063 3393 1306 3444 cessare,
1353 3394 1516 3449 quam
1549 3379 1806 3434 crimina—

177 3464 343 3520 batur
363 3473 558 3520 contra
584 3474 796 3536 patrem
837 3482 1146 3532 exercere;
1201 3466 1355 3536 item,
1415 3483 1514 3538 pro
1572 3466 1802 3523 ordina-

177 3555 329 3609 tione
378 3555 633 3629 Ansegisi
720 3555 1008 3611 Remensis
1053 3557 1367 3613 dioeceseos
1427 3557 1686 3613 monachi
1748 3557 1805 3611 in

174 3647 506 3718 episcopatu
539 3647 818 3704 Senonico
851 3667 866 3715 ;
901 3649 1052 3714 item,
1085 3665 1192 3720 pro
1239 3648 1426 3703 libello
1458 3648 1705 3704 historiae
1736 3649 1805 3703 de

173 3743 301 3791 ortu
335 3736 391 3790 S.
427 3735 628 3801 Maria,
673 3743 729 3791 et
761 3737 987 3791 homilia
1018 3737 1075 3792 B.
1108 3737 1424 3808 Hieronymi
1477 3737 1548 3791 de
1578 3739 1806 3792 Assum-

172 3825 370 3896 ptione
401 3825 577 3895 ipsius
606 3826 704 3880 Dei
732 3826 1044 3895 Genitricis,
1076 3842 1199 3899 quae
1238 3827 1465 3898 quidam
1497 3828 1806 3882 monachus

170 3912 530 3969 Corbeiensis
556 3917 882 3971 monasterii
903 3932 1014 3973 non
1069 3931 1194 3972 esse
1232 3915 1616 3986 recipiendam
1666 3931 1803 3973 con-

173 4008 467 4064 tendebat.

240 4099 324 4152 Ad
356 4113 482 4169 quaa
510 4098 815 4169 respondet
841 4098 988 4154 idem
1017 4098 1622 4169 domnusllincmarus,
1658 4113 1800 4169 prae-

165 4186 340 4241 fatam
396 4185 682 4242 historiam
737 4203 841 4244 nos
889 4187 1096 4243 habere
1135 4187 1204 4242 ad
1234 4187 1553 4254 lectionem,
1591 4201 1706 4241 non
1729 4186 1798 4240 ad

167 4278 570 4350 proferendum
602 4281 986 4336 auctoritatem
1019 4299 1035 4335 :
1070 4280 1353 4335 homiliam
1380 4294 1512 4335 vero
1543 4280 1797 4334 eamdem

171 4394 203 4432 a
233 4383 432 4431 sancto
460 4376 793 4444 Hieronymo
823 4369 1316 4426 asseritcatholice
1346 4369 1627 4434 dictatam,
1659 4369 1802 4424 sicut

173 4480 232 4526 et
261 4471 460 4541 stylus,
492 4477 546 4525 et
574 4468 790 4524 cautela
847 4481 1068 4531 sensus,
1132 4473 1188 4520 et
1235 4464 1572 4531 intellectus,
1614 4470 1668 4518 et
1693 4464 1800 4518 alia

172 4566 328 4614 certa
368 4557 576 4612 indicia
600 4561 931 4620 monstrant,
957 4563 1012 4610 et
1037 4561 1199 4610 certae
1227 4568 1504 4625 personae,
1538 4569 1637 4623 per
1661 4568 1800 4625 quas

1911 2018 2133 2080 queanL

1980 2103 2425 2176 Scribitquoque
2456 2105 2522 2159 ad
2551 2103 2809 2160 eumdem
2851 2105 3147 2175 quemdam
3185 2105 3258 2159 De
3307 2104 3521 2173 judicio

1910 2211 2067 2266 aqua
2094 2195 2306 2270 frigida:
2339 2196 2609 2251 libellum.
2652 2196 2860 2251 Joanni
2889 2196 3270 2251 Cameracensi
3313 2197 3521 2267 petenti

1910 2286 2390 2341 commendatitias
2411 2286 2527 2340 dari
2551 2286 2659 2340 sibi
2691 2286 2916 2341 Romam
2949 2284 3324 2356 proﬁciscenti
3377 2287 3527 2342 litte-

1911 2397 2017 2447 ras,
2052 2398 2117 2436 ex
2145 2381 2592 2436 nominedomini
2623 2381 2896 2435 Hincmari
2930 2380 3170 2435 Adriano
3203 2395 3361 2451 papas
3391 2380 3530 2436 offe-

1911 2470 2132 2539 rendas,
2182 2470 2483 2535 rescribit;
2539 2469 2690 2541 quod
2730 2469 2775 2523 si
2816 2468 3134 2523 redditurus
3195 2469 3528 2541 obsequium

1911 2557 2130 2623 Caesari,
2164 2558 2394 2612 Romam
2437 2558 2570 2612 velit
2616 2558 2690 2611 ita
2727 2572 2982 2630 pergere,
3014 2563 3075 2611 ut
3105 2556 3376 2627 obsequio
3418 2559 3530 2611 Deo

1909 2648 2373 2721 debito-Casaris
2421 2649 2759 2705 contrarium
2799 2664 2908 2703 non
2969 2656 3116 2703 esset
3164 2649 3526 2720 obsequium,

1908 2739 2205 2794 canonicas
2235 2738 2474 2793 libenter
2494 2738 2544 2792 ei
2599 2738 2809 2792 litteras
2839 2737 3150 2803 tribueret;
3202 2738 3287 2792 sin
3339 2747 3523 2792 autem

1911 2846 2009 2902 pro
2031 2847 2196 2885 causa
2216 2830 2456 2885 Lotharii
2482 2830 2650 2904 regis,
2688 2844 2811 2900 quas
2868 2829 3012 2884 inter
3054 2845 3180 2884 eum
3236 2836 3290 2883 et
3347 2829 3524 2900 ipsius

1908 2937 2134 2978 uxorem
2155 2922 2249 2977 diu
2270 2922 2537 2977 ventilata
2565 2921 2761 2987 fuerat,
2796 2921 3059 2992 quoniam
3115 2920 3524 2975 commendati-

1907 3010 2014 3065 tias
2041 3011 2097 3065 in
2116 3012 2216 3066 hac
2242 3027 2300 3066 re
2329 3012 2461 3066 dare
2514 3009 2727 3065 litteras
2785 3024 2896 3064 non
2937 3008 3176 3076 valebat,
3218 3009 3529 3078 reprehen-

1907 3103 2102 3158 sibiles
2123 3103 2254 3158 dare
2277 3118 2388 3158 non
2411 3101 2635 3168 audeat,
2673 3101 2804 3172 quia
2830 3115 2933 3154 nec
2960 3099 3184 3165 debeat,
3218 3100 3526 3169 praesertim

1907 3209 2030 3248 cum
2058 3208 2236 3264 nuper
2264 3192 2505 3248 domnus
2536 3191 2807 3245 Adrianus
2837 3189 3054 3243 litteras
3108 3188 3158 3242 ei
3191 3203 3304 3241 suae
3330 3197 3526 3243 aucto-

1907 3285 2082 3341 ritatis
2107 3300 2208 3355 per
2235 3284 2529 3340 Actardum
2551 3284 2985 3338 Namnetensem
3023 3279 3348 3350 episcopum
3414 3281 3524 3334 mi-

1905 3376 2039 3431 serit
2064 3378 2314 3443 (Anaum.
2351 3375 2396 3428 ll
2426 3374 2644 3444 912.13),
2687 3373 2746 3426 in
2799 3370 3004 3442 quibus
3038 3367 3434 3441 significaverit
3463 3387 3525 3425 se

1906 3467 2228 3534 certamina,
2256 3467 2392 3538 [quae
2447 3466 2610 3520 sedes
2640 3464 2946 3536 apostolica
2997 3479 3099 3535 per
3142 3473 3524 3522 antecessores

1909 3574 2040 3615 suos
2059 3559 2419 3614 Benedictum
2440 3565 2496 3613 et
2527 3557 2810 3613 Nicolaum
2845 3557 2901 3611 in
2934 3558 3038 3612 hac
3080 3573 3248 3613 causa
3273 3568 3523 3616 certave-

1908 3656 2009 3713 rat,
2040 3647 2221 3718 sequi,
2262 3660 2500 3702 monens
2527 3659 2678 3710 eum,
2707 3651 2768 3698 ut
2797 3645 2945 3715 quod
2969 3661 3139 3715 super
3171 3647 3276 3704 hoc
3297 3649 3522 3724 negotio

1906 3747 2119 3811 gestum
2151 3745 2256 3805 est,
2312 3737 2628 3792 nullatenus
2685 3736 2937 3790 enervari
2993 3739 3329 3806 consentiat,
3393 3742 3529 3796 inti-

1906 3847 2178 3903 mansque
2209 3829 2448 3901 qualiter
2477 3828 2955 3884 excommunicata
3013 3827 3177 3883 fuerit
3205 3829 3520 3887 Waldrada.

1907 3923 2071 3978 Addit
2099 3921 2286 3988 etiam,
2307 3920 2457 3992 quod
2486 3919 2607 3974 sine
2629 3918 2866 3975 consilio
2892 3919 3286 3991 coepiscopum
3314 3922 3524 3978 litteras

1903 4009 1955 4066 ei
1986 4009 2348 4074 dimissorias,
2374 4008 2613 4064 maxime
2642 4023 2744 4078 pro
2784 4022 2844 4062 re
2885 4006 3094 4062 incerta
3151 4008 3286 4063 dare
3317 4011 3519 4081 nequi-

1903 4112 1987 4158 ret
2027 4121 2042 4168 ;
2084 4102 2240 4168 item,
2280 4101 2350 4156 de
2401 4101 2560 4156 obitu
2605 4100 2846 4156 Lotharii
2899 4099 3066 4173 regis,
3118 4101 3418 4156 exhortans
3460 4109 3522 4158 ut

1902 4200 2024 4254 sine
2063 4197 2328 4253 dilatione
2367 4197 2436 4252 ad
2489 4196 2741 4252 Karolum
2798 4196 3042 4264 (Carolus
3074 4196 3288 4266 Calvus)
3332 4212 3520 4269 regem

1901 4288 2086 4343 veniat
2119 4303 2132 4352 ;
2175 4286 2306 4342 item
2334 4301 2432 4357 pro
2460 4286 2700 4358 quodam
2741 4284 3064 4355 presbytero
3116 4285 3522 4340 Cameracensis

1903 4376 2198 4449 parochias,
2221 4375 2317 4447 qui
2347 4375 2593 4445 seipsum
2633 4379 2983 4439 castraverat,
3025 4371 3300 4442 frequenti
3339 4373 3522 4427 moni-

1903 4475 1990 4522 tus
2017 4468 2071 4521 id
2099 4465 2610 4539 agerevisitatione,
2643 4464 2902 4518 nesciens
2933 4462 3066 4534 quid
3089 4461 3220 4516 inde
3251 4463 3390 4517 sacri
3419 4464 3518 4518 de-

1902 4563 2191 4613 cernerent
2228 4571 2490 4620 canones,
2543 4553 2950 4623 consiliumque
3009 4553 3122 4620 dat,
3165 4568 3420 4621 monens,
3462 4561 3521 4608 ut

169 4648 241 4701 de
257 4645 512 4717 partibus
534 4644 900 4701 orientalibus
928 4651 1179 4714 tempore
1214 4653 1366 4698 certo
1411 4642 1592 4697 delata
1623 4642 1691 4696 ad
1717 4630 1875 4699 re-D
1901 4649 2196 4722 diligenter
2224 4646 2581 4719 investigetur
2611 4631 2816 4716 quibus
2857 4643 2928 4697 sit
2969 4643 3151 4698 modis
3188 4644 3514 4713 admissum,

166 4743 373 4815 giones
403 4747 618 4796 nostras
668 4740 939 4811 pervenit,
987 4738 1152 4793 fidem
1210 4737 1438 4793 faciunt.
1496 4735 1794 4812 Subjungit

167 4849 400 4905 quoque
430 4832 499 4886 de
522 4832 712 4887 libello
762 4831 938 4902 ipsius
989 4830 1194 4886 Odonis
1227 4837 1420 4886 contra
1451 4828 1798 4897 objectiones

166 4929 510 4994 Graecorum,
565 4926 818 4998 quadam
857 4925 1004 4980 se‘in
1036 4939 1104 4980 eo
1133 4938 1580 4980 commemorans
1611 4922 1790 4978 adno-

167 5033 340 5089 tasse,
373 5038 499 5095 qua:
523 5022 871 5078 retractanda
901 5029 956 5077 et
991 5020 1322 5096 corrigenda
1350 5018 1534 5074 forent
1563 5035 1578 5084 ;
1631 5017 1791 5086 item,

169 5131 273 5187 pro
295 5115 653 5170 ordinatione
665 5111 954 5168 Hedenulfi
981 5113 1288 5168 secundum
1303 5109 1610 5179 iussionem
1623 5110 1791 5165 Joan-
1837 5157 1844 5163 .

173 5212 260 5266 nis
288 5226 450 5282 papae
471 5209 541 5264 ad
581 5208 904 5280 episcOpum
939 5206 1361 5262 Laudunensem
1421 5203 1515 5258 diu
1572 5211 1794 5274 pastore

169 5312 511 5368 vacantem;
563 5303 694 5357 item
748 5316 844 5372 pro
899 5300 1116 5355 ratione
1173 5299 1318 5353 lunae
1365 5295 1684 5368 paschalis,
1737 5305 1793 5351 et

167 5399 406 5454 lectione
437 5412 603 5468 quam
661 5393 966 5449 Adalardus
1019 5393 1194 5448 abbas
1258 5391 1386 5447 inde
1436 5389 1788 5460 composuit;

168 5488 299 5542 item
332 5503 435 5559 pro
461 5486 657 5541 eadem
692 5501 771 5549 re,
799 5483 1006 5557 gratias
1049 5497 1224 5557 agens
1252 5482 1363 5537 Deo
1388 5495 1489 5552 pro
1514 5479 1789 5535 sollicitu-

162 5576 292 5632 dine
334 5575 514 5647 ipsius
559 5573 788 5639 Odonis,
819 5589 930 5644 qua
977 5571 1188 5628 studuit
1215 5569 1549 5642 investigare
1598 5568 1790 5640 mysti-

159 5683 275 5722 cam
302 5665 584 5738 paschalis
614 5662 982 5719 solemnitatis
1007 5659 1546 5725 observationem,et
1566 5665 1788 5723 caetera;

162 5755 314 5824 item,
348 5771 453 5828 pro
497 5755 704 5809 itinere
743 5767 844 5807 suo
873 5751 942 5806 ad
996 5749 1291 5805 concilium
1325 5763 1483 5818 papae
1535 5745 1788 5811 Joannis,

161 5846 302 5902 utad
335 5845 392 5900 id
424 5845 547 5915 ipse
581 5855 805 5912 quoque
846 5839 1039 5894 venire
1071 5837 1296 5893 festinet
1327 5853 1342 5903 ;
1375 5837 1530 5900 item,
1580 5836 1651 5890 de
1708 5835 1792 5888 in-

1900 4747 1954 4796 et
1981 4739 2197 4794 interim
2223 4754 2322 4808 per
2351 4736 2750 4811 indulgentiam
2784 4734 3073 4806 presbyter
3117 4735 3261 4789 idem
3293 4745 3512 4792 maneat

1900 4833 1955 4887 in
1985 4832 2180 4888 ordine
2233 4846 2357 4898 suo,
2415 4830 2596 4886 donec
2641 4829 2698 4882 in
2738 4827 3062 4899 provinciali
3118 4828 3334 4898 synodo
3371 4829 3505 4899 quid

1896 4925 2096 4980 exinde
2116 4923 2418 4978 tenendum
2449 4922 2520 4976 sit
2549 4920 2878 4986 inveniatur,
2911 4918 3058 4990 quod
3086 4934 3191 4973 nec
3221 4918 3516 4988 praeceptis

1895 5015 2228 5088 evangelicis
2256 5013 2611 5080 contrarium,
2653 5027 2756 5067 nec
2793 5010 3032 5066 decretis
3084 5015 3394 5064 sanctorum
3426 5025 3515 5064 re-

1896 5112 2140 5183 periatur
2157 5110 2483 5165 adversum:
2518 5108 2671 5173 item,
2711 5106 3006 5181 gratiarum
3045 5102 3290 5158 referens
3329 5104 3509 5158 actio-

1896 5220 1997 5259 nes
2017 5218 2115 5275 pro
2144 5201 2437 5258 beneﬁciis
2467 5217 2617 5270 saepe
2647 5198 2754 5253 sibi
2783 5197 2852 5252 ab
2885 5212 2951 5252 eo
2973 5195 3264 5266 impensis,
3314 5202 3513 5266 petens

1896 5303 1956 5351 ut
2007 5295 2248 5367 requirat
2283 5308 2596 5349 sermonem
2656 5289 2830 5344 sancti
2869 5287 3159 5360 Augustini
3224 5288 3298 5342 De
3352 5289 3509 5360 lapsu

1892 5385 2148 5442 monachi
2171 5391 2225 5438 et
2245 5383 2447 5447 viduae,
2479 5397 2547 5436 ae
2568 5379 2676 5435 sibi
2699 5379 2768 5434 ad
2798 5376 3282 5433 transcribendum
3307 5377 3506 5444 mittat,

1890 5476 1976 5532 vel
2008 5471 2296 5528 transcribi
2325 5469 2508 5536 faciat,
2549 5474 2603 5524 et
2648 5465 2717 5522 ad
2748 5463 3052 5536 proximam
3086 5465 3359 5535 synodum
3401 5465 3511 5520 sibi

1892 5560 2098 5617 afferat.
2140 5562 2552 5632 Expositionem
2595 5572 2821 5630 quoque
2871 5554 3033 5610 Bedae
3100 5557 3154 5611 in
3197 5556 3510 5614 Proverbiis

1891 5655 2201 5711 Salomonis
2226 5655 2296 5710 ad
2326 5654 2581 5710 eamdem
2612 5651 2884 5723 synodum
2918 5650 3028 5706 sibi
3054 5648 3256 5705 deferri
3288 5656 3503 5721 petens.
3596 5656 3612 5669 ‘

1894 5743 2113 5798 lntimat
2132 5743 2293 5798 etiam
2352 5741 2500 5814 quod
2539 5756 2684 5812 papa
2730 5740 3013 5796 Romanus
3043 5737 3241 5793 Karolo
3286 5736 3423 5809 regi,
3455 5741 3510 5788 et

1893 5831 2172 5904 episcopis
2201 5831 2379 5903 ipsius
2410 5828 2839 5905 regniquaedam
2879 5827 3136 5884 mandata
3185 5825 3403 5890 direxit,
3438 5823 3506 5875 de
