3912 6460
404 509 507 562 227

1531 503 1898 560 FLODOARDI
1942 503 2245 559 CANONICI
2289 503 2619 559 REMENSIS

3639 500 3747 552 9.28

404 645 677 717 quibusin
705 643 918 715 synodo
949 645 1020 698 sit
1051 659 1282 699 necesse
1309 645 1526 699 tractari
1557 663 1570 710 ;
1625 643 1775 698 unde
1828 651 1881 698 et
1930 659 2024 698 rex
2053 647 2099 713 Α
2128 645 2314 699 mitem
2350 645 2503 715 pacis
2531 644 2676 699 inter
2712 657 2809 698 eos
2837 648 3249 713 procuratorem
3267 645 3418 693 tanto
3448 636 3747 710 benignius

404 733 843 805 metropolitanis
875 734 1031 807 regni
1065 734 1149 787 sui
1175 734 1385 788 litteras
1405 734 1638 799 miserit,
1673 735 2022 806 praecipiens,

404 825 839 894 utcoepiscOpos
871 840 1002 878 suos
1024 825 1090 878 ad
1137 825 1384 878 eamdem
1444 833 1812 880 convocarent
1861 841 2026 896 syno-

405 916 534 970 dum
567 917 758 981 ;item,
789 931 887 986 pro
921 925 1074 986 parte
1098 917 1350 981 decimae,
1394 933 1558 988 quam
1598 917 1704 971 sibi
1749 915 2028 992 signiﬁca-

410 1012 520 1060 tum
570 1004 766 1068 fuerat,
824 1005 893 1058 ab
956 1006 1181 1076 antiqua
1239 1005 1389 1079 regia
1442 1006 1656 1077 capella
1703 1007 1917 1070 tulisse,
1971 1013 2025 1060 et

405 1097 585 1164 altari,
627 1114 789 1168 quam
833 1097 1048 1152 noviter
1095 1103 1429 1162 sacraverat,
1486 1096 1819 1161 addidisse;
1875 1095 2022 1167 quod

2128 738 2464 816 admitteret,
2506 746 2712 809 quanto
2751 736 2844 789 Dei
2889 751 3011 789 esse
3052 732 3224 787 ﬁlium
3244 729 3747 804 proEvangeliive—

2128 828 2286 883 ritate
2321 832 2780 899 recognosceret;
2808 826 2960 891 item,
2985 839 3082 895 pro
3115 822 3336 877 duobus
3352 823 3497 875 vasis
3527 819 3742 873 salariis

2129 936 2250 991 quae
2291 934 2384 972 rex
2425 926 2614 972 sancto
2649 917 2928 986 Stephano
2959 913 3234 978 mittebat,
3270 919 3322 965 et
3374 925 3540 965 aurea
3581 924 3744 964 cruce

2129 1023 2252 1064 cum
2279 1013 2595 1061 sanctorum
2630 1004 2900 1075 reliquiis,
2933 1020 3097 1074 quam
3129 1003 3320 1075 regina
3343 1000 3637 1076 delegabat
3665 998 3746 1052 al-

2126 1100 2228 1154 tari
2276 1099 2527 1168 ejusdem
2556 1098 2728 1152 s‘ancti
2767 1115 2781 1162 ;
2831 1097 2987 1161 item,
3044 1109 3142 1165 pro
3174 1091 3507 1164 inquirenda
3553 1104 3739 1152 causa,

404 1187 533 1258 quia
559 1193 749 1241 contra
777 1187 994 1258 regulas
1024 1193 1193 1251 esset.
1242 1187 1562 1250 emendare.
1625 1187 1670 1239 Si
1719 1186 1790 1239 Sit
1819 1191 2021 1252 actum,
2120 1191 2276 1260 juxta
2304 1189 2449 1263 regis
2475 1188 2818 1252 mandatum,
2850 1201 2971 1257 quae
3000 1183 3325 1239 versabatur
3349 1181 3494 1234 inter
3526 1179 3746 1248 episco-

405 1275 627 1342 suadet;
652 1276 803 1341 item,
836 1291 934 1346 pro
967 1276 1206 1346 quodam
1233 1276 1578 1347 presbytero,
1605 1275 1699 1346 qui
1734 1275 1802 1329 ad
1830 1275 2020 1328 sedem

408 1365 734 1419 Remensem
814 1366 1291 1436 proclamaverat,
1373 1368 1753 1438 prtejudicium
1786 1381 1844 1420 se
1915 1364 2027 1435 pati

405 1462 632 1525 questus
662 1454 732 1509 ab
753 1455 947 1510 eodem
969 1456 1205 1526 praesule
1248 1473 1370 1521 suo,
1424 1457 1714 1511 interdicto
1766 1455 1872 1509 sibi
1903 1470 2028 1509 cum

315 1617 326 1629 ‘
408 1542 574 1596 rebus
596 1543 712 1596 suis
756 1542 942 1598 ofﬁcio
985 1560 1206 1616 quoque
1257 1546 1606 1611 sacerdotali,
1673 1561 1778 1599 nec
1833 1551 2031 1614 sponte

409 1637 690 1701 confesso,
724 1650 825 1689 nec
876 1636 1202 1710 regulariter
1257 1638 1529 1704 convicto,
1578 1653 1676 1708 pro
1710 1635 1947 1691 tumultu
1973 1641 2026 1689 et

408 1726 706 1783 homicidio
737 1734 1070 1799 perpetrato,
1118 1729 1213 1782 ubi
1273 1728 1616 1796 interfuerat,
1683 1736 1736 1782 et
1788 1729 2027 1782 invictus

410 1831 563 1870 arma
633 1816 984 1872 defendendo
1054 1835 1113 1871 se
1189 1827 1555 1889 sumpserat,
1632 1818 2028 1888 hominemque

408 1906 810 1973 vulneraverat,
855 1914 1178 1962 nontamen
1235 1924 1359 1963 eum
1407 1908 1500 1980 qui
1557 1908 1778 1963 occisus
1823 1907 2024 1962 fuerat.

410 2000 470 2053 ln
519 1999 722 2070 quibus
789 2000 986 2054 litteris
1044 2001 1286 2055 ostendit
1348 2017 1412 2055 ex
1469 2004 1795 2058 auctoritate
1845 2020 2023 2071 sacra,

409 2091 543 2162 quid
592 2092 940 2146 discretionis
997 2093 1068 2146 sit
1121 2093 1175 2146 in
1237 2093 1555 2161 hujusmodi
1607 2111 1772 2149 causa
1834 2103 2026 2150 tenen-

410 2180 541 2234 dum
572 2221 587 2248 ,
619 2189 815 2252 etquae
881 2196 1160 2236 sacrorum
1207 2197 1484 2238 canonum
1541 2185 1653 2239 sint
1711 2185 2030 2241 adhibenda

413 2270 672 2341 capitula.

485 2357 689 2412 Scribit
717 2358 786 2413 ad
833 2361 1088 2414 eumdem
1146 2367 1199 2414 et
1261 2360 1369 2416 alia
1443 2364 1717 2434 quaedam.
1777 2365 2033 2438 Rageno-

414 2451 527 2507 lino
580 2451 1026 2525 Noviomagensi,
1081 2470 1177 2524 pro
1244 2457 1485 2528 quodam
1549 2457 1871 2528 presbytero
1938 2459 2032 2530 qui

413 2543 464 2597 ei
493 2544 700 2599 litteras
732 2544 800 2598 ab
850 2545 1088 2601 Adriano
1129 2564 1273 2619 papa
1325 2550 1599 2604 detulerat
1650 2550 1779 2618 (15),
1839 2551 2034 2620 praeci-

414 2633 632 2702 pientes
672 2641 732 2688 ut
787 2633 833 2686 si
864 2634 1162 2705 episcopus
1195 2637 1343 2690 idem
1385 2638 1532 2708 quod
1594 2638 1799 2707 injuste
1858 2637 2032 2693 fuerat

410 2732 591 2780 actum
633 2726 780 2781 circa
826 2728 1084 2782 eumdem
1155 2728 1540 2798 presbyterum
1591 2730 1868 2802 corrigere
1925 2729 2032 2783 dif-

413 2812 597 2880 ferret,
669 2822 793 2883 post
847 2815 1077 2882 primam
1129 2823 1183 2868 et
1253 2815 1554 2869 secundam
1599 2816 2031 2871 admonitionem

417 2905 656 2959 domnus
739 2904 1063 2959 Hincmarus
1135 2905 1283 2960 hunc
1359 2906 1683 2977 Ragelinum
1768 2911 2034 2965 canonica

415 3012 592 3067 usque
647 2995 717 3050 ad
792 2994 1222 3051 satisfactionem
1284 2999 1614 3068 percelleret
1691 3002 2032 3057 auctoritate.

417 3086 574 3140 Unde
603 3091 659 3139 et
689 3085 885 3138 litteris
937 3102 1061 3139 eum
1119 3095 1330 3156 monet,
1366 3095 1426 3143 ut
1472 3088 1644 3157 jussis
1691 3090 2037 3162 obtemperet

416 3193 593 3249 papae,
619 3182 675 3232 et
696 3192 867 3248 quare
909 3177 990 3231 vel
1017 3177 1144 3249 ipsi,
1175 3178 1262 3233 vel
1296 3179 1418 3234 aliis
1456 3181 1786 3251 quibusdam
1813 3183 2035 3254 episco-

2129 1295 2230 1350 pos
2262 1278 2505 1332 Odonem
2562 1285 2616 1330 et
2673 1275 3022 1336 Rothadum;
3075 1273 3204 1326 item
3260 1285 3358 1341 pro
3397 1267 3746 1324 ordinatione

2129 1367 2354 1422 Arnoldi
2383 1365 2657 1420 Tullensis
2679 1363 2950 1434 epiSCOpi,
3002 1368 3061 1416 ut
3100 1370 3189 1415 eat
3242 1359 3460 1414 obviam
3504 1371 3602 1426 pro
3643 1355 3748 1408 hoc

2133 1457 2401 1511 Adventio
2432 1453 2894 1509 etBerardoidem
2913 1451 3251 1522 petentibus,
3279 1448 3344 1501 ad
3361 1446 3611 1501 eamdem
3637 1444 3748 1496 sci-

2135 1547 2265 1602 licet
2311 1545 2719 1602 ordinationem
2771 1541 3161 1598 celebrandam
3202 1539 3259 1592 in
3313 1551 3454 1610 pago
3494 1533 3747 1598 Metensi,

2128 1635 2436 1692 secundum
2473 1635 2621 1708 regis
2643 1633 2955 1703 jussionem
2993 1649 3007 1697 ;
3062 1630 3214 1693 item,
3269 1643 3394 1682 cum
3435 1625 3642 1688 Odone,
3686 1628 3750 1675 ut

2129 1725 2427 1797 loquantur
2456 1723 2620 1777 simul
2661 1722 2810 1793 apud
2833 1736 3040 1795 regem,
3059 1734 3157 1790 pro
3185 1716 3400 1788 synodo
3417 1711 3746 1785 provinciali

2129 1813 2486 1869 convocanda
2519 1813 2711 1878 ;item,
2740 1809 3052 1866 consulenti
3095 1807 3140 1862 si
3193 1807 3260 1860 de
3309 1804 3601 1867 monacho,
3649 1815 3751 1854 ne-

2131 1903 2387 1958 cessitate
2425 1897 3338 1976 cogente,valeatarchidiaconum
3359 1893 3696 1949 constituere
3734 1905 3748 1955 ;

2133 1996 2285 2063 item,
2316 2010 2413 2066 pro
2447 1994 2684 2065 quodam
2721 1991 2943 2047 homine
2969 2005 3070 2045 suo
3093 1989 3160 2043 ab
3209 1988 3328 2058 ipso
3367 1981 3753 2040 excommuni-

2130 2097 2272 2156 cato,
2327 2104 2492 2159 quem
2543 2085 2675 2157 quia
2707 2082 3164 2139 irrationabiliter
3217 2079 3468 2134 audierat
3497 2076 3750 2147 ligatum,

2131 2187 2322 2236 monet
2353 2179 2650 2252 diligenter
2677 2175 2887 2231 absolvi
2917 2192 2930 2240 ;
2965 2173 3113 2228 item.
3149 2187 3249 2242 pro
3272 2169 3486 2241 synodo
3516 2165 3753 2222 Joannis

2134 2289 2290 2345 papa:
2323 2273 2497 2344 [Joa-rt.
2538 2269 2653 2340 vni]
2689 2269 2895 2324 domno
2956 2266 3248 2320 Hincmaro
3309 2263 3378 2316 ab
3418 2261 3754 2331 imperatore

2136 2365 2329 2420 Karolo
2362 2363 2550 2428 missa,
2570 2377 2733 2434 quam
2777 2360 2921 2413 idem
2947 2357 3274 2412 Villebertus
3305 2353 3750 2422 transcripserat.

2132 2456 2410 2526 Jubetque
2437 2459 2498 2507 ut
2535 2451 2603 2506 ad
2627 2449 2841 2504 vicinos
2879 2447 2986 2502 sibi
3025 2446 3322 2516 episcolaos
3349 2441 3647 2496 Berardum
3698 2446 3754 2492 et

2134 2543 2437 2598 Arnoldum
2479 2539 2732 2595 eamdem
2767 2535 3119 2600 transmittat,
3155 2543 3260 2588 etc.

2205 2635 2312 2690 Sed
2351 2641 2405 2688 et
2431 2633 2538 2688 alia
2567 2630 2818 2703 quazdam
2878 2627 3068 2682 scribit
3125 2625 3308 2681 eidem
3342 2642 3357 2689 ;
3425 2619 3755 2676 Hildebaldo

2134 2727 2641 2795 Suessonensi,pro
2655 2724 2892 2794 quadam
2927 2719 3182 2785 ecclesia,
3214 2718 3283 2772 de
3332 2732 3440 2787 qua
3466 2713 3753 2770 contentio

2136 2818 2447 2894 agitabatur
2469 2818 2614 2870 inter
2643 2815 2823 2884 ipsum
2849 2819 2903 2865 et
2934 2811 3180 2866 Odonem
3213 2809 3606 2861 Belvacensem
3625 2804 3754 2874 epi-

2113 2927 2384 2981 scopum,
2415 2925 2580 2981 quam
2613 2923 2710 2961 rex
2741 2904 2950 2959 destrui
2985 2901 3342 2974 praecipiebat
3371 2919 3385 2966 ;
3442 2901 3597 2966 item,
3657 2913 3761 2968 pro

2135 3002 2401 3057 ministris
2441 2996 2766 3054 Orbacensis
2812 2993 3132 3049 monasterii
3191 2989 3537 3053 ordinandis,
3575 2996 3629 3041 et
3689 2989 3761 3042 de

2137 3090 2471 3164 quibusdam
2505 3087 2790 3154 fratribus,
2823 3086 2915 3159 qui
2945 3086 3012 3139 ab
3047 3084 3244 3139 eodem
3279 3080 3765 3137 monasterioirra-

2137 3179 2484 3236 tionabiliter
2520 3177 2791 3242 exierant,
2825 3174 3143 3245 reversique
3177 3181 3369 3243 postea
3402 3169 3606 3238 recepti
3632 3167 3761 3222 fue-

414 3269 502 3340 pis
524 3267 657 3323 talia
694 3268 886 3323 venire
906 3267 1149 3322 solerent
1171 3267 1238 3321 ab
1265 3269 1566 3339 apostolica
1587 3271 1722 3325 sede
1753 3273 2033 3341 mandata,
2059 3281 2108 3350 C
2139 3279 2260 3328 rant
2286 3290 2299 3338 ;
2322 3272 2473 3338 item,
2505 3284 2603 3340 pro
2636 3268 2970 3340 quibusdam
2995 3264 3335 3336 presbyteris
3375 3278 3439 3316 ex
3470 3268 3764 3316 monaste-

415 3361 660 3416 declarat
692 3376 706 3414 :
748 3359 879 3431 quia
907 3359 1119 3414 scilicet
1142 3360 1195 3414 in
1245 3361 1563 3428 judicandis
1595 3363 1835 3420 subditis
1873 3381 2035 3440 regu-

418 3452 588 3506 larem
612 3466 723 3505 non
755 3456 1058 3520 sequantur
1086 3451 1359 3505 tramitem
1392 3451 1762 3520 discretionis,
1801 3466 1855 3510 et
1894 3472 2037 3526 quo-

419 3541 568 3594 niam
589 3539 658 3594 ad
688 3539 1070 3593 auctoritatem
1110 3540 1590 3610 metropolitanam
1641 3543 2037 3614 intermgando

421 3636 586 3699 atque
617 3626 937 3682 obediendo
956 3643 1240 3682 recurrere
1269 3628 1587 3703 negligant;
1612 3631 1762 3696 item,
1788 3647 1886 3702 pro
1913 3633 2040 3687 visi-

421 3717 631 3772 tatione
662 3715 992 3770 Morinensis
1029 3715 1287 3771 Ecclesiae
1329 3725 1452 3788 post
1516 3718 1728 3773 obitum
1787 3721 2035 3775 Hunfridi

421 3805 694 3878 episcOpi,
730 3805 887 3872 juxta
913 3805 1336 3874 dispositionem
1370 3807 1516 3881 regis
1547 3825 1560 3861 :
1594 3808 1748 3875 item,
1801 3824 1899 3879 pro
1931 3811 2043 3864 Ro-

421 3894 588 3949 thado
617 3893 856 3964 quodam
897 3893 1071 3964 ipsius
1100 3894 1349 3965 episCOpi
1367 3897 1567 3964 amico,
1611 3898 1706 3969 qui
1752 3914 1873 3963 sua,
1920 3914 2042 3970 quae

420 3983 567 4037 illius
597 3982 946 4037 commiserat
971 3980 1123 4048 ﬁdei,
1159 3999 1221 4037 se
1268 3982 1457 4038 fraude
1489 3985 1801 4054 perdidisse
1843 4003 2038 4058 quere-

421 4075 617 4140 batur;
659 4073 955 4129 consilium
987 4073 1126 4128 dans
1151 4075 1284 4145 quid
1317 4076 1449 4132 inde
1477 4076 1703 4144 faceret,
1730 4095 1800 4134 ne
1831 4081 1900 4133 ad
1940 4097 2039 4150 sy-

423 4163 679 4219 nodalem
710 4164 1040 4217 sententiam
1078 4167 1408 4234 perveniret.
1431 4168 1730 4223 Villeberto
1767 4170 1883 4240 [ms.
1911 4171 2038 4224 Gui-

425 4253 658 4323 loberto]
713 4252 1098 4312 Catalaunensi
1134 4256 1389 4311 rescribit
1435 4258 1504 4311 ad
1553 4258 1730 4328 ipsius
1785 4262 2042 4315 consulta

425 4361 526 4417 pro
549 4345 818 4419 Gangulfo
851 4347 1075 4414 comite,
1123 4355 1183 4402 ut
1228 4349 1298 4402 de
1339 4349 1425 4403 his
1455 4365 1576 4420 quae
1611 4358 1801 4406 contra
1824 4367 1948 4406 eum
1977 4368 2035 4407 se

425 4435 622 4489 fecisse
654 4434 738 4488 vel
758 4434 996 4507 negabat
1025 4436 1300 4506 quaedam,
1331 4437 1415 4491 vel
1434 4436 1803 4493 conﬁtebatur
1829 4439 2036 4510 aliqua,

2138 3369 2220 3423 rio
2248 3365 2423 3422 sancti
2446 3363 2708 3434 Crispini,
2743 3363 2812 3417 de
2831 3361 3034 3434 quibus
3060 3359 3299 3414 domnus
3319 3357 3564 3411 Joannes
3609 3367 3763 3422 papa

2139 3458 2320 3512 eidem
2355 3455 2560 3510 domno
2602 3453 2894 3506 Hincmaro
2939 3448 3258 3518 scripserat,
3318 3451 3374 3498 et
3421 3443 3489 3496 de
3545 3439 3761 3510 quibus

2140 3543 2440 3599 difﬁnitum
2470 3542 2667 3607 fuerat,
2706 3548 2765 3594 ut
2791 3547 2941 3594 extra
2970 3537 3211 3592 claustra
3273 3528 3596 3587 monasterii
3641 3541 3762 3581 non

2141 3639 2455 3705 pergerent,
2497 3638 2553 3685 et
2581 3629 2775 3705 eadem
2807 3641 3046 3682 censura
3077 3624 3158 3679 eis
3201 3628 3432 3693 paterne
3473 3627 3767 3686 tempere-

2145 3704 2272 3789 tur;
2305 3724 2458 3787 item,
2494 3736 2590 3792 pro
2633 3704 2983 3775 ordinatione
3025 3714 3317 3770 Hadeberti
3375 3710 3764 3782 episcOpatum

2143 3809 2580 3867 Silvanectensis
2607 3807 2901 3870 Ecclesia;
2965 3805 3116 3870 item,
3180 3817 3278 3873 pro
3337 3798 3538 3853 litteris
3587 3796 3767 3849 Joan-

2145 3904 2230 3958 nis
2255 3918 2411 3973 papa'.
2444 3917 2474 3954 a
2527 3899 2765 3971 quodam
2827 3895 3120 3951 criminato
3177 3892 3501 3963 presbytero
3531 3886 3761 3952 delatis,

2144 4010 2280 4065 quas
2305 4009 2336 4047 a
2365 3992 2536 4046 sacris
2567 3990 2880 4045 canonibus
2925 3995 2979 4042 et
3031 3995 3342 4041 sanctorum
3385 3979 3621 4035 decretis
3655 3977 3767 4031 Pa-

2145 4094 2286 4140 trum
2329 4081 2619 4138 manifeste
2660 4081 2980 4135 discordare
3032 4084 3448 4138 commemorat,
3506 4069 3657 4125 unde
3700 4080 3763 4124 et

2142 4173 2379 4244 qualiter
2407 4171 2682 4244 agendum
2715 4170 2806 4235 sit,
2835 4168 2968 4222 utile
3002 4166 3096 4221 dat
3125 4165 3417 4221 consilium
3453 4179 3466 4226 ;
3518 4161 3673 4224 item,
3698 4169 3766 4213 ut

2141 4277 2325 4316 secum
2357 4260 2522 4315 simul
2554 4259 2622 4313 ad
2651 4257 3001 4329 praesentiam
3022 4255 3250 4311 Joannis
3292 4267 3447 4323 papae
3477 4255 3765 4322 pergeret,

2137 4352 2232 4424 qui
2257 4352 2452 4406 Trecas
2482 4366 2583 4422 pro
2607 4349 2939 4421 quibusdam
2995 4348 3176 4403 causis
3213 4341 3558 4400 difﬁniendis
3597 4339 3767 4393 adve-

2140 4451 2336 4511 nerat;
2373 4444 2526 4509 item,
2559 4457 2658 4512 pro
2690 4441 3085 4496 constitutione
3123 4454 3335 4512 regum,
3371 4433 3614 4488 ﬁliorum
3648 4430 3760 4484 Lu-

420 4525 573 4624 juxta
598 4531 934 4624 praeceptum
967 4525 1336 4624 appstolicum
1367 4526 1566 4624 leniter
1604 4535 1813 4600 ageret,
1845 4535 2037 4599 quate-
2056 4557 2109 4624 Ο
2142 4534 2346 4601 dovici,
2380 4533 2529 4588 unde
2560 4531 2958 4586 mandaverant
2994 4529 3046 4583 ei
3078 4527 3350 4598 episcopi,
3403 4526 3653 4588 abbates,
3708 4534 3766 4580 et

427 4615 604 4668 nusin
620 4616 725 4670 hoc
762 4617 940 4688 legem
999 4615 1218 4683 Christi,
1257 4619 1578 4673 charitatem
1612 4619 1809 4684 silicet,
1868 4618 2040 4672 adim-

425 4700 600 4770 pleret
621 4701 763 4768 (Gal.
792 4706 886 4773 γι),
916 4711 970 4759 et
999 4705 1068 4760 ad
1107 4705 1545 4762 satisfactionem
1571 4707 2042 4778 dilectionemque

424 4792 510 4846 sui
541 4801 822 4864 utcunque
852 4805 1062 4865 posset,
1113 4805 1166 4852 et
1190 4799 1461 4854 industria
1489 4800 1743 4854 eumdem
1783 4799 2039 4854 comitem

425 4902 752 4957 provocans,
811 4890 888 4943 illi
931 4907 1086 4945 suam
1128 4892 1438 4947 clarescere
1482 4892 1881 4966 benignitatem
1918 4908 2043 4962 per-

426 4979 683 5034 mitteret.
721 4983 932 5036 Decens
957 4983 1103 5037 enim
1137 4999 1283 5046 esse,
1315 4991 1373 5038 ut
1402 4985 1700 5055 primordia
1732 4986 1813 5039 sui
1859 5001 2046 5040 sacer-

426 5069 562 5124 dotii
584 5070 881 5126 devotione
903 5080 1070 5143 atque
1103 5073 1400 5129 dilectione
1441 5075 1878 5130 commendaret.
1910 5077 2044 5129 Item

427 5176 527 5230 pro
559 5162 794 5233 quodam
831 5163 1157 5234 presbytero
1181 5173 1610 5239 transgressore,
1647 5173 1705 5220 ut
1734 5168 2044 5222 secundum

428 5249 575 5306 beati
607 5253 855 5327 Gregorii
894 5256 1126 5323 monita,
1177 5258 1244 5312 de
1275 5258 1450 5330 ipsius
1477 5258 1826 5314 absolutione
1856 5259 2040 5325 faciat,

423 5343 577 5409 juxta
616 5347 991 5415 pr0pheticam
1043 5350 1112 5404 de
1167 5350 1520 5406 confessione
1580 5352 1924 5421 pmnitentis,
1992 5360 2046 5408 et

430 5434 789 5501 apostolicam
823 5436 891 5490 de
908 5438 1120 5505 judicio
1151 5449 1206 5494 et
1260 5440 1638 5496 misericordia
1665 5442 1995 5497 sententiam
2031 5460 2046 5508 ;

435 5523 781 5591 praemissum
809 5543 940 5583 vero
978 5531 1258 5599 comitem,
1287 5548 1451 5603 quem
1507 5533 1910 5605 significaverat
1935 5534 2046 5606 jam

436 5613 504 5710 de
535 5615 697 5710 culpa
723 5633 903 5710 ex
933 5621 1147 5696 integro
1187 5640 1246 5680 se
1287 5641 1715 5699 recognoscere,
1763 5627 1935 5696 patris
1982 5627 2048 5682 il-

356 5715 373 5730 ι
435 5699 563 5786 lius,
597 5703 690 5774 qui
721 5701 892 5760 ﬁlium
924 5710 1212 5784 prodigum
1269 5713 1424 5768 lzetus
1463 5715 1675 5785 recepit
1727 5716 1873 5784 (Luc.
1934 5715 2047 5786 xv),

433 5785 831 5864 benignitatem
862 5809 1124 5865 sequens,
1157 5798 1398 5873 benigne
1424 5802 1716 5872 suscipiat,
1748 5808 1802 5856 et
1831 5803 2051 5858 viceco—

507 5891 551 5960 (1
565 5892 620 5960 ὕ)
663 5891 787 5946 Haec
820 5893 1040 5948 Adriani
1070 5897 1304 5964 epistola
1329 5914 1442 5956 non
1474 5907 1672 5956 exstat.

2143 4631 2391 4693 comites,
2422 4630 2514 4700 qui
2548 4644 2672 4684 cum
2703 4627 2842 4698 ipsis
2869 4632 3044 4688 erant,
3079 4633 3138 4679 ut
3195 4623 3262 4677 ad
3317 4637 3413 4677 eos
3454 4621 3664 4675 litteras
3707 4626 3765 4674 et

2143 4718 2372 4772 missum
2429 4732 2589 4770 suum
2619 4714 2907 4788 dirigeret,
2949 4712 3098 4783 quod
3157 4718 3210 4765 et
3264 4709 3414 4776 fecit,
3483 4709 3762 4762 mandans

2144 4811 2274 4864 huic
2303 4808 2592 4880 episcOpo,
2621 4813 2678 4861 ut
2705 4807 2772 4860 ad
2796 4821 2893 4860 eos
2924 4801 3304 4875 proﬁciscens,
3338 4816 3460 4872 quae
3506 4801 3618 4853 Deo
3674 4799 3764 4852 in-

2147 4901 2396 4972 spirante
2421 4897 2755 4962 invenerint,
2773 4894 3332 4952 votisetorationibus
3368 4898 3763 4963 prosequatur;

2147 4991 2301 5058 item,
2335 5003 2457 5044 cum
2488 4987 2750 5053 Waltero,
2774 4986 3080 5040 Gisleberto
3114 4991 3166 5038 et
3210 4981 3479 5056 Angelino
3543 4981 3765 5050 episco-

2147 5080 2253 5150 pis,
2286 5087 2346 5132 ut
2375 5077 2736 5133 convenirent
2765 5091 2952 5129 secum
2985 5074 3052 5128 ad
3065 5071 3439 5144 peragendam
3450 5069 3763 5138 jussionem

2147 5167 2924 5241 praefatipapaeJoannisiuter
2961 5164 3326 5221 Hedenulfum
3347 5162 3765 5217 etliincmarum

2147 5263 2544 5318 Laudunenses
2565 5262 2880 5332 episcopos,
2915 5276 3039 5315 cum
3071 5274 3352 5313 sacrorum
3383 5254 3769 5311 observatione

2149 5371 2420 5411 canonum
2453 5373 2467 5422 ;
2520 5355 2673 5418 item,
2707 5353 3130 5409 exhortatoriam
3164 5351 3233 5406 ad
3285 5347 3542 5404 eumdem
3579 5347 3767 5401 Hilde-

2151 5445 2374 5500 baldum
2396 5459 2662 5515 corporea
2689 5442 3011 5497 inﬁrmitate
3044 5441 3354 5504 detentum,
3391 5438 3444 5491 in
3477 5452 3587 5507 qua
3611 5436 3770 5504 juxta

2153 5533 2478 5604 petitionem
2512 5533 2815 5587 litterarum
2866 5528 3232 5586 confessionis
3290 5526 3476 5590 illius,
3531 5525 3768 5578 absolvit

2150 5638 2277 5677 eum
2309 5621 2747 5687 reconciliando,
2778 5620 2906 5674 licet
2937 5635 3037 5690 per
3058 5615 3368 5672 absentiam
3400 5613 3767 5684 corporalem,

2151 5720 2206 5768 et
2225 5713 2332 5767 alia
2360 5713 2630 5768 nonnulla
2659 5711 2848 5768 scribit
2877 5710 2946 5764 ad
2977 5709 3182 5780 ipsum.
3215 5705 3396 5761 Atulfo
3442 5705 3500 5776 [i,
3531 5703 3769 5766 Octulto.

2151 5809 2201 5859 et
2222 5805 2396 5875 infra]
2417 5805 2764 5868 Trecassino,
2825 5803 2896 5857 de
2943 5800 3202 5872 reliquiis
3255 5806 3596 5858 sanctorum,
3639 5813 3773 5868 quas
