3912 6440
177 401 288 455 229

823 403 1149 461 HISTOIIUE
1189 406 1518 462 ECCLESI/E
1557 405 1887 463 REMENSIS
1929 411 2106 470 LIBRI
2148 417 2476 482 QUATUOR.
2519 454 2590 465 —
2629 423 2756 481 LIB.
2802 429 2894 484 III.

3423 443 3529 499 230

177 553 270 608 ille
301 554 736 629 signiﬁcaverat,
760 560 999 614 ostcnsis
1021 562 1385 632 mirabilibus,
1414 580 1474 619 se
1507 581 1800 636 reperisse,
1827 550 1880 617 A
1903 554 2290 648 ῑῐξῆηειηίεθνίῑ,
2332 573 2567 615 monens
2616 572 2677 617 υῐ
2715 573 2866 634 Dem
2905 582 3084 642 reges»
3145 581 3200 626 ει
3241 572 3524 648 nugonem

178 643 418 713 qualiter
454 644 679 698 easdem
709 645 986 717 disponat,
1035 659 1089 704 et
1120 651 1186 705 de
1217 652 1450 706 ecclesia
1494 654 1669 708 sancti
1701 655 1804 709 Pe-

181 736 266 800 tri,
303 752 466 806 quam
510 745 789 792 restrucre
846 742 1134 809 tractabat,
1192 744 1428 814 qualiter
1458 753 1684 819 ageret;
1741 763 1804 801 ac

177 827 244 881 de
293 826 631 894 inﬁrmitate,
668 831 753 885 vel
804 833 1064 888 evasione
1095 851 1213 900 sua,
1247 844 1301 890 et
1351 845 1590 903 caetera;
1647 839 1799 906 item,

178 919 245 974 de
271 921 418 976 villis
448 923 694 978 Boletico
741 931 796 978 et
824 925 984 998 Fago,
1024 943 1146 998 quae
1187 929 1404 984 debitas
1442 932 1800 1001 presbyteris,

177 1011 424 1068 decimas
441 1016 770 1070 recusabant
797 1018 949 1083 dare,
975 1019 1106 1090 quid
1139 1028 1285 1075 esset
1308 1023 1584 1096 agendum
1607 1041 1620 1085 ;
1646 1024 1799 1092 item,

179 1119 277 1173 pro
320 1107 596 1160 mandatis
654 1123 814 1178 papae
851 1109 1081 1164 Joannis
1137 1111 1205 1164 de
1238 1111 1528 1169 Hincmaro
1575 1115 1798 1169 Laudu-

177 1193 337 1247 nensi
393 1194 458 1248 ad
490 1197 749 1250 eumdem
805 1197 1043 1252 Atulfum
1099 1200 1167 1253 ab
1207 1201 1329 1271 ipso
1369 1218 1509 1273 papa
1565 1203 1797 1269 directo,

175 1281 309 1351 quid
340 1282 420 1336 illi
461 1285 531 1337 sit
561 1284 989 1340 observandum.
1023 1287 1239 1343 Waloni
1293 1290 1626 1346 Metensium
1659 1309 1800 1362 prae-

174 1374 303 1440 suli,
337 1377 403 1429 ad
440 1375 651 1431 litteras
681 1395 818 1448 quas
876 1380 953 1434 illi
986 1381 1262 1438 direxerat
1315 1401 1412 1455 pro
1453 1386 1800 1441 documentis

172 1463 298 1518 vitae
345 1466 653 1534 pastoralis.
689 1475 744 1522 et
798 1469 1272 1528 confoederatione
1301 1473 1556 1528 fraterna:
1599 1475 1798 1529 unani-

170 1552 400 1620 mitatis,
433 1564 599 1625 atque
647 1556 716 1610 de
743 1559 1034 1628 repentina
1090 1561 1264 1631 ipsius
1315 1565 1694 1634 provectione,
1740 1573 1799 1620 ut

170 1641 559 1697 confortabilia
580 1645 686 1698 sibi
718 1646 885 1700 verba
911 1650 1260 1704 remandaret
1291 1654 1606 1722 expetenti;
1640 1654 1794 1719 item,

169 1749 269 1803 pro
309 1735 550 1805 quodam
599 1738 963 1809 presbytero,
1022 1743 1110 1797 cui
1171 1744 1409 1800 domnus
1478 1747 1800 1802 Hincmarus

1906 642 2186 714 abbatem,
2219 658 2279 702 ut
2301 654 2629 720 quantocius
2654 655 2760 709 sibi
2794 657 2990 713 litterze
3030 676 3059 714 a
3094 642 3529 739 regibusvsuper

1907 732 2009 787 hac
2039 750 2204 790 causa
2243 739 2552 806 mittantur,
2586 744 2718 814 quia
2760 746 2878 816 ipsa
2922 732 3184 804 Ecclesia.
3208 752 3326 808 sine
3359 732 3530 810 detri-

1905 834 2092 882 mento
2132 829 2225 883 diu
2271 847 2464 888 vacare
2517 845 2742 904 pastore
2783 854 2893 893 non
2935 848 3190 910 poterat;
3225 844 3375 912 item,
3428 865 3528 918 pro

1905 920 2098 975 eadem
2129 938 2209 987 re,
2233 932 2285 979 et
2305 925 2427 979 aliis
2459 928 2809 999 quibusdam.
2845 933 3176 995 Adalberno.
3208 953 3308 1008 pro
3338 940 3530 996 visita-

1905 1009 2054 1064 tione
2086 1011 2324 1081 praefata!
2353 1015 2713 1073 Tornacensis
2755 1020 3031 1088 Ecclesiae,
3061 1033 3121 1078 ut
3150 1026 3330 1080 eidem
3367 1045 3523 1084 suam

1903 1101 2272 1160 visitationem
2319 1109 2551 1164 solerter
2598 1111 2906 1182 impendat,
2957 1123 3012 1170 et
3055 1115 3377 1188 frequenter
3407 1122 3524 1177 ele-

1903 1187 2366 1250 ctionis'formam
2407 1199 2554 1254 clero
2599 1201 2862 1274 plebique
2893 1205 3121 1278 relegat,
3163 1218 3216 1262 et
3259 1209 3520 1281 inculcet,

1901 1296 1972 1334 ne
1997 1297 2095 1350 per
2142 1283 2504 1355 ignorantiam
2552 1289 2621 1342 ab
2665 1291 2856 1345 eadem
2891 1291 3065 1347 forma
3113 1295 3167 1348 in
3199 1296 3386 1368 aliquo
3417 1301 3518 1355 de-

1901 1372 2052 1426 vient
2085 1389 2100 1440 ;
2136 1375 2288 1444 item,
2322 1395 2419 1448 pro
2449 1380 2719 1436 electione
2760 1385 2996 1453 pastoris
3026 1387 3198 1456 ipsius
3237 1389 3516 1461 Ecclesiae,

1901 1471 1956 1518 et
1973 1466 2102 1535 quia
2121 1468 2277 1522 multi
2309 1469 2644 1540 laborarent,
2676 1483 2735 1528 ut
2757 1490 2864 1529 non
2899 1493 2998 1546 per
3014 1478 3216 1532 ostium
3249 1480 3518 1539 intrarent

1900 1561 2073 1625 (Joan.
2119 1564 2189 1629 x),
2225 1579 2336 1618 non
2365 1564 2646 1633 timentes,
2681 1585 2861 1640 neque
2895 1574 3333 1630 vcrecundantes
3366 1576 3514 1632 fures

1901 1645 2020 1702 fieri
2052 1657 2106 1704 et
2138 1651 2400 1722 latrones,
2439 1663 2493 1710 et
2523 1657 2652 1726 quia
2687 1659 3034 1714 mandandus
3065 1663 3137 1716 sit
3172 1664 3240 1716 ad
3273 1681 3516 1734 praesen-

1901 1737 2032 1791 tiam
2062 1755 2273 1813 regum,
2307 1758 2415 1813 quo
2445 1761 2567 1798 cum
2601 1749 2903 1816 perrexerit
2933 1750 3190 1821 loquatur
3217 1769 3424 1822 secum,
3457 1763 3518 1812 ut

167 1825 438 1894 quasdam
470 1841 558 1879 res
605 1826 896 1884 Remensis
929 1830 1184 1886 Ecclesia;
1217 1835 1573 1904 conjacenles
1605 1837 1661 1890 in
1694 1837 1795 1891 Vo-
1825 1871 1874 1939 Β
1901 1830 3062 1913 qualiterhincdeczeterosibisitagendum
3081 1843 3516 1902 simulconside-

164 1931 302 1990 sago
335 1918 710 1985 commiserat,
743 1922 839 1993 qui
880 1939 973 1978 eas
1002 1926 1145 1980 male
1177 1934 1520 1994 tractaverat,
1570 1938 1624 1982 et
1655 1943 1797 1983 non-

165 2008 320 2061 nulla
353 2019 634 2066 contracta
682 2012 898 2069 fuerant
927 2032 992 2071 ex
1023 2018 1233 2072 eisdem
1266 2020 1437 2074 rebus
1465 2021 1519 2075 in
1555 2028 1796 2091 potesta-

163 2105 276 2153 tem
307 2100 570 2157 Metensis
599 2105 850 2161 ecclesiae
883 2124 897 2172 ;
948 2107 1103 2175 item,
1133 2126 1233 2180 pro
1265 2112 1521 2179 consilio,
1550 2114 1697 2184 quod
1725 2116 1794 2169 ab

159 2206 228 2246 eo
263 2193 520 2262 petierat,
553 2196 623 2250 de
654 2199 1010 2255 contentione
1041 2204 1405 2272 quarumdam
1431 2221 1634 2272 rerum,
1667 2223 1790 2278 quae

151 2285 484 2340 versabatur
532 2287 675 2343 inter
703 2289 1001 2346 Metensem
1046 2303 1100 2348 et
1145 2294 1535 2350 Treverensem
1595 2297 1780 2354 Eccle-

149 2373 316 2440 siam,
353 2381 408 2429 et
434 2376 502 2430 de
529 2377 694 2446 pallio
723 2395 754 2433 a
782 2381 917 2436 sede
950 2381 1194 2437 Romana
1225 2385 1329 2438 sibi
1357 2386 1605 2452 obtento,
1639 2389 1788 2443 unde

149 2463 614 2536 archiepiscOpus
644 2467 819 2538 ipsius
847 2470 1054 2526 litteras
1079 2488 1236 2543 papae
1268 2475 1552 2545 suscipere
1577 2477 1784 2545 noluit;

148 2551 312 2618 item,
366 2569 466 2622 pro
497 2554 850 2611 ordinatione
901 2559 1261 2615 Virdunensis
1293 2563 1562 2636 episcopi,
1615 2583 1778 2637 quem

145 2650 276 2711 post
306 2645 516 2699 obitum
550 2647 775 2702 Berardi
820 2659 1012 2705 contra
1042 2653 1261 2724 regulas
1291 2655 1518 2724 provehi
1563 2673 1783 2729 compe—

146 2741 320 2800 rerat,
377 2735 522 2790 hanc
578 2738 866 2807 epistolam
927 2756 1082 2795 suam
1122 2743 1291 2797 sacris
1337 2744 1779 2802 institutionibus

145 2821 456 2892 instruens,
487 2832 542 2879 et
569 2826 808 2897 qualiter
847 2829 1211 2897 ordinandus,
1252 2831 1338 2886 vel
1371 2848 1481 2887 non
1513 2835 1780 2890 ordinan-

144 2913 253 2968 dus
284 2914 356 2970 sit
383 2916 699 2988 episc0pus,
744 2919 945 2974 divinis
988 2923 1408 2980 auctoritatibus
1448 2929 1775 2994 ostendens,

147 3013 205 3060 et
252 3006 360 3061 alia
410 3015 678 3078 praeterea
736 3013 1007 3082 quaedam.
1064 3015 1392 3081 Hedenulfo,
1428 3035 1591 3089 quem
1654 3029 1779 3092 post

147 3093 505 3150 Ilincmarum
557 3097 808 3153 Lauduni
875 3101 1228 3158 ordinaverat
1275 3106 1622 3177 episcOpum,
1678 3125 1777 3179 pro

1901 1929 2042 1988 rent,
2077 1931 2131 1978 et
2165 1933 2400 1990 caetera;
2436 1928 2584 1994 item,
2615 1946 2716 2000 pro
2746 1932 3092 2002 querimonia
3121 1942 3175 1989 et
3204 1939 3513 2005 proclama-

1897 2011 2049 2066 tione
2075 2013 2360 2081 cujusdam
2388 2017 2850 2088 presbyterifejus
2882 2022 3176 2091 parochiie,
3208 2027 3511 2082 ostendens

1896 2104 2133 2174 qualiter
2162 2106 2410 2178 epiSCOpi
2456 2111 2859 2166 rusticanarum
2902 2115 3288 2183 parochiarum
3323 2119 3510 2174 Eccle-

1894 2192 2003 2246 sias
2034 2193 2330 2264 disponere
2362 2197 2620 2265 debeant,
2661 2209 2716 2254 et
2754 2200 3064 2274 gubernare
3095 2220 3111 2255 :
3150 2221 3408 2273 monens,
3449 2216 3509 2263 ut

1892 2280 2037 2354 legat
2066 2283 2268 2352 saepius
2297 2285 2575 2340 homiliam
2607 2286 2754 2343 beati
2796 2289 3040 2364 Gregorii
3082 2307 3146 2345 ex
3179 2296 3504 2368 evangelio:

1891 2370 2204 2444 Designavit
2246 2373 2427 2441 Jesus,
2461 2383 2516 2430 et
2541 2376 2679 2431 alios
2718 2379 3068 2449 septuaginta
3097 2380 3258 2436 duos.
3302 2383 3509 2457 Regula

1889 2479 2111 2535 quoque
2138 2467 2430 2536 pastoralis
2461 2469 2713 2537 ejusdem
2756 2469 2903 2524 beati
2945 2471 3192 2545 Gregorii
3242 2475 3502 2542 (Gnaeos.

1883 2557 2023 2611 hom.
2077 2559 2141 2612 17
2208 2562 2266 2613 in
2303 2563 2568 2631 Evang.),
2623 2579 2746 2616 cum
2803 2563 2975 2618 sacris
3032 2566 3338 2621 canonibus
3396 2569 3506 2622 fre-

1883 2651 2150 2719 quentius
2185 2651 2476 2724 relegatur,
2510 2660 2564 2707 et
2585 2670 2707 2725 quae
2744 2655 2801 2725 [ἱ.
2833 2656 3070 2729 regulas,
3109 2665 3193 2712 etc
3225 2699 3237 2724 ,
3272 2659 3501 2732 relegat,

1881 2750 1941 2798 ut
1969 2745 2108 2816 qum]
2137 2745 2211 2799 ibi
2234 2748 2524 2817 sequenda
2541 2749 2817 2820 leguntur,
2840 2749 3071 2804 viriliter
3088 2763 3463 2823 exsequantur
3487 2772 3500 2808 :

1881 2845 1934 2893 et
1965 2856 2088 2911 quae
2109 2841 2354 2896 cavenda
2385 2842 2762 2907 inveniuntur,
2785 2843 3022 2898 sollicite
3052 2855 3371 2900 caveantur.
3397 2848 3506 2902 Ile-

1879 2927 2036 2983 tiloni
2074 2929 2165 3000 [αι.
2210 2930 2408 3001 Hedit.]
2445 2931 2892 3007 Noviomagensi,
2916 2941 2976 2987 ut
3004 2933 3060 2986 in
3093 2933 3426 3001 adjutorium
3451 2947 3507 2992 et

1880 3015 2203 3072 ﬁdelitatem
2247 3035 2462 3093 regum,
2513 3027 2569 3074 et
2599 3020 2965 3084 orationibus,
3023 3030 3078 3076 et
3136 3025 3336 3080 auxilio
3394 3043 3504 3098 quo

1880 3113 2122 3182 potuerit
2152 3121 2385 3187 satagat,
2409 3114 2730 3185 signiﬁcans
2755 3115 2809 3168 in
2841 3131 3041 3189 magna
3064 3133 3122 3171 se
3144 3119 3504 3176 tribulatione

144 3183 481 3254 quibusdam
524 3186 795 3256 diaconis,
828 3205 968 3260 quos
1018 3190 1069 3245 ei
1114 3192 1388 3266 dirigebat
1418 3194 1486 3248 ad
1517 3198 1776 3252 sacerdo-
1800 3192 1850 3260 C
1875 3206 2132 3261 vallatum
2165 3223 2195 3260 a
2235 3183 2487 3261 barbaris
2517 3223 2661 3273 esse,
2706 3215 2760 3263 et
2798 3183 3192 3279 quodvcaeteris
3241 3213 3502 3268 omnibus

146 3271 283 3327 tium
319 3275 712 3344 provehendos
741 3295 754 3342 ;
796 3278 950 3347 item,
985 3295 1086 3350 pro
1116 3281 1357 3353 quodam
1385 3283 1656 3354 orphano,
1685 3285 1771 3340 cui

143 3380 300 3419 suam
336 3365 600 3423 aﬁ‘erebat
633 3369 777 3424 idem
810 3372 1106 3443 episcopus
1138 3374 1537 3442 limreditatem,
1586 3385 1641 3430 et
1667 3377 1774 3432 alia

145 3454 426 3523 quaedam.
451 3456 695 3512 Arnoldo
728 3459 1012 3530 episcopo,
1042 3477 1142 3532 pro
1172 3463 1524 3534 quibusdam,
1555 3465 1648 3536 qui
1677 3468 1775 3524 ho-

143 3543 432 3598 micidium
492 3553 948 3616 perpetraverant
979 3550 1034 3603 in
1085 3551 1346 3607 Remensi
1406 3555 1687 3625 parochia,
1721 3563 1776 3610 et

143 3648 342 3703 pacem
385 3631 640 3688 obtinere
671 3651 782 3690 non
815 3637 1097 3706 valebant,
1149 3641 1249 3694 sed
1281 3643 1663 3711 ptenitentiam
1695 3644 1778 3700 fa-

140 3739 271 3778 cere
300 3726 643 3795 quzerebant,
678 3743 841 3798 quam
870 3729 928 3783 in
960 3731 1060 3786 hac
1086 3733 1348 3802 parochia
1377 3750 1489 3790 non
1519 3743 1778 3806 poterant

137 3832 332 3889 agere,
361 3817 495 3888 quid
526 3819 594 3874 de
639 3819 775 3890 ipsis
815 3821 1218 3878 observandum
1275 3824 1457 3894 foret;
1489 3828 1642 3894 item,
1675 3847 1774 3900 pro

135 3911 376 3966 consilio
433 3913 580 3982 quod
612 3915 847 3984 petierat
873 3915 978 3970 sibi
1019 3917 1140 3972 dari
1181 3935 1349 3990 super
1394 3922 1633 3978 adventu
1665 3925 1771 3979 Lu-

135 4002 318 4056 dovici
344 4002 834 4072 Transrhenensis,
859 4014 914 4061 et
941 4007 1076 4078 quid
1105 4009 1224 4080 ipse
1247 4011 1486 4068 domnus
1510 4013 1770 4070 Hincma-

129 4107 227 4146 rus
259 4091 445 4145 eidem
468 4093 596 4166 regi
625 4110 751 4148 eum
785 4095 852 4150 ad
881 4112 941 4151 se
981 4099 1170 4154 venire
1195 4100 1414 4168 jubenti
1450 4105 1769 4159 remandas—

132 4187 242 4233 set.
301 4180 568 4237 Franconi
607 4183 892 4255 episcOpo,
929 4201 1029 4256 pro
1079 4186 1276 4243 litteris
1305 4193 1764 4260 commonitoriis,

133 4289 280 4344 quas
306 4274 561 4342 jussione
594 4276 741 4350 regis
772 4277 1022 4333 mittebat
1054 4281 1270 4356 Hugoni
1297 4283 1646 4354 imperatoris
1676 4287 1771 4342 Lo-

137 4362 308 4416 tharii
363 4364 574 4433 nepoti,
607 4381 810 4438 rogans
866 4375 926 4422 ut
973 4375 1028 4423 et
1080 4369 1227 4424 idem
1279 4371 1488 4428 Franco
1541 4375 1768 4430 missum

135 4465 302 4504 suum
331 4451 496 4505 talem
525 4469 652 4507 cum
685 4455 853 4511 misso
884 4457 1060 4527 ipsius
1087 4459 1351 4528 mitteret,
1386 4463 1480 4533 qui
1513 4479 1637 4518 eum
1667 4465 1771 4519 sal-

1875 3294 2223 3366 deprzedatis,
2243 3301 2394 3350 tanta
2417 3295 2766 3366 quaerebatur
2787 3311 2885 3366 pro
2917 3297 3138 3352 civitate
3170 3299 3499 3371 redemptio,

1875 3398 2134 3458 quantam
2157 3389 2381 3458 explere
2404 3404 2515 3443 non
2548 3390 2756 3443 valeret
2785 3406 2799 3454 ;
2843 3389 2996 3456 item,
3026 3391 3156 3460 quia
3191 3391 3500 3448 Ludovicus

1875 3491 1968 3530 rex
2008 3475 2313 3530 Germaniee
2369 3477 2726 3530 mandaverat
2757 3476 2858 3543 illi,
2911 3485 2971 3531 ut
3022 3477 3124 3533 iret
3168 3479 3217 3533 ei
3259 3481 3500 3551 obviam,

1879 3571 2027 3641 quod
2084 3579 2266 3625 tamen
2325 3586 2435 3626 non
2491 3581 2641 3626 esset
2680 3579 2903 3626 acturus
2953 3573 3008 3626 in
3048 3574 3211 3646 cippo
3275 3577 3503 3632 inﬁrmi-

1875 3660 2003 3714 tatis
2033 3660 2313 3727 detentus,
2350 3661 2619 3714 mandans
2650 3661 2778 3715 huic
2806 3661 3095 3732 episcopo,
3128 3672 3188 3718 ut
3215 3671 3270 3718 et
3292 3681 3392 3735 per
3420 3683 3502 3733 se,

1877 3758 1932 3804 et
1961 3767 2060 3821 per
2086 3750 2191 3804 sibi
2225 3751 2550 3806 commissos
2579 3750 2842 3821 precibus
2871 3751 3115 3818 insistat,
3149 3770 3248 3824 pro
3278 3771 3412 3825 pace
3445 3766 3499 3812 et

1877 3844 2202 3900 defensione
2254 3845 2537 3913 Ecclesia},
2575 3853 2631 3899 et
2669 3845 2716 3898 si
2767 3845 2975 3915 aliquid
3022 3846 3270 3903 utilitatis
3316 3857 3502 3905 contra

1877 3951 2120 4008 paganos
2148 3934 2330 3990 facere
2360 3935 2620 4007 potuerit,
2653 3942 2779 4008 agat
2819 3949 2943 3989 cum
2977 3934 3314 4004 primoribus
3346 3941 3500 4013 regni

1875 4040 2139 4100 quantum
2170 4030 2428 4086 valuerit.

1942 4127 2015 4181 De
2046 4126 2288 4181 incensis
2345 4141 2567 4198 quoque
2605 4125 2980 4193 monasteriis,
3014 4127 3161 4197 quod
3197 4127 3288 4181 ille
3337 4145 3493 4184 man-

1873 4218 2115 4284 daverat,
2143 4233 2202 4271 se
2232 4218 2441 4283 dolere,
2477 4223 2530 4270 et
2559 4216 2627 4271 de
2659 4216 2746 4270 his
2779 4233 2900 4288 quae
2944 4217 3179 4271 necdum
3212 4225 3370 4273 erant
3405 4219 3494 4273 in-

1873 4328 2038 4368 censa
2065 4312 2199 4366 satis
2229 4311 2547 4368 formidare.
2596 4312 2933 4383 Sigemundo
2984 4311 3270 4382 episcopo,
3299 4313 3367 4367 de
3409 4331 3498 4369 rc-

1872 4400 2258 4457 conciliatione
2298 4399 2707 4470 pcenitentium,
2737 4409 2792 4454 et
2821 4399 2944 4454 aliis
2981 4399 3046 4453 ad
3079 4416 3292 4454 sacrum
3333 4403 3500 4456 mini-

1871 4496 2100 4552 sterium
2172 4495 2600 4566 pertinentibus,
2683 4493 2751 4548 de
2826 4493 3028 4564 quibus
3118 4494 3491 4571 Hildegarium

1873 4544 2100 4552 μνη-η-
2217 4544 2503 4550 --μη---η
2522 4544 2600 4559 _-,
2689 4544 2747 4548 η
2830 4544 2949 4564 νη
2971 4544 3025 4548 μ-
3120 4544 3491 4571 --η-γυνη...

137 4559 272 4598 vum
301 4544 506 4599 ducere
531 4553 586 4600 et
616 4547 883 4604 reducere
925 4559 1113 4650 Ρθῗδθξ
1143 4569 1158 4616 ³
1190 4552 1345 4662 irim,
1377 4569 1475 4626 pro
1501 4555 1768 4626 Emam",
1795 4544 2203 4658 Depiscopurri
2216 4602 2277 4640 se
2302 4583 2578 4660 signiﬁcat
2599 4584 2942 4639 instruxisse.
2980 4585 3111 4638 Item
3130 4602 3230 4657 pro
3251 4587 3493 4662 benigne

135 4649 305 4703 quem
338 4648 690 4690 communem
721 4652 878 4692 suum
912 4647 966 4694 et
998 4640 1174 4711 ipsius
1203 4641 1376 4698 filium
1410 4654 1588 4712 vocat,
1622 4655 1677 4701 et
1707 4653 1766 4702 ut

134 4740 240 4796 pro
271 4740 340 4780 eo
361 4729 507 4797 apud
539 4727 875 4784 Ludovicum
908 4747 1094 4806 regem
1145 4734 1676 4804 Transrhenensem,
1711 4747 1766 4793 et

135 4818 387 4890 reginam
451 4819 777 4888 intercedat,
831 4824 1108 4892 obsecrat,
1146 4834 1201 4882 et
1242 4838 1460 4883 caetera.
1525 4831 1762 4886 Bernoni

133 4909 585 4980 Cathalaunensi,
642 4929 743 4984 pro
774 4915 1227 4991 Noviomagensis
1272 4920 1530 4976 Ecclesiae
1560 4923 1762 4990 missis,

133 5002 230 5072 qui
253 5003 324 5057 ad
363 5019 425 5058 se
455 5013 580 5074 post
617 5005 828 5061 obitum
869 5008 1146 5064 Rainelini
1185 5011 1432 5083 episc0pi
1461 5014 1548 5069 sui
1581 5031 1759 5071 vene-

135 5100 276 5158 rant,
324 5101 382 5148 ut
413 5109 511 5149 eos
539 5095 686 5150 idem
721 5097 895 5153 Berno
926 5099 996 5154 ad
1024 5101 1379 5170 prmsentiam
1414 5119 1601 5178 regum
1636 5122 1765 5176 per-

135 5183 322 5251 ducat,
354 5192 409 5240 et
440 5186 652 5241 eisdem
688 5189 912 5262 regibus
943 5191 1153 5247 litteras
1182 5193 1348 5262 hujus
1377 5193 1568 5250 domni
1600 5197 1767 5253 Hinc-

136 5277 273 5332 mari
305 5278 538 5353 relegat,
567 5286 622 5335 et
662 5280 968 5356 intelligere
1009 5284 1191 5354 faciat,
1233 5293 1288 5341 et
1326 5303 1425 5359 pro
1465 5290 1567 5346 hac
1599 5308 1761 5348 causa

131 5375 241 5423 tam
290 5370 441 5441 apud
475 5386 658 5444 reges,
703 5389 866 5444 quam
922 5377 1067 5446 apud
1126 5379 1418 5448 palatinos,
1456 5384 1760 5438 secundum

133 5461 506 5517 ministerium
547 5479 706 5518 suum
754 5465 1100 5524 intercedere
1156 5476 1406 5545 satagat;
1457 5473 1610 5541 item,
1663 5491 1762 5546 pro

129 5549 408 5606 electione
427 5552 669 5623 pastoris
690 5555 986 5624 praemissae
1012 5557 1482 5633 Noviomagensis,
1521 5563 1606 5618 vel
1629 5564 1761 5619 Tor—

128 5641 386 5696 nacensis
435 5642 716 5706 Ecclesiae,
750 5653 804 5698 et
850 5646 982 5716 quia
1022 5646 1251 5703 formam
1293 5651 1645 5720 visitationis,
1675 5655 1760 5710 vel

125 5732 417 5789 electionis
455 5733 776 5791 Adalberno
814 5737 1078 5810 episcOpo
1152 5748 1206 5796 et
1261 5742 1442 5797 eidem
1503 5744 1759 5802 Ecclesiae

193 5853 304 5926 (16)
347 5854 480 5910 Haec
507 5854 756 5926 synodus
784 5857 944 5914 deest
976 5859 1032 5913 in
1061 5867 1193 5916 tom.
1227 5859 1436 5918 Concil.

1867 4678 2089 4734 tuendis
2143 4694 2206 4732 ac
2249 4677 2548 4733 tractandis
2585 4676 2844 4741 subditis,
2902 4692 3343 4735 commemorans
3367 4697 3492 4736 eum

1867 4771 1936 4824 de
1962 4769 2233 4840 corporali
2264 4769 2484 4824 medico
2523 4768 2827 4840 spiritalem
2869 4785 2901 4823 a
2933 4768 3043 4824 Deo
3070 4768 3272 4824 factum
3305 4790 3318 4836 ;
3361 4774 3488 4830 item

1871 4863 1938 4918 ad
1968 4861 2455 4936 interrogationem
2483 4862 2624 4930 ejus,
2687 4861 2820 4932 quid
2866 4861 2984 4932 ipse
3015 4861 3258 4917 scientiae
3314 4868 3492 4938 requi-

1869 4958 2012 5006 reret
2042 4967 2072 5004 a
2105 4950 2444 5022 presbyteris
2475 4966 2590 5004 suae
2630 4951 2924 5021 parochim.
2962 4950 3248 5023 EpiscOpis
3293 4955 3360 5008 ad
3391 4972 3488 5026 sy-

1866 5044 2074 5101 nodum
2127 5044 2589 5112 Suessionis(16)
2641 5060 2705 5098 ex
2737 5044 2990 5112 jussione
3032 5045 3177 5118 regis
3231 5045 3490 5104 Ludovici

1865 5132 2330 5188 Transrhenensis
2359 5131 2823 5188 convenientibus
2855 5132 3091 5206 legatum
3123 5149 3280 5188 suum
3303 5151 3490 5192 sacer-

1865 5221 2051 5276 dotem
2111 5222 2405 5292 quemdam
2452 5222 2721 5296 dirigens,
2764 5227 2818 5275 et
2871 5237 2970 5291 pro
3012 5221 3346 5280 inﬁrmitatis
3386 5227 3490 5281 im-

1865 5315 2238 5387 possibilitate
2283 5323 2460 5371 semet
2490 5332 2778 5383 excusans,
2820 5315 3092 5388 quidquid
3135 5316 3349 5375 favente
3382 5321 3487 5378 Do-

1863 5408 2015 5464 mino
2066 5408 2372 5463 secundum
2418 5409 2744 5465 canonicam
2803 5408 3231 5479 institutionem,
3267 5423 3320 5468 et
3363 5417 3485 5486 epi—

1864 5495 2086 5567 scopale
2116 5496 2487 5551 ministerium
2511 5497 2657 5566 juste
2690 5504 2744 5552 et
2773 5496 3193 5565 rationabiliter,
3228 5504 3484 5574 aequitate

1863 5585 2123 5648 dictante,
2181 5585 2546 5653 decreverint,
2596 5601 2786 5641 eorum
2843 5587 3081 5643 decretis
3131 5606 3192 5644 se
3237 5608 3485 5647 annuere

1862 5676 2173 5748 profitens;
2216 5679 2488 5750 quidquid
2549 5695 2678 5736 vero
2711 5682 2884 5737 sacris
2936 5685 3244 5740 canonibus
3286 5687 3484 5757 poterit

1861 5769 2106 5833 obviare,
2140 5777 2194 5826 et
2240 5786 2271 5825 a
2302 5778 2448 5827 recta
2478 5769 2589 5827 ﬁde
2629 5787 2692 5828 ac
2722 5775 3000 5846 aequitate,
3041 5787 3096 5833 et
3119 5779 3342 5847 justitize
3374 5785 3480 5830 tra-
