3912 6450
385 370 484 425 231

1463 367 1472 376 ’
1515 359 1879 416 FLODOARDI
1922 358 2225 415 CANONICI
2268 359 2600 415 REMENSIS

3615 359 3724 417 232

385 516 515 570 mite
560 512 792 568 valuerit
833 510 1076 575 deviare,
1119 523 1177 563 se
1235 508 1290 561 in
1319 506 1470 562 nullo
1518 520 1802 560 assensum
1853 519 2000 573 prae-
2025 509 2080 574 Α
2105 518 2204 574 pro
2245 503 2479 574 epistola
2507 503 2650 578 regis
2682 503 2883 567 Karoli,
2925 511 2980 558 et
3029 503 3198 559 misso
3229 520 3331 559 suo
3371 519 3494 559 cum
3525 503 3727 558 litteris

385 605 540 672 bere,
575 622 678 661 nec
719 611 778 659 ut
817 602 962 657 idem
1007 599 1241 654 vicarius
1280 597 1401 664 ejus
1439 611 1729 650 assensum
1762 593 2005 664 praebeat

384 700 471 754 vel
499 705 742 761 coactus,
791 710 1058 757 annuere,
1098 691 1378 763 episcOpis
1416 689 1721 744 dioeceseos
1754 687 2006 741 Ecclesiae

387 788 671 842 Senonicae
728 785 919 839 scribit
962 798 1059 854 pro
1099 781 1370 836 electione
1413 777 1660 852 Ansegisi
1718 774 2007 830 Remensis

388 879 697 934 dimceseos
725 875 977 932 monachi
1001 875 1070 929 ad
1094 874 1468 944 episcOpatum
1499 870 1856 936 Senonicum,
1875 881 2004 922 con—

385 985 610 1023 sensum
639 984 797 1022 suum
831 967 888 1019 in
928 965 1100 1036 ipsius
1154 963 1428 1018 adhibens
1465 961 1833 1016 ordinatione.
1884 958 2005 1029 Epi-

384 1061 568 1131 scopis
599 1075 818 1132 quoque
853 1058 1020 1113 totius
1046 1057 1201 1132 regni
1234 1055 1588 1127 primoribus,
1621 1071 2001 1120 commonens,

383 1157 434 1203 et
465 1149 758 1203 exhortans
799 1164 895 1203 eos
924 1148 1303 1202 intemeratam
1336 1145 1501 1200 fidem
1532 1147 1647 1219 regi
1679 1161 1779 1202 suo
1811 1147 2003 1204 Karolo

382 1256 727 1309 conservare,
756 1241 980 1312 quando
1007 1239 1153 1294 idem
1177 1256 1270 1294 rex
1298 1239 1524 1294 Romam
1549 1240 1788 1310 perrexit
1816 1258 1829 1303 ;
1874 1241 2002 1294 item

383 1332 680 1403 episcOpis,
714 1329 1027 1394 abbatibus,
1060 1329 1373 1391 comitibus,
1410 1336 1464 1384 et
1494 1329 1706 1384 caeteris
1738 1330 1831 1384 Dei
1866 1328 2000 1384 ﬁde-

384 1421 532 1475 libus
552 1420 618 1474 ad
637 1419 915 1492 quoddam
947 1419 1238 1493 collegium
1263 1419 1742 1484 convenientibus,
1757 1435 1867 1490 quo
1885 1420 2002 1490 ipse

385 1510 632 1581 corporis
670 1508 985 1563 infirmitate
1017 1509 1351 1579 praepeditus
1395 1509 1548 1563 abire
1580 1525 1690 1564 non
1738 1511 2006 1572 valuerat,

385 1601 588 1675 gratias
618 1615 789 1671 agens
819 1599 928 1652 Deo
959 1614 1056 1667 pro
1096 1598 1428 1670 quibusdam
1463 1598 1798 1668 primoribus
1829 1599 2006 1671 regni,

387 1690 481 1761 qui
511 1689 581 1744 ab
603 1689 882 1758 episcopis
914 1688 1317 1758 aliquantulum
1348 1688 1745 1754 dissenserant,
1769 1695 1823 1742 at
1855 1696 2004 1753 tunc,

2105 595 2171 648 ad
2190 594 2580 666 imperatorem
2607 595 2921 650 Lotharium
2947 596 3336 666 perducendis.
3363 597 3420 649 ln
3449 595 3654 667 quibus
3667 611 3726 649 se

2105 686 2354 756 quaedam
2388 687 2456 742 de
2487 687 2661 741 salute
2693 687 2867 758 ipsius
2897 687 3245 758 imperatoris
3275 704 3571 763 suggerere
3600 704 3724 741 ma-

2107 774 2348 841 nifestat,
2382 783 2442 830 ut
2471 776 2749 842 emendet,
2784 793 2905 849 quae
2935 776 3042 847 ipsi
3075 776 3322 832 notificat
3353 775 3724 841 emendanda,

2104 872 2158 918 et
2186 866 2255 920 de
2285 883 2452 922 censu
2485 868 2751 922 solvendo
2783 884 2846 922 ex
2877 868 3007 922 villa
3037 867 3368 923 Dudeciaco.
3399 867 3533 921 Item
3559 866 3724 920 simul

2104 974 2228 1013 cum
2275 960 2486 1030 synodo
2528 960 2914 1030 epiSCOporum
2961 961 3107 1031 apud
3168 960 3498 1015 Carisiacum
3558 957 3724 1012 habi-

2105 1056 2157 1103 ta
2181 1050 2318 1120 (17),
2349 1051 2542 1106 scribit
2576 1051 2836 1107 Hilduino
2869 1051 3046 1106 Karoli
3082 1051 3230 1126 regis
3278 1050 3726 1120 archicapellano

2106 1148 2159 1194 et
2190 1157 2288 1212 pro
2321 1143 2563 1198 Ecclesia
2595 1143 2912 1216 Lingonica,
2955 1159 3116 1214 quam
3151 1142 3421 1197 Wilfadus
3469 1142 3728 1196 Ecclesiae

2107 1229 2367 1284 Remensi
2399 1231 2657 1286 alumnus
2689 1240 2881 1286 contra
2926 1232 3192 1288 canonica
3221 1238 3584 1302 occupaverat
3631 1231 3730 1284 de-

2105 1329 2274 1375 creta.
2312 1321 2467 1377 Unde
2507 1329 2856 1397 suggesserat
2895 1323 3089 1378 eadem
3121 1323 3365 1394 synodus
3396 1322 3535 1395 regi,
3567 1329 3627 1376 ut
3657 1321 3733 1376 al-

2104 1415 2281 1466 terum
2301 1413 2368 1467 ad
2392 1414 2694 1485 regendam
2717 1413 3000 1485 praefatam
3022 1414 3383 1470 constitueret
3407 1412 3728 1475 Ecclesiam,

2110 1514 2165 1558 et
2205 1521 2295 1558 rex
2349 1505 2590 1572 jusserat
2633 1513 2691 1561 ut
2748 1508 2999 1578 episcopi
3045 1515 3363 1579 quaererent
3402 1506 3588 1573 talem,
3635 1506 3730 1576 qui
3805 1521 3814 1527 ’

2110 1607 2295 1668 posset
2327 1599 2381 1652 in
2412 1599 2718 1670 episc0pali
2757 1599 3068 1655 ministerio
3098 1601 3278 1655 eidem
3312 1599 3568 1654 Ecclesiae
3602 1613 3734 1669 pro—

2109 1687 2296 1756 ficere,
2329 1705 2632 1762 eorumque
2659 1700 2786 1748 vota
2818 1692 2875 1746 in
2903 1693 3054 1748 Isaac
3082 1692 3259 1763 ipsius
3289 1690 3531 1745 Hilduini
3559 1689 3734 1744 disci-

383 1781 558 1854 gratia
607 1781 701 1835 Dei
755 1781 1042 1856 largiente,
1102 1781 1466 1851 beneplacitae
1506 1780 1615 1834 sint
1658 1778 2007 1835 unanimitati
2034 1780 2300 1870 Bpulum
2344 1790 2738 1846 convenerant,
2781 1783 3140 1840 obsecrantes
3177 1784 3340 1853 hujus
3382 1783 3435 1836 in
3486 1783 3591 1837 hoc
3623 1781 3740 1836 llil-

385 1873 686 1940 conjuncti.
747 1870 1077 1947 Signiﬁcans
1126 1889 1226 1944 per
1272 1874 1368 1928 has
1408 1873 1636 1939 litteras,
1679 1879 1733 1926 et
1779 1871 2007 1926 missum
2111 1873 2267 1926 duini
2315 1889 2671 1939 consensum,
2699 1882 2754 1930 et
2801 1875 3253 1946 deprecationem
3299 1872 3478 1944 ipsius
3531 1889 3630 1943 pro
3667 1887 3738 1926 eo

387 1962 637 2017 ecclesiae
666 1977 779 2016 suae
811 1963 1273 2028 comministmm,
1301 1979 1361 2017 se
1392 1963 1460 2017 de
1491 1962 1654 2018 bonis
1675 1977 1863 2018 eorum
1889 1970 2008 2018 stu-

387 2054 496 2109 diis
525 2070 589 2109 ac
627 2054 1088 2124 dispositionibus
1127 2056 1499 2130 congaudere,
1543 2057 1894 2127 suadensque
1950 2063 2010 2110 ut

386 2145 694 2200 secundum
725 2144 1054 2215 sapientiam
1085 2144 1168 2198 eis
1197 2161 1228 2198 a
1260 2146 1370 2200 Deo
1402 2145 1606 2210 datam,
1646 2145 1850 2200 divinis
1881 2145 2011 2200 obe-

389 2236 610 2291 dientes
660 2237 974 2307 praeceptis,
1009 2237 1231 2292 remotis
1271 2238 1498 2308 privatis
1546 2239 1764 2306 studiis,
1824 2246 1878 2293 et
1922 2240 2011 2294 in-

390 2327 591 2382 debitis
616 2327 1029 2397 cupiditatibus,
1065 2345 1126 2383 ac
1159 2330 1338 2384 noxiis
1388 2332 1862 2399 contentionibus,
1895 2334 2011 2404 pri-

388 2432 539 2470 mum
577 2432 698 2486 quae
726 2416 792 2470 ad
823 2417 1196 2490 generalitatis
1226 2419 1482 2487 salutem,
1517 2437 1730 2490 pacem,
1763 2431 1818 2478 et
1861 2423 2008 2479 utili-

389 2512 554 2560 tatem
589 2505 920 2576 pertineant,
970 2507 1273 2578 inquirant,
1315 2518 1368 2565 et
1406 2511 1634 2582 exsequi
1678 2519 2010 2583 procurent:

390 2597 694 2650 adnectens
723 2613 907 2651 sacras
938 2598 1290 2652 auctoritates
1343 2601 1413 2655 de
1443 2608 1594 2656 veste
1638 2601 1857 2668 Christi,
1891 2618 2013 2672 qum

393 2695 474 2742 est
504 2688 749 2742 Ecclesia
791 2689 910 2754 Dei,
948 2689 1286 2760 hortansque
1338 2700 1393 2746 ut
1431 2694 1648 2763 seipsos
1678 2701 1787 2748 tota
1815 2696 2012 2750 virtute

390 2785 666 2832 armantes
691 2778 920 2845 justitiae
948 2779 1069 2833 zelo
1099 2779 1332 2852 erigant,
1367 2789 1421 2836 et
1455 2783 1649 2854 jugum
1678 2785 1864 2839 oneris
1895 2801 2012 2840 ma-

389 2864 487 2918 tris
554 2879 744 2919 eorum
820 2866 1098 2934 Ecclesiae,
1176 2883 1242 2922 ac
1297 2868 1502 2942 virgam
1557 2872 1826 2926 exactoris
1892 2872 2013 2941 ejus

389 2957 540 3020 (Isai.
573 2955 644 3026 ιχ)
675 2955 1044 3031 confringant,
1094 2966 1148 3013 et
1175 2959 1394 3014 vincula
1435 2961 1560 3016 colli
1602 2961 1839 3018 ﬁliorum
1895 2965 2015 3033 ejus

390 3046 695 3102 dissolvant
746 3050 898 3119 (Isai.
933 3053 1063 3116 LII);
1115 3050 1162 3104 si
1199 3051 1294 3122 qui
1329 3053 1440 3107 sint
1489 3055 1739 3125 Oppressi
1788 3071 2010 3111 manum

389 3139 735 3194 allevationis
783 3142 1095 3214 porrigant;
1138 3143 1183 3197 si
1232 3145 1326 3214 qui
1377 3144 1514 3202 forte
1582 3147 1865 3218 depravati
1916 3165 2011 3204 cu-

390 3237 622 3308 piditate
673 3235 759 3290 vel
815 3235 1009 3308 gratia,
1058 3239 1128 3292 ad
1182 3239 1600 3296 unanimitatem
1657 3243 1843 3316 gregis
1913 3243 2013 3298 Do-

395 3327 580 3381 minici
622 3326 888 3380 reducere
920 3332 1177 3381 studeant
1207 3345 1221 3394 ;
1283 3331 1681 3400 amplectantur
1717 3333 2007 3388 consilium

391 3412 540 3469 beati
589 3413 856 3486 Gregorii,
896 3421 1330 3488 caeterorumque
1389 3427 1704 3476 sanctorum
1753 3422 2010 3491 Patrum;

391 3510 447 3558 et
500 3503 618 3574 ipse
671 3519 894 3575 quoque
947 3507 1096 3576 quod
1150 3508 1228 3562 illi
1281 3510 1350 3564 ad
1406 3527 1598 3582 pacem
1661 3515 1851 3585 populi
1915 3515 2010 3570 Dei

391 3599 445 3646 et
512 3593 779 3660 justitiam
846 3598 1246 3664 procurandam
1325 3600 1691 3671 decreverint,
1759 3605 1900 3660 votis
1957 3614 2014 3660 et

389 3681 700 3754 obsequiis,
727 3689 989 3755 quantum
1009 3686 1272 3742 Dominus
1295 3688 1600 3758 donaverit,
1624 3701 2007 3766 prosequetur.

391 3773 686 3848 Subjungit
733 3792 955 3848 quoque
1021 3795 1206 3834 sacras
1249 3783 1601 3840 auctoritates
1639 3787 1710 3841 de
1748 3789 2012 3844 canonice

392 3864 791 3932 promovendo,
819 3866 905 3920 vel
939 3866 1199 3941 eligendo
1231 3871 1518 3944 episc0po.

985 3983 1197 4039 CAPUT
1240 3986 1412 4042 XXIV.

534 4052 661 4118 Qua
686 4052 974 4109 abbatibus
1000 4057 1329 4124 quibusdam
1355 4063 1563 4130 scripta
1582 4063 1866 4122 diremerit.

463 4141 600 4197 Aliis
667 4157 891 4213 quoque
970 4144 1200 4200 diversis
1267 4151 1562 4218 personis,
1631 4161 1740 4209 tam
1800 4155 2016 4214 clericis

393 4248 557 4304 quam
591 4232 766 4296 laicis,
804 4234 1052 4290 honestis
1074 4237 1236 4292 etiam
1271 4238 1512 4309 feminis,
1537 4243 1754 4302 diversa
1784 4265 1882 4318 pro
1913 4251 2016 4307 uti-

392 4324 544 4379 litate
585 4325 854 4396 cujusque
894 4327 1171 4398 reperitur
1207 4329 1414 4402 scripta
1451 4333 1740 4406 direxisse,
1801 4342 2012 4398 nemini

389 4413 667 4468 adulando
691 4431 946 4484 parcens,
979 4417 1077 4472 sed
1107 4421 1403 4476 commoda
1434 4424 1636 4496 cuique
1663 4443 1762 4497 pro
1797 4431 1875 4484 rei
1907 4447 2012 4503 op-

391 4505 722 4575 portunitate
775 4526 1080 4582 suggerere
1147 4520 1418 4588 satagens.
1488 4518 1762 4576 Ludovico
1824 4522 2011 4581 abbati

387 4609 488 4648 suo
519 4593 725 4651 litteras
754 4598 901 4652 misit
927 4615 1024 4669 pro
1056 4603 1362 4671 repetendo
1409 4621 1640 4678 corpore
1671 4611 1849 4666 sancti
1877 4613 2014 4671 Deo-

388 4685 521 4753 dati,
575 4689 723 4759 quod
766 4691 987 4761 quidam
1046 4694 1195 4761 Giso,
1247 4699 1552 4769 cupiditate
1606 4718 1790 4758 rerum
1841 4706 2016 4778 ipsius

386 4779 558 4833 sancti
604 4779 823 4847 ductus,
876 4799 942 4838 ex
982 4784 1209 4842 dioecesi
1276 4789 1532 4846 Remensi
1591 4792 1783 4850 furtim
1830 4804 2012 4854 trans-

389 4866 517 4921 ferri
564 4867 768 4926 fecerat
816 4871 871 4926 in
931 4873 1366 4935 Parisiacensem
1409 4886 1752 4953 parochiam,
1810 4889 2010 4947 incon-

385 4957 529 5012 sulto
580 4959 847 5048 episcopo
888 4962 944 5017 in
991 4966 1148 5034 cujus
1183 4969 1404 5036 jacebat
1451 4974 1760 5048 episcOpio.
1803 4981 2010 5048 Asserit

385 5051 566 5144 autem
603 5047 658 5102 in
698 5049 783 5104 his
822 5051 1019 5108 litteris
1043 5071 1103 5109 se
1138 5058 1371 5127 nemini,
1404 5078 1589 5136 neque
1621 5047 1729 5120 sibi
1764 5047 2011 5141 vel-pro-

386 5141 507 5202 prio
537 5152 638 5192 suo
668 5141 948 5212 sanguini,
1002 5153 1191 5200 contra
1222 5147 1410 5206 divina
1454 5169 1680 5222 parcere
1705 5157 1853 5223 jura.
1900 5160 2005 5216 Sed

388 5231 443 5276 et
474 5223 852 5298 indignantem
878 5247 976 5301 pro
1005 5233 1091 5287 his
1133 5234 1390 5293 abbatem
1423 5241 1619 5297 iterum
1654 5244 1857 5302 litteris
1886 5265 2009 5306 mo-

391 5325 521 5365 nere
553 5328 663 5368 non
695 5316 925 5388 destitit,
956 5322 1180 5380 hortans
1207 5334 1261 5381 et
1289 5329 1615 5399 admonens,
1650 5342 1710 5390 ut
1745 5337 2008 5396 ecclesia-

388 5401 546 5505 s‘ticis
570 5405 775 5478 regulis
807 5411 1125 5472 satisfacere
1165 5430 1524 5490 procuraret;
1560 5425 1711 5491 item,
1740 5445 1840 5499 pro
1871 5450 2012 5505 quo-

391 5487 515 5542 dam
551 5501 755 5563 nepote
786 5515 906 5588 suo,
939 5520 1100 5572 quem
1134 5510 1487 5568 commiserat
1517 5515 1589 5580 ei,
1622 5525 1677 5571 et
1717 5487 1815 5588 pro
1848 5487 2013 5581 rebus

389 5593 420 5631 a
470 5595 597 5654 rege
647 5600 746 5654 per
793 5587 1210 5660 dispositionem
1268 5599 1446 5669 ipsius
1505 5587 2010 5670 domniillincmari

391 5672 679 5727 monachis
713 5677 888 5731 sancti
932 5679 1174 5754 Dionysii
1225 5689 1458 5745 traditis.
1519 5693 1779 5754 Hilduino
1819 5703 2006 5762 abbati

470 5769 580 5837 (l7)
625 5771 815 5829 Habita
846 5783 930 5830 est
961 5793 1106 5833 anno
1134 5782 1257 5851 855,
1288 5788 1390 5844 sub
1431 5791 1638 5853 Bened.
1673 5798 1763 5852 ΙΙΙ.

2109 1965 2256 2035 apud
2291 1981 2511 2038 regem;
2556 1966 2878 2022 Brunuardo
2925 1966 3133 2030 abbati,
3194 1981 3294 2037 pro
3339 1964 3508 2019 rebus
3559 1965 3736 2018 sancti

2111 2052 2348 2127 Remigii
2376 2053 2462 2108 vel
2495 2054 2710 2110 colonis
2740 2054 3032 2109 Remensis
3064 2053 3318 2108 Ecclesiae
3349 2053 3404 2106 in
3438 2051 3741 2125 Thoringia

2111 2145 2424 2201 constitutis
2457 2164 2471 2212 ;
2506 2146 2777 2202 Adalardo
2802 2146 3090 2213 abbati,de
3117 2145 3362 2200 amicitia
3390 2145 3530 2199 inter
3562 2146 3740 2216 ipsos,

2113 2242 2166 2288 et
2196 2233 2436 2305 qualiter
2484 2235 2649 2290 debet
2681 2252 2802 2290 esse
2832 2252 2996 2290 verus
3025 2235 3238 2290 amicus
3267 2252 3282 2301 ;
3332 2234 3611 2289 Grunoldo
3643 2232 3742 2286 ab-

2113 2323 2248 2391 bati,
2272 2341 2370 2395 pro
2400 2326 2688 2401 Sigeberto
2721 2325 2869 2380 fideli
2902 2341 3026 2393 suo,
3058 2332 3116 2378 ut
3147 2340 3236 2378 res
3259 2324 3380 2393 ejus
3401 2339 3523 2394 quae
3553 2322 3742 2389 conja-

2111 2414 2311 2469 cebant
2351 2414 2409 2468 in
2467 2431 2639 2489 regno
2681 2414 2966 2484 Ludovici,
3010 2414 3065 2467 in
3112 2429 3210 2468 sua
3253 2411 3630 2468 dominatione
3686 2417 3740 2465 et

2112 2504 2284 2558 tutela
2323 2505 2738 2560 commendatas
2776 2503 3106 2574 susciperet,
3139 2509 3193 2557 et
3222 2512 3281 2556 ut
3315 2503 3430 2575 regi
3461 2500 3743 2558 Ludovico

2113 2593 2363 2659 suadeat,
2401 2609 2470 2648 ne
2502 2608 2887 2664 perversorum
2928 2592 3163 2647 credens
3201 2591 3465 2653 consiliis,
3519 2590 3574 2643 in
3608 2591 3742 2644 talia

2112 2695 2170 2738 se
2227 2680 2463 2735 ulterius
2521 2681 2796 2748 immittat,
2839 2681 3024 2752 qualia
3068 2689 3258 2735 contra
3297 2679 3518 2733 fratrem
3574 2694 3742 2732 suum

2113 2773 2370 2829 Karolum
2403 2781 2535 2830 tunc
2564 2782 2787 2849 egerat;
2820 2775 2969 2829 unde
2997 2775 3104 2828 tale
3135 2773 3378 2828 dedecus
3408 2772 3747 2842 ipsiaccide-

2113 2873 2217 2934 rat,
2257 2866 2420 2936 quale
2448 2883 2559 2922 non
2615 2867 2928 2932 accidisset,
2970 2867 3016 2920 si
3057 2865 3532 2920 exhortationibus
3575 2865 3750 2933 hujus

2115 2955 2304 3012 domni
2334 2955 2612 3010 Hincmari
2645 2955 2964 3025 aquiescere
2994 2953 3278 3009 voluisset.

2184 3047 2429 3102 Trasulfo
2495 3044 2556 3113 li,
2602 3046 2906 3118 Transulfo]
2952 3045 3271 3102 Corbeiensi
3312 3060 3436 3099 cum
3479 3044 3750 3099 fratribus

2112 3135 2220 3190 sibi
2247 3135 2533 3205 subjectis,
2568 3150 2667 3207 pro
2699 3135 2936 3206 quodam
2991 3136 3176 3204 fratre,
3209 3134 3302 3207 qui
3350 3136 3747 3207 prmsumptive

2114 3227 2461 3283 abscesserat
2485 3244 2516 3283 a
2550 3227 2907 3289 monasterio,
2944 3243 3106 3298 quem
3148 3243 3179 3280 a
3210 3237 3340 3299 rege
3368 3234 3648 3297 receptum
3682 3227 3748 3280 in

2113 3319 2287 3393 gratia
2327 3331 2664 3392 praeceperat
2721 3320 2868 3374 idem
2919 3320 3165 3390 pontifex
3220 3320 3288 3374 ad
3339 3321 3746 3376 monasterium

2115 3412 2314 3467 festine
2339 3413 2562 3480 reverti,
2594 3429 2696 3484 pro
2726 3428 2836 3484 quo
2870 3429 2963 3467 rex
3003 3419 3307 3485 rogaverat,
3339 3422 3397 3466 ut
3427 3413 3743 3476 mandaret,

2115 3511 2390 3575 quatenus
2417 3505 2470 3559 in
2506 3505 2840 3562 monasterio
2874 3503 3101 3575 pacifice
3132 3505 3528 3575 susciperetur,
3555 3506 3746 3562 donec

2113 3596 2550 3652 conversationis
2598 3596 2719 3665 ejus
2753 3597 2952 3652 modus
2977 3613 3008 3650 a
3040 3612 3193 3669 rege,
3225 3603 3280 3650 et
3324 3595 3520 3650 eodem
3549 3596 3742 3650 archi—

2113 3688 2377 3759 episcopo
2409 3696 2658 3760 tempore
2689 3697 3002 3759 opportuno
3029 3687 3453 3758 disponeretur;
3490 3688 3643 3754 item,
3668 3689 3744 3742 ad

2112 3776 2338 3832 eosdem
2379 3777 2677 3850 gratiarum
2742 3775 2989 3831 referens
3023 3777 3275 3832 actiones
3325 3793 3424 3848 pro
3483 3778 3744 3848 impensa

2114 3866 2223 3921 sibi
2259 3867 2328 3920 ab
2361 3867 2442 3922 eis
2496 3868 2862 3941 benignitate,
2911 3884 3228 3924 memorans
3259 3886 3318 3923 se
3349 3870 3647 3940 plurimum
3682 3869 3745 3924 in

2116 3975 2306 4015 eorum
2362 3960 2710 4016 orationibus
2752 3960 3053 4025 confidere,
3089 3969 3142 4017 et
3187 3963 3269 4017 eis
3295 3962 3554 4018 devotum
3612 3961 3745 4016 exi-

2117 4059 2284 4115 stere,
2331 4051 2864 4122 commonitoriaque
2918 4051 3110 4105 salutis
3139 4052 3221 4105 eis
3273 4051 3520 4122 dirigens
3551 4051 3746 4106 horta-

2117 4149 2322 4209 menta,
2372 4149 2432 4196 ut
2483 4143 2690 4214 quique
2747 4143 2800 4197 in
2862 4143 2998 4214 ipsis
3043 4160 3236 4198 navem
3287 4142 3584 4198 Dominicae
3633 4160 3745 4217 gu-

2117 4231 2459 4290 bernationis
2509 4239 2866 4304 susceperant
2922 4234 3244 4307 regendam,
3294 4239 3485 4288 contra
3542 4233 3740 4289 insur-

2113 4328 2361 4398 gentium
2398 4332 2783 4397 tempestatum
2812 4325 3052 4397 impetus
3101 4327 3335 4400 impigra
3363 4328 3742 4383 sollicitudine

2114 4417 2355 4489 dirigere
2385 4416 2666 4482 studeant,
2695 4421 2750 4470 et
2779 4421 2837 4469 ut
2869 4416 3259 4485 persecutione
3287 4416 3596 4472 imminenti
3648 4435 3744 4488 pa-

2114 4525 2383 4583 ganorum
2415 4523 2749 4580 quacunque
2770 4508 3144 4562 recedendum
3177 4509 3266 4574 sit,
3291 4527 3322 4564 a
3345 4510 3494 4565 bono
3527 4525 3742 4580 propo-

2424 4561 2741 4580 τπμη
2809 4561 2819 4562 κ
2952 4561 2984 4562 η
3295 4561 3488 4565 πη---
3529 4561 3701 4580 τητ-

2032 4561 2090 4630 D
2114 4599 2218 4653 sito
2249 4613 2360 4653 non
2406 4597 2688 4663 recedant,
2723 4605 2864 4663 etc.;
2912 4597 3068 4665 item,
3108 4597 3388 4667 Hilduino,
3439 4606 3498 4654 ut
3527 4606 3743 4654 certare

2115 4697 2376 4762 procuret
2405 4690 2552 4760 apud
2582 4706 2765 4764 regem
2817 4707 2921 4761 pro
2947 4691 3221 4748 electione
3251 4692 3521 4748 canonica
3553 4691 3742 4747 Eccle-

2115 4785 2210 4840 sim
2249 4784 2584 4840 Morinensis
2609 4783 2990 4850 concedenda,
3043 4786 3174 4856 quia
3205 4793 3259 4841 et
3289 4786 3407 4857 ipse
3438 4785 3542 4841 hoc
3569 4801 3740 4859 agere

2115 4883 2391 4948 satageret
2407 4880 2672 4945 quantum
2703 4880 2907 4944 posset.

2182 4984 2470 5058 Adalgario
2485 4983 2695 5050 abbati,
2720 4983 2925 5058 gratias
2943 4982 3190 5038 referens
3207 4983 3277 5037 de
3307 4982 3652 5037 orationibus
3669 4983 3742 5037 ab

2110 5076 2229 5147 ipso
2259 5085 2314 5131 et
2343 5075 2604 5131 fratribus
2634 5074 2740 5129 sibi
2788 5075 3098 5131 commissis
3136 5077 3248 5130 Deo
3280 5091 3378 5147 pro
3420 5091 3480 5129 se
3511 5074 3736 5135 oblatis.

2110 5173 2165 5220 et
2195 5165 2264 5219 de
2295 5164 2690 5220 benedictione
2731 5164 3002 5220 donorum
3058 5165 3234 5235 ipsius
3290 5164 3526 5229 abbatis,
3584 5180 3740 5218 com-

2110 5271 2425 5312 memorans
2474 5255 2642 5310 etiam
2695 5255 2764 5310 de
2821 5257 2990 5311 rebus
3043 5257 3301 5311 Ecclesiae
3351 5256 3637 5310 Remensis
3685 5258 3737 5310 in

2108 5348 2409 5421 Thoringia
2440 5346 2579 5414 sitis,
2621 5363 2759 5419 quas
2793 5349 3008 5404 cuidam
3048 5349 3318 5404 Amalrico
3363 5349 3736 5414 commiserat,

2115 5439 2213 5494 sed
2241 5439 2360 5509 ipse
2384 5437 2526 5492 male
2565 5438 2769 5492 abusus
2800 5439 2880 5493 eis
2911 5440 3160 5494 divinum
3206 5439 3442 5510 proinde
3463 5438 3736 5507 judicium

2113 5527 2438 5598 susceperit,
2472 5517 2724 5599 quasque
2755 5528 2899 5582 idem
2940 5529 3114 5584 abbas
3144 5530 3248 5585 sub
3277 5545 3446 5585 censu
3479 5530 3584 5583 sibi
3619 5530 3736 5583 dari

2113 5620 2357 5690 petebat.
2385 5621 2492 5676 Sed
2524 5621 2669 5676 idem
2691 5622 2930 5678 domnus
2961 5623 3285 5679 Hincmarus
3315 5623 3372 5677 id
3403 5637 3567 5697 agere
3616 5622 3740 5675 sine

2109 5709 2435 5768 clericorum
2496 5725 2719 5768 suorum
2781 5711 3014 5767 consilio
3066 5727 3330 5778 renuens,
3397 5713 3622 5766 mandat
3682 5719 3738 5764 ut
