3912 6422
145 387 258 443 233

787 379 1113 436 ΗΙΒΤΟΒΙᾹΞ
1152 376 1480 433 ECGLESUE
1517 372 1848 430 REMENSIS
1889 373 2066 429 LIBRI
2107 375 2434 440 QUATUOR.
2475 407 2546 418 —-
2585 377 2710 432 LlB.
2755 377 2847 430 Ill.

3393 377 3498 431 234

151 541 382 597 easdem
409 538 479 593 ad
505 537 937 594 custodiendum
986 536 1206 592 interim
1272 534 1556 604 suscipiat,
1589 541 1644 587 et
1698 511 2148 586 de-Arimorum
2215 514 2680 604 monasteriomm
2729 529 2830 584 Per
2857 513 3275 568 οοηοθδείοηθῐη
3308 530 3496 587 regum

153 630 520 702 scriptionem
587 627 912 682 earumdem
970 625 1077 680 sibi
1129 625 1345 678 mittere
1412 622 1679 687 studeat,
1736 626 1792 674 et

154 731 356 793 postea
383 719 532 792 quod
563 734 689 773 cum
756 715 1260 772 ecclesiasticorum
1330 712 1563 768 consilio
1627 710 1790 765 mini-

157 823 398 869 atrorum
443 808 831 866 rationabilius
861 807 1321 870 consideraverit,
1353 806 1403 860 ei
1433 804 1792 859 remandatu-

157 921 254 960 rus
281 904 374 959 sit.
415 905 552 958 Item
583 917 656 972 po
687 901 882 956 eadem
919 916 977 954 re
1010 905 1134 970 post
1165 898 1392 952 missam
1425 897 1531 951 sibi
1576 895 1794 950 descri-

165 995 445 1066 ptionem,
476 990 801 1066 significans
832 991 1060 1060 insuper
1122 988 1399 1044 Ludovico
1441 988 1555 1060 regi
1602 1002 1661 1039 se
1694 1000 1792 1056 pro

158 1087 365 1141 iisdem
397 1085 565 1140 rebus
585 1083 794 1138 litteras
853 1082 1099 1147 misisse,
1141 1080 1204 1134 ad
1255 1079 1579 1151 petitionem
1616 1077 1793 1148 ipsius

159 1177 403 1240 abbatis,
430 1173 769 1231 notificando
800 1173 950 1244 ipsas
983 1188 1072 1227 res
1099 1172 1283 1227 eidem
1316 1171 1501 1226 abbati
1532 1187 1591 1224 se
1624 1185 1782 1224 com-

162 1268 408 1332 misisse,
461 1265 707 1338 petendo
769 1280 1011 1336 quoque,
1067 1270 1127 1318 ut
1184 1263 1235 1317 ei
1286 1263 1542 1318 solatium
1595 1261 1784 1326 ferret,

161 1370 441 1432 quatenus
465 1357 618 1428 ipsas
655 1355 914 1411 ordinare
954 1355 1144 1426 quiete
1175 1354 1402 1409 valeret.
1437 1353 1544 1407 Sed
1570 1353 1787 1423 etPop—

162 1449 298 1521 poni
328 1446 572 1512 cuidam,
606 1443 1013 1515 compescendo
1045 1459 1171 1498 eum
1202 1443 1270 1496 ab
1302 1443 1495 1497 harum
1515 1441 1787 1513 inquieta-

161 1540 318 1594 tione
347 1552 529 1592 rerum
559 1553 572 1599 ;
604 1533 830 1588 familiae
862 1549 1084 1605 quoque
1118 1533 1172 1586 in
1211 1531 1419 1586 eisdem
1452 1532 1617 1586 rebus
1649 1546 1783 1586 con-

157 1622 379 1677 sistenti
412 1622 610 1677 litteris
635 1622 927 1687 mandans,
989 1638 1099 1693 quo
1163 1621 1346 1676 eidem
1397 1620 1584 1675 abbati
1645 1620 1785 1675 obe-

155 1715 382 1769 dientes
411 1714 466 1768 in
495 1715 710 1768 cunctis
762 1713 1081 1767 existerent.
1117 1713 1406 1767 Anastasio
1471 1711 1783 1766 venerabili

158 1805 352 1860 abbati
382 1822 447 1861 ac
474 1805 906 1893 bibliothecario
945 1810 1146 1893 sancta;
1207 1805 1467 1893 Romanae
1499 1803 1784 1893 Alilcclesire,
1814 1825 1866 1893 Β

157 1894 461 1966 gratiarum
481 1891 730 1947 referens
755 1891 1003 1946 actiones
1020 1906 1119 1962 pro
1134 1890 1624 1945 benedictionibus
1658 1907 1787 1944 san-

157 1981 426 2036 ctissimis
455 1981 524 2034 ab
557 1995 624 2034 eo
645 1978 754 2033 sibi
779 1995 878 2050 per
930 1979 1225 2033 Actardum
1283 1980 1609 2050 episc0pum
1643 1980 1787 2034 dire-

153 2073 304 2138 ctis;
358 2089 492 2128 suas
521 2071 707 2127 eidem
740 2086 962 2142 quoque
994 2071 1180 2125 abbati
1214 2071 1440 2125 mittens
1494 2088 1786 2126 munerum

153 2164 606 2220 benedictiones.
646 2163 904 2228 Quaedam
937 2162 1103 2216 etiam
1164 2163 1430 2233 Opuscula
1465 2179 1565 2218 suo
1598 2163 1788 2218 labore

154 2256 414 2312 confecta
445 2255 551 2326 ipsi
584 2255 849 2326 delcgans
875 2272 888 2319 ;
919 2255 1074 2318 item,
1113 2269 1212 2324 pro
1259 2253 1550 2310 beneficiis
1581 2256 1685 2309 sibi
1719 2254 1786 2308 ab

157 2359 228 2398 eo
250 2344 493 2410 collatis,
528 2352 584 2398 et
604 2353 666 2398 ut
685 2343 1097 2418 suggestionem
1112 2360 1266 2398 suam
1293 2345 1496 2400 domno
1521 2362 1675 2415 papae
1705 2361 1790 2400 ac-

153 2437 499 2508 ceptabilem
546 2436 731 2502 faciat,
787 2444 842 2490 et
891 2435 960 2489 de
1020 2436 1288 2490 memoria
1339 2435 1786 2504 benedictionis,

155 2540 329 2595 quam
363 2522 641 2596 dirigebat
673 2522 724 2576 ei
758 2523 838 2590 (de
868 2524 962 2576 hoc
992 2538 1163 2592 supra
1191 2539 1310 2592 cap.
1360 2524 1473 2592 21.)
1529 2525 1789 2598 Gregorio

153 2615 416 2683 ejusdem
440 2614 699 2668 Romanae
728 2614 986 2668 Ecclesia:
1013 2615 1440 2682 nomenclatori,
1485 2623 1539 2670 et
1572 2615 1790 2685 apocri-

159 2707 358 2772 siario,
384 2722 642 2760 asserens
667 2706 816 2776 quod
839 2705 1100 2776 prmfatus
1130 2706 1451 2760 Anastasius
1486 2709 1657 2761 multa
1689 2707 1791 2763 bo-

163 2796 359 2851 nitatis
385 2794 628 2865 insignia
659 2793 765 2848 sibi
791 2793 859 2848 de
890 2794 1012 2864 ipso
1041 2793 1158 2847 suis
1190 2794 1392 2848 litteris
1426 2793 1785 2865 intimaverit,

165 2894 221 2942 et
253 2887 406 2958 quod
441 2901 696 2949 magnam
731 2882 986 2940 ﬁduciam
1023 2885 1080 2938 in
1114 2884 1290 2955 ipsius
1344 2885 1551 2940 habere
1603 2896 1790 2956 posset

164 2978 412 3033 amicitia
463 2975 755 3030 sinceriter
810 2976 1200 3040 mandaverit;
1262 2977 1412 3030 unde
1465 2983 1518 3030 et
1567 2978 1701 3047 petit
1732 2987 1792 3034 ut

166 3067 347 3120 isdem
373 3065 673 3140 Gregorius
691 3081 748 3118 se
773 3065 916 3119 inter
945 3063 1138 3119 fideles
1176 3065 1386 3120 amicos
1419 3082 1550 3120 suos
1599 3074 1789 3121 tenere

1891 604 2146 659 abbatem
2180 605 2548 660 constituerit.
2599 603 2796 659 Contra
2826 620 2949 674 quae
2978 604 3070 658 ille
3104 605 3354 675 potentia
3385 605 3503 659 ele-

1890 702 2066 760 vatus,
2093 693 2422 749 seditionem
2453 694 2653 764 qumin
2711 693 2812 748 hac
2864 691 3126 760 Ecclesia,
3177 693 3262 747 vel
3318 695 3376 748 in
3409 694 3503 749 illo

1895 797 2065 856 regno
2091 782 2234 837 male
2265 781 2618 857 grassabatur
2672 781 3014 846 excitaverit,
3075 779 3394 852 quibusque
3425 782 3502 836 si—

1895 873 2048 926 milia
2068 873 2324 945 gesserit,
2357 880 2412 926 et
2451 870 2674 942 quantis
2704 871 2862 924 malis
2889 869 3167 924 obnoxius
3187 870 3278 934 sit,
3311 886 3505 941 prose-

1895 961 2117 1032 quendo
2157 959 2472 1014 manifestat
2499 977 2512 1025 ;
2547 959 2844 1013 obsecrans
2872 955 2934 1011 ut
2962 958 3162 1016 horum
3192 958 3509 1013 reminisca-

1895 1064 2000 1121 tur,
2034 1063 2087 1111 et
2107 1072 2296 1112 vocem
2322 1054 2556 1123 Domini]
2581 1071 2640 1108 se
2679 1052 2991 1109 revocantis
3038 1053 3246 1118 audiat,
3279 1055 3507 1108 animae-

1893 1163 2000 1218 que
2030 1161 2145 1200 suaa
2175 1145 2859 1214 misereaturtEccli.xxxl,
2893 1149 2951 1197 ut
2981 1143 3213 1197 salutem
3237 1145 3507 1214 consequi

1887 1241 2163 1290 mereatur
2196 1251 2211 1300 ;
2252 1234 2405 1300 item,
2439 1248 2537 1304 pro
2569 1233 2911 1287 correctione
2943 1231 3120 1302 ipsius
3154 1232 3266 1286 Deo
3297 1232 3507 1304 gratias

1887 1347 2078 1401 agens,
2111 1336 2165 1383 et
2194 1345 2358 1384 orans
2378 1335 2437 1383 ut
2462 1326 2752 1384 confirmet
2783 1327 2927 1381 Deus
2959 1327 3107 1398 quod
3142 1333 3404 1396 operatus
3422 1337 3506 1381 est

1889 1418 1946 1472 in
1979 1435 2044 1474 eo
2068 1420 2232 1487 (Psal.
2258 1418 2438 1488 LXVII),
2473 1427 2531 1471 et
2589 1417 2682 1470 det
2727 1415 2806 1469 illi
2861 1424 2916 1468 et
2973 1415 3113 1470 velle
3145 1423 3198 1470 et
3239 1414 3505 1485 perficere

1889 1512 2088 1580 (Philip
2120 1510 2180 1580 ιι)
2211 1526 2334 1582 qum
2366 1509 2472 1563 sibi
2499 1516 2626 1563 sunt
2652 1506 2852 1578 placita
2881 1523 2978 1576 pro
3001 1506 3148 1560 bona
3206 1506 3506 1573 voluntate,

1885 1610 1939 1655 et
1964 1606 2162 1654 caetera
2179 1598 2766 1670 quaedamGrunhario
2802 1597 2920 1667 [ηις.
2942 1595 3265 1667 Grimhario]
3290 1597 3502 1664 abbati,

1888 1705 1986 1759 pro
2019 1690 2184 1744 rebus
2211 1696 2414 1744 sanctae
2443 1687 2621 1741 Mariae
2652 1694 2706 1740 et
2736 1687 2911 1742 sancti
2939 1685 3175 1758 Remigii
3226 1685 3281 1739 in
3333 1687 3509 1740 Aver-

1888 1783 2014 1837 nico
2047 1797 2188 1857 pago
2214 1782 2357 1847 sitis,
2391 1796 2526 1852 quas
2559 1779 2919 1833 interdixerat
2980 1777 3257 1832 Bernardo
3290 1779 3506 1842 comiti,

1889 1875 2158 1928 mandans
2189 1874 2319 1928 huic
2356 1873 2542 1927 abbati
2571 1880 2746 1925 uteas
2799 1868 3158 1934 describeret,
3209 1879 3263 1923 et
3317 1887 3505 1924 carum

1888 1963 2318 2034 descriptionem
2347 1962 2453 2017 sibi
2475 1961 2736 2015 deferret.
2761 1959 3051 2034 Adalgario
3065 1968 3258 2014 vocato
3291 1960 3512 2030 episco-

1889 2071 2088 2127 po,pro
2109 2055 2277 2109 rebus
2299 2052 2588 2108 Remensis
2604 2050 2854 2105 ecclesiae
2874 2050 2929 2103 in
2946 2048 3234 2119 Aquitanis
3263 2049 3512 2119 partibus

1887 2147 2326 2215 conjacentibus,
2387 2161 2523 2216 quas
2574 2142 2882 2198 Bernardus
2955 2139 3263 2195 Tolosanus
3319 2155 3510 2196 comes

1889 2245 2274 2309 occupaverat,
2308 2244 2362 2290 et
2392 2237 2520 2307 quia
2552 2235 2732 2306 pretio
2763 2249 2856 2288 eas
2875 2232 3132 2288 obtinere
3166 2247 3277 2287 non
3309 2231 3508 2301 potuil,

1892 2331 2307 2403 deprzedatione
2340 2326 2744 2400 pessumdedit,
2774 2325 2953 2378 donec
3008 2323 3153 2376 Deus
3183 2322 3311 2376 inde
3345 2337 3502 2374 suum

1886 2423 2160 2492 judicium
2191 2421 2437 2476 exercuit
2471 2436 2482 2472 :
2517 2432 2768 2489 quasque
2800 2415 2945 2470 idem
2980 2415 3218 2469 domnus
3252 2413 3508 2468 Hinema-

1891 2535 1984 2573 rus
2005 2517 2278 2588 Agilmaro
2301 2515 2566 2586 episcopo
2597 2511 2971 2577 commiserat,
2996 2509 3220 2580 quando
3234 2509 3404 2561 etiam
3438 2507 3506 2560 de

1893 2613 2138 2677 incestis,
2197 2618 2251 2666 et
2309 2607 2737 2680 usurpatoribus
2769 2621 2953 2659 rerum
3008 2603 3508 2657 ecclesiasticarum

1895 2700 2414 2768 libellum,jubente
2435 2714 2584 2771 rege,
2611 2696 2716 2767 ipsi
2742 2695 3004 2766 episcopo
3019 2694 3264 2748 dederat.
3291 2693 3512 2746 Manda-

1894 2805 1949 2852 ta
1967 2810 2188 2868 quoque
2219 2808 2320 2864 pro
2350 2791 2561 2846 eisdem
2590 2789 2756 2843 rebus
2787 2787 2854 2842 ad
2895 2787 3149 2844 eumdem
3185 2786 3508 2856 episc0pum

1896 2886 2174 2941 datahuic
2195 2884 2387 2958 dirigit
2420 2901 2432 2937 :
2463 2890 2598 2938 etut
2644 2897 2768 2935 cum
2826 2880 3026 2934 eodem
3088 2879 3191 2933 iste
3258 2893 3510 2950 quoque,

1894 2981 2224 3052 participato
2252 2962 2510 3044 consilio,
2548 2991 2648 3046 pro
2671 2975 2808 3046 ipsis
2854 2972 3020 3026 rebus
3050 2979 3282 3046 satagat,
3330 2974 3514 3028 horta-

1895 3082 2003 3138 tur,
2033 3072 2300 3143 quosdam
2330 3069 2632 3142 designans
2665 3081 2857 3137 pagos,
2888 3065 2943 3117 in
2972 3064 3177 3135 quibus
3195 3065 3404 3118 eaedem
3428 3081 3515 3118 res

168 3156 454 3230 dignetur.
488 3155 752 3210 Guntario
776 3154 986 3224 abbati,
1036 3170 1135 3224 pro
1180 3156 1420 3226 quodam
1477 3156 1790 3230 irreligioso
1816 3191 1866 3261 Ο
1895 3163 2272 3232 conjacerent,
2314 3157 2642 3213 Avernicum
2684 3156 2960 3220 videlicet,
3015 3154 3512 3226 Nigrummomen-

165 3247 466 3313 monacho,
495 3262 662 3317 quem
695 3245 764 3300 de
790 3247 1130 3301 monasterio
1163 3247 1533 3302 irreverenter
1564 3249 1789 3318 proprio

165 3337 331 3392 libitu
359 3336 624 3391 recedere
639 3335 892 3390 sciverat.
910 3335 1066 3390 Unde
1094 3335 1254 3390 valde
1272 3337 1786 3406 reprehenditeum,

164 3427 475 3483 ostendens
503 3443 570 3481 ex
623 3426 948 3480 auctoritate
1001 3426 1205 3499 regulae
1245 3427 1393 3497 quod
1428 3427 1500 3481 ita
1553 3443 1662 3481 non
1694 3428 1793 3481 de—

165 3519 386 3574 buisset
417 3534 544 3572 eum
577 3517 906 3582 dimittere;
966 3526 1267 3588 monetque
1326 3524 1386 3572 ut
1438 3535 1562 3573 cum
1621 3519 1791 3573 misso

170 3612 321 3686 regis
351 3609 726 3682 perquiratur,
759 3615 814 3663 et
843 3609 1368 3678 comprehendatur,
1403 3610 1648 3680 atquein
1686 3626 1797 3665 mo-

173 3702 486 3758 nasterium
517 3701 836 3770 reducatur,
855 3708 909 3756 et
941 3700 994 3754 in
1041 3701 1348 3756 arctissima
1391 3701 1641 3756 custodia
1700 3718 1794 3756 re-

172 3791 450 3855 trudatur,
476 3790 713 3860 ejusque
733 3789 910 3859 culpae
960 3788 1370 3853 describantur,
1425 3789 1649 3860 sibique
1704 3791 1805 3844 de-

172 3881 544 3953 scriptioipsa
573 3898 699 3937 cum
732 3881 942 3952 proprii
976 3881 1227 3952 episcopi
1279 3881 1479 3936 litteris
1509 3881 1800 3955 dirigatur,

173 3984 236 4030 ut
263 3974 574 4029 secundum
616 3989 799 4028 sacras
826 3973 1045 4047 regulas
1069 3989 1192 4028 cum
1226 3973 1458 4029 consilio
1509 3975 1802 4044 coepisco-

176 4083 386 4140 porum
418 4066 488 4121 de
509 4066 633 4138 ipso
665 4067 949 4121 decernat.
983 4065 1229 4127 Gozlino,
1261 4081 1361 4136 pro
1399 4067 1679 4121 Bernardo
1709 4082 1803 4122 ne-

179 4167 315 4232 pote
347 4160 546 4230 ipsius,
567 4159 663 4231 qui
684 4159 1018 4214 seditionem
1059 4165 1252 4214 contra
1284 4174 1468 4230 regem
1491 4159 1676 4213 moliri
1699 4147 1802 4213 fe-

180 4249 436 4315 rebatur,
467 4250 696 4305 bortans
715 4255 774 4303 ut
803 4249 872 4303 ab
904 4249 1008 4303 hac
1066 4249 1376 4304 intentione
1407 4248 1628 4304 studeat
1679 4265 1803 4303 eum

180 4357 470 4401 revocare.
534 4349 590 4396 et
642 4349 703 4396 ut
760 4341 884 4413 ipse
941 4340 1203 4396 Gozlinus
1251 4356 1352 4411 pro
1410 4342 1565 4397 nullo
1597 4342 1801 4396 carnali

179 4433 384 4489 aﬂectu
408 4450 438 4488 a
466 4440 615 4489 recta
640 4433 730 4489 via
760 4433 1038 4499 declinet;
1086 4431 1309 4488 fratrem
1371 4449 1596 4504 quoque
1644 4449 1803 4488 suum

181 4522 506 4579 Gozfridum
538 4533 912 4588 commoneat,
945 4531 1003 4578 ut
1025 4523 1190 4579 ambo
1217 4539 1494 4579 memores
1514 4533 1804 4596 parentum

179 4627 418 4668 suorum
466 4627 496 4666 a
518 4610 668 4666 fideli
691 4611 1013 4667 sinceritate
1035 4612 1175 4681 Enen
1236 4612 1577 4687 degenerem
1606 4632 1620 4679 ;
1655 4615 1807 4682 item,

181 4700 490 4775 quaerendo
519 4716 620 4755 cur
639 4699 708 4755 ad
744 4714 801 4754 se
832 4700 1060 4754 missum
1091 4701 1176 4754 vel
1213 4701 1420 4756 litteras
1448 4719 1554 4757 non
1601 4704 1812 4778 dirige-

182 4799 292 4858 ret,
317 4797 382 4845 ut
424 4787 605 4846 facere
636 4789 833 4847 solitus
893 4789 1093 4856 fuerat,
1134 4791 1433 4847 exhortans
1478 4800 1536 4846 ut
1594 4793 1647 4846 id
1698 4792 1812 4846 fre-

183 4889 428 4956 quenter
475 4897 576 4952 pro
620 4889 815 4936 mutua
859 4882 1162 4938 dilectione
1213 4890 1377 4954 atque
1429 4884 1812 4940 consolatione

185 4973 378 5028 facere
407 4971 650 5036 studeat;
682 4970 1174 5044 item,',signiﬁcans
1199 4974 1478 5045 quomodo
1510 4974 1580 5028 de
1612 4973 1814 5029 dilecto

189 5061 308 5118 filio
331 5061 384 5116 ei
417 5061 682 5116 Gozlinus
703 5060 850 5116 idem
883 5060 1059 5117 factus
1118 5063 1191 5118 sit
1222 5063 1507 5127 inimicus,
1540 5070 1595 5118 et
1634 5065 1818 5118 adhuc

190 5152 425 5208 charum
461 5149 638 5206 ﬁlium
666 5152 927 5207 eumdem
958 5152 1232 5221 nominat,
1264 5161 1320 5209 et
1351 5153 1582 5222 injurias
1607 5153 1714 5207 sibi
1745 5153 1814 5207 ab

191 5257 258 5299 eo
291 5242 476 5296 illatas
497 5257 610 5297 non
651 5242 828 5297 solum
871 5243 1168 5314 patienter,
1225 5245 1323 5298 sed
1378 5251 1434 5298 et
1478 5243 1720 5298 libenter
1756 5259 1815 5297 se

188 5332 336 5388 ferre
359 5333 663 5404 depromit,
687 5335 907 5405 acpetit
930 5341 991 5390 ut
1047 5335 1455 5401 reminiscatur,
1517 5335 1648 5405 quia
1707 5335 1816 5389 Re-

189 5423 403 5478 mensis
424 5424 666 5479 ecclesia
697 5440 823 5480 cum
888 5425 1236 5500 regeneravit
1280 5426 1335 5480 in
1397 5425 1634 5492 Christo,
1694 5432 1820 5481 ton-

189 5533 430 5590 sumque
448 5517 506 5572 in
533 5515 794 5573 clericum
818 5516 922 5572 sub
965 5517 1235 5590 religione
1282 5517 1574 5572 nutriverit
1631 5524 1687 5572 et
1719 5519 1822 5574 do-

186 5607 388 5674 cuerit,
423 5607 495 5663 de
526 5607 784 5680 captione
805 5623 1145 5682 paganorum
1170 5609 1489 5674 redemerit,
1519 5609 1586 5663 ad
1617 5610 1822 5681 gradus

189 5700 616 5759 Ecclesiasticos
653 5716 831 5773 usque
857 5701 928 5757 ad
957 5702 1312 5759 diaconatum
1334 5701 1670 5773 provexerit,
1693 5703 1821 5773 plu-

1869 5532 2268 5583 'conservent.
2327 5524 2581 5580 Notilicat
2634 5525 2798 5578 etiam
2863 5523 2940 5578 illi

1901 3249 2425 3320 sem,Lemovicum,
2451 3255 2504 3301 et
2529 3247 2830 3302 Pictavum.
2849 3246 2906 3299 lu
2941 3243 3065 3298 aliis
3091 3261 3313 3316 quoque
3335 3245 3515 3318 pagis,

1902 3360 2137 3419 quorum
2167 3358 2277 3396 non
2308 3339 2583 3404 meminit,
2607 3339 2706 3393 sed
2735 3339 2803 3393 ab
2837 3339 2943 3394 hoc
2974 3337 3182 3408 requiri
3211 3344 3379 3408 atque
3419 3339 3519 3392 de-

1901 3435 2092 3498 scribi,
2115 3431 2527 3502 sibiqueipsam
2560 3427 2992 3498 descriptionem
3025 3428 3166 3481 mitti
3188 3429 3340 3497 petit.
3371 3428 3521 3482 Lam-

1897 3527 2057 3580 berto
2087 3536 2332 3594 quoque,
2373 3534 2538 3589 quem
2587 3518 2753 3572 unice
2809 3516 3072 3571 dilectum
3104 3533 3167 3570 ac
3193 3517 3517 3572 visceralem

1898 3617 2068 3671 filium
2101 3630 2258 3668 suum
2291 3619 2579 3677 memorat,
2613 3611 2922 3667 admonens
2953 3621 3009 3684 et
3047 3615 3347 3669 exhortans
3381 3631 3523 3686 qua-

1900 3712 2030 3766 liter
2058 3723 2221 3781 agere
2244 3705 2447 3761 debeat
2469 3721 2598 3777 erga
2628 3703 2772 3770 illos,
2807 3705 2952 3759 inter
2981 3721 3122 3776 quos
3154 3707 3524 3761 conversaba-

1906 3809 2013 3869 tur,
2038 3811 2092 3856 et
2123 3799 2216 3872 qui
2249 3814 2371 3855 cum
2405 3796 2634 3851 electuri
2694 3811 2817 3850 esse
2848 3796 3184 3853 videbantur
3212 3800 3278 3853 ad
3309 3799 3528 3870 cpisco-

1905 3900 2092 3965 patum
2125 3893 2487 3946 Mettensem:
2528 3887 2808 3959 praecipue
2848 3902 3084 3942 monens
3108 3897 3319 3960 pestem
3347 3890 3530 3946 Simo-

1905 3982 2078 4036 niacae
2143 3980 2418 4033 haereseos
2496 3976 2550 4029 in
2618 3975 2876 4030 omnibus
2940 3992 3252 4046 praecavere
3288 4018 3301 4033 .
3395 3978 3531 4043 Quia

1903 4072 2194 4144 proficere,
2227 4069 2424 4142 inquit,
2459 4069 2516 4122 in
2544 4067 2924 4123 ecclesiastico
2956 4069 3130 4142 gradu
3164 4084 3274 4124 non
3299 4071 3524 4140 poterit,

1906 4163 2000 4234 qui
2032 4162 2100 4216 ad
2132 4162 2235 4215 hoc
2262 4167 2321 4214 ut
2358 4159 2654 4213 haereticus
2708 4156 2822 4224 fiat,
2883 4164 3260 4228 promovetur.
3321 4157 3532 4212 Suadet

1908 4254 2072 4310 etiam
2100 4260 2158 4307 ut
2198 4251 2446 4327 regulam
2487 4250 2818 4321 pastoralem
2873 4249 3048 4305 sancti
3103 4249 3346 4324 Gregorii
3377 4250 3531 4304 festi-

1906 4354 2104 4401 nanter
2133 4345 2280 4419 legat
2311 4360 2371 4399 ac
2393 4350 2580 4398 mente
2639 4342 2921 4404 recondat,
2957 4349 3011 4396 et
3042 4342 3348 4397 secundum
3382 4358 3532 4397 eam-

1907 4440 2032 4494 dem
2059 4436 2306 4511 regulam
2352 4452 2411 4490 se
2468 4434 2704 4489 interius
2764 4439 2818 4488 et
2871 4433 3112 4488 exterius
3144 4433 3199 4488 in
3227 4434 3392 4497 viam,
3428 4451 3536 4504 qua

1840 4534 1975 4630 Dad
2017 4529 2767 4627 episcopatumpervenitur,
2802 4527 3025 4626 dirigat,
3059 4535 3114 4583 et
3147 4545 3244 4599 per
3279 4545 3445 4600 quam
3481 4529 3537 4583 in

1917 4621 2238 4693 episcopatu
2265 4618 2333 4672 ad
2367 4617 2530 4672 vitam
2563 4624 2824 4671 aeternam
2860 4615 3126 4682 tenditur,
3161 4618 3428 4692 corrigat,
3461 4617 3540 4670 si-

1912 4712 2183 4786 gniﬁcans
2203 4726 2260 4765 se
2285 4709 2477 4763 amicis
2503 4709 2638 4770 suis,
2669 4715 2776 4762 tam
2806 4708 3088 4778 episcoriis
3118 4725 3285 4779 quam
3317 4709 3540 4763 comiti-

1913 4807 2021 4862 bus
2050 4803 2206 4878 regni
2271 4800 2512 4858 Lotharii
2571 4816 2671 4872 pro
2727 4817 2794 4856 eo
2826 4800 3039 4855 litteras
3079 4800 3345 4874 dirigere,
3375 4799 3537 4854 ﬁdem

1918 4897 2120 4960 facere,
2154 4895 2284 4967 quia
2306 4895 2375 4950 de
2404 4892 2654 4950 consiliis
2684 4901 2737 4947 et
2767 4891 3086 4947 salubribus
3139 4891 3316 4962 ipsius
3334 4892 3538 4947 exhor-

1915 4986 2224 5044 tationibus
2247 5001 2360 5042 non
2376 4983 2644 5048 deviabit,
2671 4983 2922 5054 petitque
2938 4997 3005 5037 ne
3034 4981 3356 5036 mendacem
3375 4997 3546 5051 super

1920 5078 2008 5133 his
2071 5077 2216 5148 apud
2276 5077 2483 5132 amicos
2518 5092 2644 5130 eum
2701 5075 2884 5130 iaciat.
2935 5073 3146 5144 Hugoni
3190 5072 3402 5139 abbati,
3448 5089 3544 5144 pro

1917 5170 2188 5225 electione
2216 5168 2600 5224 Noviomensis
2632 5166 2878 5237 episcopi
2899 5172 3022 5237 post
3044 5165 3334 5220 decessum
3370 5165 3548 5238 Bage-

1917 5258 2117 5324 nclini,
2146 5265 2344 5328 petens
2374 5268 2434 5311 ut
2465 5257 2716 5311 hortetur
2758 5270 2917 5325 reges
2969 5253 3305 5309 Ludovicum
3339 5262 3393 5308 et
3418 5254 3546 5309 Kar-

1918 5348 2240 5402 lomannum
2288 5346 2416 5414 (18),
2461 5351 2739 5416 quatenus
2793 5343 3130 5398 voluntatem
3167 5343 3283 5407 Dei,
3320 5352 3551 5398 etame-

1921 5450 2202 5491 cessorum
2269 5451 2493 5489 suorum
2559 5431 3023 5488 consuetudinem
3094 5431 3149 5485 in
3219 5433 3323 5487 hac
3385 5450 3550 5487 causa

3001 5523 3216 5579 obitum
3275 5524 3548 5579 Hincmari

1924 5615 2144 5686 nepotis
2205 5614 2290 5669 sui
2348 5613 2733 5668 Laudunensis
2783 5613 3054 5684 episcOpi,
3107 5629 3309 5685 rogans
3340 5623 3398 5668 ut
3449 5630 3552 5683 pro

1926 5704 2046 5771 ejus
2084 5702 2282 5757 animze
2306 5702 2554 5758 remedio
2587 5719 2687 5774 per
2713 5702 2996 5771 subjectos
3017 5718 3081 5757 ac
3101 5701 3397 5757 familiares
3414 5718 3545 5756 suos

267 5801 380 5871 (18)
425 5801 488 5858 lli
520 5806 682 5857 erant
711 5801 810 5856 filii
843 5801 1105 5858 Ludovici
1132 5801 1287 5858 Balbi
1317 5819 1379 5858 ac
1398 5808 1636 5872 nepotes
1664 5801 1839 5857 Caroli
1873 5801 2038 5858 Calvi.

494 5907 782 5970 PATROL.
834 5907 1169 5970 CXXXV.

3111 5909 3148 5966 8
