3912 6466
406 322 512 383 235

1507 331 1884 386 FLODOARDI
1926 331 2231 386 CANONlCl
2274 333 2621 391 REMENSIS.

3635 340 3740 394 236

407 459 624 516 Domini
661 459 1098 516 misericordiam
1131 460 1416 531 deprecari
1449 467 1660 535 satagat
1718 462 1834 532 [τηε.
1867 468 2018 516 sata-
2052 465 2100 532 Α
2127 465 2324 519 eodem
2356 474 2630 536 coempta,
2689 481 2852 537 quam
2908 465 3129 536 quidam
3176 481 3368 522 eorum
3420 467 3528 522 sibi
3558 467 3740 522 subri-

405 549 577 624 gaut].
609 551 765 616 Item,
798 556 858 604 ut
889 548 1131 620 praefatis
1178 549 1404 624 regibus
1438 551 1778 606 necessarios
1808 552 2021 607 consti-

405 646 522 695 tuat
550 639 830 706 nutritios,
863 642 992 712 quia
1017 643 1182 696 nimis
1213 643 1476 711 juvenem
1520 643 1804 698 habebant
1835 644 2020 699 consi-

403 728 649 796 liarium,
677 737 732 784 et
762 731 830 784 de
863 731 950 784 his
971 747 1091 801 qua)
1122 730 1227 784 sibi
1249 731 1417 785 iidem
1449 747 1609 803 reges
1640 746 1737 801 pro
1768 729 2019 784 custodia

404 817 766 874 Tornacensis
790 819 1066 890 parochias
1093 820 1155 890 [j,
1179 836 1277 891 pro
1308 821 1674 876 custodienda
1703 821 2016 875 Tornacen-

405 909 450 962 si
484 910 764 998 parochial
815 912 1228 978 mandaverant,
1283 919 1338 967 et
1387 913 1520 983 quid
1578 913 1695 982 ipse
1724 928 1894 982 super
1932 913 2018 966 his

406 1010 611 1074 egerat,
642 1002 846 1074 quidve
904 1003 983 1057 illi
1042 1012 1236 1075 postea
1266 1005 1732 1071 remandaverint,
1775 1006 1859 1059 vel
1883 1005 2018 1076 quid

407 1088 526 1159 ipse
555 1090 906 1162 rescripserit
949 1092 1032 1146 eis
1082 1093 1402 1148 nolentibus
1455 1110 1741 1149 assensum
1767 1092 2018 1165 praebere

403 1195 572 1249 super
598 1179 871 1235 electione
900 1182 1165 1237 canonica
1181 1181 1417 1252 praefatae
1431 1183 1814 1237 Noviomensis
1831 1182 2019 1238 Eccle-

402 1267 500 1322 siae
531 1286 545 1334 ;
581 1278 634 1323 et
661 1269 792 1340 quia
823 1270 941 1340 ipse
973 1271 1110 1324 nihil
1141 1271 1271 1325 inde
1297 1271 1684 1346 aliudgcgerat,
1718 1272 1826 1326 nisi
1867 1273 2016 1343 quod

403 1373 504 1427 per
541 1359 766 1432 triginta
805 1367 858 1414 et
884 1360 1130 1431 quinque
1153 1375 1329 1422 annos
1357 1360 1411 1413 in
1445 1360 1758 1428 hujusmodi
1792 1361 2016 1434 negotio

404 1450 601 1505 solitus
623 1459 758 1506 crat.
791 1452 852 1506 Et
873 1453 1006 1522 quid
1045 1452 1150 1506 sibi
1201 1454 1518 1508 mandatum
1552 1460 1743 1524 postea
1773 1471 1838 1509 ex
1863 1462 2016 1525 parte

405 1554 620 1611 regum,
653 1541 738 1594 vel
769 1540 945 1611 ipsius
1000 1541 1246 1614 Hugonis
1277 1543 1331 1595 in
1386 1543 1489 1597 hac
1515 1559 1682 1598 causa
1711 1560 1812 1614 per
1832 1543 2018 1598 Wari-

406 1643 541 1682 num
579 1629 838 1684 clericum
869 1628 1056 1695 fuerit,
1091 1646 1338 1700 quasque
1365 1631 1576 1685 litteras
1591 1632 1792 1688 deinde
1810 1632 2021 1703 praefati

403 1737 564 1794 reges
593 1721 774 1775 cidem
802 1721 1072 1775 miserint.
1095 1721 1417 1794 Adjungens
1439 1739 1720 1779 sacrorum
1747 1741 2017 1781 canonum

406 1810 781 1883 promulgatas
822 1827 1000 1882 super
1047 1812 1317 1867 electione
1347 1815 1615 1869 canonica
1645 1817 2020 1884 auctoritates,

404 1911 460 1958 et
488 1904 809 1969 ostendens,
843 1905 990 1974 quod
1033 1919 1144 1959 non
1176 1905 1425 1975 episcOpi
1484 1907 1554 1962 de
1588 1908 1789 1976 palatio
1824 1910 2023 1980 preci-

403 1998 629 2067 piantur
659 1997 812 2070 eligi,
846 1997 944 2050 sed
974 1997 1045 2050 de
1090 1999 1315 2068 pr0pria
1364 1998 1616 2068 qualibet
1673 2000 1937 2067 Ecclesia,
1967 2009 2022 2057 et

405 2090 554 2160 quod
587 2089 655 2142 de
687 2088 998 2144 ordinando
1026 2089 1312 2159 epiSCOpo,
1345 2105 1454 2144 non
1487 2091 1633 2162 regis
1655 2093 2023 2162 velpalatino-

405 2201 525 2239 rum
557 2183 724 2237 debet
752 2199 873 2237 esse
891 2183 1422 2247 commendatio,sed
1449 2184 1578 2238 cleri
1625 2194 1678 2239 et
1705 2186 1884 2256 plebis
1906 2187 2022 2240 ele-

403 2273 534 2341 ctio,
567 2281 622 2326 et
649 2272 1061 2340 metropolitani
1081 2272 1136 2325 in
1156 2272 1426 2327 electione
1452 2272 1797 2342 dijudicatio,
1815 2275 2020 2330 deinde

403 2365 610 2418 terreni
642 2364 910 2434 principis
939 2364 1252 2428 consensio,
1286 2374 1340 2419 et
1370 2365 1450 2420 sic
1464 2363 1581 2419 fieri
1631 2366 2020 2436 episcOporum

404 2473 602 2512 manus
632 2457 936 2526 impositio;
991 2472 1246 2512 asserens
1300 2471 1400 2526 pro
1429 2462 1581 2512 certo
1634 2457 1783 2528 quod
1814 2457 1932 2526 ipse
1963 2458 2020 2511 in

404 2551 683 2605 neminem
714 2548 1028 2621 specialiter
1056 2547 1391 2614 intenderet,
1434 2547 1538 2602 nisi
1570 2556 1630 2602 ut
1656 2549 1893 2619 quisque
1924 2550 2018 2616 sit,

402 2644 710 2699 secundum
741 2657 950 2697 sacram
1009 2640 1392 2695 auctoritatem
1447 2641 1516 2694 ad
1575 2641 1680 2696 hoc
1729 2643 2021 2699 accederet

403 2734 671 2800 officium,
704 2742 761 2788 et
814 2732 962 2802 quod
1002 2731 1251 2801 spiritale
1316 2731 1684 2786 ministerium
1751 2733 2012 2802 postulat,

404 2822 573 2878 sciret
623 2837 685 2876 ac
731 2821 955 2887 faceret,
1003 2829 1109 2874 etc.
1174 2821 1309 2874 Item
1368 2821 1597 2875 mittens
1655 2822 1706 2875 ei
1737 2823 2019 2893 exemplar

404 2910 672 2981 epistolae,
701 2924 865 2980 quam
893 2907 1008 2980 regi
1041 2906 1260 2971 Karolo,
1303 2907 1566 2962 Ludovici
1594 2909 2018 2964 Transrhenan-

403 2999 478 3053 sis
503 2995 618 3054 filio
646 2997 944 3061 direxerat,
980 3011 1078 3066 pro
1134 2994 1363 3068 regibus
1410 2995 1592 3051 adhuc
1621 2997 1810 3066 pueris
1836 2999 2018 3054 Ludo-

2121 556 2302 627 piens,
2328 561 2704 623 usurpaverat.
2761 553 2913 607 Unde
2947 553 3200 622 miratur,
3229 555 3275 608 si
3308 555 3413 610 hoc
3443 554 3642 610 fratres
3668 556 3742 610 ita

2122 647 2241 701 ﬁeri
2272 646 2626 702 cohibuerint
2655 645 2724 699 de
2742 660 2830 710 eo,
2850 645 2945 715 qui
2974 645 3028 698 in
3051 645 3227 710 nullo,
3253 655 3518 717 quantum
3550 647 3741 702 memi-

2121 737 2221 802 nit,
2245 735 2455 790 inutilis
2503 735 2584 789 eis
2615 734 2734 798 fuit,
2794 735 2892 788 sed
2925 735 3067 789 sicut
3099 734 3208 788 illis
3237 741 3369 789 tunc
3397 735 3576 788 visum
3618 733 3742 790 fue-

2123 835 2223 893 rat,
2259 827 2314 880 in
2338 828 2525 881 multis
2552 826 2706 880 utilis
2738 834 2791 879 et
2845 827 3192 880 necessarius
3219 826 3364 897 apud
3395 842 3492 880 eos
3518 827 3740 892 mansit,

2121 927 2174 972 et
2201 935 2310 974 non
2346 918 2561 973 modica
2609 919 2691 972 eis
2738 917 2983 972 obtinuit
3031 924 3086 972 et
3113 917 3436 972 reobtinuit.
3474 917 3592 972 Non
3624 919 3746 972 haec

2119 1010 2246 1066 ideo
2278 1011 2491 1078 dicens,
2523 1019 2582 1065 ut
2610 1010 2718 1065 sibi
2747 1011 2991 1082 pretiosa
3005 1010 3191 1065 sitilla
3221 1010 3420 1065 domus
3453 1009 3522 1064 ad
3551 1019 3746 1064 tenen-

2119 1103 2272 1170 dum,
2297 1103 2380 1158 vel
2402 1102 2684 1168 corticula,
2725 1102 2847 1157 sine
2893 1102 3180 1169 charitate,
3215 1101 3416 1173 inquit,
3459 1109 3663 1166 vestra,
3691 1109 3746 1156 et

2119 1200 2315 1248 caetera
2349 1211 2362 1258 ;
2396 1193 2545 1259 item,
2578 1191 2832 1266 Wiligiso
2861 1207 2986 1246 cum
3018 1191 3233 1246 cateris
3263 1181 3511 1259 ejusdem
3547 1206 3747 1245 mona—

2119 1281 2272 1336 sterii
2295 1280 2603 1350 monachis,
2633 1280 2702 1335 de
2733 1295 2800 1334 eo
2832 1280 2981 1350 quod
3032 1280 3285 1334 audierat
3313 1295 3410 1334 eos
3439 1295 3470 1333 a
3498 1279 3743 1350 quodam

2118 1373 2438 1444 presbytero
2469 1372 2705 1443 pretium
2729 1387 2975 1442 quaerere
2989 1387 3088 1442 pro
3116 1370 3524 1436 decima;unde
3565 1375 3749 1426 maxi-

2117 1477 2262 1514 mam
2295 1477 2356 1514 se
2380 1460 2772 1515 verecundiam
2801 1460 2936 1514 dicit
2965 1460 3170 1514 habere
3216 1469 3443 1530 prOpter
3477 1460 3618 1515 alios
3644 1461 3750 1516 ho—

2121 1553 2323 1618 mines,
2348 1553 2443 1624 qui
2472 1554 2578 1608 hoc
2608 1553 2849 1608 audituri
2904 1559 3081 1607 erant.
3112 1551 3266 1617 Quod
3299 1558 3562 1623 quantum
3599 1553 3753 1623 peri-

2121 1644 2304 1701 culum
2329 1644 2426 1710 sit,
2445 1645 2526 1698 eis
2557 1661 2622 1700 ex
2669 1645 2858 1699 divina
2891 1644 3133 1700 ostendit
3186 1644 3534 1710 auctoritate,
3567 1652 3623 1698 et
3648 1661 3752 1699 ca-

2121 1748 2325 1788 nonum
2363 1732 2829 1804 promulgatione,
2869 1747 2933 1786 ac
2970 1730 3174 1786 deinde
3209 1749 3220 1785 :
3263 1757 3288 1779 «
3330 1731 3502 1794 Absit,
3536 1733 3749 1803 inquit,

2121 1823 2338 1890 fratres,
2385 1833 2444 1879 ut
2498 1824 2590 1878 alii
2633 1823 2994 1879 ecclesiastici
3025 1831 3080 1878 et
3107 1823 3352 1899 religiosi
3379 1823 3610 1879 virihoc
3635 1841 3753 1879 au-

2122 1913 2292 1978 diant,
2328 1913 2458 1984 quia
2502 1913 2755 1967 monachi
2788 1912 2857 1966 de
2920 1912 3253 1967 monasterio
3291 1911 3465 1966 sancti
3495 1912 3750 1983 Dionysii

2122 2003 2392 2057 decimam
2437 2003 2678 2056 vendere
2729 2008 3003 2072 quierunt,
3054 2010 3114 2056 ut
3166 2001 3235 2054 de
3284 2002 3403 2072 ipso
3449 2002 3626 2072 pretio
3656 2003 3751 2055 in—

2121 2091 2336 2148 fernum
2368 2099 2709 2164 comparent.
2743 2093 2909 2148 Multo
2942 2094 3118 2166 magis
3145 2102 3329 2147 autem
3357 2093 3518 2158 absit,
3552 2101 3611 2148 ut
3639 2095 3754 2149 hoc

2121 2185 2246 2241 laici
2303 2185 2552 2249 audiant,
2599 2183 2747 2254 quod
2779 2198 2942 2239 nemo
2991 2183 3156 2237 etiam
3207 2183 3449 2252 peccatis
3500 2183 3752 2253 publicis

2122 2277 2501 2347 implicatusin
2517 2275 2913 2346 meaparochia
2949 2274 3129 2329 facere
3158 2275 3344 2329 audet.
3379 2275 3431 2328 Si
3455 2276 3602 2329 enim
3638 2277 3754 2329 ali-

2121 2369 2245 2438 quis
2274 2368 2343 2422 de
2374 2369 2481 2424 alio
2525 2367 2864 2423 monasterio
2905 2383 3067 2438 quam
3101 2366 3168 2421 de
3226 2372 3416 2421 nostro
3478 2367 3582 2420 hoc
3613 2372 3752 2420 ten-

2121 2469 2257 2527 tare,
2295 2470 2502 2531 quanto
2552 2461 2726 2532 magis
2773 2459 2952 2513 facere
3010 2467 3372 2529 praesumeret
3410 2502 3422 2523 ,
3480 2457 3548 2512 ab
3592 2459 3752 2513 omni

2121 2552 2514 2606 communione
2547 2551 2698 2605 illum
2732 2551 2801 2605 de
2833 2551 3094 2620 parochia
3123 2567 3246 2604 mea
3287 2549 3752 2604 excommunica-

2122 2656 2256 2706 rem,
2297 2660 2316 2688 ι
2352 2649 2455 2694 etc.
2483 2640 2639 2703 Item,
2699 2638 2909 2692 eisdem
2956 2637 3265 2702 monachis,
3300 2652 3398 2707 pro
3431 2636 3753 2692 visitatione

2119 2726 2318 2780 divinae
2363 2725 2763 2791 miserationis,
2789 2740 2898 2794 qua
2940 2723 3255 2777 admonitus
3287 2723 3408 2777 dies
3443 2739 3576 2778 suos
3602 2724 3754 2779 sicut

2119 2817 2369 2871 umbram
2397 2817 2704 2871 declinasse
2749 2815 2901 2882 dicit,
2955 2823 3008 2868 et
3056 2831 3115 2868 se
3143 2815 3285 2868 sicut
3315 2815 3505 2869 fenum
3536 2817 3756 2871 arruis-

2118 2929 2179 2967 se
2219 2914 2381 2977 (Psal.
2443 2899 2577 2981 et):'
2610 2910 2833 2964 mittens
2880 2925 3070 2964 eorum
3129 2909 3416 2979 obsequiis
3472 2912 3749 2967 tantulam

2120 3006 2590 3071 benedictionem,
2625 3005 2895 3060 ducentos
2944 3003 3153 3058 scilicet
3205 3003 3412 3058 solidos
3461 3004 3529 3058 de
3571 3007 3750 3061 meris

403 3047 477 3053 ---
503 3047 614 3054 nm
981 3047 1069 3066 τί-
1623 3047 1806 3066 ..η-η
1836 3047 1982 3054 -ην
2121 3047 2590 3071 νυ..υμ.υ..υ..υ...,
2626 3047 2895 3060 ι.ι.νν...νυ
2945 3047 3153 3058 suum.
3205 3047 3412 3058 -v..-“
3462 3047 3529 3058 μυ
3573 3047 3749 3061 .........

401 3089 524 3144 vico
557 3096 612 3142 et
642 3086 1032 3150 Karlomanno,
1061 3085 1400 3155 hortansque
1432 3092 1493 3138 ut
1521 3085 1566 3138 si
1600 3087 1844 3156 potuerit
1874 3087 2019 3142 obti-
2049 3047 2098 3115 Ο
2120 3096 2399 3161 denariis;
2431 3103 2741 3165 petensque
2771 3100 2832 3147 ut
2891 3092 3038 3162 apud
3068 3107 3419 3146 communem
3444 3099 3749 3162 patronum

404 3184 553 3245 neat,
566 3175 996 3248 quatenusidem
1012 3173 1242 3228 Karolus
1257 3172 1409 3244 (quia
1430 3171 1505 3226 fili
1515 3189 1606 3227 um
1626 3189 1739 3230 non
1754 3174 2018 3248 habebat)

402 3288 573 3326 unum
606 3288 671 3324 ex
703 3269 790 3323 his
831 3266 1037 3340 regulis
1085 3264 1193 3320 sibi
1225 3265 1451 3335 adoptet
1501 3265 1556 3319 in
1602 3265 1796 3334 ﬁlium,
1831 3275 1884 3322 et
1914 3268 2017 3323 sub

400 3378 566 3418 manu
594 3360 728 3415 boni
781 3373 845 3412 ac
882 3354 1091 3411 strenui
1123 3354 1296 3423 bajuli
1355 3355 1424 3409 ad
1483 3356 1591 3410 hoc
1631 3371 1756 3410 eum
1819 3357 2016 3412 nutriri

400 3454 588 3520 faciat,
619 3458 677 3507 ut
695 3449 803 3504 sibi
834 3447 1110 3502 haeredem
1141 3452 1235 3500 aut
1273 3445 1328 3499 in
1350 3452 1550 3513 totum,
1591 3456 1688 3504 aut
1717 3450 1771 3504 in
1805 3461 2016 3523 partem

396 3551 634 3608 statuat;
669 3550 722 3596 et
750 3545 809 3594 ut
829 3546 1041 3594 secrete
1094 3538 1248 3612 Hugo
1278 3537 1426 3608 apud
1467 3538 1721 3597 Karolum
1745 3542 2018 3610 obtineat,

398 3650 509 3706 quo
540 3641 593 3688 et
622 3633 821 3686 horum
848 3642 1164 3699 puerorum,
1195 3633 1249 3681 et
1280 3627 1438 3701 regni
1478 3627 1644 3695 hujus
1667 3645 1888 3684 causam
1918 3647 2018 3685 su-

399 3742 499 3796 per
524 3741 586 3778 se
613 3731 780 3778 totam
805 3717 1093 3788 suscipiat,
1128 3725 1186 3772 et
1223 3733 1457 3788 quaeque
1487 3717 1836 3790 disponenda
1865 3722 2019 3796 regio

397 3814 599 3869 suntin
622 3807 1089 3877 ministerio,ipse
1121 3807 1399 3877 diSponat.
1448 3807 1795 3862 Praemittens
1824 3810 2014 3879 etiam,

395 3919 455 3964 ut
506 3908 712 3977 scripta
777 3919 879 3958 sua
918 3945 934 3964 ,
1022 3916 1146 3972 quae
1225 3901 1421 3957 Karolo
1509 3901 1826 3970 mittebat,
1899 3905 2017 3973 ipse

398 4002 573 4075 Hugo,
621 3997 668 4050 si
715 3995 1055 4049 haberentur
1105 3992 1282 4061 utilia,
1361 4000 1415 4047 et
1473 3992 1849 4059 rationabilia,
1912 4011 2014 4051 suo

394 4088 634 4162 sapienti
683 4085 918 4142 consilio
998 4090 1053 4138 et
1126 4083 1385 4154 prudenti
1455 4090 1824 4155 prosequatur
1892 4094 2015 4141 stu—

395 4184 487 4239 dio
544 4200 558 4247 ;
617 4181 702 4235 sin
769 4193 930 4233 secus
995 4177 1157 4246 quam
1225 4175 1367 4229 inibi
1428 4176 1658 4232 deberet
1722 4179 2009 4235 invenire-

393 4279 501 4340 tur,
569 4269 851 4339 sapicnter
926 4265 1061 4318 illud
1142 4271 1503 4332 commutare,
1595 4267 1682 4320 vel
1757 4267 1802 4320 si
1871 4267 2012 4325 foret

396 4374 622 4414 necesse
645 4356 777 4428 quid
832 4353 1060 4420 addere,
1108 4353 1195 4407 vel
1235 4353 1492 4409 obtinere
1522 4361 1814 4428 satageret.
1850 4358 2008 4427 Item,

396 4464 495 4519 pro
542 4445 816 4500 mandatis
867 4441 1126 4498 Ludovici
1159 4442 1464 4498 Germaniae
1496 4446 1661 4517 regis,
1699 4461 1765 4500 ac
1796 4448 2012 4504 suasio-

395 4513 561 4591 nibus
591 4552 605 4599 ;
639 4534 815 4604 primo
846 4532 1061 4588 scilicet
1090 4537 1146 4584 ut
1166 4531 1460 4604 episcopos
1487 4513 1777 4588 Bernensis
1797 4513 2052 4592 dioece-l

393 4644 520 4684 seos
549 4626 730 4680 eidem
761 4624 876 4698 regi
909 4623 1056 4694 apud
1087 4624 1419 4679 Attiniacum
1460 4623 1657 4680 obvios
1695 4626 1774 4681 ire
1811 4629 2010 4697 praaci-

394 4722 552 4793 piat;
587 4716 834 4773 secundo
857 4725 915 4770 ut
947 4715 996 4769 ei
1055 4716 1347 4771 consilium
1405 4717 1710 4784 remandet,
1770 4720 2011 4790 qualiter

393 4812 542 4867 istud
573 4827 802 4885 regnum
834 4809 1114 4878 disponat,
1139 4809 1274 4878 quid
1298 4809 1561 4865 videlicet
1588 4810 1658 4864 ad
1689 4811 1806 4867 haec
1828 4811 2014 4868 missis

392 4901 639 4970 ejusdem
673 4899 819 4972 regis
842 4897 1196 4967 respondeat,
1223 4906 1278 4951 et
1307 4896 1354 4951 si
1381 4896 1688 4953 Ludovicus
1711 4899 2012 4970 ipseadve—

392 4993 557 5060 nerit,
589 5000 646 5048 et
672 4989 950 5065 rogaverit
979 4995 1038 5043 ut
1069 5005 1196 5042 eum
1229 4987 1286 5041 in
1316 5004 1503 5062 regem
1550 4999 1855 5059 consecret,
1873 4993 2008 5064 quid

390 5095 444 5140 et
483 5082 721 5156 qualiter
747 5080 880 5136 inde
923 5081 994 5134 sit
1045 5078 1124 5132 illi
1180 5079 1479 5153 agendum,
1513 5086 1618 5136 etc.
1653 5079 1925 5138 Praeterea
1953 5093 2008 5139 et

387 5173 496 5228 alia
525 5171 778 5244 quaedam
804 5169 988 5225 abbati
1020 5167 1216 5223 scribit
1245 5167 1447 5222 eidem.

1013 5275 1222 5330 CAPUT
1253 5275 1383 5330 XXV

519 5368 647 5433 Qum
673 5367 1059 5434 sacerdotibus,
1078 5367 1161 5420 vel
1179 5367 1521 5421 monasteriis
1549 5364 1874 5436 quibusdam

1083 5458 1327 5524 scripsit.

455 5561 760 5616 Gautsuino
791 5565 1065 5620 sacerdoti
1132 5573 1187 5618 et
1245 5564 1460 5620 caeteris
1517 5564 1780 5619 fratribus
1811 5565 1998 5619 Deoet

382 5661 572 5708 sancto
615 5652 887 5722 Dionysio
937 5655 1310 5711 servientibus
1363 5656 1557 5711 scribit
1602 5672 1701 5727 pro
1757 5657 1994 5728 quadam

381 5737 547 5798 domo
575 5739 683 5796 sibi
706 5741 982 5812 quondam
1007 5742 1074 5797 ab
1103 5742 1238 5812 ipsis
1267 5759 1553 5813 concessa,
1577 5753 1631 5799 et
1660 5761 1725 5800 ex
1751 5753 1907 5815 parte
1924 5745 1992 5800 ab

2118 3187 2497 3242 beatissimum
2542 3185 2860 3257 Dionysium
2916 3185 2970 3238 in
3043 3183 3211 3238 sacris
3267 3183 3611 3239 orationibus
3662 3187 3752 3239 sui

2121 3279 2440 3333 memoriam
2483 3277 2692 3352 jugiter
2740 3274 3010 3330 haberent
3068 3291 3082 3339 ;
3134 3289 3372 3350 poscens
3427 3273 3590 3327 etiam
3644 3291 3751 3344 pro

2122 3374 2386 3428 Haimone
2417 3371 2568 3427 fideli
2617 3387 2716 3426 suo
2757 3385 2899 3441 pene
2938 3370 2994 3423 in
3025 3368 3286 3423 extremis
3325 3369 3525 3438 posito,
3571 3386 3747 3439 quem

2119 3465 2380 3519 dilectum
2413 3462 2587 3518 filium
2617 3479 2776 3518 suum
2836 3460 3102 3516 nominat.
3148 3459 3469 3514 Fulcramno
3493 3459 3574 3530 [i.,
3610 3460 3748 3514 Ful-

2121 3559 2344 3630 cranno]
2401 3557 2721 3629 prmposito,
2769 3562 2824 3609 et
2890 3552 3151 3608 fratribus
3229 3551 3549 3606 monasterii
3605 3551 3748 3607 Cor-

2121 3650 2382 3715 beiensis,
2452 3648 2701 3703 scribens
2753 3660 2850 3716 pro
2891 3644 3163 3698 electione
3192 3642 3410 3696 abbatis
3440 3643 3520 3696 eis
3546 3659 3577 3696 a
3611 3659 3745 3716 rege

2121 3759 2404 3808 concessa,
2431 3757 2641 3812 proque
2672 3740 2879 3794 litteris
2925 3739 3092 3812 regiis
3141 3753 3309 3807 super
3339 3737 3533 3790 eadem
3569 3753 3649 3799 re,
3688 3747 3744 3793 et

2119 3835 2356 3890 adventu
2393 3834 2568 3904 ipsius
2595 3831 2784 3887 domni
2839 3829 3112 3885 Hincmari
3145 3829 3215 3883 ad
3241 3845 3353 3884 eos.
3400 3829 3553 3883 Unde
3581 3830 3741 3884 illum

2120 3927 2534 3989 consuluerant,
2567 3924 2784 3979 instruit
2840 3923 3012 3993 ipsos,
3065 3921 3303 3992 qualiter
3360 3920 3415 3974 in
3474 3921 3575 3974 hac
3624 3923 3745 3976 ele-

2118 4020 2298 4076 ctione
2331 4019 2412 4073 eis
2441 4019 2511 4072 sit
2542 4017 2816 4091 agendum
2874 4015 3179 4069 secundum
3232 4012 3536 4068 doctrinam
3591 4013 3742 4069 beati

2117 4112 2287 4166 Patris
2313 4110 2614 4176 Benedicti,
2648 4115 2708 4164 ut
2757 4109 2812 4162 in
2861 4106 3122 4162 omnibus
3153 4106 3467 4178 magistram
3489 4120 3741 4176 sequan-

2113 4211 2203 4258 tur
2223 4204 2491 4277 regulam,
2525 4218 2627 4257 nec
2673 4210 2882 4256 temere
2935 4199 3004 4254 ab
3062 4215 3128 4253 ea
3161 4198 3470 4252 declinetur
3525 4214 3554 4250 a
3587 4215 3739 4269 quo-

2113 4309 2297 4364 quam,
2330 4298 2524 4363 utpote
2560 4289 2826 4346 rationem
2862 4288 3129 4342 reddituri
3184 4303 3283 4357 pro
3315 4287 3575 4342 omnibus
3605 4298 3738 4344 ante

2113 4381 2350 4436 tribunal
2406 4380 2622 4437 Domini
2699 4377 2871 4434 nostri
2931 4376 3060 4431 Jesu
3114 4374 3336 4429 Christi.
3405 4375 3737 4446 Magenardo

2055 4473 2408 4582 )praeposito
2457 4472 2542 4543 (de
2599 4471 2694 4526 hoc
2730 4485 2920 4538 supra,
2961 4483 3083 4538 cap,
3138 4467 3248 4538 23),
3302 4473 3356 4521 et
3387 4466 3650 4524 fratribus
3680 4472 3734 4525 in

2116 4561 2444 4582 _--_A_.__:-
2479 4561 2510 4582 ο
2558 4558 2794 4582 n:-L-_::
2831 4557 3165 4582 ,ιηηιειηη
3221 4557 3538 4582 -.-Αι;.ι,,-;..
3599 4576 3732 4582 ---η

2115 4561 2450 4617 monasterio
2479 4561 2532 4615 S.
2558 4558 2798 4614 Richarii
2827 4557 3188 4629 degentibus,
3221 4571 3320 4628 pro
3342 4557 3560 4625 litteris,
3593 4576 3736 4631 quas

2115 4653 2450 4724 apostolicus
2494 4668 2634 4723 papa
2672 4650 2789 4724 regi
2821 4649 3037 4716 Karolo,
3075 4648 3293 4720 sibique
3324 4648 3572 4717 miserat,
3632 4668 3733 4722 pro

2113 4745 2374 4817 quodam,
2407 4745 2503 4816 qui
2535 4743 2892 4809 monachum,
2941 4749 3105 4812 atque
3138 4740 3518 4811 presbyterum
3545 4742 3731 4797 inter-

2109 4834 2314 4890 fecerat
2342 4835 2434 4901 ;in
2475 4831 2682 4904 quibus
2721 4831 2923 4888 litteris
2952 4838 3199 4885 tenorem
3250 4829 3509 4898 injunctte
3549 4833 3730 4901 pumi-

2107 4927 2294 4982 tentize
2325 4906 2673 4995 exposuerat,
2725 4922 3030 4978 admonens
3086 4929 3146 4975 ut
3178 4921 3380 4976 divinis
3417 4922 3647 4977 monitis
3675 4923 3728 4976 in

2110 5019 2196 5072 his
2225 5016 2497 5088 quzeipsae
2537 5016 2733 5070 litterae
2765 5014 3094 5086 praecipiunt
3147 5012 3375 5068 obedire
3408 5022 3722 5084 procurent.

2107 5106 2388 5161 Monachis
2437 5103 2677 5160 coenobii
2727 5103 2901 5157 sancti
2957 5101 3198 5158 Medardi
3260 5115 3358 5171 pro
3416 5101 3728 5156 Hainoardo

2105 5199 2400 5264 monacho,
2431 5195 2522 5268 qui
2565 5195 2785 5251 veniam
2835 5210 2934 5267 pro
2961 5194 3283 5250 excessibus
3321 5194 3438 5248 suis
3466 5194 3614 5264 apud
3641 5209 3727 5248 re—

2107 5303 2229 5361 gem
2261 5287 2672 5357 postulaverat;
2715 5284 2783 5339 de
2814 5298 2925 5356 quo
2975 5299 3042 5339 ex
3089 5283 3258 5339 verbo
3303 5283 3448 5356 regis
3478 5284 3724 5348 mandat,

2104 5388 2168 5436 ut
2191 5395 2317 5435 eum
2359 5379 2442 5434 vel
2500 5379 2568 5432 ad
2614 5377 2977 5433 habitandum
3024 5377 3352 5450 regulariter
3404 5376 3548 5430 inter
3578 5376 3727 5446 ipsos

2103 5467 2391 5538 recipiant,
2418 5466 2504 5522 vel
2528 5466 2685 5534 juxta
2736 5467 3059 5537 petitionem
3095 5465 3244 5519 illius
3273 5464 3485 5518 litteras
3531 5463 3724 5517 dimis-

2098 5562 2274 5617 sorias
2305 5561 2384 5616 illi
2435 5562 2503 5616 ad
2546 5569 2753 5616 certum
2794 5561 2977 5616 locum
3036 5560 3265 5627 faciant.
3297 5569 3354 5614 et
3403 5559 3718 5614 absolutum

2097 5654 2251 5708 abire
2282 5670 2405 5709 cum
2439 5669 2574 5724 pace
2606 5653 2943 5724 permittant.
3004 5652 3284 5727 Sigebodo
3343 5651 3619 5709 sacerdoti
3671 5657 3722 5704 et

2098 5745 2394 5816 praeposito
2457 5745 2774 5801 monasterii
2835 5743 3341 5800 sanctimonialium
3383 5743 3720 5818 Lugdunen—
