3912 6422
203 385 308 438 237

857 389 1185 445 HIS'I‘ORI/E
1225 389 1553 446 ECCLESI/E
1592 391 1918 446 REMENSIS
1961 395 2133 450 LIBRI
2177 397 2501 460 QUATUOR.
2530 433 2601 441 —
2641 401 2764 455 LIB.
2809 401 2898 454 llI.

3438 399 3546 454 238

203 517 281 570 sis
308 517 588 584 Ecclesia},
630 533 802 588 super
850 518 1284 603 interrogatione
1343 537 1452 592 qua
1500 521 1831 592 requisierat
1861 527 1908 594 Α
1937 525 2100 580 habet
2139 528 2206 580 ad
2253 529 2360 584 ima
2420 531 2611 584 relabi.
2658 530 2888 584 Studeat
2940 535 3122 583 autem
3157 529 3457 599 prmcipue,
3489 540 3552 583 ut

204 608 274 661 ab
307 624 397 675 eo,
429 609 670 682 qualiter
695 620 978 682 Oporteret
999 628 1125 666 eum
1166 628 1332 686 agere
1365 613 1432 667 de
1470 613 1830 684 inquisitione

203 703 630 758 sibicommissa
659 704 718 758 in
763 705 1016 760 Oriniaco
1065 707 1463 760 monacharum
1496 707 1830 762 monasterio

202 811 371 865 super
391 795 671 851 abbatissa
697 804 752 851 et
781 799 1075 868 praeposito
1108 798 1284 867 ipsius
1314 799 1657 858 monasterii.
1683 799 1829 852 unde

202 885 562 958 interroganti
592 889 976 959 responderat,
1009 888 1102 958 qui
1123 904 1234 943 non
1265 889 1449 944 verbis
1503 890 1573 944 de
1599 890 1825 955 talibus,

201 976 299 1030 sed
321 977 544 1046 scriptis
566 979 906 1047 respondere
941 978 1191 1033 deberet.
1226 981 1492 1044 Quocirca
1513 981 1830 1036 rescribens

204 1088 429 1144 quoque
455 1074 698 1128 ostendit
727 1089 851 1144 quae
889 1074 946 1128 in
987 1073 1225 1147 legibus,
1249 1091 1385 1146 quas
1412 1076 1682 1130 catholica
1703 1091 1828 1146 pro-

202 1159 296 1215 bat
327 1161 667 1227 Ecclesia,et
700 1163 754 1216 in
786 1163 994 1237 regulis
1009 1164 1408 1218 ecclesiasticis
1424 1165 1494 1219 de
1520 1165 1603 1218 his
1620 1167 1823 1236 scripta

199 1253 311 1307 sint
344 1271 358 1306 :
395 1254 731 1324 praecipiens
761 1254 951 1320 etiam,
1002 1255 1430 1328 utprivilegium
1481 1256 1656 1326 ipsius
1700 1271 1823 1312 mo-

197 1341 423 1396 nasterii
453 1343 562 1397 sibi
610 1341 888 1409 afferatur,
945 1351 999 1398 et
1024 1343 1378 1399 notificentur
1432 1345 1482 1399 ei
1519 1362 1618 1415 per
1646 1353 1824 1400 certas

196 1446 467 1502 personas
491 1432 562 1486 de
583 1432 750 1486 certis
797 1433 966 1486 rebus
1023 1433 1408 1488 accusationes
1433 1433 1612 1503 ipsius
1638 1433 1818 1487 abba-

193 1523 343 1578 tissa
375 1532 541 1594 atque
570 1525 876 1594 praepositi,
933 1533 992 1580 ut
1022 1526 1326 1580 secundum
1375 1541 1558 1580 sacras
1607 1525 1824 1599 regulas

193 1629 318 1670 cum
354 1616 586 1672 consilio
641 1617 1097 1686 coepisc0porum
1148 1624 1203 1671 et
1251 1617 1550 1671 visitatoris
1600 1617 1820 1673 Laudu-

192 1707 384 1762 nensis
415 1707 708 1777 epISCOpII,
743 1708 875 1778 quia
905 1715 1036 1762 tunc
1062 1708 1357 1779 episc0pus
1388 1706 1464 1761 ibi
1500 1724 1610 1763 non
1633 1709 1814 1764 habe-

190 1801 378 1868 batur,
421 1803 552 1856 inde
600 1802 832 1857 Domino
888 1801 1191 1873 inspirante
1241 1802 1503 1857 decernat
1533 1802 1590 1873 [i,
1621 1803 1816 1857 decer-

1935 621 2044 674 Deo
2087 637 2256 690 super
2308 623 2494 677 omnia
2542 623 2756 693 placeat
2788 640 2802 686 ;
2837 621 3037 675 deinde
3069 629 3126 675 ut
3169 621 3426 676 Ecclesia:
3455 638 3550 692 pa-

1932 722 2048 761 cem
2080 708 2366 777 provideat
2397 727 2411 774 ;
2446 717 2556 764 tum
2586 717 2644 764 ut
2674 709 3021 780 principibus
3052 709 3197 763 bona
3233 725 3342 764 non
3368 709 3546 764 solum

1931 804 2211 869 suggerat,
2263 797 2360 851 sed
2402 799 2565 852 etiam
2624 799 2854 871 ingerat.
2909 798 3048 851 Viris
3079 798 3464 853 ecclesiasticis
3497 806 3550 853 et

1935 887 2070 942 locis
2108 888 2314 941 sanctis
2371 887 2558 944 debita
2621 889 2908 960 privilegia
2965 890 3252 957 acquirere
3310 889 3548 957 insistat,

1932 978 2137 1048 p0pulo
2205 977 2511 1032 Christiano
2569 993 2760 1048 pacem
2825 986 2880 1032 et
2936 979 3279 1033 unanitatem
3347 995 3550 1048 procu-

1933 1079 2032 1133 ret,
2073 1069 2220 1125 bene
2273 1071 2568 1145 agentibus
2625 1071 2992 1144 congaudeat,
3053 1072 3196 1126 male
3234 1073 3549 1145 {agentibus

1929 1164 2171 1230 resistat,
2236 1164 2506 1234 seipsum,
2573 1163 2775 1232 sobrie,
2830 1163 2978 1231 juste
3045 1171 3100 1217 et
3164 1164 3253 1234 pie
3310 1165 3548 1223 vivendo

1927 1257 2055 1326 (Tit.
2116 1259 2194 1322 ιι),
2263 1256 2493 1310 solerter
2555 1255 2848 1318 custodiat,
2910 1263 2964 1310 et
3021 1263 3218 1310 caetera
3278 1259 3545 1314 exhorta-

1925 1345 2136 1399 tionum
2167 1345 2326 1400 valde
2377 1345 2706 1398 necessaria.
2766 1345 2894 1398 Post
2943 1361 3068 1416 quae
3096 1345 3345 1418 suggerit
3376 1348 3541 1402 etiam

1925 1433 1993 1488 de
2023 1435 2355 1506 quibusdam
2404 1434 2848 1500 necessitatibus,
2898 1442 3006 1487 tam
3064 1448 3129 1485 ex
3170 1434 3542 1499 monasteriis,

1925 1540 2090 1594 quam
2123 1532 2177 1578 et
2206 1523 2351 1589 aliis,
2418 1539 2516 1593 pro
2565 1523 2786 1594 quibus,
2855 1530 2907 1577 et
2961 1522 3277 1591 imperatori
3328 1523 3542 1580 litteras

1923 1614 2221 1680 direxerat,
2273 1629 2394 1685 quae
2446 1613 2501 1668 in
2555 1614 2819 1684 parochia
2895 1630 2994 1667 sua
3059 1615 3126 1667 ab
3175 1614 3328 1668 illius
3385 1627 3541 1672 erant

1921 1706 2246 1761 auctoritate
2322 1706 2673 1778 corrigenda,
2743 1713 2799 1760 et
2880 1705 3093 1776 reliqua
3179 1707 3250 1762 de
3301 1709 3539 1764 utilitate

1918 1795 2164 1862 animae,
2224 1800 2280 1849 et
2348 1794 2580 1848 consilio
2651 1793 2885 1864 spiritali
2941 1796 3323 1852 conservando
3409 1798 3539 1853 Ful-

188 1887 395 1960 natur].
433 1887 770 1954 Quibusdam
827 1889 1054 1943 decanis
1109 1890 1384 1960 parochia?
1441 1891 1886 1962 Suessonicze,B
1917 1883 2063 1938 Orico
2128 1883 2346 1937 cuidam
2414 1883 2499 1944 (de
2562 1882 2746 1935 eOdem
2820 1896 3010 1953 supra,
3084 1899 3133 1949 c,
3203 1884 3315 1952 20).
3388 1903 3534 1958 prae-

188 1993 292 2050 pro
341 1977 582 2048 quodam
630 1977 980 2048 presbytero,
1021 1978 1116 2049 qui
1174 1979 1558 2048 praeiudicium
1615 1995 1812 2049 passus

177 2066 456 2136 justitiam
474 2074 529 2120 et
552 2066 823 2134 judicium
853 2066 1001 2136 apud
1048 2061 1373 2136 episcopum
1406 2083 1566 2121 suum
1597 2067 1808 2121 Rotha-

184 2155 319 2210 dum
353 2169 464 2210 non
485 2154 708 2210 valebat
737 2154 1009 2221 obtinere,
1071 2156 1218 2209 unde
1287 2163 1341 2210 et
1399 2156 1519 2226 ipse
1573 2157 1811 2211 domnus

184 2241 517 2299 Hincmarus
585 2244 842 2298 eumdem
920 2244 1213 2314 praesulem
1282 2253 1592 2312 monuerat,
1651 2255 1703 2299 ul
1763 2246 1808 2300 si

180 2346 415 2408 prOpter
444 2335 822 2392 inﬁrmitatem
855 2352 967 2393 non
1017 2338 1225 2393 valeret
1275 2338 1395 2407 ipse
1447 2338 1512 2392 ad
1536 2339 1810 2409 synodum

176 2427 394 2490 venire,
455 2429 542 2484 vel
596 2429 794 2484 missos
870 2444 1022 2494 suos,
1096 2429 1503 2484 comministros
1555 2429 1813 2486 videlicet

176 2520 442 2577 Ecclesiae
506 2521 612 2575 sibi
645 2522 975 2589 commissae,
1009 2522 1272 2588 mitteret,
1318 2531 1377 2576 ut
1406 2539 1492 2577 res
1538 2524 1805 2579 canonice

175 2609 642 2666 diffinirivalerct
670 2629 684 2675 ;
713 2610 1088 2681 admonetque
1144 2627 1245 2682 per
1301 2612 1401 2665 has
1442 2611 1651 2666 litteras
1677 2629 1806 2668 eos-

174 2702 305 2758 dem
336 2701 598 2766 decanos,
624 2709 678 2757 et
707 2703 1136 2774 metropolitana
1164 2703 1412 2774 praecipit
1451 2705 1800 2771 auctoritate,

173 2797 238 2846 ut
258 2789 620 2863 presbyteros
650 2791 897 2846 decaniaa
927 2807 1038 2846 sua:
1064 2790 1134 2846 ad
1179 2791 1563 2846 denuntiatum
1615 2794 1797 2863 placi-

174 2891 291 2940 tum
321 2885 518 2941 venire
549 2891 958 2951 commoneant,
987 2891 1042 2938 et
1092 2899 1214 2938 cum
1249 2883 1331 2938 eis
1386 2883 1493 2952 ipsi
1549 2885 1794 2941 veniant.

177 2981 330 3047 Quod
364 2981 413 3036 si
463 2995 576 3035 non
628 2979 884 3045 fecerint,
929 2980 1249 3049 synodalem
1284 2979 1616 3034 sententiam
1649 2981 1795 3052 apud

175 3075 427 3144 proxime
461 3073 696 3130 futuram
754 3073 1024 3144 synodum
1071 3088 1130 3126 se
1162 3072 1418 3126 noverint
1448 3083 1791 3142 accepturos.

172 3162 465 3237 Sigeberto
485 3162 708 3219 cuidam
748 3161 1042 3225 sacerdoti,
1085 3175 1184 3232 pro
1215 3161 1506 3216 Heidilone
1529 3163 1792 3233 episcopo

172 3251 371 3322 ipsius,
409 3254 482 3309 de
511 3267 623 3325 quo
654 3251 784 3308 talia
839 3266 898 3305 se
957 3250 1179 3305 audisse
1237 3251 1480 3312 dolebat,
1512 3253 1697 3322 qualia
1723 3253 1790 3308 de

170 3341 319 3400 bono
350 3342 494 3399 laico
515 3343 626 3399 dici
659 3357 772 3398 non
797 3341 1138 3406 conveniret,
1180 3348 1235 3396 et
1276 3341 1406 3412 quia
1462 3344 1792 3414 culpabatur

168 3433 316 3503 quod
342 3433 508 3487 talem
539 3432 868 3504 episcopum
898 3431 1258 3498 ordinaverit,
1319 3448 1576 3486 asserens
1629 3450 1689 3488 se
1722 3434 1790 3486 de

167 3525 284 3589 illo,
318 3540 486 3595 quem
515 3531 643 3578 ante
677 3539 786 3578 non
816 3532 1167 3596 cognoverat.
1211 3521 1365 3587 ﬁdei,
1395 3531 1450 3579 et
1472 3524 1789 3580 testimonio

165 3613 636 3686 ipsiusSigeberti
683 3612 1010 3682 credidisse,
1040 3613 1440 3684 .praecepitque
1490 3613 1594 3683 ipsi
1628 3614 1787 3687 Sige-

161 3705 323 3760 berto
353 3705 420 3758 ad
453 3721 511 3759 se
537 3703 751 3768 venire,
780 3712 839 3759 ut
862 3720 956 3759 ore
986 3703 1209 3774 pr0prio
1267 3704 1318 3758 ei
1371 3704 1558 3759 dicere
1589 3706 1783 3776 possit,

161 3812 288 3868 qua;
316 3795 387 3850 de
419 3795 684 3866 episcopo
728 3793 958 3860 audivit,
990 3803 1045 3848 et
1099 3793 1143 3846 si
1205 3809 1333 3847 vera
1386 3793 1587 3857 forent,
1619 3795 1782 3850 simul

160 3892 603 3958 considerarent,
652 3890 891 3962 qualiter
925 3889 1017 3944 illa
1056 3889 1364 3960 corrigeret
1396 3889 1480 3954 ;si
1512 3905 1641 3946 vera
1670 3907 1782 3946 non

157 3969 366 4054 essent,
403 3983 642 4056 qualiter
665 3981 956 4037 mendacia
985 3997 1107 4037 esse
1137 3982 1494 4036 docerentur.

761 4094 970 4150 CAPUT
1011 4094 1186 4148 XXVI.

462 4167 590 4235 Qum
618 4168 756 4222 viris
778 4167 1109 4236 quibusdam
1140 4167 1468 4220 illustribus.

224 4258 358 4313 Viro
391 4255 764 4311 illustrissimo
793 4255 1094 4321 Eberardo,
1123 4270 1188 4308 ex
1222 4254 1572 4324 principibus
1605 4253 1785 4324 impe-

154 4352 358 4410 ratoris
383 4349 648 4414 Lotbarii,
710 4347 922 4403 litteras
973 4347 1218 4420 dirigens
1274 4362 1376 4418 pro
1424 4345 1782 4416 adipiscenda

154 4440 551 4498 familiaritatis
579 4438 729 4512 apud
759 4454 886 4494 cum
909 4437 1086 4511 gratia
1111 4436 1390 4507 quondam
1419 4437 1525 4502 sibi
1565 4435 1632 4490 ab
1661 4436 1782 4508 ipso

152 4534 328 4607 gratis
348 4533 556 4601 oblata,
599 4530 916 4606 congaudet
943 4529 1107 4588 bonis
1139 4545 1262 4601 quae
1292 4528 1363 4583 de
1383 4529 1503 4600 ipso
1537 4544 1637 4599 per
1665 4543 1784 4582 cer-

1916 1974 2068 2028 missi
2157 1973 2509 2044 imperatoris
2583 1973 2846 2046 magnati,
2927 1974 3021 2045 qui
3095 1989 3322 2031 uxorem
3395 1979 3537 2053 legi—

1913 2063 2099 2118 timam
2179 2062 2462 2135 illegitime
2544 2061 2876 2127 dimiserat,
2963 2062 3305 2136 alteramque
3379 2067 3536 2124 insu-

1913 2171 2011 2225 per
2077 2155 2306 2210 duxerat
2373 2169 2577 2209 vocans
2636 2154 2702 2207 ad
2759 2153 3031 2225 synodum
3075 2195 3089 2222 ,
3157 2161 3534 2215 excommuni-

1914 2247 2151 2303 cationis
2176 2247 2288 2316 jam
2319 2248 2373 2300 in
2401 2263 2529 2300 eum
2571 2246 2733 2312 datae,
2791 2255 2959 2317 atque
2991 2248 3046 2302 in
3077 2253 3529 2322 comprovinciali

1913 2341 2124 2411 synodo
2155 2339 2548 2396 conﬁrmandae
2576 2340 3032 2411 panditmodum.
3070 2343 3202 2398 Item
3238 2353 3527 2418 postquam

1915 2433 2297 2503 pmnitentiam
2331 2447 2429 2503 pro
2462 2434 2566 2487 hoc
2622 2433 2865 2488 admisso
2896 2433 3047 2489 visus
3079 2443 3161 2490 est
3191 2440 3524 2509 suscepisse,

1913 2524 2131 2580 iteranti
2147 2524 2265 2580 vias
2295 2539 2441 2586 suas,
2479 2533 2532 2578 et
2562 2540 2785 2579 reverso
2817 2525 2882 2579 ad
2903 2527 3168 2580 vomitum
3193 2544 3379 2597 suum,
3409 2549 3529 2587 ma-

1908 2619 2167 2674 nifestam
2223 2619 2316 2673 dat
2363 2617 2949 2673 excommunicationis
2996 2621 3352 2689 sententiam,
3385 2640 3524 2680 cun-

1906 2709 2118 2780 ctisque
2149 2708 2205 2762 id
2237 2705 2523 2764 notiticare
2555 2707 2755 2780 satagit
2785 2706 3033 2762 fidelium
3065 2707 3262 2764 Christi
3325 2729 3520 2783 perso-

1903 2799 1990 2854 nis
2034 2797 2458 2870 quibuscunquc
2514 2796 2709 2850 audire
2767 2796 3115 2871 contigisset,
3167 2800 3520 2875 maximeque

1900 2889 2197 2963 episcopis,
2225 2889 2282 2944 in
2310 2903 2543 2961 quorum
2583 2887 2878 2944 videbatur
2895 2890 3151 2959 parochis
3181 2897 3517 2962 conversari,

1897 2984 1981 3039 vel
2010 2981 2381 3052 frequentare.

1968 3075 2228 3131 Weroo
2258 3074 2475 3128 cuidam
2508 3072 2854 3127 ministeriali
2886 3073 3134 3141 ejusdem
3165 3075 3517 3145 imperatoris

1897 3164 2161 3231 Lotbarii,
2193 3178 2636 3220 commemorans
2663 3161 3113 3228 familiaritatem,
3145 3180 3310 3234 quam
3335 3183 3512 3238 quon-

1894 3255 2018 3308 dam
2050 3253 2118 3308 ab
2178 3268 2244 3308 eo
2286 3260 2632 3322 poposcerat,
2695 3263 2750 3305 et
2805 3249 3163 3306 dilectionem
3227 3270 3388 3325 quam
3459 3259 3510 3312 ei

1892 3342 2288 3412 spoponderat,
2319 3357 2519 3414 rogans
2542 3349 2604 3396 ut
2662 3341 2974 3398 innotescat
2994 3342 3309 3414 imperatori
3343 3362 3513 3418 super

1892 3430 2127 3501 cpistola
2154 3446 2317 3501 quam
2348 3427 2516 3483 frater
2541 3429 2715 3500 ipsius
2732 3430 2958 3486 Karolus
2999 3433 3249 3501 (Carolus
3293 3435 3508 3507 Calvus)

1892 3539 1984 3579 rex
2012 3523 2196 3578 eidem
2226 3522 2523 3595 dirigebat,
2557 3531 2832 3592 quatenus
2879 3540 3000 3578 eam
3051 3526 3391 3598 suscipiens,
3429 3529 3510 3585 fa-

1890 3615 2179 3671 miliariter
2209 3614 2531 3688 distinguat,
2563 3621 2616 3669 et
2645 3622 2859 3671 secreto
2909 3617 3076 3690 legat.
3103 3617 3335 3676 Censum
3361 3640 3507 3696 quo-

1889 3725 1998 3780 que
2030 3709 2098 3762 de
2120 3707 2250 3761 villa
2294 3707 2604 3762 Dudeciaco
2658 3707 2786 3761 anni
2845 3709 3106 3778 przeteriti
3159 3728 3282 3770 cum
3335 3731 3510 3774 censu

1887 3801 2179 3873 praesentis
2207 3799 2337 3854 anni
2368 3797 2476 3852 sibi
2503 3797 2798 3852 transmitti
2827 3797 3024 3864 jubeat
3053 3819 3069 3854 :
3106 3803 3257 3858 unde
3276 3804 3330 3860 in
3359 3807 3510 3868 illius

1886 3894 2155 3950 memoria
2182 3890 2393 3963 aliquid
2425 3889 2734 3946 ornamenti
2758 3889 2814 3943 in
2835 3890 3092 3960 sepulcro
3111 3896 3284 3950 sancti
3320 3897 3509 3954 Remi-

1885 3987 1958 4058 gii
1991 3987 2172 4041 facere
2196 3991 2406 4055 posset,
2439 3983 2587 4055 quod
2615 3999 2836 4050 ornare,
2867 3993 2921 4038 et
2951 3999 3154 4056 corpus
3174 3987 3350 4058 ipsius
3365 4007 3504 4049 san-

1885 4077 1957 4131 cti
1982 4078 2034 4131 in
2053 4083 2244 4147 crypta
2273 4074 2609 4146 disponebat
2629 4091 2660 4128 a
2690 4089 2832 4142 novo
2854 4083 3153 4146 praeparata
3185 4078 3504 4137 transferre.

1887 4167 2023 4220 Item
2051 4181 2148 4236 pro
2175 4165 2504 4235 repetitione
2536 4163 2800 4234 przemissi
2822 4179 3024 4219 census
3049 4165 3117 4220 de
3158 4166 3286 4222 villa
3312 4168 3502 4225 Dude-

1886 4260 2038 4315 ciaco
2065 4275 2163 4312 sex
2196 4259 2485 4325 librarum,
2514 4275 2585 4312 ne
2640 4256 2781 4313 forte
2813 4268 3140 4333 suggeratur
3161 4260 3504 4332 imperatori,

1885 4351 2034 4423 quod
2061 4352 2365 4423 cupiditate
2394 4351 2610 4406 illectus
2633 4351 2781 4405 hunc
2810 4366 3035 4406 censum
3069 4359 3304 4422 repetat,
3338 4371 3504 4426 quem

1886 4440 1942 4494 in
1965 4456 2098 4496 suos
2128 4457 2264 4496 usus
2293 4457 2578 4512 nunquam
2611 4441 2900 4514 redegerat
2933 4459 2948 4507 ;
2979 4441 3077 4495 sed
3120 4443 3354 4513 cupiens
3375 4463 3508 4503 eva-

1885 4531 2019 4590 dere
2047 4534 2459 4606 periculum,ne
2481 4533 2706 4588 silentio
2728 4549 2828 4589 suo
2848 4533 2904 4587 in
2946 4533 3148 4590 diebus
3161 4538 3279 4592 suis
3303 4555 3506 4598 census

150 4640 236 4685 tas
292 4628 558 4684 audiebat
620 4643 909 4699 personas,
976 4626 1332 4698 maximeque
1405 4625 1465 4697 [i,
1550 4590 1864 4680 maximeD
1892 4625 2009 4696 ipse
2029 4625 2315 4696 depereat,
2348 4631 2402 4678 et
2434 4623 2553 4694 ipsa
2582 4622 2711 4677 villa
2779 4623 2835 4676 in
2894 4623 3111 4678 alodem
3143 4635 3409 4701 vertatur,
3450 4640 3508 4686 et

148 4723 295 4797 quae]
329 4737 430 4794 per
453 4721 703 4776 Amolum
759 4719 1075 4790 praesulem,
1123 4734 1289 4790 quem
1316 4716 1774 4781 sincerissimum,

149 4825 206 4870 et
269 4813 658 4870 charissimum
700 4820 861 4866 vocat
917 4819 1127 4881 patrem
1183 4825 1366 4871 suum,
1424 4807 1652 4862 mittens
1706 4805 1772 4859 ad

149 4906 334 4976 ipsum
393 4919 516 4958 cum
577 4901 776 4956 litteris
823 4901 991 4956 etiam
1047 4897 1430 4954 ﬁdelissimum
1479 4895 1773 4968 quemdam

151 4995 384 5048 missum
417 5008 602 5047 suum.
668 4992 803 5045 Item
858 4989 1092 5043 laudans
1122 4987 1456 5044 sinceritatis
1483 4986 1658 5057 ipsius
1679 4986 1775 5040 de-

146 5087 426 5143 votionem
460 5099 591 5154 erga
621 5083 820 5148 Deum,
848 5088 903 5136 et
931 5096 1100 5136 sacra!
1158 5079 1504 5135 auctoritatis
1547 5078 1777 5145 cultum,

147 5178 580 5249 principumque
618 5174 1060 5243 unanimitatem.
1121 5181 1175 5228 et
1206 5171 1598 5228 ecclesiasticae
1630 5171 1781 5241 pacis

145 5266 416 5331 studium,
449 5261 813 5334 debitumque
835 5263 1138 5335 religionis,
1170 5277 1402 5317 monens
1425 5274 1649 5331 quoque
1681 5274 1778 5328 pro

145 5358 435 5416 charitatis
474 5355 684 5422 officio,
722 5362 782 5410 ut
836 5356 977 5410 sicut
1026 5355 1191 5428 coepit
1226 5354 1428 5407 melius
1466 5367 1527 5405 ac
1578 5351 1777 5405 melius

145 5446 422 5518 proficiat,
451 5444 581 5516 quia
636 5450 830 5497 natura
876 5443 1138 5505 humana,
1178 5447 1412 5495 testante
1451 5438 1576 5504 Job,
1634 5453 1779 5491 nun-

141 5552 304 5608 quam
339 5537 395 5590 in
432 5532 632 5588 eodem
662 5538 804 5586 statu
829 5537 1116 5601 permanet
1145 5530 1268 5594 (Job
1322 5531 1456 5594 XIV),
1484 5534 1538 5581 et
1560 5526 1687 5597 quia
1716 5525 1770 5579 in

140 5629 243 5684 isto
269 5626 482 5684 saeculo
514 5639 862 5696 quacumque
890 5621 1157 5694 praeditus
1174 5622 1298 5692 quis
1326 5626 1600 5691 potestate
1631 5633 1770 5672 con-

137 5729 216 5776 tra
237 5717 495 5776 fluminis
525 5722 757 5772 tractum
799 5714 1021 5788 navigat
1053 5730 1067 5778 ;
1101 5729 1211 5785 qua
1243 5714 1311 5768 de
1341 5728 1402 5766 re
1431 5717 1524 5766 aut
1545 5708 1774 5764 viriliter

135 5815 409 5890 navigans
462 5809 753 5880 superiora
817 5814 990 5878 petet,
1050 5816 1146 5862 aut
1205 5807 1456 5862 remissis
1514 5802 1773 5859 manibus

1879 4713 2252 4770 ecclesiastica
2296 4712 2575 4782 mancipia
2634 4712 2688 4766 in
2719 4728 2906 4767 servos
2935 4721 2989 4766 et
3017 4713 3248 4769 ancillas
3277 4717 3502 4788 disper-

1879 4805 2102 4868 tiantur,
2137 4804 2280 4858 sicut
2311 4809 2364 4856 et
2391 4802 2461 4856 de
2490 4802 2698 4868 multis,
2760 4809 2865 4856 tam
2890 4802 3080 4868 rebus,
3105 4822 3268 4876 quam
3299 4809 3506 4865 manci-

1877 4894 1984 4966 piis
2003 4894 2167 4962 hujus
2209 4893 2477 4958 ecclesiae,
2511 4893 2609 4946 sed
2641 4892 2796 4947 etde
2839 4892 2958 4962 ipsa
2997 4893 3110 4961 jam
3151 4896 3278 4950 villa
3309 4896 3498 4955 ﬁebat.

1882 4984 2108 5040 Enitens
2137 4983 2324 5048 etiam,
2380 4991 2438 5037 ut
2479 4982 2668 5036 senior
2706 4997 2839 5036 suus
2879 4981 3008 5036 inde
3049 4982 3356 5053 periculum
3390 5001 3500 5042 non

1882 5074 2213 5138 incurreret,
2244 5072 2326 5126 vel
2363 5072 2480 5142 ipse
2501 5088 2625 5126 cum
2650 5071 2826 5142 ipsius
2866 5070 3114 5141 periculo
3147 5078 3355 5142 partem
3391 5092 3499 5132 non

1883 5165 2133 5220 haberet.
2169 5163 2435 5217 Asserens
2465 5160 2612 5232 quod
2632 5161 2678 5214 si
2720 5161 2998 5231 cupiditas
3020 5162 3074 5216 in
3109 5163 3213 5218 hoc
3254 5180 3378 5221 cum
3409 5184 3505 5224 ve-

1883 5259 2056 5317 xaret,
2076 5251 2370 5306 duodecim
2410 5250 2583 5304 libras
2612 5257 2909 5320 repeteret,
2937 5267 3074 5321 quas
3103 5268 3237 5308 avus
3269 5263 3328 5310 et
3347 5264 3504 5327 pater

1883 5343 2044 5414 hujus
2069 5345 2215 5418 regis
2237 5344 2366 5398 inde
2386 5344 2691 5409 solverunt,
2715 5351 2820 5400 etc.
2845 5343 3137 5400 Subinfert
3161 5333 3328 5403 etiam
3351 5369 3500 5423 quae-

1879 5433 2006 5488 dam
2046 5434 2115 5488 de
2148 5434 2373 5504 praefato
2405 5435 2672 5502 Fulcrico,
2703 5435 2798 5506 qui
2842 5437 3013 5491 Roma
3066 5438 3505 5509 veniensjacta-

1878 5531 1974 5585 bat
2002 5528 2264 5600 epistolas
2294 5544 2448 5599 papae
2481 5543 2579 5598 pro
2632 5528 3096 5583 absolutioncsua
3133 5539 3240 5587 tam
3273 5535 3502 5607 regibus

1874 5636 1956 5685 se,
1984 5635 2148 5690 quam
2178 5617 2308 5672 huic
2326 5617 2746 5687 archiepiscopo
2791 5617 3027 5675 deferre.
3072 5622 3146 5677 De
3182 5639 3292 5695 quo
3315 5635 3506 5680 monet

1875 5711 2022 5764 hunc
2046 5706 2367 5781 Wlﬁngum,
2402 5715 2462 5762 ut
2508 5716 2767 5781 suggerat
2823 5709 2962 5782 regi,
3005 5727 3074 5766 ne
3115 5715 3413 5768 seducatur
3444 5715 3499 5768 in

1876 5802 1979 5855 hac
2010 5815 2174 5854 causa
2209 5816 2224 5864 ;
2258 5798 2353 5854 sed
2379 5814 2546 5854 onme
2562 5815 2686 5855 cum
2709 5801 2922 5860 ratione
2950 5817 3152 5860 cavens
3167 5803 3498 5876 periculum,
