3912 6402
407 355 514 419 239

1528 361 1897 417 FLODOARDI
1938 361 2247 418 CANONICI
2285 362 2616 420 REMENSlS

3635 367 3744 422 240

407 501 592 570 faciat,
610 511 672 558 ut
699 501 924 558 veniant
948 502 1083 573 ipsae
1112 503 1362 574 epistola”:
1393 519 1577 559 coram
1602 505 1697 561 illo
1718 513 1773 561 et
1807 506 2028 577 episco-
2052 510 2104 577 Α
2129 509 2271 565 villae
2300 508 2357 562 in
2395 507 2482 562 his
2499 524 2623 579 quae
2642 507 2955 563 necessaria
2977 507 3232 575 fuissent,
3264 508 3531 564 auxilium
3554 507 3746 577 ferret,

406 596 514 666 pis,
546 604 602 651 et
625 594 895 667 quidquid
928 596 1424 650 meliusinventum
1439 596 1605 652 fuerit
1633 597 1763 652 inde
1784 613 2026 669 sequan-

406 690 516 751 tur,
547 690 603 739 et
633 684 765 754 quia
795 684 1021 738 interim
1055 685 1201 755 quod
1245 685 1651 741 rationabiliter
1674 694 1727 741 et
1756 687 2023 743 canonice

407 779 611 835 factum
642 779 764 847 fuit,
799 795 908 834 non
964 780 1166 834 debeat
1197 782 1473 836 contemni
1502 800 1515 846 ;
1554 782 1813 838 Nantario
1845 782 2023 838 amico

407 884 509 924 suo
541 868 711 931 ﬁdeli,
739 885 839 939 pro
862 870 1024 923 rebus
1058 871 1233 924 sancti
1290 870 1526 944 Remigii
1570 864 1934 942 disponendis
1966 872 2023 925 in

304 949 320 963 ’
406 960 777 1016 Wormacensi
831 976 994 1030 pago,
1052 960 1296 1017 inferens
1346 963 1495 1035 quod
1518 963 1742 1035 quidam
1766 963 2024 1019 homines

406 1064 531 1104 eum
581 1047 862 1119 petierint,
914 1055 975 1103 ut
1025 1056 1310 1119 praestaret
1378 1051 1488 1106 illis
1540 1052 1769 1108 colonos
1834 1068 2023 1107 earum

405 1156 591 1196 rerum
622 1140 688 1194 ad
731 1139 976 1195 diversas
1033 1155 1251 1211 Operas,
1303 1143 1604 1215 etquidam
1652 1151 1713 1199 ut
1734 1151 2026 1200 venatores

404 1234 625 1288 illorum
654 1231 710 1286 in
750 1231 888 1303 ipsis
914 1232 1083 1288 rebus
1126 1250 1227 1304 per
1274 1234 1499 1307 aliquod
1548 1244 1766 1307 tempus
1796 1250 2023 1290 manere

405 1326 737 1381 concederet
769 1342 784 1391 ;
816 1325 967 1396 quod
998 1333 1252 1381 neutrum
1273 1342 1332 1381 se
1364 1329 1726 1395 concessisse,
1768 1328 1856 1382 vel
1884 1342 2025 1382 con-

405 1430 695 1470 cessurum
739 1428 860 1468 esse
899 1412 1118 1481 fatetur,
1178 1416 1441 1486 quoniam
1499 1416 1585 1471 sui
1641 1425 2025 1471 antecessores

406 1505 510 1559 hoc
537 1503 716 1558 facere
764 1518 874 1558 non
919 1512 1049 1558 sunt
1095 1504 1235 1572 ausi,
1296 1505 1428 1576 quia
1483 1514 1708 1561 sanctus
1739 1504 2022 1579 Remigius

405 1609 530 1649 cum
558 1594 753 1669 grandi
786 1593 1181 1649 maledictione
1199 1595 1285 1649 vel
1307 1594 1760 1651 interminatione
1778 1595 1883 1649 hoc
1902 1593 2021 1648 ﬁeri

407 1686 647 1740 vetuerit
676 1686 747 1754 (S.
780 1686 976 1741 Reum.
1010 1688 1067 1740 in
1096 1701 1190 1740 suo
1206 1688 1561 1754 testamento),
1593 1693 1702 1754 etc,
1736 1704 1751 1752 ;
1787 1686 2021 1743 Immoni

402 1777 616 1846 comiti,
648 1792 748 1847 pro
779 1777 946 1832 rebus
998 1777 1165 1846 hujus
1221 1778 1471 1833 ecclesiae
1512 1777 1569 1832 in
1603 1793 1773 1849 regno
1796 1777 2025 1850 Aquita-

404 1866 532 1921 nico
561 1865 1003 1933 conjacentibus,
1031 1872 1091 1920 ut
1121 1865 1386 1921 auxilium
1421 1867 1585 1921 ferret
1617 1882 1805 1921 earum
1839 1866 2025 1937 provi-

403 1962 537 2026 sori,
569 1962 658 2017 cui
691 1959 1198 2016 committebantur.
1248 1959 1490 2015 Gerardo
1521 1960 1708 2015 comiti
1743 1959 2027 2015 nobilissi-

405 2072 518 2117 mo,
541 2071 642 2126 pro
696 2055 847 2108 Isaac
904 2052 1219 2127 Lingonicze
1265 2052 1416 2107 sedis
1455 2053 1655 2120 electo,
1688 2061 1749 2108 ut
1786 2069 1886 2124 per
1906 2054 2027 2122 ejus

407 2148 701 2202 hortamen
729 2145 1079 2201 ordinaretur
1100 2144 1420 2216 episcopus.
1454 2146 1585 2216 quia
1608 2144 1877 2213 Wlfadus,
1929 2146 2025 2216 qui

405 2240 581 2310 ipsam
613 2245 980 2309 occupaverat
1030 2238 1342 2305 ecclesiam,
1385 2240 1649 2295 canonice
1678 2253 1789 2294 non
1850 2238 2030 2308 potuit

407 2326 651 2382 ordinari
685 2326 872 2391 ;item,
903 2340 1003 2396 pro
1033 2325 1122 2379 his
1143 2342 1265 2397 quae
1295 2327 1404 2381 sibi
1436 2328 1641 2383 litteris
1667 2328 1811 2384 idem
1835 2328 2031 2383 Gerar-

408 2419 513 2475 dus
541 2417 988 2492 significaverat;
1035 2417 1251 2474 scilicet
1298 2420 1449 2491 quod
1507 2419 1738 2475 Karolus
1789 2419 2029 2475 Francia:

411 2527 505 2566 rex
532 2508 771 2565 senioris
826 2507 1005 2578 ipsius
1060 2507 1241 2564 Karoli
1293 2509 1585 2581 Cisalpinae
1636 2510 1823 2566 Galliae
1882 2511 2030 2586 regis

408 2614 641 2672 regnum
680 2596 787 2651 sibi
815 2596 983 2652 vellet
1040 2596 1355 2668 subripere,
1414 2599 1562 2669 quod
1624 2599 1746 2669 ipse
1794 2600 2031 2655 domnus

410 2687 735 2742 Hincmarus
764 2699 1116 2755 nequaquam
1173 2683 1291 2738 fieri
1319 2687 1523 2740 asserit
1547 2704 1562 2752 ;
1593 2685 1662 2740 de
1703 2687 1871 2741 rebus
1892 2702 2034 2758 quo-

409 2794 519 2850 que
541 2779 596 2831 S.
631 2776 866 2849 Remigii
898 2775 955 2828 in
971 2775 1258 2830 Provincia
1282 2776 1428 2843 sitis,
1461 2792 1562 2847 pro
1593 2778 1803 2849 quibus
1825 2779 2029 2834 audie-

409 2879 493 2924 rat
536 2868 803 2923 domnum
851 2866 1201 2922 Hincmarum
1259 2868 1329 2922 ad
1381 2884 1570 2942 regem
1638 2869 2030 2940 proclamasse,

409 2959 560 3032 quod
590 2974 648 3013 se
705 2957 928 3028 penitus
967 2966 1133 3032 negat
1181 2959 1384 3033 egisse,
1441 2976 1545 3016 nec
1590 2960 2036 3035 quotiescunque

411 3067 640 3107 necesse
670 3049 792 3118 fuit,
850 3065 949 3120 pro
1003 3050 1176 3121 ipsius
1214 3051 1270 3122 [i,
1321 3051 1475 3122 ipsis]
1514 3051 1680 3107 rebus
1734 3054 1803 3108 ad
1842 3053 2033 3119 alium,

412 3158 578 3216 quam
608 3140 677 3196 ad
708 3140 891 3211 ipsum
948 3139 1270 3221 Gerardum,
1322 3147 1377 3196 et
1401 3141 1470 3196 ad
1501 3156 1632 3197 suos
1682 3139 1876 3195 fideles
1906 3140 2037 3194 inde

2124 601 2229 659 sub
2251 602 2577 657 defensione
2628 609 2809 655 tamen
2865 607 2920 655 et
2951 600 3121 655 tutela
3158 599 3371 671 praefati
3400 599 3627 655 Gerardi
3649 615 3748 656 co-

2124 692 2292 758 mitis,
2312 691 2523 746 addens
2545 690 2613 745 de
2660 689 2875 744 caeteris
2892 689 3213 744 earumdem
3244 706 3429 744 rerum
3451 697 3749 761 usurpato-

2126 781 2280 836 ribus
2310 779 2443 851 quid
2474 779 2750 851 agendum
2770 778 2880 832 sibi
2932 778 3232 834 videretur.
3265 779 3418 849 lpsas
3442 785 3627 833 autem
3661 794 3749 833 res

2126 872 2263 927 nulli
2285 870 2497 928 homini
2527 885 2628 925 suo
2657 870 2743 925 vel
2777 870 3006 924 alterius
3032 869 3087 923 in
3115 868 3448 926 beneﬁcium
3484 870 3618 925 dare
3645 886 3749 925 au-

2125 964 2299 1030 deret,
2333 962 2465 1034 quia
2492 967 2717 1017 sanctus
2746 961 3031 1035 Remigius
3046 954 3161 1017 hoc
3182 963 3238 1016 in
3282 977 3385 1017 suo
3413 968 3748 1017 testamento

2127 1054 2452 1113 terribiliter
2500 1052 2855 1109 contradixit.
2915 1053 3042 1124 lpse
3081 1068 3214 1109 vero
3253 1068 3461 1116 comes,
3518 1055 3615 1125 qui
3648 1068 3750 1123 pro

2127 1163 2316 1205 amore
2341 1154 2543 1201 sancta:
2572 1144 2665 1200 Dei
2711 1144 3006 1200 Genitricis
3060 1151 3114 1200 et
3137 1146 3313 1200 sancti
3370 1144 3631 1220 Remigii,
3662 1160 3753 1199 res

2126 1239 2280 1311 ipsas
2307 1237 2362 1292 in
2393 1253 2492 1292 sua
2523 1236 2757 1292 tuitione
2788 1246 3133 1308 susceperat,
3191 1237 3335 1293 sicut
3378 1236 3521 1293 bene
3553 1237 3751 1308 coepit,

2124 1326 2199 1381 ita
2227 1324 2463 1381 viriliter
2500 1324 2571 1379 de
2615 1331 2814 1380 caetero
2858 1340 3021 1397 agerc
3089 1331 3366 1396 procuret,
3396 1324 3658 1397 quoniam
3691 1325 3749 1378 in

2124 1415 2383 1470 Remensi
2404 1413 2640 1469 ecclesia
2689 1427 2789 1484 per
2830 1413 3024 1469 decem
3058 1414 3391 1469 monasteria
3438 1420 3548 1469 tam
3580 1428 3756 1468 cano-

2126 1507 2394 1569 nicorum,
2430 1521 2595 1577 quam
2614 1506 3207 1578 monachorum,atque
3220 1505 3757 1571 sanctimonialium,

2123 1594 2361 1666 amplius
2389 1609 2555 1666 quam
2571 1594 2862 1665 quingenti
2921 1608 3022 1666 pro
3051 1593 3229 1665 ipsius
3246 1594 3505 1665 praesenti
3536 1602 3594 1649 et
3622 1610 3758 1665 per—

2124 1692 2292 1756 petua
2316 1683 2515 1750 salute,
2546 1682 2601 1736 in
2633 1681 2883 1753 psalmis,
2938 1690 2993 1737 et
3027 1682 3257 1737 canticis
3289 1682 3645 1754 spiritalibus
3673 1689 3761 1737 at-

2126 1792 2235 1848 que
2247 1775 2422 1831 sacris
2436 1773 2814 1830 oblationibus
2833 1774 3084 1830 continui
3107 1781 3356 1830 oratores
3374 1774 3758 1830 existant.etc.

2130 1869 2263 1923 Item
2295 1882 2395 1939 pro
2413 1866 2625 1922 eisdem
2647 1864 2815 1919 rebus
2846 1882 2989 1937 pene
3017 1865 3248 1921 similia.
3272 1867 3405 1920 Item
3436 1865 3667 1920 mittens
3688 1865 3759 1920 ad

2129 1961 2350 2015 easdem
2382 1974 2470 2013 res
2497 1958 2834 2014 ordinandas
2864 1974 2964 2029 per
2994 1958 3171 2028 ipsius
3218 1957 3436 2013 comitis
3485 1956 3758 2012 auxilium

2133 2054 2192 2125 [i,
2223 2052 2563 2123 consilium],
2586 2060 2753 2124 atque
2775 2051 3180 2121 disponendas,
3213 2052 3543 2107 monachum
3587 2059 3761 2123 atque

2129 2142 2515 2214 presbyterum
2547 2140 2617 2194 de
2646 2139 2985 2195 monasterio
3030 2140 3206 2195 sancti
3256 2139 3494 2214 Remigii
3526 2139 3762 2195 nomine

2130 2229 2463 2285 Rotfridum.
2511 2230 2805 2300 Rodulpho
2834 2229 3033 2285 illustri
3052 2230 3265 2296 comiti,
3296 2244 3396 2300 pro
3426 2227 3755 2283 inﬁrmitate

2130 2319 2383 2391 conjugis
2412 2318 2605 2389 ipsius,
2634 2327 2688 2373 et
2712 2333 2808 2388 pro
2832 2334 2898 2373 eo
2920 2318 3070 2389 quod
3091 2317 3541 2390 ferebaturjidem
3566 2332 3765 2373 comes

2132 2411 2279 2466 inter
2308 2426 2496 2485 regem
2527 2416 2581 2465 et
2611 2410 2881 2481 quosdam
2945 2410 3226 2479 subjectos
3283 2409 3763 2481 ipsmsjquaedam

2132 2505 2409 2561 contraria
2463 2504 2759 2573 seminare,
2811 2520 3065 2560 asserens
3117 2505 3226 2559 sibi
3267 2520 3490 2577 quoque
3520 2503 3767 2559 domnus

2133 2597 2627 2668 Hincmarus,quia
2643 2597 2711 2651 ab
2746 2597 3064 2665 hujusmodi
3084 2612 3144 2652 re
3170 2597 3331 2652 valde
3362 2612 3422 2653 se
3454 2597 3766 2651 immunem

2132 2688 2381 2760 putabat,
2400 2689 2508 2743 hoc
2532 2689 2709 2759 ipsum
2731 2689 2975 2759 reputari
3001 2706 3016 2756 ;
3046 2695 3102 2744 et
3128 2690 3261 2760 quia
3287 2690 3358 2744 de
3383 2690 3470 2744 his
3491 2688 3770 2761 quierant

2132 2795 2257 2835 cum
2290 2795 2419 2851 rege
2438 2779 2568 2834 talia
2598 2779 2859 2834 mandata
2887 2780 3164 2845 venirent,
3185 2796 3308 2851 quae
3336 2796 3447 2836 non
3469 2781 3773 2837 convenis-

2137 2881 2282 2929 sent.
2316 2873 2469 2929 Unde
2500 2872 2636 2927 nihil
2659 2873 2842 2929 eidem
2869 2871 3059 2927 comiti
3085 2871 3330 2926 scribere
3358 2878 3770 2943 posset,neque

2137 2978 2238 3034 per
2266 2962 2436 3017 alium
2467 2962 2756 3028 mandare,
2780 2961 2961 3017 donec
2988 2960 3155 3015 simul
3188 2960 3573 3031 loquerentur,
3608 2966 3666 3015 et
3694 2960 3772 3014 de

2139 3053 2342 3108 talibus
2373 3069 2495 3125 quae
2524 3052 2794 3108 vidissent
2822 3051 3021 3106 melius
3073 3051 3143 3106 ad
3168 3050 3464 3106 utilitatem
3491 3058 3547 3105 et
3587 3050 3774 3107 bone-

2137 3148 2335 3197 statem
2384 3141 2621 3196 senioris
2668 3141 2754 3196 sui
2808 3141 3113 3212 pertinere,
3175 3146 3365 3195 mutuo
3421 3137 3773 3208 conferrent,

410 3202 844 3307 suggestionem,
876 3211 1144 3284 direxisse
1178 3229 1280 3301 ;de
1328 3230 1434 3286 hoc
1482 3230 1652 3285 etiam
1707 3230 1857 3302 quod
1891 3229 2033 3284 scri-
2065 3202 2115 3270 Ο
2138 3236 2466 3309 quantocius
2522 3243 2704 3291 autem
2756 3202 3029 3306 primisset
3066 3233 3135 3287 ad
3185 3247 3374 3307 regem
3404 3239 3685 3306 pergeret,
3715 3241 3774 3288 et

413 3329 597 3395 pserat
622 3323 713 3377 hic
739 3337 926 3377 comes
955 3338 1015 3376 se
1033 3322 1278 3388 audisse,
1302 3323 1451 3394 quod
1484 3339 1577 3377 rex
1632 3322 1741 3377 iste
1801 3321 2032 3376 Karolus

413 3412 751 3469 monasteria
796 3412 965 3467 vellet
1011 3427 1299 3482 usurpare,
1352 3427 1474 3483 quae
1502 3411 1665 3468 beato
1706 3412 1867 3467 Petro
1899 3425 2034 3481 apo-

413 3505 557 3561 stolo
587 3504 735 3559 idem
764 3503 1038 3559 Gerardus
1062 3504 1366 3558 tradiderat
1388 3510 1473 3559 :et
1499 3503 1630 3575 quia
1659 3504 1705 3558 si
1736 3504 2030 3574 resipsius,

415 3613 539 3670 quae
566 3598 622 3651 in
652 3599 759 3652 hoc
775 3612 946 3670 regno
1003 3597 1378 3666 conjacerent,
1429 3596 1498 3651 ab
1523 3612 1588 3651 eo
1619 3595 1800 3652 forent
1819 3595 2035 3663 ablatae,

416 3686 539 3757 ipse
564 3685 916 3741 licetinvitus
940 3700 1030 3739 res
1056 3684 1406 3755 hujusregni,
1430 3684 1734 3756 quasinillo
1753 3684 2041 3740 habeban-

416 3787 505 3833 tur
526 3794 696 3851 regno
714 3777 1654 3849 praesumeret;respondetdomnus
1677 3777 2039 3849 praesul,quia

417 3886 516 3925 sua
539 3870 824 3924 voluntate
856 3884 1020 3925 nemo
1072 3885 1160 3923 res
1183 3867 1432 3924 ecclesiae
1460 3869 1515 3923 in
1544 3884 1703 3924 suum
1728 3870 2037 3940 periculum

419 3969 740 4032 usurparet;
775 3961 968 4016 timere
989 3976 1069 4027 se,
1109 3976 1366 4015 asserens
1387 3976 1459 4014 ne
1490 3975 1676 4016 coram
1699 3961 1812 4016 Deo
1835 3961 2041 4035 dignus

420 4051 711 4117 habeatur,
738 4058 799 4104 ut
824 4051 929 4105 hoc
960 4050 1015 4103 in
1034 4058 1285 4120 tempore
1316 4049 1610 4105 sacerdotii
1633 4048 1719 4104 sui
1745 4049 2043 4104 commissa

417 4143 525 4197 sibi
578 4144 821 4213 patiatur
858 4142 1113 4197 ecclesia.
1168 4142 1559 4197 Verumtamen
1617 4143 1663 4197 si
1712 4143 1837 4213 quis
1896 4158 2041 4214 pra:-

419 4235 739 4306 sumpserit,
759 4234 881 4306 plus
912 4233 990 4287 illi
1010 4233 1201 4289 dolere
1231 4249 1396 4305 quam
1427 4233 1555 4296 sibi,
1582 4233 1886 4305 periculum
1910 4250 2046 4305 prm-

420 4326 721 4397 sumptoris
734 4341 797 4380 ex
812 4325 1020 4381 divinis
1035 4324 1288 4396 pandens
1301 4324 1749 4379 auctoritatibus.
1766 4325 2047 4394 Adjiciens

423 4433 645 4489 quoque
669 4419 739 4473 de
766 4434 833 4474 eo
863 4418 1013 4490 quod
1044 4433 1106 4472 se
1136 4424 1448 4484 monuerat,
1481 4424 1542 4472 ut
1570 4418 1711 4472 sacri
1747 4433 1913 4473 causa
1939 4418 2046 4473 mi-

422 4505 636 4560 nisterii
683 4521 868 4578 regem
914 4522 945 4559 a
975 4504 1179 4560 talibus
1235 4513 1518 4561 revocaret
1545 4505 1886 4571 excessibus,
1916 4507 2049 4577 quia

2134 3341 2257 3381 cum
2287 3325 2381 3381 illo
2413 3325 2645 3397 degens,
2711 3330 3207 3394 quantumcunque
3231 3322 3462 3389 valeret,
3497 3328 3770 3389 certaret,

2134 3424 2272 3473 utse
2290 3432 2474 3473 coram
2519 3417 2631 3472 Deo
2672 3415 2838 3472 corde
2877 3421 2931 3470 et
2983 3429 3156 3484 opere
3204 3413 3532 3480 custodiret,
3560 3414 3772 3485 orique

2135 3524 2234 3565 suo
2260 3509 2330 3563 ab
2355 3507 2493 3580 ipsis
2524 3508 2692 3563 etiam
2722 3507 2817 3579 qui
2866 3505 3205 3578 putabantur
3234 3504 3420 3571 amici,
3451 3505 3771 3561 custodiam

2143 3599 2455 3670 imponeret
2509 3598 2611 3667 (ps.
2660 3598 2801 3663 CXL),
2852 3601 2909 3651 et
2955 3595 3027 3651 de
3079 3593 3481 3651 convocatione
3512 3592 3772 3649 ﬁdelium

2141 3686 2309 3759 regis,
2367 3693 2423 3740 et
2448 3685 2757 3741 directione
2804 3683 2979 3756 ipsius
3017 3683 3209 3749 animi,
3231 3690 3398 3754 atque
3428 3680 3774 3736 discissione

2140 3778 2308 3847 hujus
2336 3776 2493 3851 regni
2527 3795 2542 3842 ;
2583 3776 2681 3831 sed
2711 3784 2768 3831 et
2816 3774 3206 3831 interfectione
3252 3775 3537 3831 Britonum
3579 3774 3774 3829 Reris—

2142 3866 2317 3941 pOgii,
2350 3866 2683 3932 Salomonis,
2717 3872 2772 3920 et
2792 3864 3093 3931 Almarchi,
3139 3871 3305 3936 atque
3341 3864 3409 3920 de
3442 3862 3643 3918 itinere
3674 3879 3774 3917 re-

2141 3960 2287 4034 ginae
2308 3958 2375 4013 ad
2398 3974 2607 4031 regem,
2633 3963 2796 4028 prout
2825 3958 2941 4029 ipse
2971 3957 3355 4023 mandaverat,
3384 3963 3438 4011 et
3460 3954 3591 4027 quia
3619 3954 3776 4009 mul-

2142 4060 2260 4108 tum
2289 4051 2359 4106 de
2383 4065 2515 4123 rege
2543 4049 2795 4106 timebat.
2825 4050 2959 4104 ltem
3003 4048 3071 4103 de
3094 4064 3161 4104 eo
3182 4049 3333 4121 quod
3367 4047 3422 4102 in
3453 4047 3654 4103 litteris
3682 4048 3775 4119 ip-

2142 4141 2261 4196 sius
2282 4139 2501 4196 comitis
2520 4139 2666 4194 inter
2697 4139 2880 4210 ipsum
2930 4139 3192 4195 comitem
3215 4146 3271 4195 et
3298 4154 3484 4213 regem
3511 4142 3770 4193 'commo-

2144 4234 2354 4289 tionem
2379 4238 2714 4305 cognoverat
2743 4247 2864 4287 esse
2897 4231 3226 4297 indebitam,
3254 4231 3404 4285 unde
3435 4230 3571 4285 satis
3598 4230 3779 4285 tristis

2147 4324 2375 4382 effectus
2394 4331 2529 4380 erat.
2581 4324 2645 4379 Et
2699 4325 2829 4396 quia
2857 4325 2929 4379 de
2957 4323 3044 4379 his
3074 4340 3196 4395 quae
3223 4322 3329 4379 sibi
3360 4322 3563 4378 litteris
3592 4321 3779 4396 signi-

2148 4413 2426 4481 ﬁcaverat,
2453 4413 2599 4484 apud
2638 4428 2849 4488 regem,
2891 4420 3054 4485 prout
3070 4413 3359 4484 potuisset,
3395 4419 3697 4484 satageret,
3721 4420 3776 4467 et

2150 4502 2425 4574 quidquid
2459 4502 2757 4569 inveniret,
2777 4502 2821 4557 si
2845 4502 2915 4557 ad
2929 4518 3056 4558 eum
3073 4501 3401 4566 remitteret,
3424 4500 3529 4570 ipsi
3554 4516 3779 4555 reman-

422 4597 577 4668 prius
604 4596 662 4650 in
692 4574 844 4652 illius
882 4597 1248 4668 dispositione
1298 4598 1432 4653 talia
1466 4613 1577 4653 non
1618 4574 1964 4670 perceperat,
1994 4606 2048 4654 et
2072 4574 2126 4642 ί)
2145 4596 2275 4651 dare
2306 4602 2541 4651 curaret.
2572 4595 2857 4665 Adjiciens
2881 4596 3016 4668 quid
3065 4595 3175 4650 sibi
3206 4595 3276 4650 de
3300 4592 3631 4650 hominibus
3654 4593 3777 4649 suis

421 4690 491 4744 de
522 4689 676 4744 vanis
702 4689 1116 4759 suspicionibus
1138 4706 1298 4745 suum
1321 4696 1433 4747 non
1466 4700 1588 4747 erat
1608 4692 1892 4747 seniorem
1922 4707 2048 4747 cor-

420 4780 630 4853 ripere,
663 4780 789 4835 ideo
818 4797 923 4835 nec
955 4781 1083 4836 inde
1104 4791 1418 4839 monuerat.
1451 4783 1609 4839 Nunc
1634 4790 1818 4840 autem
1841 4790 2047 4840 certam

423 4878 478 4924 et
498 4885 720 4925 causam
763 4869 995 4937 habens,
1028 4877 1083 4924 ct
1102 4885 1415 4940 personam,
1451 4871 1641 4925 debita
1673 4872 1973 4928 devotione
1987 4887 2051 4929 ac

424 4958 690 5015 ﬁdelitate
712 4960 960 5015 studebit
982 4960 1420 5018 dominationem
1451 4961 1629 5031 ipsius
1665 4977 1917 5017 monere.

498 5051 632 5106 Item
657 5066 755 5121 pro
780 5051 1020 5121 przefatis
1078 5052 1248 5108 rebus
1299 5052 1475 5108 sancti
1538 5051 1793 5126 Remigii,
1815 5051 1886 5106 de
1917 5051 2048 5123 qui-

423 5139 692 5196 busidcm
724 5140 999 5197 Gerardus
1029 5142 1159 5197 huic
1209 5140 1847 5212 archiepiscopolitteris
1876 5141 2050 5214 signi-

424 5225 682 5283 ﬁcaverat
712 5244 771 5283 se
802 5229 1119 5295 condolere,
1162 5231 1292 5302 quia
1346 5229 1828 5285 devastabantura
1858 5230 2049 5285 multis

421 5324 476 5370 et
503 5316 691 5385 plures
747 5310 1067 5374 earumdem
1109 5328 1411 5377 vastatores
1460 5320 1709 5375 dicerent
1769 5319 1915 5390 quod
1952 5334 2051 5391 per

422 5406 844 5460 concessionem
868 5409 1010 5482 regis
1038 5411 1241 5478 Karoli,
1273 5419 1328 5466 et
1353 5412 1519 5480 hujus
1546 5411 1737 5466 domui
1773 5412 2046 5468 Hincmari

423 5496 648 5550 easdem
682 5512 769 5550 res
784 5508 1137 5570 occuparent.
1163 5502 1317 5558 Unde
1362 5502 1610 5558 notiﬁcat
1640 5502 1821 5557 eidem
1847 5504 2047 5558 Gerar-

424 5585 518 5649 do,
554 5583 685 5655 quia
715 5600 779 5638 ex
796 5603 907 5656 quo
927 5590 1150 5644 easdem
1181 5607 1269 5645 res
1309 5592 1499 5647 eidem
1528 5591 1891 5659 commiserit,
1921 5592 2049 5647 nul-

424 5672 533 5729 lius
554 5671 894 5727 altcriuseas
934 5679 1234 5746 provisioni
1283 5679 1646 5751 delegaverit,
1690 5680 1797 5734 nisi
1830 5686 2046 5736 tantum

421 5759 725 5819 Hildoardo
752 5760 970 5817 cuidam
1011 5765 1218 5820 nutrito
1238 5781 1340 5820 suo
1390 5765 1726 5835 injunxerat,
1754 5772 1817 5821 ut
1843 5767 2041 5836 majori

2148 4683 2431 4750 acciderit,
2479 4698 2618 4755 quos
2646 4699 2836 4740 secum
2890 4699 3057 4755 super
3108 4683 3347 4756 Ligerim
3398 4682 3619 4749 habuit,
3651 4697 3776 4738 mo-

2150 4790 2290 4830 nens
2309 4780 2365 4828 et
2384 4771 2702 4828 confortans
2727 4772 2784 4827 in
2810 4772 3067 4840 Domino,
3099 4788 3172 4828 ne
3197 4778 3618 4827 commoneatur
3637 4770 3779 4825 levi-

2150 4870 2236 4919 ter
2264 4875 2365 4933 pro
2396 4859 2620 4929 talibus,
2637 4861 2844 4933 quibus
2871 4860 2951 4915 illi
2974 4860 3069 4933 qui
3088 4861 3263 4915 Deum
3283 4860 3476 4915 timere
3492 4859 3778 4923 nesciunt,

2152 4963 2573 5015 commoventur
2621 4972 2636 5008 :
2713 4952 2813 5009 sed
2863 4968 3023 5009 suum
3108 4952 3319 5009 bonum
3357 4966 3586 5008 nomen.
3633 4951 3778 5006 sicut

2150 5045 2297 5102 bene
2326 5046 2517 5117 coepit,
2540 5059 2718 5115 usque
2776 5042 2845 5098 ad
2900 5041 3067 5098 ﬁnem
3096 5042 3401 5113 perducere
3438 5041 3681 5097 studeat.
3714 5041 3777 5095 Et

2152 5134 2286 5208 quia
2314 5134 2463 5206 regis
2489 5133 2735 5188 animum
2795 5132 2909 5201 jam
2939 5131 3083 5186 bene
3104 5136 3487 5205 cognosceret,
3520 5129 3617 5202 qui
3645 5128 3775 5184 licet

2153 5225 2339 5296 aliqua
2375 5224 2447 5278 sit
2493 5220 2908 5295 perturbatione
2961 5228 3295 5286 commotus,
3319 5220 3502 5275 statim
3555 5225 3619 5273 ut
3649 5234 3770 5274 cum

2151 5330 2220 5371 eo
2246 5314 2467 5370 locutus
2494 5310 2661 5366 fuerit
2688 5318 2745 5365 et
2776 5310 2826 5364 ei
2875 5325 3030 5364 suam
3058 5308 3417 5365 devotionem
3439 5307 3770 5364 manifesta-

2151 5404 2314 5471 verit,
2335 5404 2480 5459 sicut
2508 5402 2687 5462 decet,
2725 5410 2780 5455 et
2807 5400 2950 5456 sicut
2979 5407 3185 5456 rectum
3219 5408 3323 5469 est,
3363 5416 3491 5455 eum
3521 5398 3771 5455 habebit.

2151 5495 2483 5560 admonens,
2524 5501 2585 5549 ut
2633 5491 2789 5560 juxta
2840 5489 3182 5561 Apostolum,
3235 5489 3418 5565 omnis
3456 5489 3771 5563 indignatio

2149 5583 2431 5641 auferatur
2450 5582 2518 5637 ab
2550 5597 2616 5637 eo
2646 5598 2771 5637 cum
2797 5580 2947 5637 omni
2992 5580 3205 5636 malitia
3228 5579 3574 5652 (Eplws.1v).
3618 5578 3769 5643 Quod

2147 5678 2195 5732 si
2234 5677 2411 5742 fieret,
2434 5690 2534 5747 pro
2585 5690 2653 5731 eo
2707 5674 2855 5746 quod
2884 5689 2980 5730 rex
3033 5689 3209 5747 nepos
3239 5673 3414 5746 ipsius
3445 5679 3618 5741 esset,
3652 5672 3771 5745 plus

2147 5766 2302 5837 pium
2352 5763 2595 5821 animum
2647 5779 2777 5837 erga
2829 5778 2955 5819 eum
3004 5763 3255 5832 haberet,
3322 5777 3422 5835 pro
3482 5763 3596 5819 hoc
3625 5759 3770 5834 quod
