3912 6422
179 444 269 500 241

804 447 1132 505 HISTORle
1170 450 1501 509 ECCLESUE
1539 456 1789 515 REMENE

1914 461 2092 517 LIBRI
2134 463 2466 529 QUATUOR.
2509 499 2579 508 —
2619 469 2745 525 LIB.
2791 474 2860 527 ΙΙΙ

3417 482 3522 538 2ίὲ

182 568 358 625 senior
400 569 582 640 ipsius
638 580 809 640 esset,
875 572 1003 644 plus
1062 576 1326 633 humilem
1386 580 1622 638 haberet
1688 585 1805 640 ani-
1824 592 1877 659 Α
1902 588 1970 643 de
2000 589 2121 659 ipso
2140 590 2401 647 audiebat
2419 600 2473 648 et
2502 594 2704 651 animae
2733 597 2882 653 illius
2906 600 3213 670 periculum
3236 606 3524 674 pertinen-

181 673 317 712 mum
365 656 513 713 circa
540 657 749 729 ipsum,
785 668 892 716 etc.
947 662 1137 720 Uvelfo
1168 667 1388 727 cuidam
1446 671 1625 727 nobili
1658 673 1798 738 viro,

182 747 369 803 multas
423 748 732 823 gratiarum
791 752 1043 809 referens
1098 757 1371 826 actiones,
1431 764 1579 832 quod
1641 764 1804 819 talem

181 855 301 914 erga
338 856 397 895 se
432 850 819 899 conservasset
856 845 1180 911 amicitiam.
1211 858 1273 904 ut
1302 851 1586 908 hominem
1628 854 1806 926 ipsius

180 930 289 985 sine
314 947 587 988 consensu
635 934 890 1004 ejusdem
923 936 1175 1009 recipere
1231 941 1525 1011 noluisset,
1567 953 1623 1000 et
1653 948 1802 1017 quod

183 1022 316 1077 idem
357 1023 522 1080 homo
549 1040 609 1080 se
640 1024 763 1080 sine
804 1042 971 1083 causa
1003 1029 1301 1098 dimiserit,
1336 1044 1391 1089 et
1420 1036 1546 1091 sine
1579 1037 1803 1095 licentia

182 1129 272 1168 sua
290 1114 662 1171 irreverenter
680 1116 1006 1185 abcesserit,
1030 1124 1177 1193 quod
1197 1139 1359 1180 nemo
1374 1143 1601 1183 suorum
1621 1131 1803 1188 adhuc

180 1204 311 1259 alius
326 1204 555 1274 fecerat,
570 1207 1079 1281 intimansqualiter
1090 1219 1553 1288 eumsusceperit,
1570 1230 1624 1275 et
1635 1239 1799 1292 quam

180 1295 412 1371 benigne
437 1299 716 1367 nutrierit,
736 1301 1016 1373 multaque
1035 1303 1114 1358 illi
1137 1305 1283 1362 bona
1305 1306 1518 1376 fecerit,
1538 1313 1802 1382 qualiter-

180 1402 279 1457 que
316 1387 420 1442 iste
457 1388 605 1444 inter
640 1390 920 1447 seniorem
966 1410 1127 1450 suum
1162 1404 1217 1452 et
1266 1395 1453 1472 regem
1487 1400 1687 1457 missus
1728 1406 1797 1459 ad

178 1475 371 1544 ipsum,
401 1476 872 1534 inconvenienter
901 1483 1097 1554 egerit.
1123 1484 1264 1540 Petit
1290 1495 1495 1556 autem,
1524 1499 1586 1546 ut
1615 1493 1795 1549 nulla-

182 1570 332 1620 tenus
388 1579 515 1620 eum
547 1567 808 1638 recipiat,
847 1580 1146 1643 antequam
1178 1590 1367 1630 secum
1422 1577 1700 1650 loquatur,
1743 1593 1799 1637 et

178 1656 307 1710 sciat
349 1655 397 1710 si
440 1666 649 1713 rectam
683 1669 878 1717 contra
915 1680 976 1718 se
1008 1664 1155 1719 idem
1199 1668 1365 1723 homo
1398 1670 1666 1727 rationem
1698 1674 1797 1728 ha-

177 1746 316 1816 beat,
342 1750 610 1819 adjiciens
658 1768 776 1808 non
807 1754 863 1809 id
918 1773 977 1811 se
1009 1758 1079 1811 de
1111 1757 1207 1814 illo
1261 1760 1386 1816 ideo
1417 1763 1702 1833 replicare,
1735 1773 1795 1821 ut

176 1840 392 1911 aliquod
425 1842 614 1898 odium
656 1845 805 1900 illius
826 1854 1034 1913 teneat,
1063 1851 1161 1905 sed
1192 1867 1263 1907 ne
1294 1853 1387 1908 ille
1407 1864 1598 1911 contra
1616 1857 1790 1926 justi-

176 1910 299 1982 tiam
328 1930 613 2000 recipiens
644 1932 819 2001 hunc,
852 1935 911 1989 in
942 1936 1112 1991 Deum
1146 1949 1360 2009 peccet,
1396 1949 1453 1997 et
1473 1942 1530 1997 in
1562 1960 1621 1999 se
1651 1935 1794 2000 ami-
1817 1910 1872 1979 B

174 2035 290 2073 cum
326 2020 503 2091 ipsius
540 2022 811 2090 offendat,
855 2028 1159 2097 praesertim
1189 2046 1314 2086 cum
1346 2032 1495 2088 salva
1525 2036 1789 2105 amicitia,

170 2126 265 2180 per
293 2111 416 2179 ejus
446 2112 731 2169 licentiam
753 2116 907 2172 illum
942 2119 1148 2176 habere
1176 2124 1413 2192 poterit;
1442 2125 1666 2182 Folconi
1696 2145 1794 2185 co-

173 2198 284 2252 miti
315 2200 506 2269 palatii
538 2202 708 2276 regis,
741 2220 842 2274 pro
882 2208 1121 2277 quodam
1156 2210 1480 2283 presbytero
1514 2218 1787 2286 parochias

168 2287 526 2359 Suessonicae,
560 2295 658 2365 qui
696 2295 888 2352 relicto
920 2300 1300 2358 ecclesiastico
1331 2306 1399 2359 ad
1443 2306 1606 2363 civile
1630 2310 1788 2378 judi-

165 2376 303 2431 cium
345 2380 782 2449 proclamaverat
811 2400 978 2456 super
1006 2399 1325 2447 accusatore
1356 2410 1481 2462 suo,
1532 2397 1628 2468 qui
1659 2414 1785 2467 pro-

165 2467 413 2526 baturum
444 2489 505 2527 se
538 2476 867 2545 promiserat
898 2493 1019 2534 esse
1049 2483 1199 2552 quod
1228 2485 1495 2543 adversus
1526 2491 1782 2546 eumdem

166 2558 541 2630 presbyterum
575 2562 913 2632 proferebat.
949 2567 1169 2626 Mandat
1199 2580 1383 2628 autem
1416 2576 1546 2632 huic
1572 2580 1783 2648 comiti,

165 2661 228 2699 ne
253 2647 305 2701 in
336 2649 442 2705 hac
471 2666 531 2705 se
556 2666 723 2708 causa
752 2655 1129 2726 commisceat,
1161 2668 1457 2734 antequam
1490 2667 1559 2721 ab
1581 2684 1648 2723 eo
1678 2676 1785 2725 tra-

163 2743 335 2790 ctetur
381 2754 455 2793 an
506 2739 563 2793 id
623 2741 1027 2800 rationabiliter
1078 2745 1197 2803 ﬁeri
1243 2750 1465 2820 debeat,
1527 2756 1657 2827 quia
1713 2758 1784 2813 de

164 2824 472 2895 presbyteri
501 2834 555 2882 et
576 2828 836 2886 Ecclesiae
859 2848 1024 2889 causa
1048 2836 1117 2890 ad
1143 2838 1438 2911 epiSCOpos
1465 2824 1603 2900 etad
1623 2863 1785 2917 syno-
1832 2878 1843 2885 ~

162 2909 284 2965 dum
316 2913 588 2971 difﬁnitio
618 2918 914 2989 pertineat,
971 2938 1086 2979 non
1115 2926 1185 2980 ad
1223 2909 1375 2983 malli
1406 2932 1495 2986 vel
1538 2909 1782 2991 civilium

154 2997 396 3065 judicum
431 3003 883 3075 dispositionem,
939 3017 1043 3066 etc.
1085 3012 1286 3071 Maioni
1335 3017 1532 3075 illustri
1571 3024 1782 3095 comiti,

158 3092 459 3163 gratiarum
493 3095 744 3153 referens
771 3100 1016 3158 actiones
1046 3120 1147 3175 pro
1176 3106 1520 3182 benignitate
1550 3124 1604 3168 et
1628 3092 1781 3172 solli;

159 3183 421 3255 citudine,
486 3205 655 3260 quam
718 3192 924 3250 domno
986 3197 1330 3258 Theoderico
1398 3203 1779 3266 Camaracensi

159 3279 397 3348 praesuli,
439 3280 560 3336 viro
588 3290 800 3351 sancto,
828 3292 884 3340 et
913 3288 1162 3345 ecclesiae
1192 3294 1369 3364 ipsius
1399 3298 1663 3357 exhibere
1684 3320 1781 3360 cu-
1808 3281 1857 3350 Ο
1882 3309 2046 3364 minis

158 3366 329 3436 rabat,
371 3371 628 3445 petitque
658 3381 719 3429 ut
746 3375 792 3429 si
824 3376 882 3430 in
912 3393 1104 3435 eorum
1135 3382 1336 3440 diebus
1363 3385 1509 3444 idem
1540 3392 1637 3447 Dei
1669 3411 1780 3451 ser-

158 3470 252 3511 vus
276 3457 346 3512 ad
377 3475 738 3517 communem
755 3464 1045 3522 Dominum
1080 3472 1361 3542 transiret,
1380 3492 1481 3546 pro
1507 3480 1779 3539 electione

155 3550 520 3606 concedenda
544 3553 695 3609 clero
732 3562 787 3610 et
814 3557 965 3626 plebi
997 3561 1246 3618 ecclesiae
1282 3565 1459 3637 ipsius
1490 3572 1636 3642 apud
1672 3573 1779 3631 Lo-

155 3638 386 3696 tharium
418 3643 817 3715 imperatorem
845 3656 1139 3725 satageret.

218 3733 291 3788 De
320 3752 461 3806 pace
495 3753 722 3810 quoque
742 3746 1090 3812 procuranda
1108 3746 1254 3803 inter
1281 3765 1460 3825 reges,
1487 3758 1637 3813 unde
1668 3759 1776 3815 sibi

153 3822 467 3893 scripserat,
503 3828 775 3897 rescribit,
806 3833 935 3902 quia
964 3849 1186 3908 semper
1213 3855 1333 3895 eam
1348 3822 1774 3916 desideraverit.

153 3917 203 3963 et
224 3918 280 3965 ut
306 3913 577 3970 inviolata
606 3916 755 3973 inter
783 3935 882 3976 eos
901 3934 1173 3995 maneret,
1204 3940 1369 3999 prout
1391 3938 1590 4007 potuit,
1624 3913 1776 3997 com;

150 4016 370 4060 monere
430 4009 734 4075 curaverit,
767 4020 821 4066 et
842 4023 1128 4084 quantum
1158 4019 1271 4077 Deo
1315 4038 1649 4097 cooperante
1680 4050 1775 4089 va-

145 4092 322 4150 luerit.
358 4095 495 4151 inde
536 4097 788 4155 laborare
820 4104 1055 4183 curabit.
1110 4108 1309 4167 Rorico
1350 4092 1665 4177 Normanno
1703 4126 1773 4179 ad

140 4182 312 4241 ﬁdem
342 4187 550 4244 Christi
582 4207 872 4262 converso,
903 4205 965 4252 ut
992 4182 1046 4253 in
1075 4200 1172 4257 Dei
1200 4205 1501 4277 voluntate,
1534 4218 1588 4267 et
1616 4231 1773 4271 man-

144 4278 393 4335 datorum
445 4282 601 4337 illius
639 4284 1027 4344 observatione
1056 4293 1328 4364 proficiat,
1368 4300 1510 4357 sicut
1536 4311 1592 4358 et
1644 4323 1770 4363 eum

143 4373 282 4428 velle
312 4391 379 4430 ac
408 4374 599 4432 facere
630 4395 732 4449 per
766 4381 970 4438 multos
1005 4385 1289 4457 audiebat,
1328 4398 1383 4446 et
1422 4403 1481 4450 ut
1528 4414 1690 4457 nemo
1719 4404 1769 4458 ei

142 4464 485 4533 persuadere
535 4466 753 4536 valeat,
801 4486 913 4545 quo
943 4481 1132 4531 contra
1162 4475 1512 4541 Christianos
1542 4492 1770 4564 paganis

142 4559 233 4606 aut
261 4554 591 4621 consilium,
613 4563 709 4612 aut
739 4558 1077 4628 adjutorium
1102 4575 1346 4636 praestet,
1380 4574 1510 4643 quia
1533 4554 1674 4634 nihil
1705 4582 1775 4638 sit

142 4643 390 4710 proderit
417 4643 760 4714 baptismum
775 4645 1202 4730 Christianitatis
1223 4659 1527 4730 accepisse,
1559 4666 1605 4720 si
1628 4683 1770 4724 con—

143 4736 218 4783 tra
248 4729 623 4799 Christianos,
655 4734 741 4789 vel
768 4726 870 4805 per
894 4754 975 4806 se,
1005 4748 1099 4797 aut
1127 4759 1226 4813 per
1252 4726 1389 4804 alios
1410 4726 1772 4830 quoscunque

141 4837 422 4891 perversa,
460 4822 553 4877 vel
593 4824 822 4882 adversa
853 4828 1022 4887 fuerit
1059 4836 1427 4909 machinatus,
1470 4852 1525 4899 et
1554 4822 1769 4919 caete-ra,

142 4929 259 4984 quae
289 4916 684 4988 prosequitur,
745 4920 1139 4993 episcopaliter
1192 4928 1472 5001 intimans,
1505 4916 1768 5009 quantum

141 5002 193 5056 in
225 5005 318 5059 tali
359 5006 436 5061 sit
477 5007 892 5066 machinatione
933 5015 1262 5083 periculum.
1320 5023 1548 5083 Monens
1583 5032 1770 5101 etiam,

143 5101 198 5146 ut
222 5093 568 5150 Balduinum
601 5111 633 5150 a
661 5096 759 5151 Dei
788 5098 1018 5171 Spiritu,
1041 5120 1154 5174 quo
1177 5123 1419 5168 canones
1443 5120 1617 5175 sancti
1641 5093 1777 5179 sunt

141 5190 367 5258 conditi,
400 5206 512 5261 per
535 5191 914 5264 episcopalem
938 5202 1319 5260 auctoritatem
1345 5222 1574 5283 propter
1604 5217 1771 5276 ﬁliam

142 5281 303 5355 regis,
338 5298 517 5353 quam
564 5282 621 5336 in
648 5300 875 5342 uxorem
916 5288 1130 5349 furatus
1175 5295 1373 5368 fuerat,
1403 5281 1777 5371 anathemati-

139 5381 340 5440 zatum,
394 5371 559 5428 nullo
598 5374 766 5430 modo
804 5378 1101 5451 reciperet,
1144 5402 1327 5460 neque
1356 5393 1635 5469 solatium,
1689 5409 1776 5463 vel

141 5462 416 5537 refugium
452 5464 685 5537 aliquod
715 5470 863 5539 apud
885 5487 943 5528 se
976 5474 1183 5534 habere
1209 5486 1575 5561 permitteret,
1610 5462 1679 5552 ne
1713 5499 1774 5553 il-

140 5552 244 5608 lius
298 5554 557 5625 peccatis
585 5563 642 5610 et
672 5565 1243 5625 excommunicatioue
1288 5573 1637 5638 involvantur
1667 5594 1772 5642 tam

138 5640 277 5709 ipse,
311 5658 487 5713 quam
524 5644 636 5710 sui,
670 5652 832 5718 atque
864 5649 1237 5714 damnentur:
1272 5664 1369 5718 sed
1404 5668 1564 5725 talem
1592 5688 1651 5727 se
1681 5691 1778 5730 ex-

140 5728 335 5786 hibere
388 5738 687 5802 procuret,
738 5747 1015 5806 quatenus
1057 5745 1108 5799 ei
1140 5751 1419 5809 orationes
1466 5769 1778 5821 sanctorum

140 5818 416 5888 proficere
451 5819 696 5877 valeant.
737 5823 995 5888 Luitardo
1022 5832 1220 5894 illustri
1247 5841 1386 5913 viro,
1416 5864 1515 5918 pro
1548 5852 1634 5907 his
1659 5818 1781 5925 quae

1910 680 2003 747 tia,
2052 684 2326 755 praecipue
2357 686 2427 741 de
2458 688 2697 758 quodam
2735 690 3086 762 presbytero,
3143 713 3306 767 quem
3338 707 3526 758 contra

1907 767 2060 843 leges
2081 772 2150 825 de
2174 772 2406 828 ecclesia
2423 775 2681 844 ejecerat,
2709 787 2765 833 et
2787 779 3021 836 alterum
3044 781 3123 837 ibi
3145 787 3524 856 constituerat,

1906 860 2207 918 efficaciter
2240 871 2294 919 et
2322 867 2717 939 episcopaliter
2764 888 3019 942 monens,
3054 881 3113 929 ut
3155 892 3186 929 a
3215 877 3421 934 talibus
3465 898 3525 937 se

1905 955 2432 1026 praisumptionibus
2455 972 2792 1032 compescat,
2819 965 2948 1036 quia
2969 966 3013 1021 si
3040 982 3152 1022 non
3176 967 3384 1039 fecerit,
3402 972 3523 1044 ipse

1905 1046 2055 1115 quod
2084 1063 2251 1103 sacrae
2290 1048 2444 1123 leges
2471 1054 2801 1125 przeeipiunt
2829 1056 3072 1113 facturus
3102 1061 3172 1115 sit
3201 1062 3256 1116 in
3288 1080 3436 1129 eum,
3469 1074 3525 1124 et

1904 1150 2004 1204 per
2032 1137 2219 1192 omnia
2249 1155 2420 1213 regna
2458 1143 2736 1216 episcopis
2762 1164 2936 1219 usque
2991 1151 3061 1206 ad
3091 1169 3287 1224 papam
3321 1156 3521 1213 Roma-

1904 1242 2057 1294 num,
2085 1246 2212 1284 eum
2235 1248 2357 1288 esse
2379 1237 2665 1295 mandabit
2690 1246 3520 1322 excommunicatum.jl’resby-

1905 1324 2077 1371 terum
2108 1335 2240 1375 vero
2269 1322 2557 1389 advenam,
2584 1344 2749 1399 quem
2780 1332 3005 1419 miserat
3036 1335 3092 1389 in
3115 1337 3309 1392 eadem
3338 1341 3521 1397 eccle-

1900 1404 2002 1473 sia,
2058 1408 2127 1462 ab
2174 1411 2325 1465 omni
2369 1412 2625 1470 Remensi
2681 1404 3515 1489 parochia‘excommunicatum

1900 1512 2020 1552 esse
2054 1499 2326 1575 designat.
2360 1505 2494 1560 Item
2542 1524 2745 1566 vocans
2776 1528 2900 1568 eum
2946 1517 3202 1575 dilectum
3236 1520 3430 1593 filium,
3462 1533 3514 1583 et

1900 1589 2026 1646 ideo
2066 1591 2147 1648 sic
2177 1610 2304 1649 eum
2346 1612 2543 1655 vocare
2592 1618 2652 1657 se
2682 1602 2894 1664 dicens.
2926 1617 2987 1664 ut
3016 1610 3181 1666 talem
3238 1630 3298 1669 se
3328 1615 3511 1687 faciat,

1897 1688 2169 1751 quatenus
2199 1683 2255 1738 in
2283 1686 2405 1755 ejus
2428 1688 2727 1747 dilectione
2759 1705 2907 1751 recte
2935 1714 3158 1755 manere
3179 1707 3375 1774 possit,
3400 1709 3509 1776 vel,

1896 1779 1954 1826 ut
1976 1771 2107 1827 item
2142 1778 2342 1845 praesul
2373 1789 2613 1852 exoptat.
2646 1785 2753 1840 Sed
2784 1790 3019 1845 audiens
3048 1771 3312 1853 eum—non
3342 1771 3505 1859 talem

1893 1878 1952 1916 se
1980 1864 2263 1934 exhibere,
2278 1870 2496 1939 qualem
2515 1872 2745 1931 deberet
2777 1878 2836 1949 [i,
2859 1880 3098 1955 deceret]
3124 1902 3253 1963 erga
3273 1890 3511 1948 Remen—

1895 1967 2012 2005 sem
2033 1954 2344 2025 ecclesiam,
2368 1959 2437 2013 de
2460 1977 2569 2031 qua
2588 1965 2760 2020 multa
2780 1966 2926 2023 bona
2954 1954 3217 2043 habebat:
3252 1986 3311 2034 ut
3329 1979 3507 2037 famu-

1894 2039 1977 2095 los
2004 2041 2182 2111 ipsius
2212 2047 2459 2104 ecclesiae
2486 2050 2800 2123 inquietans
2827 2074 2949 2114 cum
2976 2078 3110 2131 pace
3143 2081 3252 2122 non
3283 2069 3511 2137 sineret,

1893 2129 2118 2203 degere.
2150 2137 2376 2191 mandat
2407 2139 2484 2193 illi
2516 2156 2579 2195 ex
2611 2148 2936 2204 auctoritate
2962 2129 3059 2206 Dei
3091 2163 3147 2209 et
3175 2166 3378 2213 sanctae
3402 2129 3514 2215 Ma;

1891 2221 2004 2289 riaa,
2039 2231 2094 2279 et
2126 2228 2303 2282 sancti
2335 2229 2589 2306 Remigii,
2623 2243 2677 2289 et
2706 2252 2806 2292 sua
2832 2243 3160 2315 episcopali,
3194 2266 3413 2307 necnon
3446 2270 3510 2309 ex

1887 2310 2075 2369 hanno
2127 2318 2293 2388 regis,
2341 2323 2500 2389 cujus
2538 2325 2770 2382 misssus
2800 2330 2917 2400 ipse
2948 2336 3219 2407 pontifex,
3270 2352 3405 2415 erat,
3452 2356 3512 2403 ut

1888 2402 2099 2458 nullum
2126 2406 2608 2483 impedimentum,
2631 2419 2715 2473 vel
2740 2419 2880 2491 ipse,
2908 2425 2994 2481 vel
3012 2426 3268 2487 homines
3289 2436 3373 2490 sui
3405 2438 3506 2494 ho-

1887 2492 2131 2549 minibus
2160 2496 2450 2555 Remensis
2489 2504 2737 2563 ecclesiae
2768 2510 2990 2581 iaciant,
3021 2533 3125 2572 nec
3153 2538 3253 2590 per
3280 2524 3505 2596 aliquod

1886 2583 2173 2658 ingenium
2207 2590 2293 2645 vel
2323 2608 2423 2662 per
2445 2610 2776 2655 consensum
2807 2620 3002 2660 suum:
3037 2611 3135 2665 sed
3175 2613 3220 2666 si
3250 2616 3386 2686 quid
3418 2635 3505 2674 ra-

1888 2674 2159 2733 tionabile
2198 2697 2447 2752 quaerere
2476 2690 2594 2743 vult
2623 2700 2811 2747 contra
2859 2704 3183 2765 potestatem
3215 2674 3506 2764 Remensis

1886 2768 2133 2826 ecclesiae
2187 2788 2287 2843 per
2311 2774 2493 2850 legem
2543 2792 2771 2850 quierat.
2834 2784 2970 2849 Quia
3008 2790 3053 2843 si
3105 2793 3263 2849 aliter
3294 2797 3503 2865 fecerit,

1887 2866 1995 2915 tam
2028 2879 2127 2932 per
2156 2866 2529 2939 episc0palem
2559 2875 2964 2947 auctoritatem,
2989 2898 3152 2952 quam
3183 2903 3281 2956 per
3308 2890 3508 2946 missa-

1882 2952 2052 3007 ticum
2085 2955 2255 3029 regis,
2289 2961 2437 3029 quod
2464 2960 2595 3017 inde
2628 2975 2835 3021 rectum
2868 2952 3371 3034 fuerit-sustinebit.
3402 2980 3508 3036 Ex-

1883 3046 2256 3102 communicat
2285 3049 2453 3104 etiam
2484 3054 2779 3122 quemdam
2811 3056 3104 3116 diaconum
3158 3064 3351 3135 ipsius,
3408 3072 3504 3141 qui
3548 3092 3555 3097 ·

1883 3131 2281 3190 adversabatur
2311 3136 2531 3194 famulis
2560 3143 2737 3197 sancti
2770 3143 3025 3221 Remigii,
3057 3131 3500 3229 etc.heodulfo

1886 3217 1945 3287 [1“,
1978 3219 2301 3293 Theudulfo]
2329 3226 2539 3290 comiti,
2564 3243 2662 3298 pro
2684 3217 3117 3304 praesumptione
3143 3217 3502 3302 ecclesiastici

2052 3311 2195 3379 terii,
2220 3330 2329 3385 qua
2359 3316 2619 3375 defuncto
2639 3321 2877 3392 quodam
2906 3326 3228 3398 presbytero
3256 3332 3503 3393 abstule-

1882 3412 1962 3458 rat
2004 3422 2126 3476 quaa
2172 3407 2318 3461 idem
2352 3410 2645 3481 presbyter
2683 3413 2736 3467 in
2778 3416 3134 3490 eleemosyna
3159 3440 3256 3493 pro
3288 3443 3345 3482 se
3381 3429 3500 3486 dari

1880 3502 2242 3564 praeceperat,
2273 3505 2329 3551 et
2366 3497 2597 3569 insuper
2648 3513 3009 3574 usurpaverat
3049 3525 3172 3580 quae
3212 3514 3281 3569 ad
3322 3516 3496 3588 ipsam

1879 3584 2167 3640 ecclesiam
2198 3586 2298 3643 rite
2328 3588 2514 3645 relicta
2542 3591 2795 3655 fuerant.

1949 3676 2198 3735 Ostendit
2252 3696 2384 3754 ergo
2415 3682 2709 3742 manifeste
2747 3704 2913 3760 quam
2958 3697 3253 3755 maximum
3286 3706 3497 3762 crimen

1877 3768 2151 3844 sacrilegii
2181 3773 2533 3829 commissum
2557 3776 2628 3832 sit
2656 3778 2725 3832 ab
2747 3795 2835 3846 eo,
2859 3784 2955 3838 sed
2980 3792 3035 3840 et
3057 3795 3336 3858 quomodo
3362 3812 3498 3852 con-

1880 3865 1961 3912 tra
1992 3858 2261 3914 humanas
2290 3863 2464 3935 egerit
2492 3863 2663 3936 leges,
2693 3875 2748 3922 et
2792 3871 2925 3940 quid
2959 3873 3089 3930 inde
3121 3878 3239 3935 fieri
3271 3883 3494 3956 debeat,

1878 3953 1932 4001 et
1960 3948 2196 4018 qualiter
2226 3950 2475 4006 ecclesiae
2505 3952 2561 4008 in
2601 3963 2873 4025 potestate
2906 3967 2959 4015 et
2990 3965 3339 4027 ordinatione
3368 3948 3497 4031 sunt

1875 4039 2124 4110 episcopi
2150 4040 2457 4097 secundum
2484 4060 2672 4103 sacros
2698 4065 2960 4119 canones,
2986 4064 3042 4111 et
3072 4058 3379 4131 imperialia
3399 4083 3494 4121 ca-

1878 4133 2073 4203 pitula.
2100 4134 2255 4189 Unde
2288 4137 2512 4193 mandat
2540 4138 2615 4207 ei,
2647 4148 2708 4196 ut
2737 4142 2887 4212 juxta
2910 4164 3093 4206 sacras
3117 4156 3494 4228 auctoritates,

1876 4230 1931 4277 et
1962 4238 2154 4298 regum
2184 4235 2480 4297 praecepta,
2514 4231 2784 4304 quidquid
2817 4237 2885 4291 de
2932 4237 3285 4300 facultatibus
3316 4246 3494 4317 ipsius

1876 4316 2122 4371 ecclesiae
2154 4329 2439 4390 acceperat
2468 4326 2897 4393 prmsentialiter
2924 4332 3170 4389 ecclesiae
3194 4316 3407 4408 reddat,
3441 4348 3497 4397 et

1872 4405 2236 4477 presbyteris,
2269 4408 2473 4479 quibus
2500 4428 2590 4466 res
2618 4418 3018 4474 commendatae
3060 4421 3300 4489 fuerant,
3331 4405 3494 4483 resti-

1879 4508 2016 4564 tuat,
2050 4499 2253 4555 deinde
2279 4502 2348 4555 ad
2378 4518 2437 4557 se
2468 4504 2675 4573 veniat,
2708 4514 2767 4561 ut
2817 4508 2945 4565 inde
2976 4515 3309 4572 medicinam
3341 4521 3492 4576 acci-

1880 4589 2015 4660 piat,
2059 4590 2333 4660 quatenus
2360 4606 2528 4647 sanus
2558 4591 2673 4659 ﬁat,
2723 4597 2862 4652 dans
2901 4599 2978 4654 illi
3008 4605 3245 4673 spatium
3279 4617 3491 4679 septem

1797 4652 1857 4720 D
1881 4652 2094 4736 dierum
2128 4691 2422 4754 postquam
2454 4684 2666 4741 litteras
2696 4688 2842 4760 ipsas
2869 4698 3165 4764 acceperit,
3219 4707 3275 4755 ut
3306 4652 3496 4758 octava

1875 4774 1963 4829 die
1993 4774 2060 4829 ad
2092 4791 2151 4829 se
2182 4776 2384 4839 veniat,
2418 4793 2529 4848 quo
2551 4781 2635 4834 vel
2671 4782 2715 4836 si
2743 4799 2851 4838 non
2886 4794 2967 4841 est
2996 4788 3089 4852 ita,
3124 4790 3362 4847 debitam
3398 4812 3493 4849 ra-

1873 4865 2081 4921 tionem
2114 4867 2330 4935 reddat,
2372 4868 2458 4923 vel
2491 4870 2535 4925 si
2567 4879 2651 4926 est
2700 4874 2796 4938 ita,
2828 4893 3129 4952 congruam
3171 4884 3496 4942 satisfactio-

1875 4971 2002 5009 nem
2034 4963 2195 5027 agat:
2249 4957 2398 5028 quod
2430 4958 2475 5012 si
2528 4974 2639 5015 non
2681 4961 2892 5033 fecerit,
2935 4971 3216 5039 exemplar
3266 4973 3489 5029 istarum

1875 5050 2186 5106 litterarum
2226 5053 2343 5124 ipse
2388 5057 2506 5131 regi
2545 5062 2898 5129 transmittet,
2952 5072 3012 5120 ut
3049 5066 3139 5120 ille
3172 5083 3331 5122 suum
3365 5069 3495 5124 inde

1877 5140 2244 5196 ministerium
2277 5143 2459 5213 faciat,
2491 5154 2546 5201 et
2578 5158 2768 5218 postea
2798 5151 2942 5221 idem
2976 5156 3173 5224 pnesul
3205 5173 3365 5212 suum
3402 5177 3498 5214 ex-

1881 5228 2010 5283 inde
2030 5228 2300 5300 perficiet.
2322 5233 2385 5286 Et
2405 5236 2663 5305 quoniam
2684 5239 2935 5296 audierat
2951 5243 3098 5312 quod
3122 5244 3292 5316 ipsam
3318 5249 3501 5304 eccle-

1879 5316 2013 5371 siam
2044 5317 2193 5372 idem
2234 5335 2421 5375 comes
2448 5322 2805 5382 denominato
2845 5329 3022 5398 pretio
3045 5332 3309 5405 {vendere
3341 5354 3503 5407 para-

1880 5412 1981 5473 ret,
2012 5407 2216 5474 adjecit
2246 5427 2263 5462 :
2324 5431 2348 5456 ιι
2387 5410 2680 5481 Propterea
2711 5416 2912 5484 sciens,
2958 5420 3238 5493 inquiens,
3290 5424 3421 5496 quia
3449 5426 3493 5481 si

1878 5498 1961 5552 vel
1991 5515 2163 5552 unum
2191 5499 2474 5555 denarium
2508 5496 2603 5571 tibi
2634 5506 2835 5578 aliquis
2857 5510 3091 5567 clericus
3121 5532 3220 5585 pro
3254 5517 3373 5588 ipsa
3404 5533 3499 5573 ec-

1878 5587 2064 5652 clesia,
2097 5588 2182 5642 vel
2214 5604 2312 5659 pro
2343 5590 2449 5645 alia
2488 5593 2670 5665 aliqua
2704 5596 2757 5650 in
2798 5613 2921 5653 mea
2953 5603 3236 5671 parochia,
3280 5587 3388 5675 iper
3418 5622 3503 5671 se,

1882 5684 1976 5730 ant
1997 5692 2094 5747 per
2112 5677 2414 5734 immissam
2431 5698 2725 5753 personam
2743 5686 2980 5755 dederit,
3002 5707 3201 5761 perme
3218 5693 3504 5748 ordinatus

1884 5764 1938 5819 in
1970 5781 2036 5821 ea
2066 5782 2177 5822 non
2204 5768 2328 5825 erit.
2359 5770 2413 5825 Si
2444 5780 2628 5828 autem
2653 5775 2734 5830 vis
2759 5776 2836 5832 ibi
2868 5778 3072 5835 habere
3096 5782 3498 5852 presbyterum.

1884 5859 2066 5915 adhuc
2092 5860 2225 5915 mihi
2258 5862 2423 5919 talem
2456 5865 2743 5945 clericum,
2771 5869 2865 5940 qiu
2914 5879 3074 5942 aptus
3104 5872 3176 5931 sit
3204 5886 3358 5927 sacro
3388 5868 3498 5923 mi-
