3912 6428
437 440 545 494 243

1572 437 1939 493 FLODOARDI
1981 438 2285 493 CANONlCl
2326 438 2655 493 REMENSIS

3671 443 3767 499 244

441 588 699 655 nisterio,
748 593 807 642 et
858 601 962 661 ego
993 587 1146 642 illum
1192 587 1491 658 inquiram,
1535 595 1591 643 et
1648 589 1727 643 illi
1775 590 2064 645 ecclesiam
2091 590 2361 661 Asitione
2410 591 2601 645 harum
2659 606 2864 658 rerum,
2914 592 2961 646 si
3012 607 3107 647 rex
3153 591 3398 660 juberet,
3441 608 3540 664 per
3596 594 3767 665 ipsum

439 682 608 744 dabo,
643 687 699 736 et
721 687 852 735 tunc
891 679 1045 734 illum
1079 680 1373 747 ordinabo,
1402 681 1450 734 si
1492 681 1627 736 mihi
1670 682 1795 737 talis
1825 682 2058 738 clericus

439 773 876 829 satisfactionem
900 769 1111 834 fecerit,
1127 770 1275 841 quod
1299 771 1506 826 nullum
1540 772 1777 842 pretium
1800 773 1930 829 inde
1956 775 2055 831 do-

442 862 674 916 naverit.
728 860 792 915 Et
821 859 867 914 si
896 867 956 913 tu
987 858 1062 912 ita
1104 857 1285 913 facere
1318 874 1431 914 non
1460 860 1721 927 volueris,
1774 877 1878 936 ego
1907 863 2059 919 ordi-

440 954 607 1016 nabo,
627 950 866 1022 qualiter
881 949 1118 1020 populus
1134 949 1213 1003 ibi
1229 948 1474 1005 officium
1495 951 1712 1014 habeat,
1730 969 1907 1026 usque
1924 955 2055 1011 dum

437 1041 517 1095 ibi
540 1040 790 1096 ordinem
814 1037 1217 1109 presbyterum.
1244 1038 1337 1094 Cui
1356 1038 1401 1094 si
1428 1040 1653 1112 aliquod
1685 1042 2053 1115 impedimen-

438 1144 551 1187 tum
583 1137 774 1186 contra
802 1129 1020 1185 divinas
1048 1137 1101 1185 et
1122 1131 1393 1185 humanas
1423 1130 1578 1205 leges
1608 1133 1827 1203 feceris,
1859 1143 1915 1191 et
1936 1153 2055 1193 ma-

438 1223 695 1279 nifestum
726 1220 912 1289 fuerit,
959 1221 1253 1293 presbyter
1280 1222 1357 1277 ibi
1416 1225 1784 1294 permanebit,
1830 1235 1885 1283 et
1915 1234 1971 1283 tu
2000 1239 2055 1286 et

435 1328 629 1368 omnes
658 1310 753 1383 qui
786 1308 885 1365 tibi
916 1310 1324 1386 consenserint,
1357 1309 1425 1365 ab
1458 1311 1609 1366 omni
1643 1311 2053 1373 Christianitate

435 1419 612 1474 usque
643 1401 712 1457 ad
737 1398 1172 1456 satisfactionem
1204 1400 1360 1455 eritis
1396 1402 1635 1472 separati
1713 1403 1857 1472 liae,
1890 1406 2053 1463 ehare

438 1495 538 1561 fili,
574 1495 700 1549 ideo
732 1492 935 1549 mando
974 1491 1077 1546 tibi
1108 1500 1163 1548 et
1192 1491 1375 1549 taliter
1410 1507 1759 1560 commoneo,
1791 1497 1922 1568 quia
1945 1499 2054 1553 sal-

338 1572 350 1591 ⁸
434 1602 563 1641 vum
587 1594 641 1639 et
668 1585 999 1640 honoratum
1018 1591 1073 1638 te
1092 1581 1278 1653 cupio,
1302 1589 1359 1638 et
1382 1582 1527 1638 inter
1556 1581 1702 1639 filios
1728 1585 1977 1643 ecclesia
1998 1595 2053 1644 te

434 1679 492 1733 in
523 1678 645 1733 loco
676 1674 775 1730 filii
803 1675 1010 1730 habere
1038 1673 1186 1730 volo.
1219 1673 1283 1730 Et
1329 1674 1375 1728 si
1403 1688 1491 1730 me
1520 1675 1791 1750 coegeris,
1825 1684 1885 1732 ut
1912 1678 2053 1735 sicut

433 1769 701 1825 Dominus
721 1767 854 1823 dicit
883 1766 939 1821 in
971 1764 1290 1841 Evangelia,
1318 1765 1396 1820 sis
1415 1765 1567 1821 velut
1588 1767 1844 1825 ethnicus
1863 1777 1916 1825 et
1941 1785 2050 1841 pu-

2158 683 2390 756 agenda.
2428 683 2562 739 ltem
2585 682 2814 754 prafate
2835 683 3114 739 Bernardo
3135 684 3406 741 Tolosano
3437 701 3537 757 pro
3565 686 3768 742 eisdem

2158 770 2343 837 rebus,
2376 771 2598 839 adjurat
2617 771 2773 827 illum
2802 787 2902 844 per
2920 773 3090 827 Deum
3119 774 3560 844 omnipotentem
3592 776 3770 832 Domi-

2158 874 2290 913 num
2318 858 2507 914 Jesum
2538 858 2835 928 Christum,
2875 867 2929 916 et
2968 877 3068 931 per
3097 861 3219 931 ejus
3251 861 3610 931 Genitricem,
3641 880 3767 919 san-

2156 957 2417 1022 ctumque
2466 950 2797 1024 Remigium,
2839 959 2899 1007 ut
2942 953 3080 1008 nihil
3128 952 3262 1009 inde
3302 962 3621 1026 prasumat,
3679 973 3773 1013 nec

2156 1037 2329 1092 ullum
2357 1037 2817 1110 impedimentum
2846 1040 3138 1112 mancipiis
3156 1040 3211 1096 in
3242 1040 3441 1096 iisdem
3467 1044 3770 1099 consisten-

2138 1125 2304 1204 tibus
2332 1124 2497 1183 faciat
2526 1144 2540 1181 :
2593 1142 2778 1199 neque
2816 1128 3096 1185 Bernardo
3125 1129 3316 1185 comiti
3345 1131 3662 1204 Arvergieo,
3691 1132 3773 1187 cui

2155 1217 2377 1273 easdem
2389 1218 2743 1276 commiserat
2765 1220 2835 1275 ad
2857 1218 3295 1292 defendendum,
3323 1221 3453 1277 inde
3469 1222 3773 1279 molestiam

2154 1307 2392 1382 ingerat,
2445 1309 2576 1382 quia
2614 1310 2659 1365 si
2713 1310 2926 1379 fecerit,
2982 1327 3106 1366 eum
3147 1328 3179 1366 a
3235 1311 3524 1368 liminibus
3576 1321 3774 1371 saneta

2154 1400 2425 1469 ecclesia,
2454 1407 2509 1456 et
2528 1417 2560 1456 a
2585 1403 2979 1459 communione
3004 1402 3250 1458 ﬁdelium
3278 1419 3403 1461 cum
3431 1404 3775 1476 plenitudine

2154 1490 2571 1562 episcoporum,
2608 1501 2720 1547 tam
2750 1494 3079 1567 Aquitania,
3122 1511 3288 1567 quam
3319 1495 3554 1552 aliorum
3581 1514 3776 1571 regno-

2153 1594 2274 1633 rum
2302 1580 2655 1652 segregabit;
2689 1580 2844 1649 item,
2865 1582 3175 1638 admonens
3197 1599 3322 1638 eum
3354 1599 3454 1655 pro
3470 1584 3666 1640 eadem
3700 1602 3775 1653 re,

2153 1676 2213 1723 ut
2245 1670 2505 1725 conciliet
2555 1670 2664 1726 sibi
2704 1671 3001 1728 amicitiam
3032 1679 3235 1728 saneta
3267 1672 3447 1728 Maria
3501 1682 3560 1729 et
3604 1676 3777 1731 sancti

2155 1762 2389 1835 Remigii
2423 1763 2492 1819 de
2522 1764 2764 1836 prafatis
2804 1765 2994 1834 rebus,
3026 1766 3327 1821 ostendens
3357 1781 3422 1821 ex
3460 1765 3637 1822 sacris
3668 1783 3771 1822 au-

435 1861 690 1915 blieanus
721 1858 933 1930 (Matth.
967 1858 1143 1926 xvm),
1175 1871 1286 1912 non
1318 1856 1481 1927 mihi,
1514 1857 1613 1912 sed
1647 1857 1746 1914 tibi
1794 1868 2053 1931 reputare
2077 1867 2129 1935 Β
2153 1852 2517 1935 ctoritatibus,
2539 1859 2806 1925 quantum
2830 1853 3137 1925 periculum
3159 1853 3231 1908 sit
3248 1869 3337 1909 res
3354 1870 3541 1910 sacras
3572 1854 3776 1924 injuste

434 1950 653 2007 debetis
716 1949 1012 2020 Postquam
1050 1948 1183 2002 istas
1222 1947 1435 2004 litteras
1470 1946 1693 2015 dictavi,
1733 1949 1941 2007 dictum
1971 1960 2056 2008 est

434 2042 572 2097 mihi
605 2041 753 2113 quod
782 2038 1187 2095 matricularios
1216 2054 1247 2093 a
1275 2038 1529 2094 ministro
1560 2054 1685 2095 meo
1723 2042 2054 2099 constitutos

435 2136 504 2189 de
536 2134 630 2188 illa
659 2131 948 2187 matricula
978 2129 1213 2199 ejecisti,
1241 2138 1297 2185 et
1326 2128 1402 2183 ibi
1429 2130 1720 2187 Bovarium
1752 2131 1835 2204 [i.,
1867 2134 2051 2189 Bona-

432 2223 593 2293 rium]
628 2220 849 2285 misisti,
883 2228 939 2273 et
966 2233 1067 2290 pro
1109 2218 1203 2274 illa
1246 2218 1534 2274 matricula
1585 2218 1641 2273 in
1673 2221 1851 2290 pretio
1882 2238 2053 2277 unum

431 2309 648 2365 asinum
681 2305 960 2378 accepisti.
994 2305 1149 2372 Quod
1189 2305 1235 2360 si
1267 2305 1342 2361 ita
1371 2314 1476 2377 est,
1522 2321 1634 2362 non
1665 2308 1844 2363 solum
1873 2308 2056 2365 erimi-

433 2402 635 2458 naliter
664 2399 860 2466 fecisti,
894 2398 1025 2470 quia
1069 2406 1261 2455 contra
1288 2412 1484 2454 omnes
1531 2398 1684 2474 leges
1711 2400 2053 2457 ecclesiasti-

434 2507 558 2546 cum
591 2488 957 2543 ministerium
975 2488 1143 2543 homo
1161 2487 1334 2542 laicus
1348 2488 1649 2560 usurpasti,
1669 2497 1725 2543 et
1744 2489 2056 2560 eleemosy—

432 2598 581 2644 nam.
637 2581 691 2635 id
722 2586 805 2635 est
835 2577 1272 2633 misericordiam
1318 2594 1649 2648 pauperum,
1705 2594 1770 2635 ac
1810 2596 1909 2651 per
1952 2582 2055 2638 hoc

432 2675 624 2740 Deum,
658 2672 755 2742 qui
796 2669 1181 2724 misericordia
1219 2668 1546 2723 miserorum
1579 2676 1683 2737 est,
1715 2669 1858 2725 sicut
1884 2670 2056 2727 Judas

432 2759 702 2831 proditor,
729 2755 1056 2811 vendidisti.
1088 2756 1197 2809 Sed
1226 2754 1392 2810 etiam
1417 2755 1651 2825 turpiter
1675 2756 1731 2810 in
1762 2757 1868 2813 hoc
1890 2759 2055 2815 nimis

431 2851 631 2915 fecisti,
659 2858 720 2905 ut
742 2850 811 2904 de
829 2847 1209 2916 mendicitate,
1241 2849 1311 2903 de
1340 2865 1450 2920 qua
1470 2849 1712 2905 mendici
1739 2850 1925 2906 vivere
1954 2852 2083 2908 de-'

429 2942 584 3007 bent,
617 2954 803 2994 eomes
823 2945 879 2992 et
899 2937 1202 2991 honoratus
1224 2936 1374 3011 regis
1401 2936 1752 2992 consiliarius
1782 2938 1838 2993 in
1871 2939 2052 3010 pretio

428 3034 645 3088 asinum
678 3029 961 3100 accepisti,
990 3035 1045 3083 et
1072 3043 1267 3083 omnes
1295 3028 1389 3099 qui
1412 3028 1529 3083 hac
1558 3028 1801 3095 audiunt,
1816 3046 2052 3101 pensare

428 3132 664 3197 possunt
690 3122 926 3194 qualiter
954 3121 1025 3175 de
1066 3120 1188 3174 aliis
1214 3121 1396 3176 causis
1425 3135 1525 3192 pro
1555 3136 1741 3176 amore
1771 3130 1827 3177 et
1852 3123 2052 3181 timore

2155 1943 2418 2011 retinere,
2474 1950 2771 2016 caveatque
2845 1960 2916 2000 ne
2996 1944 3432 2001 ecclesiasticum
3485 1945 3775 2016 [judicium

2154 2032 2392 2102 proinde
2415 2040 2696 2087 mereatur
2721 2032 2777 2089 in
2809 2032 2916 2088 hoc
2953 2032 3179 2099 saculo,
3221 2041 3277 2087 et
3304 2040 3565 2087 aternam
3598 2033 3785 2104 perdi-

2156 2122 2367 2179 tionem
2396 2123 2453 2178 in
2486 2123 2670 2179 futuro
2700 2138 2717 2192 ;
2772 2124 2925 2188 item,
2966 2124 3097 2195 quia
3134 2124 3539 2196 prajudicium,
3570 2134 3627 2180 et
3673 2139 3783 2180 non

2156 2216 2437 2272 modicum
2458 2216 2722 2271 damnum
2743 2216 3003 2270 Remensi
3033 2214 3272 2271 faciebat
3291 2216 3564 2284 ecclesia,
3595 2223 3785 2272 osten-

2157 2306 2237 2363 dit
2264 2324 2393 2364 eum
2423 2307 2858 2381 pradamnatum
2880 2323 2913 2362 a
2933 2308 3105 2363 sacris
3131 2307 3443 2364 canonibus
3471 2315 3784 2365 sanctorum

2150 2396 2392 2464 judicio,
2422 2405 2481 2453 et
2509 2413 2541 2451 a
2572 2412 2633 2452 se
2673 2396 2999 2469 caterisque
3030 2396 3380 2468 prasulibus,
3430 2411 3670 2469 quorum
3703 2412 3787 2452 res

2156 2486 2558 2543 ecclesiasticas
2611 2487 2952 2559 usurpabat;
2984 2487 3319 2564 legationem
3350 2502 3450 2560 pro
3506 2488 3615 2544 hoc
3642 2504 3787 2560 pra-

2150 2574 2362 2643 judicio
2392 2576 2683 2643 directam,
2717 2583 2772 2631 et
2800 2583 2933 2631 tunc
2971 2576 3175 2631 iterum
3198 2591 3326 2632 cum
3356 2575 3696 2648 imperatore
3720 2578 3786 2632 ad

2156 2682 2356 2738 papam
2387 2667 2694 2723 Romanum
2729 2667 3102 2740 dirigendam,
3135 2674 3412 2739 quatenus
3441 2667 3563 2737 ejus
3590 2676 3788 2724 aucto-

2157 2754 2322 2809 ritate
2363 2763 2699 2829 congregata
2728 2755 2994 2826 synodus,
3036 2770 3187 2823 eum,
3217 2760 3559 2828 caterosque
3596 2771 3783 2812 rerum

2154 2845 2655 2902 ecclesiasticarum
2703 2861 3032 2917 pervasores
3087 2846 3458 2902 damnationis
3505 2847 3787 2903 sententia

2154 2938 2441 3009 percellat.
2478 2939 2608 2995 Ideo
2639 2938 2944 2994 secundum
2977 2937 3352 3012 evangelieam
3400 2940 3787 2996 auctoritatem

2153 3031 2307 3103 prius
2351 3047 2476 3087 eum
2521 3031 2822 3103 episcopali
2850 3030 3173 3087 auctoritate
3212 3036 3529 3087 commonet
3559 3032 3767 3103 (Matth

2151 3124 2327 3197 xvm],
2350 3132 2521 3197 atque
2548 3142 2648 3198 per
2678 3140 2896 3180 erucem
2930 3123 3127 3179 Christi
3161 3130 3215 3178 et
3244 3124 3571 3197 sanguinem
3606 3124 3787 3196 ipsius

425 3213 545 3279 Dei,
579 3219 637 3268 et
668 3210 976 3265 reverentia
1017 3209 1095 3263 tui
1134 3209 1428 3265 ministerii
1452 3209 1599 3279 juste
1631 3217 1686 3265 et
1714 3218 1862 3267 recte
1892 3212 2049 3281 facis,
2072 3235 2123 3304 Ο
2152 3216 2449 3283 interdicit,
2481 3232 2552 3273 ne
2583 3217 2652 3273 de
2690 3215 2857 3272 rebus
2886 3216 3135 3272 ecclesia
3168 3214 3461 3270 Remensis
3489 3215 3600 3270 sibi
3634 3232 3784 3288 pm-

425 3302 523 3375 qui
548 3302 618 3356 de
642 3299 738 3355 tali
760 3298 982 3354 miseria
1011 3298 1133 3353 sine
1153 3298 1266 3353 ulla
1290 3299 1628 3355 verecundia
1648 3309 1811 3373 turpe
1835 3301 2048 3359 lucrum

324 3468 329 3475 Ν
366 3436 375 3439 -
424 3393 683 3465 requiris.
719 3411 745 3443 ι»

497 3485 758 3539 Anselmo
808 3482 1007 3538 iltustri
1055 3481 1196 3548 viro,
1253 3497 1354 3551 pro
1410 3483 1649 3554 quodam
1702 3484 2044 3556 presbytero,

425 3592 590 3649 quem
634 3575 778 3645 apud
837 3590 900 3629 se
948 3581 1320 3641 accusaverat,
1376 3575 1475 3629 sed
1518 3577 1587 3630 ad
1627 3576 2044 3634 denominatum

423 3668 686 3740 placitum
745 3682 856 3722 non
886 3673 1133 3733 venerat,
1165 3664 1487 3741 signiﬁcans
1537 3667 1857 3740 purificasse
1896 3671 2046 3726 hunc

423 3760 803 3832 presbyterum
826 3759 1094 3814 canonice
1120 3758 1362 3830 seipsum
1386 3775 1419 3813 a
1445 3760 1675 3816 crimine
1701 3778 1886 3818 coram
1909 3763 2045 3818 mis-

420 3852 495 3906 sis
544 3851 720 3923 ipsius
761 3850 1027 3917 Anselmi,
1079 3850 1137 3905 in
1168 3858 1471 3923 conspectu
1528 3852 1889 3924 plurimorum
1932 3863 2038 3910 tam

419 3944 751 4001 clericorum
778 3960 942 4015 quam
976 3943 1262 4012 laicorum,
1287 3960 1400 4000 non
1427 3952 1611 4003 tamen
1641 3947 1881 4017 misisse,
1911 3948 2041 4021 quia

420 4053 523 4092 nec
550 4035 827 4101 debuerit,
861 4035 915 4089 in
947 4042 1353 4092 sacramentum
1393 4037 1582 4109 plures
1611 4038 1926 4095 sacerdotes
1955 4041 2039 4111 ip-

416 4128 532 4183 sius
588 4132 780 4180 testes.
836 4125 1092 4182 Hortatur
1138 4132 1321 4182 autem
1376 4135 1433 4184 et
1470 4137 1679 4197 monet,
1726 4136 1785 4185 ut
1814 4145 2037 4186 omnem

418 4234 726 4283 rancorem,
755 4232 920 4290 quem
951 4225 1144 4274 contra
1191 4218 1479 4289 prafatum
1512 4222 1895 4293 presbyterum
1935 4224 2037 4278 ha-

416 4308 601 4374 bebat,
623 4305 832 4362 acorde
849 4320 949 4362 suo
975 4305 1295 4377 expelleret,
1314 4308 1615 4365 ostendens
1634 4319 1901 4383 quantum
1918 4329 2033 4367 ma-

415 4398 527 4452 lum
555 4398 625 4451 sit
651 4396 838 4452 odium
858 4396 1106 4452 retinere
1137 4397 1192 4452 in
1224 4399 1410 4454 corde.
1448 4400 1915 4458 lnterdicitetiam
1937 4419 2033 4459 au-

415 4489 665 4545 ctoritate
694 4489 788 4543 Dei
819 4496 875 4543 et
903 4498 1219 4549 sanctorum
1240 4491 1383 4561 ejus,
1411 4499 1471 4547 nt
1496 4492 1677 4547 eidem
1711 4493 2034 4566 presbytero

2150 3315 2352 3374 sumat,
2397 3322 2583 3379 neque
2613 3321 2645 3360 a
2674 3319 3031 3377 quocunque,
3075 3303 3184 3359 nisi
3215 3304 3285 3359 ad
3316 3304 3557 3376 ipsarum
3590 3321 3783 3361 rerum

2150 3402 2343 3450 contra
2369 3408 2696 3466 pervasores
2721 3391 3126 3458 defensionem,
3159 3391 3418 3463 prasumi
3443 3392 3781 3450 consentiat.

2221 3487 2610 3561 Engelramno,
2643 3486 2890 3553 Goslino,
2923 3492 2979 3540 et
3010 3484 3291 3541 Adalelmo
3319 3484 3618 3540 comitibus
3638 3486 3782 3542 scri-

2148 3579 2227 3635 bit
2256 3580 2462 3649 (supra,
2490 3596 2537 3635 c.
2570 3579 2680 3647 18),
2712 3577 2936 3633 mittens
2966 3576 3049 3632 eis
3077 3593 3203 3633 cum
3237 3574 3439 3631 litteris
3471 3574 3591 3630 suis
3620 3575 3780 3633 litte-

2146 3687 2327 3726 rarum
2377 3670 2525 3745 regis
2555 3668 2854 3740 exemplar,
2912 3668 2971 3722 in
3018 3666 3223 3739 quibus
3274 3666 3686 3735 continebatur,
3716 3677 3780 3724 ut

2144 3762 2437 3833 episc0pos
2463 3768 2797 3817 convocaret
2825 3768 2880 3814 et
2908 3759 3077 3814 laicos
3125 3758 3318 3813 fideles
3348 3757 3516 3831 regis,
3538 3758 3611 3813 ad
3638 3774 3779 3831 pro-

2142 3849 2449 3905 hibendum
2466 3849 2553 3904 vel
2573 3848 2942 3904 resistendum
2968 3848 3335 3903 Karlomanno
3356 3847 3594 3903 diacono
3617 3848 3778 3923 regis

2140 3941 2276 4007 ﬁlio,
2310 3940 2405 4012 qui
2435 3941 2807 3996 insurrexerat
2856 3949 3049 3994 contra
3078 3945 3289 4010 patrem
3336 3954 3518 4004 suum,
3550 3937 3609 3993 in
3640 3939 3775 4013 qui-

2140 4033 2244 4089 bus
2292 4034 2510 4099 litteris,
2564 4048 2818 4105 quarens
2848 4032 2982 4104 quid
3042 4032 3122 4087 eis
3151 4047 3321 4103 super
3354 4032 3460 4087 hoc
3516 4033 3671 4106 regis
3700 4033 3776 4088 sit

2139 4127 2356 4203 agendo
2392 4134 2693 4199 praeepto,
2725 4126 2979 4199 designat
3009 4140 3120 4180 non
3166 4139 3289 4180 esse
3328 4123 3771 4181 Karlomannum

2135 4234 2250 4274 sua
2288 4218 2607 4290 provincia,
2641 4224 2832 4289 utpote
2859 4216 2955 4288 qui
2984 4216 3054 4270 sit
3080 4215 3366 4271 ordinatus
3396 4216 3464 4269 ab
3495 4215 3769 4289 Hildega-

2137 4310 2218 4366 rio
2275 4310 2541 4365 Meldensi
2584 4309 2875 4380 episcOpo,
2930 4316 2986 4362 et
3029 4306 3337 4362 secundum
3368 4321 3615 4362 canones
3645 4322 3770 4363 non

2135 4402 2311 4473 possit
2352 4400 2562 4473 aliquid
2590 4400 2891 4472 disponere
2945 4398 3015 4452 de
3046 4397 3160 4454 illo.
3202 4396 3508 4468 Episcopus
3533 4414 3768 4471 quoque

2134 4493 2206 4549 de
2230 4494 2338 4549 alia
2360 4492 2647 4565 provincia
2670 4489 3013 4547 convocandi
3044 4495 3371 4560 potestatem
3397 4504 3509 4544 non
3532 4489 3765 4552 habeat.

414 4583 623 4636 nullum
642 4581 1021 4651 prajudicium
1037 4582 2106 4673 velmachinationeminferat,quiasiD
2133 4586 2233 4641 sed
2262 4600 2447 4658 neque
2498 4582 2876 4656 suﬂ‘raganeos
2907 4597 3018 4637 sua
3047 4581 3195 4636 sedis
3233 4588 3364 4635 tunc
3405 4587 3625 4651 tempus
3658 4582 3766 4636 ha-

412 4672 625 4738 fecerit,
654 4673 775 4743 ipse
801 4673 936 4727 inde
964 4686 1125 4728 suum
1153 4674 1525 4731 ministerium
1557 4676 1738 4733 faciet.
1772 4678 2034 4736 Precatur

411 4762 575 4818 etiam
606 4768 663 4816 ut
683 4760 955 4830 justitiam
1005 4762 1139 4825 Deo,
1175 4763 1391 4835 sibique
1424 4763 1584 4820 faciat
1611 4765 1681 4821 de
1712 4766 2031 4824 hominibus

410 4854 543 4917 suis,
561 4853 653 4925 qui
668 4852 1007 4923 presbyteris
1018 4852 1352 4923 quibusdam
1373 4855 1608 4912 testibus
1620 4858 1891 4928 pramissi
1904 4876 2032 4931 pre-

407 4943 615 5013 sbyteri
632 4940 750 4996 ausi
769 4949 899 4996 sunt
914 4940 1143 5009 injurias
1170 4942 1597 5016 intulisse,'quia
1612 4946 1658 4999 si
1684 4960 1794 5002 non
1815 4946 2025 5011 fecerit,

410 5039 465 5085 et
493 5031 563 5084 de
596 5029 731 5100 ipsis
767 5044 993 5100 quoque
1041 5045 1200 5084 suum
1242 5030 1484 5087 facturus
1511 5032 1584 5087 sit
1636 5034 2024 5092 ministerium.

410 5121 688 5177 Bernardo
717 5120 907 5177 comiti
937 5119 1209 5178 Tolosano
1242 5122 1556 5194 prepinquo
1576 5140 1700 5189 suo,
1732 5143 1831 5197 pro
1860 5129 2028 5184 rebus

410 5213 698 5267 Remensis
723 5210 974 5269 ecclesia
1006 5214 1062 5268 in
1095 5214 1388 5286 Aquitania
1416 5218 1857 5286 conjacentibus,
1890 5239 2026 5294 quas

410 5300 500 5355 ille
553 5301 609 5353 in
648 5302 985 5371 prastariam
1017 5303 1124 5358 sibi
1155 5305 1388 5361 concedi
1422 5307 1668 5377 petebat,
1697 5310 1846 5381 quod
1876 5311 2023 5367 idem

407 5392 606 5463 prasul
636 5408 695 5447 se
732 5393 998 5451 facturum
1030 5403 1212 5473 negat,
1247 5398 1375 5469 quia
1405 5414 1517 5455 non
1547 5401 1767 5470 audeat,
1800 5414 2025 5475 propter

404 5490 793 5539 testamentum
836 5488 1009 5544 sancti
1044 5488 1299 5564 Remigii,
1355 5492 1503 5562 quod
1532 5491 1586 5547 id
1616 5494 1847 5552 omnino
1901 5495 2019 5552 fieri

402 5570 769 5641 prohibuerit.
828 5575 985 5630 Unde
1014 5576 1171 5632 alteri
1224 5594 1444 5650 quoque
1497 5581 1777 5638 Bernardo
1828 5585 2018 5640 comiti

400 5661 737 5718 Rodomensi
794 5665 851 5735 [i,
882 5667 1201 5722 Rodonensi
1256 5671 1448 5727 scribit
1490 5679 1551 5727 ut
1604 5674 1859 5746 loquatur
1887 5692 2009 5731 cum

400 5750 505 5804 hoc
536 5749 835 5819 Bernardo,
867 5768 936 5808 ne
966 5768 1056 5807 res
1088 5754 1309 5809 easdem
1339 5758 1453 5812 suis
1480 5759 1799 5818 hominibus
1831 5764 1884 5817 in
1912 5763 2010 5819 be-

396 5835 658 5894 neficium
690 5838 879 5907 donet,
902 5848 963 5896 ut
984 5838 1313 5897 eumfecisse
1342 5845 1613 5915 audierat,
1643 5858 1699 5905 et
1723 5850 1795 5906 de
1824 5851 2011 5923 inqui-

2131 4674 2327 4730 beatur
2354 4672 2724 4740 convocandi,
2756 4686 2879 4727 cum
2921 4670 3041 4724 dies
3070 4669 3237 4724 instet
3265 4668 3461 4734 natalis
3491 4669 3716 4726 Domini
3749 4689 3765 4735 ;

2134 4771 2188 4819 et
2239 4762 2371 4818 licet
2421 4760 2670 4832 episeOpi
2730 4759 3080 4823 conveniant,
3125 4764 3180 4812 et
3221 4757 3589 4814 Karlomanno
3626 4775 3767 4815 suas

2132 4853 2422 4927 parochias
2452 4852 2801 4918 interdicant,
2864 4866 2976 4905 non
3015 4849 3123 4905 sibi
3175 4849 3391 4905 videtur
3446 4855 3504 4905 ut
3533 4866 3634 4922 pro
3695 4869 3766 4909 eo

2130 4946 2278 5018 quod
2310 4945 2479 5017 ecepit
2500 4944 2766 5008 dimittat;
2796 4944 2841 4998 si
2870 4943 2979 4998 alia
3008 4948 3252 5013 potestas
3281 4940 3361 4995 illi
3392 4956 3503 4995 non
3537 4949 3766 5000 contra-

2130 5037 2295 5093 dicat.
2319 5037 2792 5094 Considerandum
2813 5050 2944 5092 vero
2963 5042 3151 5089 monet
3167 5031 3596 5101 rationabiliter,
3620 5036 3765 5107 quid

2122 5126 2277 5196 juxta
2298 5128 2616 5183 mandatum
2648 5126 2793 5201 regis
2822 5140 2993 5196 super
3023 5122 3125 5177 hac
3156 5138 3216 5177 re
3255 5121 3327 5176 sit
3355 5121 3661 5196 agendum,
3689 5141 3760 5179 ne

2128 5219 2331 5275 malum
2362 5221 2542 5289 majus
2570 5224 2868 5284 accrescat,
2910 5213 3233 5291 significans
3272 5214 3508 5285 qualiter
3544 5230 3758 5273 conve-

2127 5309 2412 5375 niendum,
2438 5316 2495 5364 et
2522 5307 2659 5363 alios
2688 5307 2772 5363 eis
2798 5304 2871 5360 sit
2899 5302 3317 5360 convocandum
3340 5301 3594 5373 dansque
3616 5320 3755 5359 con-

2123 5399 2305 5454 silium
2334 5404 2393 5452 ut
2431 5396 2578 5451 idem
2620 5394 3021 5451 Karlomannus
3050 5392 3341 5447 adversum
3372 5405 3435 5443 se
3472 5405 3582 5446 non
3613 5409 3753 5462 pro-

2122 5496 2281 5544 vocet
2328 5487 2500 5543 Deum
2527 5492 2583 5541 et
2611 5492 2823 5557 patrem
2862 5498 3022 5538 suum
3055 5481 3346 5553 epise0pos
3396 5493 3623 5551 qquue
3659 5499 3752 5536 re-

2118 5578 2213 5654 gni
2244 5578 2430 5648 hujus,
2463 5593 2514 5632 el
2547 5576 2811 5650 populum
2843 5576 2912 5630 ad
2942 5572 3287 5630 iracundiam
3325 5578 3519 5625 contra
3550 5588 3634 5638 se,
3676 5591 3747 5630 ne

2117 5678 2173 5726 et
2213 5672 2267 5727 in
2301 5670 2510 5742 animo,
2544 5678 2600 5726 et
2631 5672 2685 5727 in
2717 5683 2970 5739 corpore.
3006 5675 3115 5722 tam
3148 5665 3288 5734 ipse,
3340 5677 3503 5732 quam
3535 5663 3610 5717 illi
3648 5668 3747 5737 qui

2114 5776 2239 5816 eum
2271 5762 2446 5816 secuti
2480 5760 2724 5827 fuerunt,
2759 5766 3008 5831 pereant.
3044 5759 3167 5828 Ipse
3199 5773 3328 5812 vero
3359 5761 3561 5828 prasul
3591 5768 3649 5813 et
3686 5760 3742 5814 hi

2112 5853 2343 5909 comites
2398 5853 2618 5909 mittant
2674 5851 2742 5908 ad
2786 5866 2993 5925 regem,
3025 5858 3087 5905 ut
3128 5865 3256 5907 eum
3302 5849 3526 5917 faciant,
3568 5861 3741 5921 prout
