3912 6404
160 415 252 470 245

791 405 1120 463 HISTORUE
1159 405 1491 461 ECCLESI/E
1530 404 1860 461 REMENSIS
1901 402 2077 458 LIBRI
2116 400 2447 466 QUATUOR.
2478 429 2546 439 —
2578 398 2703 453 LIB.
2746 399 2839 453 III.

3384 396 3490 451 246

166 541 347 597 melius
374 537 681 610 potuerint,
714 536 792 590 illi
842 536 1167 608 placabilem
1201 553 1216 602 ;
1245 536 1331 590 sin
1389 542 1573 591 autem
1612 536 1769 590 aliter
1796 540 1843 606 Α
1872 551 1972 606 per
1997 532 2252 590 ecclesiae
2280 530 2641 600 {advocatum
2694 542 2783 583 res
2838 526 2942 581 rite
2997 525 3322 591 diffiniatur,
3378 534 3487 583 etc.

170 631 240 685 eis
262 629 501 692 videtur,
531 626 638 682 sibi
652 626 1003 687 remandent,
1037 634 1094 679 et
1137 632 1353 680 caetera.
1390 626 1524 681 Item
1556 626 1766 679 eisdem

169 736 253 793 pro
302 722 406 775 hac
464 719 583 790 ipsa
638 733 722 783 re,
796 717 1098 792 designans
1184 717 1390 772 bonum
1435 717 1540 771 sibi
1598 716 1771 771 videri

168 813 314 867 fuisse
352 811 668 875 consilium,
728 809 858 881 quia
891 824 1001 864 non
1052 809 1455 864 commoverint
1502 807 1769 878 papulum

166 911 439 976 antequam
506 901 672 957 simul
754 903 1116 973 loquerentur
1156 942 1171 968 ,
1236 902 1657 956 considerantes
1725 901 1770 954 si

172 991 287 1063 quid
335 990 469 1046 boni
555 997 785 1061 possent
854 989 1106 1043 invenire
1188 1005 1310 1044 cum
1379 989 1769 1055 Karlomanno,

172 1082 387 1138 credens
435 1083 568 1154 quia
624 1098 785 1136 suum
836 1088 892 1135 et
946 1080 1193 1151 ipsorum
1253 1080 1451 1135 debeat
1499 1081 1770 1135 obaudire

173 1173 470 1240 consilium,
495 1178 603 1227 etc.
638 1173 770 1226 Item
804 1170 1192 1235 Karlomanno,
1222 1169 1468 1236 Goslino,
1489 1178 1544 1225 et
1566 1169 1773 1225 Conra-

171 1260 251 1326 do,
277 1275 371 1331 pro
418 1259 675 1328 jussione
734 1260 880 1332 regis
936 1275 1045 1330 qua
1104 1258 1479 1325 mandaverat,
1538 1267 1601 1314 ut
1652 1260 1770 1330 ipse

171 1347 353 1402 Praasul
381 1364 509 1402 cum
552 1346 768 1403 cmteris
833 1346 1093 1401 ﬁdelibus
1151 1347 1297 1422 regis
1326 1348 1646 1403 conveniret
1702 1349 1771 1403 ad

168 1436 469 1491 mandatum
498 1435 645 1510 regis
677 1435 1041 1502 audiendum,
1080 1441 1136 1490 et
1158 1435 1524 1489 Karlomanno
1554 1435 1773 1489 denun-

172 1528 425 1596 tiandum,
458 1529 763 1603 designans
819 1528 915 1582 ubi
970 1534 1025 1582 et
1068 1544 1177 1599 qua
1205 1528 1295 1582 die
1326 1528 1414 1582 vel
1445 1528 1581 1582 hora
1607 1527 1772 1582 simul

171 1617 447 1672 convenire
478 1617 742 1683 debeant,
787 1625 843 1670 et
888 1621 947 1670 ut
973 1615 1372 1671 Karlomannus
1401 1614 1685 1670 Goslinum
1717 1622 1772 1669 et

173 1708 464 1764 Conradum
513 1706 581 1761 ad
641 1706 792 1776 ipsos
836 1705 1034 1773 mittat,
1063 1705 1147 1760 vel
1201 1706 1319 1776 ipse
1353 1705 1770 1771 Karlomannus,

171 1801 210 1855 si
244 1799 506 1870 placuerit
559 1798 635 1865 ei,
684 1799 753 1852 ad
807 1799 1035 1854 eosdem
1093 1798 1301 1865 veniat,
1334 1806 1396 1853 ut
1434 1798 1772 1852 missaticum

1875 626 2008 680 Item
2067 640 2166 696 pro
2218 623 2414 679 eadem
2468 637 2546 681 re.
2602 620 2902 676 exhortans
2953 624 3007 672 et
3048 625 3266 689 petens,
3324 625 3385 674 ut
3421 619 3492 673 de

1874 718 2009 788 ipsis
2045 717 2213 772 rebus
2237 714 2502 783 majorem
2558 727 2746 768 curam
2790 710 3074 779 adhibeat,
3106 718 3211 766 etc.
3266 709 3493 766 Erluino

1874 808 2052 862 amico
2097 806 2262 861 etiam
2310 818 2434 870 suo,
2491 817 2591 874 pro
2645 799 2889 872 praefatis
2918 800 3493 855 rebusetmansionili

1877 910 1988 966 quo
2031 909 2216 965 supra.
2276 893 2409 946 Item
2467 891 2767 963 gratiarum
2817 888 3064 943 referens
3102 888 3349 943 actiones
3395 905 3493 958 pro

1874 983 2077 1038 auxilio
2111 981 2260 1053 quod
2312 978 2671 1050 impendebat
2729 977 3035 1049 praemissis
3055 977 3223 1032 rebus
3250 985 3305 1031 et
3335 993 3496 1033 man-

1872 1072 2054 1142 cipiis,
2084 1085 2319 1142 precans
2349 1068 2572 1139 utquod
2600 1068 2744 1122 bene
2800 1066 2972 1137 ccepit
3022 1064 3294 1137 perﬁciat,
3353 1074 3408 1121 et
3434 1076 3496 1121 ut

1873 1151 2209 1219 monasteria
2260 1175 2541 1217 servorum
2580 1159 2675 1214 Dei
2730 1159 2909 1230 picem
2959 1160 3030 1214 de
3062 1157 3303 1229 praefatis
3325 1159 3496 1213 rebus

1875 1256 2079 1310 habere
2106 1254 2341 1326 possint,
2375 1252 2708 1321 adjutorium
2754 1252 3020 1323 praebeat,
3067 1258 3124 1306 et
3154 1257 3213 1306 ut
3242 1253 3493 1324 quaedam

1872 1359 2086 1411 mansa,
2117 1359 2239 1414 qua:
2272 1343 2340 1396 ab
2372 1343 2491 1412 ipsa
2538 1346 2808 1413 potestate
2849 1341 3052 1410 injuste
3077 1340 3493 1409 auferebantur,

1868 1437 2018 1505 juste
2044 1442 2459 1500 revocarentur,
2519 1433 2777 1489 solatium
2821 1432 3081 1488 adhibeat
3141 1434 3410 1489 :mittens
3444 1436 3496 1489 ei

1873 1524 2022 1579 dona
2060 1524 2116 1577 in
2146 1538 2282 1579 auro
2316 1530 2371 1577 et
2392 1528 2644 1597 argento,
2678 1531 2735 1577 et
2763 1522 3092 1593 obsequium
3126 1523 3353 1597 dignum
3386 1531 3495 1580 tam

1873 1612 2113 1683 Speciale
2170 1629 2335 1684 quam
2383 1613 2688 1683 temporale
2737 1613 3083 1684 promittens.
3122 1615 3253 1669 Item
3285 1615 3500 1689 signifi-

1874 1722 2007 1762 cans
2028 1707 2179 1779 quod
2221 1707 2495 1773 audierat,
2542 1722 2644 1776 pro
2689 1707 2902 1761 eisdem
2958 1707 3123 1761 rebus
3180 1716 3377 1778 petens
3436 1717 3498 1765 ut

1876 1800 1993 1872 regi
2028 1799 2304 1855 Ludovico
2333 1808 2614 1874 suggerat,
2670 1805 2947 1870 quatenus
2966 1800 3085 1870 'pro
3116 1800 3499 1872 redemptione

174 1890 302 1960 regis
323 1888 489 1943 simul
516 1904 642 1943 cum
675 1887 812 1958 ipsis
840 1886 1046 1953 audiat,
1080 1896 1135 1941 et
1167 1887 1243 1940 ibi
1274 1886 1484 1957 pariter
1511 1886 1774 1942 conside-
1802 1865 1853 1932 Β
1878 1888 2073 1944 animm
2093 1904 2208 1943 sua:
2265 1903 2354 1942 res
2412 1903 2535 1958 quae
2587 1886 2872 1943 abstractae
2903 1893 3051 1954 sunt,
3085 1888 3332 1945 ecclesiae
3385 1890 3496 1945 Re-

177 1991 363 2048 rarent,
392 1980 634 2052 qualiter
665 1980 716 2035 ei
747 1980 815 2034 ad
847 1979 1212 2034 salvationem
1243 1988 1298 2033 et
1333 1980 1598 2035 honorem
1616 1995 1776 2033 suum

172 2069 233 2124 de
260 2079 455 2125 caetero
483 2069 555 2123 sit
584 2068 881 2143 agendum.
908 2067 1198 2133 .Harduino
1221 2067 1432 2134 comiti,
1466 2082 1565 2137 pro
1597 2066 1780 2121 causis

172 2161 493 2232 supradictis
533 2160 604 2215 de
662 2158 1050 2225 Karlomanno,
1110 2159 1392 2230 quomodo
1445 2165 1578 2213 tunc
1605 2174 1691 2212 res
1721 2173 1781 2212 se

176 2250 421 2318 haberet;
451 2259 507 2306 et
537 2251 669 2322 quia
696 2250 923 2307 obsides
979 2250 1122 2304 inter
1169 2265 1228 2304 se
1256 2250 1548 2316 dederant,
1578 2257 1632 2305 et
1657 2266 1781 2305 cum

179 2338 536 2394 Karlomanno
576 2338 744 2393 locuti
777 2338 1014 2404 fuerant,
1062 2337 1229 2408 eique
1260 2345 1568 2404 suaserant,
1597 2347 1658 2392 ut
1688 2353 1786 2408 pa-

176 2429 319 2485 citice
342 2430 395 2485 in
431 2432 538 2486 hoc
582 2445 754 2504 regno
805 2430 1053 2503 degeret,
1086 2445 1151 2485 ac
1171 2430 1433 2485 veniente
1466 2438 1620 2500 patre
1660 2446 1785 2485 cum

177 2522 298 2593 ipsis
340 2524 390 2578 ei
446 2522 668 2578 obviam
728 2531 1003 2597 pergeret.
1063 2522 1171 2575 Sed
1230 2522 1360 2593 quia
1407 2537 1594 2593 regem
1624 2521 1788 2577 citius

178 2631 328 2686 quam
390 2615 728 2687 sperabatur
779 2615 1031 2670 audierat
1085 2614 1371 2681 advenire,
1442 2614 1574 2686 quid
1642 2615 1786 2668 idem

178 2707 569 2763 Karlomannus
592 2713 725 2762 tunc
754 2706 1002 2761 facturus
1058 2715 1208 2761 esset
1238 2722 1297 2760 se
1320 2706 1534 2762 nescire
1566 2706 1784 2761 fatetur.

179 2798 347 2855 Monet
375 2807 565 2854 tamen
586 2806 648 2853 ut
677 2805 1020 2870 praeparatus
1071 2799 1140 2853 sit
1184 2798 1275 2853 hic
1302 2813 1491 2853 comes
1538 2799 1607 2853 ad
1629 2814 1790 2853 man-

188 2891 302 2946 data
340 2892 513 2965 regis,
545 2891 591 2945 si
634 2907 742 2962 qua
766 2890 1012 2959 jusserit,
1054 2891 1411 2963 exsequenda

241 2984 368 3037 Item
420 2997 525 3054 pro
592 2981 928 3053 quibusdam
985 2981 1432 3037 malefactoribus
1472 2982 1794 3039 hominibus

180 3073 723 3148 cujusdamWiperti,
756 3074 851 3145 qui
876 3074 1118 3145 rapinas,
1155 3073 1436 3139 incendia,
1482 3082 1536 3129 et
1562 3074 1795 3129 homici-

179 3164 279 3230 dia,
310 3175 363 3222 et
393 3166 506 3221 alia
562 3165 707 3220 mala
755 3165 1051 3233 faciebant,
1109 3182 1474 3223 commonens
1537 3168 1791 3223 eumdem

1879 1977 2057 2032 mensi
2088 1976 2304 2032 restitui
2331 1974 2513 2043 faciat,
2541 1984 2596 2031 et
2621 1991 2715 2030 eas
2736 1976 2840 2046 ipsi
2873 1976 3097 2031 Erluino
3129 1980 3503 2047 commendet,

1882 2071 2176 2141 ipsumque
2222 2068 2451 2122 missum
2498 2068 2664 2123 faciat
2702 2068 2772 2123 ad
2820 2068 3211 2139 inquirendam
3272 2078 3327 2126 et
3380 2088 3510 2142 per-

1884 2161 2156 2237 agendam
2187 2161 2259 2215 de
2327 2160 2494 2215 rebus
2534 2159 2670 2231 ipsis
2711 2159 3002 2228 justitiam,
3058 2161 3284 2216 mittens
3324 2163 3505 2218 eidem

1885 2252 2111 2308 Erluino
2141 2266 2366 2323 quoque
2383 2266 2639 2306 vasorum
2670 2258 3064 2325 argenteorum
3082 2268 3333 2307 munera.
3371 2254 3502 2308 Item

1884 2340 2205 2412 significans
2234 2340 2382 2412 quod
2436 2340 2690 2395 audierat
2732 2341 3031 2412 quemdam
3064 2341 3404 2398 Lantfridum
3444 2360 3505 2399 se

1883 2434 2209 2502 jactantem,
2243 2433 2375 2504 quia
2407 2432 2798 2503 impetraverat
2838 2449 2926 2487 res
2942 2434 3196 2504 praefatas
3234 2436 3380 2507 apud
3403 2437 3509 2490 im-

1888 2530 2199 2593 peratorem
2231 2520 2509 2589 Karolum,
2530 2528 2592 2575 ut
2618 2521 2853 2576 haberet
2879 2522 3048 2593 ipsas,
3077 2525 3275 2579 eodem
3300 2526 3504 2586 domno

1891 2615 2181 2669 Ilincmaro
2199 2613 2587 2669 consentiente
2619 2614 2674 2668 in
2694 2614 3028 2669 beneﬁcium
3065 2618 3241 2688 ;quod
3276 2636 3374 2689 per
3388 2636 3508 2675 om-

1892 2707 1984 2761 nia
2003 2706 2139 2761 dicit
2168 2721 2290 2761 esse
2312 2705 2688 2769 mendacium,
2714 2722 2819 2762 nec
2867 2706 3125 2762 obtinere
3156 2725 3317 2780 posse
3363 2715 3509 2782 apud

1892 2812 1952 2851 se
1974 2810 2171 2851 omnes
2185 2811 2345 2870 reges
2361 2795 2457 2866 qui
2483 2795 2587 2849 sub
2604 2796 2745 2851 cmlo
2766 2802 2916 2863 sunt,
2938 2805 2999 2851 ut
3018 2797 3139 2851 illas
3152 2813 3242 2853 res
3266 2815 3511 2871 unquam

1894 2888 2176 2959 abaliquo
2240 2887 2419 2942 teneri
2476 2888 2808 2956 consentiat,
2866 2896 3093 2960 prepter
3128 2892 3513 2967 allegationes,

1895 3000 2032 3056 quas
2060 2992 2284 3040 sanctus
2338 2982 2624 3056 Remigius
2675 2983 2731 3038 in
2788 2990 3118 3043 testamento
3172 3003 3274 3043 suo
3323 2989 3514 3061 dispo-

1896 3073 2024 3130 suit.

1969 3164 2223 3221 Odalrico
2287 3164 2486 3219 illustri
2554 3164 2740 3220 comiti
2828 3171 2884 3219 et
2952 3165 3130 3222 amico
3197 3183 3296 3224 suo
3329 3211 3344 3237 ,
3415 3189 3515 3244 pro

182 3251 535 3319 Harduinum,
565 3261 624 3309 ut
656 3270 781 3309 cum
839 3254 1005 3309 fratre
1035 3270 1135 3310 suo
1170 3255 1491 3312 Hadeboldo
1525 3257 1794 3325 decertet,
1829 3235 1877 3304 Ο
1900 3270 2068 3312 causa
2133 3269 2360 3309 suorum
2441 3254 2726 3309 hominum
2798 3269 3032 3325 quorum
3106 3271 3194 3311 res
3274 3235 3515 3318 Ludevi-

179 3351 437 3415 quatenus
470 3344 589 3398 haec
614 3344 760 3397 mala
790 3343 1004 3418 legibus
1049 3344 1440 3411 emendentur,
1478 3352 1533 3401 et
1553 3353 1797 3413 cessent,

182 3450 243 3490 ne
271 3435 394 3506 ipsi,
418 3436 518 3507 qui
549 3435 701 3489 missi
732 3435 880 3510 regis
911 3443 1068 3490 erant
1099 3436 1155 3489 in
1187 3436 1292 3492 hoc
1316 3452 1510 3511 regno,
1545 3453 1647 3508 pro
1669 3438 1797 3493 tali-

182 3527 277 3582 bus
302 3527 575 3584 offensam
622 3527 773 3582 illius
827 3528 1113 3583 incurrant
1154 3546 1168 3595 ;
1222 3529 1370 3600 quod
1428 3529 1547 3600 ipse
1577 3546 1800 3601 quoque

186 3621 409 3673 certaret
437 3632 631 3692 agere,
664 3616 773 3670 nisi
803 3616 1073 3687 corporali
1092 3615 1435 3673 detineretur
1457 3618 1794 3675 infirmitate.

186 3706 406 3778 Insuper
436 3715 496 3762 et
528 3723 653 3763 cum
686 3706 879 3762 Gaulfo
915 3707 972 3778 [2“,
1008 3707 1293 3781 Grimulfo]
1332 3710 1478 3783 regis
1507 3708 1659 3765 fideli
1713 3711 1799 3767 lo-

188 3804 388 3865 quatur,
423 3797 524 3869 qui
556 3797 660 3852 hos
696 3795 1083 3852 malefactores
1133 3798 1384 3868 recipere
1414 3798 1715 3867 ferebatur,
1749 3810 1804 3856 et

186 3889 501 3944 ostenderet
555 3887 636 3942 illi
687 3895 953 3959 quantum
1012 3888 1318 3959 periculum
1376 3906 1536 3945 suum
1592 3891 1646 3946 in
1709 3908 1805 3947 eos

188 3978 505 4050 recipiendo
561 3980 787 4045 faceret,
840 3979 1148 4035 admonens
1204 3981 1507 4037 utatalibus
1539 3983 1805 4056 deinceps

185 4085 241 4124 se
270 4072 593 4128 custodiret.
651 4072 783 4126 Item
822 4072 893 4126 de
942 4072 1030 4126 his
1059 4071 1263 4144 quibus
1312 4073 1723 4149 signiﬁcaverat
1746 4093 1806 4132 se

186 4172 492 4222 accusatum
545 4165 693 4237 apud
748 4181 958 4241 regem,
989 4174 1044 4222 et
1074 4167 1203 4239 quia
1243 4184 1353 4224 non
1390 4169 1448 4241 [2“,
1472 4172 1603 4224 omit
1647 4170 1802 4242 non.]

188 4268 439 4324 expresse
469 4255 672 4312 litteris
688 4255 941 4310 eamdem
990 4256 1345 4312 intimaverat
1373 4259 1804 4327 accusationem,

189 4342 405 4397 mandat
459 4350 522 4398 ut
584 4343 652 4397 ad
702 4360 764 4398 se
805 4344 1035 4399 missum
1097 4343 1319 4400 fidelem
1378 4353 1434 4402 et
1483 4348 1808 4404 rationalem

190 4428 403 4506 dirigat,
461 4447 567 4503 per
615 4447 782 4504 quem
828 4433 907 4487 rei
966 4433 1249 4489 veritatem
1281 4435 1607 4509 diligentius
1633 4454 1807 4511 agno-

189 4537 334 4577 scere
382 4524 584 4593 possit,
618 4524 745 4579 etei
773 4541 963 4581 verum
991 4526 1284 4581 consilium
1345 4528 1498 4595 dare,
1533 4536 1587 4585 et
1626 4530 1810 4601 ipsum

1900 3360 1999 3401 cus
2029 3360 2125 3398 rex
2163 3343 2628 3398 Transrhenensis
2660 3343 2899 3399 domnus
2919 3345 3085 3415 hujus
3114 3347 3350 3407 Odalrici
3373 3354 3515 3409 male

1901 3440 2187 3507 tractabat,
2245 3438 2452 3507 injuste
2500 3456 2674 3514 agens
2730 3448 2925 3498 contra
2978 3443 3178 3515 ipsos:
3211 3458 3515 3522 monetque

1900 3539 1961 3588 ut
1980 3532 2112 3586 inde
2135 3529 2406 3600 judicium
2436 3530 2533 3586 Dei
2587 3548 2779 3606 regum
2839 3534 2985 3609 regis
3015 3536 3226 3606 timeat,
3269 3549 3335 3596 'et
3366 3545 3516 3614 quod

1899 3621 2098 3689 injuste
2131 3619 2243 3693 egit
2269 3619 2573 3674 emendare
2637 3631 2915 3691 procuret.
2967 3623 3031 3678 Et
3086 3628 3235 3697 quod
3268 3631 3520 3689 audierat

1902 3709 2052 3765 idem
2073 3725 2169 3764 rex
2195 3708 2436 3764 suasisse
2458 3708 2725 3764 domuum
2766 3709 3117 3767 Hincmarum
3170 3717 3287 3791 regi
3308 3735 3434 3787 suo,
3462 3729 3523 3777 ut

1903 3800 2273 3871 proprietates
2302 3798 2563 3867 auferret,
2595 3816 2732 3872 quas
2760 3799 2956 3856 ﬁdeles
2982 3800 3250 3859 Ludovici
3272 3807 3326 3861 in
3346 3824 3519 3885 regno

1907 3895 2081 3967 ipsius
2097 3894 2472 3966 possidebant,
2513 3904 2569 3950 et
2595 3894 2719 3951 ideo
2759 3895 3049 3953 abstulisse
3093 3899 3163 3953 ab
3197 3900 3361 3971 hujus
3382 3903 3524 3960 fide-

1906 3988 2053 4043 libus
2070 3988 2437 4060 pr0prietates
2460 3988 2730 4060 ipsorum,
2759 3989 2893 4045 dicit
2918 4004 3031 4046 non
3046 3991 3305 4050 decuisse
3336 4013 3520 4072 regem

1907 4082 1976 4136 de
1996 4079 2270 4136 catholico
2320 4085 2375 4135 et
2420 4078 2572 4136 ﬁdeli
2618 4096 2719 4137 suo
2760 4081 3026 4154 episcopo
3086 4083 3218 4139 talia
3271 4087 3520 4154 credere,

1908 4184 2204 4245 antequam
2236 4173 2523 4229 veritatem
2569 4174 2698 4230 inde
2730 4185 3108 4249 cognosceret,
3142 4187 3196 4233 et
3225 4179 3355 4251 quia
3384 4197 3521 4236 con-

1910 4262 2196 4320 tradixerit
2241 4264 2409 4318 etiam
2455 4264 2785 4320 consiliariis
2865 4266 3030 4341 regis,
3083 4268 3178 4338 qui
3245 4269 3523 4326 seniorem

1910 4372 2070 4412 suum
2102 4356 2157 4410 id
2198 4356 2399 4412 hortati
2455 4363 2586 4412 sunt
2627 4372 2810 4428 agere.
2867 4356 3232 4432 Ostenditque
3288 4362 3526 4432 qualiter

1912 4445 2311 4501 Karlomannus
2344 4461 2440 4500 rex
2458 4444 2628 4500 frater
2682 4444 2862 4501 Karoli
2895 4446 3102 4521 magni,
3134 4447 3319 4503 villam
3354 4450 3522 4506 Novi-

1911 4541 2111 4596 Iiacum
2139 4547 2331 4596 sancto
2363 4540 2612 4612 Remigio
2638 4540 2961 4609 tradiderat,
3018 4550 3074 4598 et
3103 4544 3341 4615 qualiter
3371 4546 3530 4601 dein-

190 4609 312 4666 ίηάθ
343 4613 398 4666 in
414 4614 585 4669 rebus
603 4628 702 4683 PFO
729 4612 942 4669 Viribus
956 4615 1239 4683 adjuvare-
1260 4614 1590 4692 Maingando
1617 4619 1674 4691 [3"
1697 4620 1809 4674 Ma'
1830 4611 1885 4679 D
1913 4647 2047 4702 ceps
2084 4647 2260 4702 usque
2294 4631 2363 4685 ad
2390 4631 2446 4686 id
2470 4609 2735 4702 temporis
2765 4632 2961 4687 eadem
2994 4609 3138 4688 viIIa-
3155 4640 3385 4690 tractata
3416 4636 3531 4691 fue-

191 4705 446 4802 nigsndg]
482 4708 706 4763 cumam
737 4709 916 4802 ἓτηίεο
945 4725 1069 4802 ἓυο,
1107 4727 1208 4782 Pro
1235 4711 1403 4766 rebus
1429 4713 1606 4767 sancti
1630 4713 1814 4769 Remi—
1914 4723 2005 4790 rit,
2030 4729 2083 4779 et
2109 4722 2239 4794 quia
2268 4721 2335 4777 de
2366 4723 2594 4779 honoris
2617 4729 2670 4777 et
2699 4724 2896 4779 animae
2928 4725 3173 4796 periculo
3205 4726 3256 4780 ei
3286 4743 3372 4781 res
3397 4744 3532 4802 age-

191 4796 262 4869 gii
298 4798 353 4853 in
392 4800 613 4874 Vosago
645 4799 1086 4869 cenjacentibus,
1121 4803 1190 4856 de
1222 4803 1427 4874 quibus
1451 4803 1677 4875 quidam
1704 4806 1812 4863 ho-
1916 4812 2098 4880 batur,
2129 4812 2174 4867 si
2223 4812 2469 4868 fraudem
2526 4830 2709 4869 rerum
2749 4814 2995 4870 ecclesiae
3054 4814 3161 4870 sibi
3225 4796 3533 4873 commissae

195 4890 367 4945 mines
384 4891 671 4963 QUOddam
702 4892 1034 4947 maDSionile
1074 4895 1415 4949 conabamur
1441 4895 1677 4953 auferre.
1918 4907 2279 4974 consentiret,
2304 4913 2359 4961 et
2381 4906 2690 4978 periculum
2723 4906 2957 4963 senioris
2986 4907 3071 4962 sui
3099 4908 3245 4981 regis
3275 4908 3354 4963 illi
3386 4910 3537 4966 cela-

261 4994 414 5087 Ilndc
439 4997 559 5065 jam
589 4996 743 5051 missi
800 4997 947 5071 regis
1004 4996 1261 5054 Ludovici
1320 5001 1710 5072 requisierant,
1772 5012 1826 5060 et
1927 5003 2028 5063 ι’θῑ,
2063 4996 2157 5069 (Illi
2188 5014 2291 5053 nec
2322 4997 2487 5052 etiam
2519 5014 2617 5069 PFO
2657 5004 2771 5054 ιοῑο
2800 4998 3007 5053 mundo
3039 5015 3196 5053 suum
3230 4999 3460 5073 gradum
3485 5008 3537 5057 Cl

196 5083 521 5141 invenerant
552 5086 702 5157 quod
736 5085 1025 5141 Remensis
1069 5087 1303 5142 ecclesia
1341 5088 1489 5156 juste
1510 5090 1643 5147 illud
1669 5101 1824 5150 tenc-
1925 5102 2080 5141 suam
2107 5087 2346 5142 animam
2376 5087 2609 5158 perdere
2635 5086 2821 5153 vellet,
2854 5093 2909 5140 et
2946 5090 3162 5139 czetera.

198 5184 290 5243 ret,
323 5185 377 5233 et
424 5177 785 5232 manifestum
831 5193 976 5243 esse,
1035 5194 1163 5250 quia
1224 5179 1364 5234 infra
1412 5179 1552 5236 fines
1607 5183 1823 5241 illarum

200 5280 418 5333 rerum,
472 5281 615 5337 quas
681 5263 759 5318 ibi
823 5271 1047 5320 sanctus
1132 5266 1414 5343 Remigius
1463 5274 1822 5343 comparavit,

200 5356 345 5412 nulla
398 5364 651 5429 potestas
690 5357 901 5428 aliquid
967 5358 1218 5425 haberet,
1271 5361 1376 5415 nisi
1413 5362 1701 5421 Remensis
1735 5384 1826 5423 ec-

200 5444 382 5501 clesia.
421 5446 582 5501 Unde
611 5454 869 5517 precatur
926 5446 1114 5511 istum,
1146 5456 1205 5504 ut
1253 5450 1298 5503 si
1358 5467 1445 5505 res
1498 5453 1642 5523 ipsas
1669 5455 1827 5510 ρνίη-
1933 5444 2078 5500 idem
2118 5459 2281 5516 agere
2311 5459 2421 5498 non
2491 5444 2726 5498 desinat.
2790 5444 3092 5499 Bcrtranno
3125 5444 3324 5499 illustri
3354 5444 3545 5500 comiti

202 5534 381 5591 dicare
435 5536 632 5609 quiete
684 5536 924 5607 potuerit
982 5537 1051 5592 ad
1112 5546 1325 5609 partem
1361 5541 1524 5610 hujus
1555 5544 1826 5613 ecclcsue,
1930 5536 2303 5591 TardunenSiS
2334 5535 2459 5610 pagi
2505 5535 2819 5607 propinquo
2878 5551 3000 5603 δυο,
3048 5552 3147 5607 PFO
3202 5543 3548 5592 sacramento

202 5624 405 5692 faciat;
440 5626 539 5681 sin
565 5634 775 5691 autem,
831 5626 917 5681 vel
949 5626 1195 5683 detineat
1251 5646 1319 5686 ne
1381 5632 1685 5689 reddantur
1739 5645 1832 5691 aut
1935 5627 2049 5702 regi
2078 5630 2318 5705 agendO,
2350 5629 2589 5702 qualiter
2644 5629 2761 5704 regi
2812 5626 3137 5685 ﬁdelitatem
3163 5630 3352 5699 jurare
3378 5628 3553 5684 debe-

203 5712 535 5770 addicantur
584 5713 705 5768 aliae
755 5716 1033 5786 potestati,
1066 5717 1246 5773 donec
1284 5718 1401 5789 ipse
1434 5728 1489 5776 et
1522 5722 1835 5779 Luitbertus
1936 5728 2075 5794 rent,
2106 5739 2228 5794 quae
2268 5722 2325 5777 in
2358 5722 2530 5794 ipsius
2559 5722 2819 5779 comitatu
2858 5722 3255 5779 consistebant.
3290 5722 3422 5777 Item
3453 5734 3552 5791 pro

204 5808 661 5879 archiepiscOpus
723 5807 888 5863 simul
938 5808 1180 5878 veniant,
1215 5820 1269 5865 et
1299 5812 1603 5869 secundum
1653 5814 1833 5889 legem
1938 5815 2058 5872 loco
2086 5820 2313 5872 vacante
2364 5814 2486 5870 sine
2548 5814 2892 5886 presbytero,
2948 5814 3046 5870 ubi
3084 5822 3274 5870 sancta
3323 5807 3550 5865 Patricia

2000 5176 2133 5230 Item
2155 5175 2361 5249 gratias
2387 5191 2558 5247 agens
2583 5175 2651 5229 de
2672 5174 2758 5228 his
2774 5187 2897 5245 quae
2958 5187 3057 5243 pro
3079 5172 3350 5244 petitione
3370 5174 3544 5248 ipsius

1929 5282 2060 5341 erga
2091 5264 2286 5321 fideles
2316 5265 2564 5335 ejusdem
2597 5265 2861 5321 decenter
2909 5270 3204 5320 exsecutus
3247 5264 3446 5332 fuerat,
3488 5271 3545 5321 et

1930 5354 2062 5425 quia
2084 5353 2139 5408 in
2168 5354 2291 5421 ejus
2321 5353 2619 5410 dilectione
2645 5352 2924 5418 manebat,
2968 5362 3165 5425 petens
3191 5362 3253 5410 ut
3280 5354 3547 5426 deinceps
