3912 6418
418 394 525 451 247

1536 396 1908 453 FLODOARDI
1947 397 2254 453 CANONlCl
2295 396 2623 453 BEMENSIS

3660 402 3763 457 248

423 517 744 590 requiescit,
775 534 1009 575 monens
1033 527 1094 574 ut
1113 491 1443 591 quantocius
1486 519 1754 576 ministris
1776 523 2039 579 ecelesia-
2065 527 2113 595 Α
2141 523 2293 592 tiam,
2326 529 2380 579 et
2407 538 2474 577 ea
2507 537 2629 593 quae
2659 518 3065 576 rationabiliter
3090 521 3453 591 postulaverit
3480 521 3762 591 obtinere,

421 610 578 666 sticis
604 611 868 667 clericum
898 627 1052 666 sacro
1091 612 1403 668 ministerio
1432 619 1623 683 aptum
1655 615 2035 687 ostendat,qui

422 699 693 755 valeatibi
726 700 991 764 ordinari,
1021 701 1201 754 sciens
1231 715 1327 771 pro
1356 708 1528 768 certo,
1560 702 1689 774 quia
1722 712 1845 773 post
1875 703 2034 758 ordi-

425 792 728 859 nationem,
760 808 883 862 quae
916 789 1035 843 ﬁeri
1067 788 1306 843 debebat
1344 790 1400 843 in
1432 791 1702 861 proximo,
1737 793 1919 864 ipsum
1950 794 2036 850 lo-

424 894 549 933 cum
582 879 702 933 sine
733 878 1059 949 presbytero
1086 891 1197 931 non
1252 877 1577 946 dimitteret,
1609 880 1739 951 quia
1768 896 1871 935 nec
1910 897 2034 936 cum

425 974 802 1038 mercenaria,
822 988 925 1027 nec
954 972 1072 1027 sine
1092 980 1319 1043 pastore
1352 976 1575 1046 proprio
1603 976 1752 1047 ipsos
1784 978 2037 1033 homines

423 1068 662 1123 audebat
683 1066 959 1122 dimittere
993 1073 1080 1132 ;et
1104 1066 1151 1121 si
1174 1067 1291 1137 ipse
1323 1083 1434 1124 non
1450 1070 2033 1139 praesentaveriteum,

422 1160 518 1231 qui
571 1159 777 1234 dignus
824 1160 1000 1229 possit
1055 1160 1313 1229 inveniri,
1358 1160 1451 1215 ille
1508 1162 1865 1219 ordinaturus
1901 1173 2046 1219 esset

422 1253 645 1325 qualem
675 1253 959 1308 meliorem
983 1254 1257 1324 potuisset
1287 1255 1539 1311 invenire
1572 1274 1587 1323 ;
1613 1256 1769 1325 item,
1802 1273 1902 1330 pro
1920 1258 2047 1314 Hai—

424 1358 591 1399 mone
622 1341 772 1397 fideli
804 1357 928 1409 suo,
954 1358 1118 1414 quem
1141 1343 1289 1398 idem
1302 1359 1490 1400 comes
1512 1346 1580 1399 ad
1599 1346 1858 1416 placitum
1883 1364 2043 1403 suum

425 1451 528 1506 per
569 1435 817 1490 bannum
876 1435 1061 1491 vocari
1110 1435 1369 1504 jusserat,
1414 1437 1510 1508 qui
1567 1453 1698 1512 rege
1721 1438 1957 1507 jubente
1987 1441 2044 1495 in

422 1524 601 1595 ipsius
625 1523 910 1579 servitium
969 1523 1248 1593 profectus
1300 1533 1436 1581 erat.
1472 1527 1672 1583 Bosoni
1722 1528 1920 1583 illustri
1948 1546 2043 1586 co-

422 1617 565 1684 miti,
606 1617 675 1672 de
714 1618 930 1690 agenda
969 1618 1262 1674 electione.
1303 1620 1730 1676 Silvanectensis
1767 1622 2038 1695 episcOpi,

420 1706 727 1760 ostendens
756 1706 906 1778 quod
939 1722 1049 1762 non
1066 1707 1150 1761 sui
1179 1707 1475 1764 ministerii
1501 1725 1891 1782 quamcunque
1912 1729 2043 1783 spe-

419 1794 617 1849 cialem
650 1794 942 1868 designare
970 1810 1288 1865 personam,
1322 1804 1431 1852 etc.
1468 1815 1482 1864 ;
1508 1798 1659 1865 item,
1688 1799 1889 1855 Bosoni
1918 1802 2036 1857 viro

422 1882 649 1953 inclyto,
679 1882 978 1954 gratiarum
1005 1881 1254 1938 referens
1283 1884 1639 1957 actionespro
1658 1887 1824 1941 rebus
1857 1889 2036 1944 eccle-

422 1972 520 2025 siae
542 1970 831 2025 Remensis
857 1971 911 2026 in
939 1972 1221 2041 provincia
1258 1973 1399 2041 sitis,
1434 1990 1571 2046 quas
1606 1981 1666 2030 ut
1693 1977 1798 2031 sibi
1831 1977 2041 2047 promi-

422 2068 591 2127 serat,
648 2061 948 2129 tutabatur,
999 2077 1234 2118 monens
1286 2069 1347 2118 ut
1411 2079 1471 2118 se
1523 2065 1685 2119 talem
1744 2075 2037 2137 praeparet,

423 2153 666 2225 qualiter
690 2151 969 2208 orationes
1000 2151 1175 2222 ipsius
1218 2161 1273 2207 et
1302 2152 1553 2208 ecclesiae
1594 2154 1704 2208 sibi
1730 2155 2040 2211 commissae

424 2245 503 2299 illi
532 2245 823 2316 proficiant
855 2244 1059 2315 ;idque
1092 2244 1241 2316 quod
1272 2244 1343 2299 de
1385 2245 1506 2316 ipsa
1537 2246 1908 2317 periculosum
1939 2264 2043 2303 au-

425 2333 625 2401 dierat,
658 2349 766 2389 non
800 2342 1009 2403 tacens,
1043 2333 1303 2389 videlicet
1358 2335 1506 2406 quod
1558 2351 1646 2390 res
1693 2336 2037 2392 diversarum

425 2424 784 2479 ecclesiarum
825 2424 940 2479 suis
998 2424 1319 2481 hominibus
1364 2424 1654 2492 dedisset,
1710 2426 1861 2482 unde
1907 2428 2041 2482 satis

427 2513 733 2568 timendum
762 2529 880 2568 esse
913 2513 1226 2581 denuntiat,
1260 2529 1328 2568 ne
1365 2514 1644 2570 orationes
1674 2513 1921 2570 fidelium
1946 2514 2039 2570 Dei

423 2620 523 2675 pro
556 2604 676 2675 ipso
708 2604 1084 2675 impediantur
1150 2621 1181 2659 a
1232 2604 1567 2659 clamoribus
1619 2613 1935 2662 sanctorum
1981 2606 2039 2661 in

420 2693 577 2748 caelis
607 2709 731 2747 cum
762 2693 875 2749 Deo
901 2692 1273 2766 regnantium,
1306 2702 1362 2747 et
1390 2700 1607 2751 caetera.

494 2788 765 2843 Coiranno
816 2788 873 2857 [i,
909 2786 1198 2856 Coirando]
1246 2786 1457 2854 comiti,
1485 2795 1711 2858 propter
1740 2790 2039 2860 quemdam

425 2876 703 2932 hominem
731 2876 923 2947 ipsius,
952 2874 1047 2946 qui
1066 2873 1873 2947 graviaquaedamcommisisse
1902 2876 2040 2933 fere-

422 2970 581 3024 batur
599 2968 849 3035 crimina,
883 2967 1082 3039 etquia
1094 2983 1204 3023 non
1220 2968 1462 3024 audebat
1481 2986 1549 3025 ea
1574 2971 1811 3027 domnus
1837 2975 2038 3044 praesul

422 3058 735 3113 indiscussa
764 3056 1066 3124 dimittere,
1101 3064 1358 3127 precatur
1371 3060 1519 3114 hunc
1544 3071 1770 3132 propter
1791 3064 2041 3120 dilectio-

2137 617 2193 666 et
2222 610 2328 665 alia
2357 610 2608 683 quaedam
2622 608 2815 663 scribit
2829 608 2998 663 etiam
3016 608 3200 664 eidem
3217 608 3434 681 llugoni
3465 610 3635 666 etiam
3650 611 3762 668 filio

2139 702 2567 774 Lothariiregis,
2595 700 2919 776 significans
2948 718 3009 755 se
3042 702 3252 758 amicos
3265 702 3639 759 etfamiliares
3668 706 3764 759 ha-

2136 795 2326 851 buisse
2344 802 2557 865 patrem
2576 801 2632 848 et
2647 809 2810 849 avum
2828 793 3003 864 ipsius
3021 793 3335 849 Lotharium
3350 795 3763 867 imperatorem,

2138 895 2193 942 et
2222 886 2354 958 quia
2377 886 2615 940 salutem
2647 884 3082 955 ipsiusoptabat,
3112 884 3321 941 ideirco
3334 887 3487 958 quod
3515 887 3768 944 audierat

2137 978 2206 1034 de
2238 977 2485 1048 periculo
2502 977 2643 1045 ejus,
2675 991 2840 1031 causa
2869 976 3185 1032 dilectionis
3206 976 3258 1032 ei
3282 984 3474 1033 notum
3496 978 3764 1046 faciebat,

2145 1065 2351 1122 multos
2382 1064 2596 1121 scilicet
2624 1064 2917 1135 praedones
2960 1065 3314 1136 conspirasse
3331 1074 3390 1121 et
3444 1067 3767 1137 conspirare

2145 1171 2355 1222 secum,
2390 1156 2622 1226 ipsoque
2645 1154 2895 1226 principe
2930 1162 3096 1225 atque
3112 1162 3337 1209 auctore
3361 1153 3688 1209 innumeras
3717 1162 3771 1210 et

2145 1249 2453 1304 horrendas
2473 1248 2594 1304 ﬁeri
2626 1248 3320 1319 deprmdationesmliaque
3348 1248 3520 1305 multa
3556 1248 3769 1303 scelera

2147 1341 2477 1412 perpetrari,
2502 1356 2626 1412 quae
2657 1339 2847 1396 omnia
2879 1340 2936 1394 in
2961 1349 3129 1410 caput
3162 1341 3338 1410 ipsius
3365 1340 3767 1407 redundarent,

2145 1429 2450 1485 ostendens
2472 1445 2637 1501 quam
2670 1428 3009 1483 horrendum
3034 1429 3237 1499 sit'pro
3271 1429 3434 1484 tantis
3463 1430 3770 1485 sceleribus

2146 1528 2442 1592 perpetuas
2470 1536 2665 1592 pinnas
2715 1520 2944 1590 mereri,
2996 1520 3386 1575 demonstrans
3416 1521 3536 1575 haec
3566 1521 3767 1576 eadem

2144 1612 2468 1683 pervenisse
2507 1612 2575 1689 ad
2635 1611 2907 1682 synodum
2962 1611 3358 1682 episcoporum
3413 1612 3469 1665 in
3513 1612 3771 1667 Neustria

2139 1712 2349 1779 gestam
2381 1704 2534 1773 (Syn.
2597 1705 2656 1758 in
2686 1705 2917 1760 Nustria
2967 1719 3059 1757 an.
3120 1703 3270 1774 877).
3328 1705 3564 1773 Insuper
3599 1703 3768 1759 etiam

2139 1796 2288 1867 quod
2315 1795 2471 1870 regni
2502 1794 2789 1850 moliretur
2832 1794 3242 1865 pervasionem,
3292 1794 3514 1865 sibique
3533 1795 3770 1850 manda-

2068 1845 2117 1913 Β
2140 1845 2253 1939 ῖιιηι
2285 1884 2354 1938 de
2376 1845 2604 1954 praefato
2632 1845 2933 1948 conventu,
2980 1888 3039 1937 ut
3065 1882 3134 1936 ad
3175 1845 3300 1937 eum
3327 1845 3569 1939 mitteret
3597 1891 3770 1955 atque

2138 1980 2390 2028 moneret
2420 1973 2611 2041 (juxta
2635 1972 2785 2043 quod
2806 1971 2959 2043 leges
2975 1971 3326 2042 pnecipiunt)
3348 1988 3380 2025 a
3406 1971 3571 2026 tantis
3608 1971 3772 2027 malis

2140 2060 2490 2131 resipiscere,
2524 2059 2786 2130 ipsosque
2830 2057 3211 2114 malefactores
3255 2074 3287 2113 a
3326 2074 3386 2114 se
3425 2060 3772 2132 disjungere,

2140 2157 2197 2205 et
2226 2166 2256 2204 a
2284 2149 2561 2204 seditione
2594 2165 2658 2204 ac
2715 2148 2871 2220 regni
2933 2149 3259 2218 pervasione
3298 2163 3357 2202 se
3394 2148 3681 2204 cohibere.
3712 2149 3775 2203 Si

2140 2253 2272 2293 vero
2299 2238 2473 2308 ipsius
2494 2236 2989 2292 commonitionem
3009 2247 3062 2291 et
3088 2236 3348 2292 mandata
3376 2235 3574 2307 synodi
3601 2236 3776 2291 obau-

2140 2331 2261 2386 dire
2293 2346 2403 2385 non
2435 2329 2624 2396 vellet,
2656 2336 2767 2383 tam
2812 2343 2925 2383 suae
2965 2328 3298 2393 dioeceseos,
3332 2344 3495 2400 quam
3527 2329 3597 2383 de
3628 2329 3774 2383 vici-

2142 2420 2228 2475 nis
2253 2419 2549 2491 provinciis
2577 2418 2966 2492 episcoporum
3024 2417 3301 2488 synodum
3333 2424 3689 2483 convocaret,
3719 2424 3777 2471 et

2141 2509 2394 2581 synodali
2457 2509 2851 2581 episcoporum
2939 2508 3213 2564 sententia
3277 2524 3405 2563 eum
3443 2548 3457 2575 ,
3525 2522 3778 2579 suosque

2142 2602 2445 2673 complices
2466 2608 2632 2672 atque
2662 2600 2907 2656 fautores
2970 2600 3113 2670 [ms.,
3155 2598 3411 2669 factores]
3446 2613 3776 2653 excommu-

2142 2690 2375 2746 nicaret.
2410 2690 2606 2745 Postea
2635 2704 2765 2743 vero
2825 2704 3022 2744 omnes
3081 2688 3137 2742 hi
3199 2687 3454 2759 episcopi
3508 2688 3771 2743 eamdem

2142 2780 2771 2838 excommunicationem
2804 2779 3051 2833 Romano
3085 2777 3357 2849 pontifici,
3419 2785 3474 2834 et
3504 2779 3772 2834 omnibus

2143 2869 2424 2940 episcopis
2452 2884 2516 2923 ac
2546 2867 2894 2953 principibus
2946 2882 3047 2937 per
3099 2866 3550 2933 circumjacentia
3599 2883 3777 2943 regna

2142 2965 2327 3014 notam
2349 2957 2611 3012 facerent.
2648 2956 2804 3011 Unde
2835 2961 3022 3010 monet
3050 2970 3178 3009 eum
3208 2961 3472 3025 tanquam
3503 2953 3777 3022 ﬁlium,ut

2144 3050 2407 3123 recogitet
2442 3048 2496 3103 in
2525 3056 2734 3120 quanto
2752 3046 3000 3118 periculo
3028 3045 3118 3112 sit,
3141 3061 3461 3116 proponens
3480 3046 3534 3100 ei
3554 3046 3775 3103 divina-

424 3145 2038 3225 nem,uteumadsevenirejubeatdiscuticndumabipso,
2070 3154 2261 3231 crum
2302 3136 2614 3192 sententias
2670 3134 3081 3201 aucmrilamm,
3142 3142 3204 3189 ιιι
3251 3133 3562 3204 Periculum
3602 3151 3771 3191 suum

421 3237 552 3309 quia
589 3235 635 3291 si
666 3250 777 3290 non
807 3234 999 3290 fecerit
1030 3235 1395 3308 distringetur
1446 3239 1669 3311 gravius
1691 3239 1760 3294 ab
1794 3241 1889 3297 illo
1930 3250 2039 3297 tam

422 3326 491 3379 de
521 3322 832 3399 ministerio
863 3323 1187 3394 episcopali,
1220 3341 1385 3397 quam
1439 3326 1507 3380 de
1538 3328 1819 3385 missatico
1847 3330 1995 3404 regis
2024 3349 2038 3386 :

424 3414 729 3470 lsemberto
761 3413 961 3468 illustri
982 3413 1100 3469 viro
1132 3414 1311 3471 amico
1328 3430 1451 3480 suo,
1477 3432 1712 3487 precans
1746 3435 1847 3491 pro
1879 3419 2041 3475 Hinc-

422 3518 575 3559 maro
608 3510 809 3573 nepote
839 3517 965 3569 suo,
1024 3519 1187 3575 quem
1220 3505 1486 3560 miserum
1542 3509 1806 3579 appellat,
1843 3516 2039 3581 utpote

423 3594 518 3665 qui
550 3608 649 3664 pro
681 3592 997 3647 excessibus
1026 3593 1144 3648 suis
1177 3602 1286 3648 tam
1338 3595 1527 3669 gravia
1574 3597 1885 3653 sustinebat
1927 3615 2034 3670 pe-

421 3695 657 3757 tensque
685 3693 745 3739 ut
784 3684 937 3739 illum
956 3684 1010 3739 in
1040 3685 1157 3740 suis
1189 3687 1617 3744 necessitatibus
1637 3690 1881 3758 adjuvet;
1908 3692 2038 3746 Bai-

422 3781 591 3837 noldo
619 3781 825 3847 comiti,
882 3796 982 3853 pro
1041 3780 1209 3836 rebus
1256 3780 1544 3837 Remensis
1596 3782 1866 3850 ecclesiae,
1899 3800 2038 3855 quas

421 3881 672 3945 receptas
693 3890 753 3929 se
783 3874 993 3929 habere
1024 3870 1593 3948 signiﬁcaverat,etde
1621 3875 1880 3930 manibus
1896 3876 2035 3931 diri-

420 3967 690 4040 pientium
735 3973 954 4038 ereptas
1009 3982 1022 4020 :
1064 3964 1407 4020 Thenderico
1435 3965 1631 4021 illustri
1665 3967 1873 4033 comiti,
1907 3968 2036 4023 mit-

420 4064 540 4111 tens
561 4056 610 4110 ei
637 4056 861 4110 nomina
898 4069 1123 4110 suorum
1184 4052 1240 4107 in
1301 4054 1737 4124 expeditionem,
1773 4057 2033 4129 regisque

417 4148 702 4203 servitium
775 4145 1190 4217 pr0perantium
1245 4162 1258 4210 ;
1328 4144 1481 4212 item,
1542 4161 1642 4216 pro
1699 4148 2032 4203 muneribus

416 4236 651 4311 argenti,
707 4234 856 4306 quod
912 4233 1027 4306 regi
1073 4233 1311 4287 moranti
1367 4232 1436 4288 ad
1486 4234 1579 4289 Dei
1633 4236 1916 4291 servitium
1975 4238 2030 4292 in

416 4337 560 4384 terra
604 4344 702 4399 per
732 4342 976 4399 paganos
1025 4326 1243 4381 deserta
1295 4325 1585 4393 mittebat;
1613 4326 1763 4397 item,
1800 4345 1898 4399 pro
1920 4330 2031 4385 sol-

413 4420 703 4476 licitudine
720 4434 883 4490 quam
906 4428 1153 4490 tempore
1177 4418 1440 4475 Ludovici
1458 4418 1606 4493 regis
1636 4436 1815 4492 nuper
1830 4421 2032 4477 defun-

2146 3242 2547 3300 recognoscere
2580 3226 2772 3298 possit,
2810 3226 3148 3296 hortansque
3177 3241 3242 3280 ac
3263 3240 3520 3293 monens,
3544 3232 3606 3281 ut
3628 3228 3771 3282 nulli

2144 3317 2415 3373 adulatori
2447 3316 2636 3372 credat
2688 3316 2758 3370 ad
2799 3315 3184 3386 pervasionem
3242 3314 3401 3388 regni
3433 3314 3772 3389 aggredien-

2143 3408 2294 3474 dam,
2322 3405 2570 3461 inferens
2614 3413 2675 3459 ut
2726 3402 2997 3469 attendat,
3055 3402 3189 3474 quid
3249 3401 3517 3473 profuerit
3542 3403 3769 3474 patruis

2144 3498 2285 3568 ejus,
2316 3502 2378 3552 ut
2398 3502 2589 3551 contra
2608 3493 2815 3566 6legem
2848 3490 2943 3546 Dei
2980 3490 3134 3563 regni
3157 3489 3543 3561 pervasionem
3576 3489 3768 3546 incoe-

2141 3589 2350 3662 pcrint,
2383 3595 2438 3645 et
2464 3586 2612 3658 quod
2644 3591 2799 3657 pater
2827 3584 2946 3652 ejus
2976 3598 3076 3655 pro
3114 3582 3327 3650 labore,
3394 3597 3505 3654 quo
3561 3592 3768 3639 contra

2140 3680 2237 3736 Dei
2268 3680 2606 3735 voluntatem
2659 3677 3020 3742 laboraverat,
3074 3680 3130 3729 et
3175 3673 3341 3730 vitam
3373 3672 3684 3743 perdiderit
3712 3684 3769 3732 et

2139 3783 2419 3844 regnum.
2479 3764 2758 3833 Adjiciens
2828 3762 2961 3835 quid
3019 3762 3172 3836 leges
3240 3761 3311 3815 de
3368 3761 3771 3832 pervasoribus

2138 3860 2296 3933 regni
2327 3856 2672 3930 prazcipiant.
2702 3854 3059 3929 Subjungens
3084 3852 3271 3920 etiam,
3304 3851 3559 3924 quodrex
3578 3851 3770 3909 eidem

2138 3950 2473 4026 promiserit,
2506 3958 2565 4004 et
2593 3965 2656 4003 ex
2679 3955 2833 4019 parte
2864 3945 3193 4012 ostenderit,
3225 3959 3349 3999 eum
3381 3960 3443 3999 se
3473 3943 3615 4000 velle
3647 3945 3766 4002 ho-

2136 4043 2364 4100 noribus
2375 4040 2664 4111 ampliare,
2680 4040 2741 4093 et
2762 4039 3095 4094 honoratum
3111 4036 3317 4090 habere
3341 4035 3389 4089 si
3402 4035 3768 4107 culpaipsius

2136 4149 2246 4190 non
2277 4131 2464 4187 fuerit.
2498 4130 2816 4184 Admonens
2873 4126 3062 4192 etiam,
3110 4132 3172 4179 ut
3199 4139 3311 4180 non
3356 4124 3633 4180 auscultet
3652 4125 3765 4181 ho-

2132 4225 2344 4280 minum
2395 4237 2690 4294 pravorum
2723 4220 3069 4274 hortamenta
3108 4231 3289 4288 neque
3317 4215 3565 4271 imitetur
3593 4216 3765 4272 mali-

2130 4322 2386 4392 gnantes,
2418 4313 2512 4387 qui
2534 4313 2731 4367 ﬂorent
2762 4311 2829 4365 ad
2880 4319 3121 4380 tempus,
3179 4312 3238 4362 et
3262 4306 3371 4363 cito
3392 4307 3537 4363 sicut
3564 4307 3759 4366 fenum

2130 4413 2406 4471 arescent,
2435 4405 2533 4460 sed
2566 4403 2831 4459 obaudiat
2880 4400 3219 4471 Scripturam
3250 4406 3492 4453 sanctam
3519 4399 3757 4456 viridicc

414 4513 485 4567 cti
514 4489 833 4582 susceperat
856 4512 1003 4567 idem
1023 4489 1402 4568 Theudoricus
1431 4512 1501 4567 de
1524 4489 1656 4568 filiis
1677 4489 1851 4584 ipsius
1884 4515 2030 4589 regis

2136 4500 2412 4554 dicentem
2445 4514 2456 4550 :
2488 4499 2765 4565 Exspecta
2794 4494 3098 4549 Dominum.
3141 4495 3189 4545 et
3226 4489 3437 4544 cuswdi
3465 4492 3611 4545 viam
3638 4491 3759 4561 ejus

2140 4589 2197 4599 ι..
2272 4588 2286 4599 ς
2520 4588 2529 4599 .
2655 4589 2663 4599 .
2804 4580 3146 4599 σηιμηη,
3230 4593 3442 4599 μηημ
3652 4579 3757 4599 ,ευ

415 4617 482 4655 nc
514 4601 745 4656 moleste
773 4600 1066 4672 acciperet,
1101 4601 1147 4655 si
1187 4618 1314 4656 eum
1347 4609 1726 4657 commoneret
1756 4619 1920 4658 causa
1940 4604 2029 4657 di-

413 4690 690 4755 lectionis,
712 4689 934 4762 vigilem
967 4705 1089 4743 esse
1145 4689 1350 4745 debere
1398 4691 1544 4761 apud
1603 4689 1749 4746 filios
1780 4692 2028 4761 ejusdem

412 4781 579 4851 regis,
610 4780 913 4835 ostendens
955 4780 1084 4851 quia
1115 4796 1228 4835 non
1285 4781 1464 4836 solum
1498 4782 1727 4857 grandis
1759 4799 2029 4852 praesum-

411 4870 545 4939 ptio.
572 4869 669 4924 sed
689 4870 853 4923 etiam
885 4884 1145 4938 magnum
1172 4867 1478 4938 periculum
1500 4871 1705 4935 est,uni
1736 4870 1838 4926 soli
1855 4887 2031 4944 gene-

412 4961 579 5016 ralem
612 4961 767 5035 regni
794 4959 1223 5030 dispositionem
1252 4967 1507 5025 tractare,
1534 4961 1655 5015 sine
1687 4963 1944 5018 consultu
1974 4971 2030 5019 et

408 5064 681 5105 consensu
712 5049 1101 5119 plurimorum,
1129 5047 1421 5104 notiﬁcans
1451 5042 1674 5121 quoque
1703 5050 1770 5105 de
1804 5052 1889 5105 his
1904 5068 2026 5124 qua;

407 5140 513 5194 sibi
545 5140 922 5206 mandaverat,
953 5140 1191 5212 qualiter
1236 5141 1519 5213 quondam
1549 5141 1694 5196 inter
1737 5158 1896 5218 reges
1921 5144 2024 5198 Lu-

407 5230 686 5297 dovicum,
720 5229 1035 5286 Lotharium
1066 5239 1121 5286 et
1150 5231 1581 5287 Karlomannum
1617 5231 1780 5287 fuerit
1818 5242 2021 5302 actum,

406 5320 720 5393 etqualiter
746 5330 876 5376 tunc
902 5322 973 5376 sit
1026 5323 1325 5397 agendum,
1379 5323 1725 5400 subjungens
1779 5325 2019 5395 capitula

403 5412 659 5486 quaedam
690 5427 812 5483 quae
835 5428 863 5465 a
892 5413 1068 5469 tribus
1125 5415 1372 5489 regibus,
1407 5416 1705 5483 Ludovico,
1739 5416 1932 5473 Karolo
1964 5425 2019 5473 et

403 5499 662 5557 Lothario
691 5500 854 5555 simul
903 5504 1363 5559 convenientibus
1411 5506 1709 5562 constituta
1727 5505 2012 5562 ctconﬁr-

398 5600 546 5649 mata
572 5590 829 5657 fuerunt;
858 5591 1013 5652 item.
1042 5610 1140 5662 pro
1168 5596 1407 5666 quodam
1436 5598 1700 5669 episcopo
1724 5598 2008 5673 religioso,

395 5694 594 5757 petens
614 5682 787 5739 utdet
816 5683 865 5739 ei
898 5683 1079 5739 locum
1110 5685 1607 5757 loquendisecum,
1640 5699 1700 5746 ut
1722 5690 2010 5760 peripsius

391 5772 859 5832 interventioncm
911 5773 1200 5845 pervenire
1253 5776 1432 5832 valeat
1484 5778 1551 5833 ad
1584 5778 1730 5851 regis
1757 5794 2006 5850 praesen-

2135 4588 2305 4659 (Psal.
2356 4588 2556 4653 xxxvx),
2617 4589 2722 4638 etc.
2802 4580 3149 4635 Subnectens
3223 4593 3470 4650 quoque,
3529 4585 3591 4634 ut
3648 4579 3759 4636 sibi

2131 4680 2198 4735 de
2226 4679 2311 4733 his
2334 4686 2540 4733 certam
2603 4684 2662 4730 et
2719 4689 2903 4729 veram
2966 4669 3387 4742 responsionem
3440 4671 3751 4728 remandet.

2129 4766 2446 4843 Engilgario
2466 4764 2682 4822 cuidam
2716 4760 2917 4817 illustri
2945 4760 3154 4815 litteras
3174 4757 3374 4814 direxit
3405 4757 3749 4828 hujusmodi:

2204 4942 2229 4973 ‹‹
2261 4922 2578 4976 Hmcmnus
2608 4918 2908 4989 episc0pus
2931 4927 3251 4970 ENGILGARIO
3279 4912 3539 4968 salutem.

2206 5072 2226 5099 ι
2259 5047 2513 5105 Pervenit
2542 5046 2611 5102 ad
2639 5061 2761 5111 nos,
2803 5042 2932 5115 quia
2963 5041 3244 5097 hominem
3276 5046 3434 5095 tuum
3467 5039 3743 5097 Rathran-

2127 5157 2256 5195 num
2291 5137 2744 5195 irrationabiliter
2775 5143 2829 5191 et
2861 5132 3323 5190 inconvenienter
3370 5131 3749 5203 periculosum

2124 5234 2527 5285 sacramentum
2551 5227 2741 5295 jurare
2772 5224 3020 5289 fecisses,
3042 5220 3137 5293 qui
3165 5220 3298 5275 licet
3327 5218 3425 5274 tibi
3456 5218 3745 5276 servitium

2124 5319 2347 5384 debeat,
2391 5324 2575 5371 tamen
2610 5315 2714 5370 sub
2749 5320 2935 5369 nostra
2964 5325 3095 5367 cura
3111 5315 3166 5364 et
3196 5315 3323 5364 tuet
3348 5306 3441 5363 ille
3470 5308 3541 5363 de
3568 5308 3747 5365 salute

2117 5416 2296 5465 vestra
2335 5424 2455 5464 esse
2486 5407 2720 5463 debetis.
2751 5406 3051 5476 Propterea
3070 5400 3273 5457 mando
3300 5398 3403 5454 tibi
3436 5399 3739 5471 quiavalde

2115 5505 2286 5561 miror
2323 5512 2378 5559 te
2417 5517 2529 5558 non
2587 5499 2923 5555 intellexisse
2974 5494 3194 5572 gravius
3247 5508 3370 5548 esse
3401 5492 3737 5563 periculum.

2112 5608 2238 5648 cum
2270 5591 2548 5648 hominem
2573 5595 2666 5645 aut
2693 5586 3002 5653 suadendo,
3048 5590 3141 5639 aut
3170 5580 3431 5637 terrendo
3462 5580 3520 5635 in
3550 5580 3739 5651 perju-

2113 5684 2254 5740 rium
2297 5685 2496 5746 mittas,
2530 5698 2696 5754 quem
2726 5680 2772 5736 si
2802 5687 2856 5736 te
2900 5678 3051 5735 solus
3079 5674 3394 5748 perjurares
3426 5690 3442 5740 ;
3471 5674 3735 5744 quoniam

2111 5778 2164 5833 in
2210 5784 2259 5834 te
2289 5793 2460 5833 unum
2492 5775 2818 5848 perjurium,
2851 5773 2963 5829 imo
2992 5784 3092 5844 pro
3110 5767 3356 5841 perjurio
3370 5765 3733 5825 homicidium

3740 5836 3862 5976 ι..
