3912 6414
193 402 298 457 249

847 402 1176 459 HISTORIE
1215 404 1549 464 ECCLESUE
1589 411 1915 470 REMENSIS
1956 416 2134 472 LIBRI
2174 416 2485 481 QUATUOR
2552 452 2601 462 σο
2637 422 2762 477 LIB.
2806 425 2897 479 Ill.

3441 432 3546 489 250

191 538 568 630 perpetrares.
588 546 745 630 ξιιηῖ
755 538 942 630 autem
987 534 1158 630 alium
1190 538 1473 607 perjurare
1502 541 1659 609 facis,
1687 553 1743 599 et
1770 552 1823 600 te
1848 550 1896 617 Α
1921 549 2231 604 sentialiter
2260 550 2541 617 emendet,
2574 558 2631 607 et
2659 569 2691 608 a
2722 555 2925 610 talibus
2945 555 3264 613 levitatibus
3291 560 3377 614 vel
3406 576 3547 630 prae-

192 630 252 677 et
282 622 434 677 illum
466 622 674 693 perdis.
710 624 774 679 Et
818 625 944 680 ideo
983 628 1333 697 mandamus,
1376 640 1436 687 ut
1485 634 1531 688 si
1562 634 1637 689 ita
1662 652 1827 692 causa

194 713 452 779 habetur,
472 714 617 770 sicut
644 715 716 769 ad
747 731 849 772 nos
878 719 1152 787 pervenit,
1194 720 1263 774 ab
1285 723 1523 778 ecclesia
1546 732 1601 780 et
1628 727 1825 784 altario

189 810 244 854 te
279 802 584 869 abstineas,
608 802 791 859 donec
818 804 886 858 ad
916 820 1020 860 nos
1051 808 1264 875 venias,
1310 818 1366 865 et
1398 812 1469 866 de
1502 813 1595 867 tali
1628 814 1823 870 incau-

190 894 300 950 tela
326 900 423 949 aut
461 894 691 967 dignam
751 898 1170 954 excusationem
1227 900 1419 968 facias,
1469 912 1564 960 aut
1593 905 1820 979 dignam

190 985 575 1056 paenitentiam
608 985 875 1057 accipias.
912 1010 937 1033 -

267 1073 610 1129 Leudowino
637 1074 819 1130 amico
853 1090 977 1142 suo,
998 1090 1098 1146 pro
1126 1077 1293 1133 rebus
1322 1089 1378 1135 et
1407 1083 1696 1153 mancipiis
1715 1084 1821 1139 Re-

191 1166 400 1220 mensis
421 1165 673 1221 ecclesiae
700 1165 754 1220 in
788 1166 1076 1223 Provincia
1098 1170 1714 1245 consistentibus,srepe
1730 1174 1822 1230 lit-

190 1261 342 1308 teras
371 1253 768 1318 direxit.',ltem
797 1255 1068 1312 Letuardo
1097 1264 1153 1312 et
1186 1259 1485 1316 Hilduardo
1508 1262 1743 1334 aliisque
1761 1264 1819 1318 in

188 1344 391 1399 eodem
424 1360 566 1418 pago
598 1345 954 1415 degentibus,
994 1355 1104 1403 tam
1138 1364 1237 1419 pro
1270 1351 1407 1420 ipsis
1439 1353 1622 1419 rebus,
1653 1371 1818 1425 quam

188 1448 290 1501 pro
313 1432 625 1486 animarum
678 1433 855 1488 salute
906 1435 1115 1506 scripta
1154 1436 1374 1493 direxit.
1431 1440 1687 1496 Achadeo
1712 1458 1817 1496 co-

187 1520 336 1585 miti,
361 1536 461 1590 pro
505 1521 717 1593 rapinis
769 1537 908 1593 quas
956 1523 1221 1581 audiebat
1250 1526 1321 1580 ab
1351 1527 1472 1592 eius
1504 1528 1822 1585 hominibus

184 1609 310 1665 ﬁeri
344 1610 399 1664 in
434 1610 614 1681 ipsius
642 1611 925 1675 comitatu,
976 1621 1032 1669 et
1077 1631 1177 1685 pro
1236 1615 1364 1671 villa
1429 1618 1679 1689 Spantia,
1715 1637 1822 1691 qua

186 1697 282 1752 ille
308 1713 590 1753 annonam
607 1699 860 1755 ecclesiis
897 1701 1183 1758 Remensis
1209 1704 1428 1761 auferre
1460 1707 1816 1779 disponebat:

186 1787 486 1845 notificans
511 1791 584 1855 ei,
617 1792 768 1862 quod
797 1792 844 1845 si
875 1793 1086 1864 aliquid
1132 1796 1262 1851 inde
1297 1808 1536 1868 raperet,
1577 1807 1687 1855 tam
1722 1801 1814 1871 ip-

1925 639 2335 709 sumptionibus
2363 656 2424 695 se
2463 648 2675 708 caveat,
2708 643 2838 714 quia
2868 644 2914 697 si
2970 660 3083 701 non
3135 645 3348 712 fecerit,
3388 664 3545 703 suum

1925 726 1994 781 de
2025 742 2091 781 eo
2117 727 2484 782 ministerium
2534 728 2780 785 facturus
2829 732 3213 799 sit,etczeteris
3246 736 3547 808 episcopis,

1923 820 1984 869 ut
2005 815 2153 870 idem
2179 815 2403 883 faciant,
2445 816 2769 875 notificabit.

2495 908 2705 965 CAPUT
2761 912 2963 966 XXVII.

2147 997 2275 1062 Quae
2302 997 2579 1067 aliquibus
2601 1002 2803 1066 reginis
2842 1004 3053 1071 scripta
3076 1005 3305 1057 miserit.

1994 1083 2320 1156 lrmingardi
2355 1087 2610 1157 Augustae
2670 1088 2942 1155 scribens,
2983 1091 3397 1164 congratulatur
3438 1109 3545 1147 au-

1921 1175 2037 1244 dito
2067 1166 2353 1249 religionis
2376 1179 2554 1249 ipsius
2583 1178 2818 1246 fervore,
2846 1196 3101 1235 asserens
3117 1198 3177 1235 se
3207 1182 3263 1237 in
3290 1183 3548 1253 precibus

1921 1268 2143 1323 assidua
2176 1285 2273 1340 pro
2312 1286 2378 1324 ea
2416 1272 2736 1342 dependere
2766 1272 2973 1326 munia.
3024 1273 3157 1326 Item
3201 1274 3549 1343 respondens

1920 1357 1990 1410 ad
2018 1357 2252 1425 litteras,
2296 1376 2434 1431 quas
2483 1360 2605 1430 ipsa
2667 1360 2776 1415 sibi
2834 1362 3124 1423 direxerat,
3162 1362 3548 1437 signiﬁcantes

1923 1446 2206 1501 intimasse
2238 1448 2316 1501 illi
2380 1449 2646 1519 quosdam
2691 1449 2965 1513 homines,
3008 1450 3140 1521 quia
3170 1466 3270 1519 per
3296 1452 3547 1520 ejusdem

1922 1536 2171 1607 episcopi
2223 1536 2532 1605 jussionem
2591 1537 2762 1593 multa
2841 1538 2984 1592 mala
3040 1538 3239 1594 fierent
3282 1555 3413 1614 erga
3460 1556 3549 1595 res

1922 1628 2201 1683 Avennaci
2230 1630 2497 1697 (Avenay)
2522 1629 2866 1696 monasterii,
2901 1630 3114 1685 Berthae
3162 1631 3338 1701 ipsius
3360 1631 3544 1702 impe-

1921 1717 2135 1772 ratricis
2165 1716 2314 1785 filias,
2369 1734 2693 1772 asseverans
2739 1719 2886 1789 quod
2919 1719 3181 1774 diabolus
3229 1734 3329 1789 per
3354 1734 3546 1775 eorum

1918 1804 1990 1859 sit
2018 1820 2115 1860 ora
2155 1807 2371 1862 locutus
2418 1806 2790 1873 mendacium,
2848 1808 3000 1861 velut
3052 1814 3139 1861 est
3192 1814 3351 1877 pater
3378 1823 3544 1862 men-

182 1898 312 1935 sum
333 1898 504 1953 quam
533 1899 667 1938 suos
700 1886 1227 1952 excommunicaret,
1252 1896 1307 1944 et
1336 1890 1552 1946 alienos
1572 1892 1642 1946 ab
1666 1894 1816 1947 omni
1848 1913 1896 1981 η
1917 1896 2079 1951 dacii.
2111 1897 2165 1951 Si
2195 1898 2328 1969 quid
2357 1914 2488 1953 vero
2515 1898 2969 1969 hominesipsius
2992 1898 3194 1967 injuste
3222 1898 3458 1953 fecerint
3482 1898 3541 1953 in

182 1973 605 2030 Christianitate
633 1975 861 2042 faceret,
894 1983 1060 2049 atque
1106 1995 1208 2049 per
1256 1997 1417 2035 suum
1449 1983 1814 2047 missaticum,

180 2062 339 2132 quod
371 2062 440 2117 de
472 2062 567 2118 illo
593 2064 795 2119 comite
818 2064 940 2120 ﬁeri
973 2066 1163 2134 debet,
1193 2069 1289 2140 qui
1322 2070 1377 2124 in
1403 2086 1503 2126 suo
1558 2073 1819 2129 comitatu

180 2150 525 2219 injustitiam
549 2151 735 2219 faciat,
762 2157 991 2227 exsequi
1025 2167 1363 2228 procuraret.

255 2238 576 2295 Amalberto
635 2240 835 2297 illustri
884 2245 1093 2313 comiti,
1160 2263 1258 2317 pro
1334 2249 1605 2317 injustitia
1654 2268 1819 2322 quam

182 2327 446 2383 audierat
476 2344 602 2383 eum
657 2329 714 2383 in
767 2346 869 2386 suo
900 2340 1249 2404 perpetrasse
1278 2336 1514 2405 judicio,
1544 2339 1821 2413 exigendo

185 2432 281 2470 res
310 2416 605 2485 cujusdam
646 2416 920 2474 interfecti
954 2420 1023 2475 ab
1068 2438 1157 2492 eo,
1189 2424 1284 2495 qui
1316 2426 1621 2480 secundum
1653 2443 1814 2482 com-

187 2505 615 2575 mendationem
649 2506 826 2579 ipsius
855 2525 950 2565 eas
980 2510 1037 2566 in
1069 2511 1217 2567 illius
1255 2514 1667 2587 eleemosynam
1697 2516 1817 2571 dis-

179 2597 463 2653 tribuerat
491 2617 509 2664 ;
534 2600 963 2669 perhorrescens
1009 2604 1158 2676 quod
1190 2603 1529 2661 Christianus
1556 2615 1612 2661 et
1642 2608 1817 2663 mori-

178 2699 341 2747 turus
393 2690 692 2747 admittere
745 2694 876 2748 talia
933 2710 1045 2751 non
1105 2702 1441 2768 expaverat,‘
1473 2699 1676 2755 timens
1722 2702 1817 2755 Dei

178 2782 430 2839 futurum
453 2784 750 2851 judicium.
789 2787 848 2842 Et
873 2788 1118 2844 ostendit
1173 2807 1271 2861 per
1292 2791 1535 2847 divinam
1575 2794 1817 2848 auctori-

178 2881 570 2944 tatem,quam
612 2892 779 2949 grave
836 2878 1240 2948 perpetraverit
1295 2879 1586 2955 ﬂagitium,
1638 2882 1815 2937 redu-

180 2982 320 3023 cens
350 2967 420 3021 ad
452 2967 658 3021 mentis
686 2968 901 3035 oculos,
963 2985 1033 3024 ne
1085 2969 1225 3025 forte
1275 2973 1673 3037 mercenarius,
1709 2989 1820 3029 non

183 3067 404 3127 pastor,
425 3055 726 3112 haberetur
758 3075 772 3123 ;
805 3058 1132 3127 injustitiam
1165 3058 1408 3117 videndo
1449 3071 1505 3117 et
1535 3062 1769 3118 tacendo
1804 3082 1817 3118 :

1924 1988 2092 2043 rebus
2119 1989 2295 2059 ipsius
2324 1990 2667 2053 monasterii,
2734 2005 2844 2044 non
2876 1991 3042 2064 degat
3078 1996 3302 2045 :tamen
3334 1990 3463 2061 quia
3491 1997 3548 2045 et

1924 2080 2278 2153 ignoraverit,
2337 2091 2393 2136 et
2440 2097 2551 2137 non
2612 2080 2978 2149 consenserit,
3013 2081 3371 2136 necvoluerit
3401 2081 3546 2135 indi-

1923 2175 2029 2223 cat.
2048 2170 2124 2224 De
2151 2169 2390 2240 quodam
2423 2178 2692 2240 prieterea
2721 2186 2934 2236 manso,
2967 2171 3117 2241 quod
3139 2170 3231 2225 illa
3264 2169 3546 2244 signiﬁca-

1922 2264 2073 2312 verat
2105 2257 2309 2325 injuste
2351 2258 2687 2313 abstractum
2720 2275 2751 2313 a
2783 2258 3007 2328 praefato
3040 2260 3548 2324 monasterio,asse-

1924 2349 1993 2404 rit
2018 2351 2166 2421 quod
2192 2351 2330 2405 nulli
2388 2352 2623 2417 homini,
2652 2358 2920 2422 quantum
2951 2352 3060 2405 sibi
3092 2352 3436 2406 conscientia
3462 2358 3549 2406 te-

1923 2439 2245 2494 stimonium
2278 2440 2628 2511 perhibebat,
2660 2441 2860 2511 injuste
2875 2457 3121 2511 unquam
3154 2441 3551 2495 mansumabs-

1918 2527 2127 2593 tulerit,
2183 2528 2281 2582 sed
2328 2529 2473 2598 apud
2529 2545 2717 2602 regem
2780 2544 2878 2599 pro
2936 2545 3003 2585 eo
3035 2529 3280 2599 petierit,
3315 2537 3370 2583 et
3397 2529 3547 2585 obti-

1920 2614 2123 2679 nuerit,
2156 2622 2217 2669 ut
2248 2616 2445 2671 missos
2483 2632 2612 2671 suos
2643 2616 2927 2688 dirigeret,
2991 2618 3082 2689 qui
3117 2617 3551 2689 diligentissime

1920 2706 2026 2761 hoc
2055 2705 2201 2760 inter
2222 2708 2457 2762 ecclesia
2489 2708 2781 2763 Remensis
2827 2716 2883 2763 et
2935 2710 3212 2765 Avennaci
3260 2718 3549 2765 monaste-

1921 2796 1984 2849 rii
2025 2797 2415 2865 possessiones
2453 2814 2611 2869 aequa
2672 2798 2831 2853 lance
2891 2798 3241 2874 indagantes,
3277 2799 3550 2854 decerne-

1923 2895 2077 2941 nent.
2150 2886 2284 2941 Nam
2352 2888 2469 2958 ipse
2532 2888 2627 2959 qui
2692 2904 2792 2943 sua
2857 2904 2957 2958 pro
3024 2888 3240 2942 Christo
3310 2888 3546 2943 dimise-

1924 2982 2027 3039 rat,
2061 2991 2164 3030 nec
2217 2976 2403 3042 vellet,
2465 2992 2567 3031 nec
2627 2976 2924 3050 indigeret,
2967 2992 3033 3030 ea
3080 2983 3263 3031 tamen
3298 2992 3422 3047 quae
3444 2976 3551 3030 sibi

1923 3065 2218 3120 commissa
2270 3072 2446 3133 erant,
2508 3065 2628 3119 sine
2695 3064 2905 3120 ratione
2959 3073 3015 3118 et
3072 3064 3196 3137 lege
3247 3065 3548 3139 negligen-

183 3155 242 3201 et
272 3144 408 3217 quia
430 3145 633 3199 missus
663 3146 1014 3217 imperatoris
1070 3155 1208 3217 erat,
1254 3159 1310 3204 et
1352 3151 1598 3223 capitula
1649 3151 1824 3222 ipsius
1852 3162 2009 3250 Cter
2055 3154 2334 3209 dimittere
2397 3168 2509 3209 non
2567 3152 2829 3208 audebat.
2893 3152 3173 3220 Adjiciens
3222 3168 3348 3207 esse
3405 3155 3552 3208 mul-

187 3254 290 3311 pro
348 3238 712 3295 defensandis
768 3240 998 3296 advenis
1052 3251 1108 3297 et
1168 3242 1500 3299 incestuosis
1563 3245 1822 3303 habebat.

192 3332 351 3387 Unde
378 3339 489 3388 tam
538 3331 723 3387 eidem
776 3334 990 3401 comiti,
1045 3351 1213 3406 quam
1257 3337 1515 3393 omnibus
1549 3339 1821 3394 exactori-

189 3425 303 3479 bus
334 3429 501 3496 atque
522 3424 832 3493 judicibus,
867 3426 960 3497 qui
1018 3427 1075 3481 in
1108 3428 1213 3483 hoc
1240 3429 1564 3485 resederant
1586 3430 1822 3499 judicio,

189 3517 368 3571 verbo
402 3515 496 3570 Dei
517 3517 921 3588 omnipotentis
976 3527 1032 3573 et
1076 3520 1261 3575 banno
1294 3520 1644 3591 imperatoris
1700 3523 1825 3594 epi-

188 3603 406 3674 scopali
455 3604 786 3659 auctoritate
850 3606 1110 3677 percipit,
1148 3615 1207 3662 ut
1247 3609 1506 3663 eumdem
1541 3610 1821 3666 hominem

192 3698 387 3753 nullus
415 3712 515 3768 pro
545 3697 648 3754 hac
677 3713 734 3753 re
764 3699 1121 3767 condemnet,
1141 3708 1235 3755 aut
1258 3700 1556 3772 inquietet,
1580 3702 1667 3757 vel
1698 3718 1827 3758 con-

197 3786 593 3842 tradictionem
623 3786 808 3854 faciat,
838 3787 1016 3843 donec
1045 3787 1162 3859 ipse
1203 3790 1402 3860 praesul
1430 3805 1530 3860 per
1554 3790 1825 3861 seipsum,

198 3875 289 3930 vel
328 3891 432 3946 per
487 3876 687 3930 missos
742 3890 872 3931 suos
921 3876 1064 3931 hanc
1114 3892 1335 3932 causam
1385 3878 1681 3951 diligenter
1742 3880 1830 3934 in-

201 3967 411 4040 quirat,
439 3973 495 4022 et
523 3968 831 4022 secundum
863 3967 1017 4041 leges
1044 3968 1449 4024 ecclesiasticas
1479 3978 1534 4024 et
1564 3970 1831 4025 humanas

205 4056 317 4110 hoc
339 4055 490 4124 juste
514 4065 570 4110 et
596 4055 999 4111 rationabiliter
1036 4055 1298 4121 difﬁniat,
1316 4057 1657 4112 denuntians
1678 4057 1827 4129 quod

203 4144 448 4216 quisque
478 4145 586 4200 hoc
614 4153 807 4200 contra
866 4144 963 4199 Dei
1014 4153 1353 4216 prmceptum
1412 4146 1832 4216 praesumpserit

200 4252 394 4312 agere,
425 4236 604 4308 primo
660 4237 969 4293 secundum
1022 4236 1264 4308 capitula
1320 4236 1519 4312 legalia
1572 4237 1674 4292 hoc
1706 4252 1830 4291 eum

200 4325 508 4383 emendare
537 4326 703 4381 faciat
735 4344 750 4393 ;
780 4325 985 4381 deinde
1037 4327 1345 4381 secundum
1372 4328 1525 4400 leges
1564 4326 1833 4382 ecclesia—

197 4418 371 4474 sticas
398 4417 554 4472 illum
585 4435 615 4472 a
647 4418 1042 4474 communione
1084 4417 1518 4474 Christianorum
1550 4434 1730 4490 usque
1762 4417 1830 4473 ad

1929 3252 1982 3300 ta
2066 3246 2135 3299 de
2210 3246 2332 3315 ipso
2406 3244 2768 3311 monasterio,
2829 3244 2977 3298 unde
3044 3243 3237 3313 ipsius,
3307 3242 3547 3315 filiaeque

1928 3349 2041 3387 suae
2072 3331 2357 3406 indigebat
2385 3331 2590 3387 auxilio
2640 3349 2652 3385 :
2704 3331 2954 3403 petitque
3008 3339 3069 3386 ut
3112 3332 3292 3386 mittat
3321 3332 3549 3387 missum

1928 3437 2090 3476 suum
2120 3430 2404 3476 strenuum
2446 3429 2501 3475 et
2532 3419 2754 3475 fidelem
2784 3436 2908 3476 cum
2940 3420 3114 3476 misso
3137 3418 3263 3474 filia
3284 3436 3420 3487 suae,
3453 3419 3547 3491 qui

1929 3528 2040 3567 una
2067 3528 2255 3567 secum
2285 3527 2408 3583 quae
2447 3512 2777 3584 corrigenda
2801 3519 2932 3568 sunt
2956 3513 3162 3568 ibidem
3204 3513 3463 3585 corrigat,
3494 3519 3553 3568 et

1929 3604 2111 3658 videat
2140 3620 2305 3676 quam
2340 3604 2705 3659 intentionem
2751 3612 2805 3659 et
2836 3604 3178 3660 voluntatem
3217 3605 3341 3675 ipse
3376 3605 3430 3659 in
3464 3613 3551 3660 ta-

1930 3696 2075 3751 libus
2106 3696 2326 3762 habeat,
2361 3711 2429 3750 ne
2463 3695 2599 3766 ipsis
2628 3702 2682 3750 et
2708 3695 2813 3749 sibi
2847 3696 3177 3766 periculum,
3207 3696 3358 3768 quod
3386 3696 3548 3765 absit,

1929 3788 2131 3843 exinde
2162 3797 2381 3845 maneat
2409 3806 2422 3843 :
2457 3786 3014 3860 petitqueutanimus
3046 3787 3219 3858 ipsius
3242 3789 3311 3842 sit
3331 3804 3554 3858 semper

1929 3877 2217 3944 sollicitus,
2277 3894 2347 3932 ne
2408 3878 2607 3934 aliena;
2635 3878 2839 3950 linguae
2880 3877 3041 3932 facile
3071 3876 3279 3943 credat,
3313 3878 3549 3933 maxime

1931 3968 2002 4022 de
2035 3967 2419 4023 sacerdotibus
2483 3967 2680 4022 Christi
2710 3985 2724 4031 ;
2777 3966 3039 4038 quoniam
3071 3967 3352 4033 diabolus,
3374 3968 3549 4023 sinon

1936 4065 2117 4129 potest
2146 4057 2202 4111 in
2240 4056 2371 4123 alio,
2405 4057 2461 4110 in
2481 4057 2587 4112 hoc
2612 4057 2744 4111 velit
2775 4057 3140 4112 intentionem
3176 4056 3350 4128 ipsius
3367 4056 3551 4113 fusca-

1936 4163 2015 4214 re,
2045 4157 2103 4201 ut
2131 4162 2252 4201 eam
2303 4145 2465 4201 faciat
2520 4146 2578 4200 in
2622 4145 2888 4216 opinione
2917 4145 3164 4201 indebita
3193 4144 3547 4201 sacerdotum

1937 4253 2139 4292 errare.
2172 4236 2423 4307 Denique
2439 4236 2588 4308 quod
2643 4236 2921 4305 adjecerat
2951 4237 3090 4307 ipsa,
3123 4252 3180 4291 se
3214 4251 3312 4307 pro
3330 4251 3397 4291 eo
3420 4250 3552 4309 sug-

1934 4328 2172 4403 gessisse
2195 4327 2380 4383 animo
2440 4327 2791 4399 imperatoris
2850 4327 3112 4394 Lotharii,
3145 4333 3337 4382 contra
3367 4326 3549 4397 ipsum

1934 4417 2129 4473 fecisse
2181 4416 2275 4471 illa
2328 4423 2578 4481 testatur,
2633 4432 2743 4472 non
2775 4425 2835 4471 ut
2902 4431 3177 4490 magnam,
3233 4422 3288 4471 et
3320 4416 3431 4471 Deo
3451 4415 3551 4471 de-

196 4506 640 4563 satisfactionem
677 4507 927 4579 repellet.
952 4505 1247 4561 Denuntiat
1272 4508 1461 4575 etiam,
1494 4507 1625 4579 quia
1664 4524 1835 4580 quos-
1857 4514 2118 4600 Dvotam
2151 4505 2314 4561 decet
2367 4505 2550 4560 facere
2606 4506 2920 4580 conjugem.
2959 4530 2985 4554 «ι
3040 4507 3171 4580 Ego,
3208 4506 3407 4579 inquit,
3435 4508 3551 4565 scio

196 4612 427 4667 cunque
457 4596 527 4649 ad
567 4594 830 4665 placitum
888 4611 1050 4650 suum
1110 4595 1304 4650 venire
1370 4594 1737 4665 mandaverit,
1772 4604 1830 4652 ut
1857 4593 1904 4600 “’
1931 4596 2062 4667 quia
2092 4595 2142 4651 ei
2171 4595 2344 4651 multa
2375 4595 2445 4649 de
2480 4610 2565 4649 me
2588 4594 2732 4649 dicta
2763 4593 2989 4650 fuerunt
3015 4596 3290 4653 contraria
3316 4614 3332 4663 ;
3362 4598 3468 4653 sed
3501 4598 3550 4653 si

197 4687 349 4740 hanc
375 4700 597 4739 causam
628 4684 927 4760 diligenter
973 4683 1240 4757 inquirat,
1271 4693 1326 4739 et
1383 4685 1635 4760 legaliter
1664 4693 1827 4758 atque

197 4775 533 4850 regulariter
554 4773 793 4830 difﬁniat
825 4794 839 4842 ;
865 4776 912 4830 si
936 4775 1125 4831 venire
1179 4776 1549 4848 neglexerint,
1571 4785 1694 4850 post
1724 4786 1830 4833 ter-

192 4867 334 4923 tiam
363 4867 876 4935 commonitionem,
908 4868 978 4921 ab
1008 4866 1160 4922 omni
1218 4866 1651 4923 Christianorum
1683 4884 1825 4924 con-

193 4960 370 5015 sortio
401 4974 580 5030 usque
619 4958 688 5013 ad
754 4958 1191 5015 satisfactionem
1241 4959 1495 5030 repellet,
1523 4960 1626 5015 nisi
1658 4961 1827 5017 ratio-

194 5048 471 5104 nabilem.
506 5047 855 5103 ostenderint
927 5048 1359 5104 excusationem.
1421 5048 1703 5118 Adjiciens
1757 5051 1826 5106 de

194 5141 438 5217 ﬂagellis
472 5156 595 5213 quae
629 5139 984 5211 patiebantur
1013 5140 1169 5195 multi
1196 5141 1257 5211 [i,
1307 5140 1657 5211 patiebantur
1682 5143 1829 5197 mul-

194 5234 312 5303 tis],
345 5240 402 5287 et
431 5232 737 5287 ostendens
767 5232 916 5304 quod
947 5232 1071 5288 ideo
1096 5234 1215 5288 hac
1244 5240 1352 5288 tam
1383 5232 1596 5291 duriter
1636 5251 1702 5288 ex
1730 5234 1847 5289 Dei

195 5325 372 5382 verbo
412 5325 770 5389 annuntient,
796 5331 859 5380 ut
915 5325 1231 5401 intelligant
1275 5332 1483 5397 quanta
1501 5325 1821 5383 sitoffensa.

194 5417 252 5469 in
286 5416 388 5469 hac
416 5431 584 5469 causa
623 5421 813 5470 contra
828 5414 924 5469 Dei
958 5424 1317 5485 praeceptum,
1377 5422 1433 5469 et
1464 5431 1648 5470 sacras
1678 5431 1823 5487 prae-

192 5522 416 5561 sumere
448 5506 784 5577 Scripturas,
807 5505 1117 5562 admonens
1169 5522 1238 5562 ne
1259 5508 1326 5562 de
1355 5508 1598 5578 peccatis
1621 5507 1821 5563 alienis

192 5605 423 5670 peccata
450 5614 554 5653 sua
592 5597 964 5653 accumulant.
1016 5598 1331 5674 Sigeberto,
1393 5613 1494 5670 pro
1543 5614 1819 5669 praesum-

194 5690 384 5761 ptione
425 5697 482 5745 et
510 5688 836 5760 praejudicio
860 5689 1008 5760 quod
1038 5696 1227 5763 egerat
1250 5704 1349 5761 pro
1381 5690 1617 5761 quadam
1649 5690 1824 5745 eccle-

191 5777 272 5831 sia
297 5777 518 5835 cuidam
547 5777 897 5848 presbytero,
957 5777 1295 5850 mandatque
1325 5778 1375 5833 ei
1438 5785 1497 5833 ut
1547 5779 1653 5834 hoc
1676 5794 1821 5849 prae-

1927 4687 2045 4743 vult
2073 4687 2631 4760 poteritcognoscere
2689 4702 2799 4743 non
2850 4704 2974 4743 esse
3009 4704 3138 4744 vera
3170 4706 3183 4743 :
3210 4696 3393 4745 tamen
3421 4705 3550 4745 eum

1929 4796 2041 4835 non
2071 4780 2251 4835 audeo
2297 4779 2731 4850 reprehendere,
2771 4780 2903 4851 quia
2940 4780 3205 4837 Dominus
3235 4788 3339 4848 est,
3369 4798 3474 4837 nec
3495 4782 3550 4836 in

1929 4870 2048 4939 ejus
2077 4885 2316 4940 persona
2343 4870 2490 4937 dico,
2536 4870 2682 4925 sicut
2723 4869 2924 4943 legitur
2981 4870 3037 4925 in
3067 4870 3367 4942 Scripturis
3400 4887 3413 4924 :
3447 4871 3554 4937 Qui

1927 4963 2152 5017 libenter
2180 4963 2339 5018 audit
2365 4963 2530 5018 verba
2576 4963 2865 5029 mendacii,
2892 4965 3173 5019 ministros
3211 4978 3421 5033 quoque
3449 4963 3553 5018 ha-

1928 5053 2070 5107 bebit
2108 5054 2304 5124 impios
2332 5055 2511 5119 (Prov.
2536 5057 2701 5123 xxix).
2774 5051 3042 5106 Videlicet
3069 5050 3164 5122 qui
3186 5051 3253 5105 de
3282 5050 3389 5121 piis
3420 5066 3551 5123 erga

1925 5158 2052 5198 eum
2078 5142 2390 5199 voluntarie
2417 5144 2715 5215 loquentur
2745 5143 2935 5214 impia.
2971 5142 3071 5207 Qui
3110 5142 3189 5196 illi
3220 5158 3288 5197 ea
3315 5141 3455 5198 dixit
3484 5159 3552 5199 ex

1927 5251 2050 5290 mea
2075 5244 2254 5306 parte,
2274 5251 2399 5307 quae
2426 5235 2564 5290 mihi
2590 5234 2915 5302 mandastis,
2956 5234 3118 5290 aliter
3156 5251 3324 5307 quam
3354 5252 3547 5292 verum

1924 5325 1996 5380 sit
2016 5324 2172 5384 dixit.
2209 5325 2352 5379 male
2381 5331 2567 5380 autem
2629 5324 3028 5395 interpretatus
3068 5333 3152 5380 est
3203 5323 3349 5380 bene
3379 5325 3545 5380 dicta.

1925 5416 2264 5473 Sivoluisset
2300 5432 2638 5492 cognoscere
2694 5432 2910 5485 verum,
2962 5425 3018 5473 et
3071 5416 3280 5489 aliquis
3344 5418 3549 5473 missus

1922 5510 2057 5566 mihi
2097 5512 2168 5567 de
2197 5526 2362 5582 supra
2391 5510 2625 5576 veniret,
2676 5516 2738 5566 ut
2763 5525 2895 5566 vera
2930 5526 2996 5566 ex
3040 5527 3129 5566 me
3159 5519 3543 5585 cognosceret,

1923 5599 2068 5656 sicut
2092 5599 2265 5668 venit,
2299 5607 2355 5654 et
2379 5614 2469 5654 me
2497 5597 2948 5672 qualemcunque
2978 5600 3178 5656 Christi
3208 5600 3426 5657 Domini
3455 5616 3545 5655 sa-

1923 5689 2201 5745 cerdotem
2230 5688 2565 5764 suggillavit,
2620 5688 2986 5747 libentissime
3016 5706 3118 5747 suo
3147 5691 3335 5747 animo
3372 5688 3539 5744 satis-

1921 5778 2183 5836 facerem.
2212 5778 2287 5833 De
2318 5793 2441 5835 meo
2460 5785 2646 5834 autem
2690 5778 2885 5848 misso,
2936 5779 3081 5837 sicut
3100 5777 3406 5836 dominatio
3438 5775 3541 5830 be—
