3912 6418
362 392 461 449 251

1480 385 1846 442 FLODOARDI
1890 383 2191 439 CANONICI
2234 386 2563 442 REMENSIS

3601 396 3713 453 252

361 531 687 605 nignissima
715 537 892 587 vestra
939 529 1244 595 mandavit,
1290 536 1348 585 ut
1377 530 1445 584 ad
1478 545 1604 584 eum
1640 528 1874 601 dirigam
1890 529 1984 600 qui

2102 525 2275 567 sorore
2318 528 2420 568 sua
2446 514 2780 582 vindictam,
2833 521 2928 570 aut
2993 531 3094 586 pro
3152 531 3430 582 sermone,
3482 526 3580 573 aut
3609 534 3712 588 pro

362 622 414 677 ei
442 622 550 678 hoc
567 620 827 687 afﬁrmet,
854 620 1003 691 quod
1029 620 1097 674 de
1118 620 1239 687 ejus
1273 618 1600 674 infidelitate
1654 618 1792 672 nihil
1814 618 1980 673 velim

365 721 620 780 tractare,
653 714 804 768 scitis
823 718 1030 783 quanta
1083 710 1369 765 mendacia
1401 726 1549 765 nunc
1583 726 1684 781 per
1715 710 1859 764 istud
1888 726 1981 765 va-

364 806 505 860 dunt
534 806 818 870 saculum,
841 810 895 857 et
916 808 1123 873 quanta
1137 801 1426 857 sinceritas
1439 801 1644 857 debeat
1660 817 1785 857 esse
1817 801 1873 855 in
1896 817 1983 855 sa-

367 896 616 963 cerdote,
644 903 699 951 et
725 901 929 966 quanta
950 895 1147 950 merito
1175 894 1380 949 domno
1411 909 1535 948 meo
1561 893 1726 948 velim
1764 909 1982 948 servare

367 983 712 1039 ﬁdelitatem.
761 982 825 1036 Et
879 981 1084 1036 idcirco
1143 997 1213 1035 ne
1272 982 1403 1036 mali
1467 982 1801 1052 interpretes
1842 984 1984 1036 male

365 1074 572 1129 bonum
602 1073 1054 1143 interpretentur,
1113 1071 1218 1125 hoc
1262 1070 1442 1126 adhuc
1500 1070 1681 1126 facere
1713 1086 1825 1127 non
1850 1087 1983 1142 pos-

364 1177 506 1216 sum.
539 1161 740 1215 Tamen
771 1159 817 1213 si
838 1159 955 1213 vult
984 1160 1214 1214 credere
1236 1158 1477 1215 domnus
1494 1176 1651 1216 meus
1669 1161 1983 1230 Lotharius,

368 1262 550 1323 potest
599 1251 870 1307 veraciter
926 1266 1265 1324 cognoscere
1292 1253 1424 1324 quia
1451 1268 1561 1308 non
1622 1262 1833 1308 tantum
1882 1253 1983 1321 illi,

364 1340 464 1395 sed
481 1339 617 1394 nulli
648 1338 858 1394 homini
907 1339 962 1393 in
1015 1341 1221 1395 mundo
1277 1357 1400 1395 sum
1432 1339 1696 1409 infidelis,
1729 1348 1784 1396 et
1804 1342 1850 1395 si
1870 1343 1987 1397 vult

363 1429 612 1496 credere,
642 1428 833 1483 credat
853 1428 968 1482 :sin
999 1436 1206 1495 autem,
1243 1445 1368 1484 cum
1393 1429 1483 1485 ille
1512 1430 1656 1485 inter
1682 1430 1984 1501 principes,

364 1528 420 1575 et
440 1536 544 1593 ego
574 1520 717 1575 inter
745 1520 1048 1592 episcopos
1074 1529 1199 1576 ante
1234 1537 1420 1595 regem
1455 1538 1667 1597 regum,
1696 1530 1752 1577 et
1769 1522 1989 1593 episeo-

367 1626 496 1681 pum
520 1610 906 1679 episcoporum
932 1609 1266 1671 venerimus.
1303 1618 1437 1665 tunc
1467 1610 1602 1681 quid
1634 1610 1762 1665 inde
1796 1626 1990 1666 verum

363 1701 456 1767 sit,
491 1701 811 1771 plenissime
837 1701 961 1755 sine
988 1701 1222 1771 alicujus
1248 1702 1589 1757 indicatione
1605 1712 1924 1774 cognoscet,
1958 1722 1988 1752 ι)

363 1800 471 1847 etc.
527 1793 737 1846 Bertha
794 1792 1086 1847 abbatissa
1123 1793 1435 1848 -Avannaci
1518 1794 1841 1849 monasterii
1891 1809 1989 1864 pro

366 1880 799 1951 impedimentis,
831 1897 953 1953 qua
980 1881 1171 1936 fratres
1199 1898 1263 1937 ac
1316 1882 1623 1938 servientes
1664 1882 1985 1938 monasterii

364 1972 679 2045 Altviilaris,
712 1973 1053 2044 aliarumque
1100 1973 1353 2029 villarum
1406 1974 1695 2029 Remensis
1738 1975 1987 2030 ecclesia

365 2060 717 2132 patiebantur
747 2062 815 2116 ab
847 2061 1166 2117 hominibus
1193 2062 1389 2133 ipsius,
1447 2070 1736 2134 postquam
1772 2063 1829 2117 in
1884 2063 1989 2119 hoc

368 2168 601 2226 regnum
634 2153 726 2208 illa
769 2154 1086 2208 devenerat.
1140 2154 1294 2209 Unde
1343 2154 1482 2224 petit
1532 2162 1593 2209 ιιι
1641 2154 1988 2229 diligentiam

364 2244 725 2314 studiumque
753 2244 1007 2299 adhiberi
1060 2244 1279 2313 jubeat,
1313 2260 1383 2299 ne
1418 2252 1568 2299 tanta
1585 2255 1641 2299 et
1660 2245 1742 2299 sic
1767 2246 1991 2300 insolita

368 2336 686 2406 prajudicia
733 2337 850 2391 hac
906 2336 1148 2407 patiatur
1200 2337 1438 2391 ecclesia
1468 2338 1537 2392 de
1583 2338 1760 2409 ipsius
1787 2338 1993 2393 vicini-

368 2431 500 2489 tate,
533 2424 601 2478 de
622 2440 733 2495 qua
778 2425 1027 2480 solamen
1071 2434 1127 2480 et
1157 2427 1422 2500 gaudium
1465 2443 1564 2497 pro
1622 2427 1801 2498 ipsius
1845 2427 1993 2482 bona

365 2512 478 2567 vita
509 2520 565 2567 et
596 2512 784 2568 sobria
813 2514 1234 2569 conversatione
1269 2515 1475 2570 habere
1525 2516 1783 2570 debebat.
1836 2516 1991 2580 Quod

364 2604 412 2658 si
444 2604 667 2677 egisset,
691 2606 863 2659 Deum
904 2606 1138 2676 proinde
1184 2606 1510 2675 placabilem
1541 2607 1649 2661 sibi
1681 2606 1905 2671 faceret,
1940 2616 1995 2661 et

370 2701 614 2749 sanctam
653 2694 896 2759 Mariam,
920 2703 1286 2767 sanctumque
1319 2696 1632 2763 Remigium
1664 2697 1769 2750 sibi
1795 2698 1990 2751 conci-

371 2782 548 2848 liaret,
575 2783 644 2836 ab
674 2783 795 2852 ipso
826 2797 1050 2853 quoque
1105 2783 1437 2854 obsequium
1472 2784 1791 2855 episcopale
1821 2784 1996 2839 hahe-

376 2878 477 2925 ret.
507 2870 562 2924 Si
591 2886 721 2926 vero
740 2886 870 2927 suos
899 2871 1172 2944 corrigere
1220 2872 1668 2943 parvipenderet,
1719 2873 1841 2944 ipse
1868 2873 1998 2929 licet

374 2962 580 3017 invitus
604 2978 766 3018 aures
796 2964 943 3038 regis
1000 2962 1131 3018 inde
1174 2964 1439 3034 pulsaret,
1461 2972 1520 3019 ut
1565 2964 1611 3018 si
1662 2980 1890 3020 necesse
1921 2964 1997 3021 fo-

375 3058 477 3116 ret,
524 3060 585 3105 ut
631 3050 686 3104 in
744 3058 950 3106 tantum
989 3068 1156 3107 causa
1205 3062 1569 3121 excresceret,
1627 3054 1996 3109 ministerium

371 3144 831 3213 ecclesiasticum,
859 3147 1166 3202 secundum
1187 3148 1406 3222 regulas
1429 3150 1743 3216 canonicas,
1773 3149 1830 3203 in
1852 3166 1994 3217 eam,

374 3253 621 3308 suosque
644 3246 910 3293 exereret.
936 3239 1254 3294 lrmintrudi
1275 3240 1499 3313 regina,
1523 3256 1621 3311 pro
1644 3240 1992 3296 Belvacensis

376 3325 630 3380 Ecclesia
646 3326 1016 3396 dispositione
1036 3328 1091 3382 in
1124 3329 1360 3399 pastoris
1391 3329 1686 3395 electione,
1713 3340 1911 3401 petens
1934 3340 1993 3386 ut

374 3424 636 3490 suggerat
712 3418 848 3490 regi,
892 3435 961 3473 ne
1012 3435 1043 3473 a
1094 3435 1429 3493 quocunque
1487 3422 1543 3476 in
1601 3438 1993 3494 quamcunque

377 3514 591 3575 partem
621 3505 842 3561 animus
877 3506 1290 3565 illiusindebite
1308 3509 1720 3580 possetinﬂecti
1747 3510 1817 3565 de
1830 3511 1996 3582 hujus

375 3598 632 3653 Ecclesia
660 3599 1237 3670 dispositione,donec
1267 3604 1385 3675 ipse
1439 3605 1491 3659 in
1535 3605 1656 3675 ejus
1708 3605 1994 3660 servitium

373 3688 625 3754 veniens,
658 3704 780 3759 qua
804 3688 907 3759 ipsi
927 3692 1238 3747 necessaria
1267 3692 1476 3751 fuerint
1498 3692 1995 3764 notificans,ipsius

366 3775 590 3843 juribus
618 3777 823 3847 pandat
855 3787 947 3844 ;et
977 3779 1058 3835 sic
1113 3796 1236 3851 qua
1275 3780 1387 3836 Deo
1415 3781 1524 3835 sint
1546 3780 1770 3851 placita,
1803 3791 1859 3836 et
1887 3781 1999 3836 illis

375 3864 554 3930 utilia,
595 3865 827 3921 Domino
880 3875 1185 3935 annuente,
1241 3868 1541 3938 disponere
1581 3877 1840 3940 procuret
1890 3869 1999 3926 Ro-

378 3955 524 4010 trudi
555 3956 669 4011 Deo
696 3966 948 4027 sacrata,
1007 3966 1062 4014 et
1118 3959 1335 4014 cateris
1364 3960 1650 4015 sororibus
1677 3960 1997 4016 monasterii

379 4046 593 4103 Sancta
623 4047 829 4116 Crucis,
859 4056 915 4104 et
955 4058 1157 4105 sancta
1186 4050 1563 4125 Radegundis,
1596 4066 1698 4123 pro
1724 4052 1998 4108 electione

380 4134 676 4191 abbatissa
698 4137 876 4208 ipsius
891 4138 1230 4201 monasterii,
1275 4153 1373 4208 pro
1401 4155 1509 4210 qua
1537 4154 1634 4194 rex
1660 4148 1999 4210 praceperat

383 4224 624 4280 Frotario
649 4226 1088 4297 archiepiscopo,
1117 4236 1172 4281 et
1202 4226 1428 4290 Erartlo,
1458 4236 1626 4299 atque
1649 4228 1993 4302 Angenoldo,

378 4316 447 4369 ad
470 4316 756 4387 prafatum
788 4319 1187 4374 monasterium
1242 4334 1493 4391 pergere,
1551 4326 1607 4374 et
1662 4320 1993 4376 electionem

379 4409 687 4482 regularem
717 4410 794 4465 ibi
817 4410 997 4467 facere
1030 4428 1042 4465 :
1077 4419 1133 4467 et
1187 4412 1233 4466 si
1278 4421 1475 4467 cuncta
1503 4427 1734 4469 concors
1755 4429 1995 4486 congre-

378 4499 551 4571 gatio,
582 4500 669 4555 vel
700 4518 827 4572 pars
855 4503 1108 4575 quamvis
1160 4503 1360 4571 minor,
1420 4511 1605 4560 tamen
1635 4505 1853 4572 melior,
1885 4506 1996 4562 Ro-

384 4590 597 4645 trudem
628 4592 908 4665 elegisset,
972 4596 1403 4652 constitueretur
1460 4596 1515 4651 in
1573 4597 1771 4653 ordine
1822 4598 1996 4653 abba-

385 4677 549 4734 tissa.
581 4679 637 4733 Si
682 4688 865 4736 autem
927 4684 1108 4738 omnis
1137 4685 1495 4759 congregatio
1551 4701 1783 4741 concors
1850 4685 1998 4741 illam

384 4767 698 4838 abjecisset,
727 4778 781 4826 et
828 4772 993 4828 aliam
1032 4773 1281 4846 eligeret,
1333 4776 1422 4831 illa
1453 4793 1617 4849 quam
1648 4777 2001 4833 concorditer

382 4858 666 4932 elegisset,
706 4859 763 4914 in
820 4860 1018 4917 ordine
1046 4862 1340 4918 abbatissa
1370 4872 1640 4931 maneret,
1668 4866 1847 4921 donec
1881 4866 1998 4940 regi

384 4956 815 5022 renuntiaretur,
844 4966 901 5014 et
922 4975 1271 5031 quacunque
1302 4959 1380 5013 ibi
1411 4959 1607 5015 fuisset
1637 4963 1831 5029 electa,
1856 4978 2000 5017 onus

387 5042 686 5099 abbatissa
708 5047 1037 5117 susciperet,
1065 5057 1120 5103 et
1147 5047 1302 5103 0dila
1323 5049 1390 5103 ad
1423 5065 1585 5104 suum
1602 5050 1999 5106 monasterium

388 5140 779 5188 reverteretur.
812 5135 1088 5193 Primores
1120 5145 1306 5193 autem
1364 5138 1551 5193 clerici
1592 5140 1883 5195 etvassalli
1931 5140 2001 5195 ad

390 5221 638 5293 reginam
667 5227 941 5297 venirent,
992 5229 1095 5283 sub
1149 5231 1305 5299 cujus
1343 5229 1690 5298 defensione,
1748 5241 1871 5303 post
1905 5233 2001 5287 Dei

388 5321 444 5365 et
495 5322 807 5369 sanctorum
866 5318 1006 5386 ejus,
1079 5306 1384 5376 consistere
1440 5320 1729 5379 deberent.
1793 5348 1816 5370 οι
1871 5323 2003 5379 Pro-

392 5405 604 5467 pterea,
661 5398 859 5472 inquit,
915 5405 1128 5479 diligite
1176 5423 1396 5465 sorores
1453 5419 1580 5465 ante
1636 5412 1824 5467 omnia
1882 5429 1895 5465 :
1950 5422 2007 5468 et

392 5483 449 5537 in
507 5483 739 5554 privatis
798 5490 1284 5562 eollocutionibus,
1338 5505 1395 5551 et
1450 5497 1509 5552 in
1548 5498 1775 5569 publico
1822 5507 2005 5557 vestro

392 5583 693 5643 conventu,
741 5581 1003 5634 remittite
1062 5591 1115 5637 et
1167 5586 1390 5654 abjicite
1454 5588 1705 5645 funditus
1787 5607 1820 5645 a
1872 5607 2004 5647 cor-

393 5667 561 5722 dibus
575 5666 778 5721 vestris
807 5670 1267 5743 omnesinjurias,
1293 5680 1747 5736 etscandalorum
1761 5680 2005 5749 fomites,

395 5777 518 5831 qua
550 5762 820 5815 hactenus
878 5763 1025 5817 inter
1064 5779 1160 5820 vos
1195 5777 1329 5824 orta
1368 5770 1627 5827 fuerunt:
1662 5782 1721 5829 ut
1761 5776 1908 5830 nulla
1940 5777 2008 5830 de

2016 1829 2066 1896 Β

2086 601 2252 668 facto,
2282 604 2367 659 vel
2400 621 2497 675 pro
2528 605 2716 677 aliquo
2750 606 3016 678 despectu
3075 615 3306 678 quarat,
3372 615 3468 663 aut
3510 626 3544 663 a
3577 610 3713 675 Deo,

2082 695 2251 749 autin
2285 697 2665 762 saculo.Quia
2711 697 2853 753 sicut
2904 698 3171 753 Dominus
3193 706 3544 769 protestatur,
3587 700 3714 755 sine

2083 788 2380 843 concordia
2416 789 2688 861 quidquid
2721 790 2771 845 ei
2804 789 3119 845 obtuleritis
3164 806 3277 846 non
3307 791 3386 846 illi
3418 792 3664 863 placebit
3695 810 3709 847 :

2083 874 2198 929 sive
2220 876 2370 930 enim
2399 877 2710 947 oraveritis,
2729 878 2845 933 sive
2870 879 3203 935 sacrificium
3219 880 3558 947 obtuleritis,
3590 882 3712 936 sive

2084 980 2182 1021 vos
2210 966 2542 1035 afﬂixeritis,
2574 969 2699 1025 sine
2757 970 2862 1025 hac
2908 971 3195 1026 charitatis
3235 972 3537 1028 concordia
3565 973 3712 1028 nihil

2085 1057 2197 1112 Deo
2249 1058 2523 1127 placabile
2580 1060 2704 1116 erit.
2762 1061 2897 1126 Quia
2971 1062 3116 1118 sicut
3172 1063 3309 1118 dicit
3362 1065 3708 1134 Apostolus:

2084 1148 2319 1201 Etiamsi
2355 1150 2639 1204 tradidero
2677 1165 2870 1220 corpus
2900 1167 3073 1206 meum
3109 1157 3171 1206 ut
3213 1153 3427 1207 ardeat.
3452 1154 3711 1207 charita-

2086 1243 2191 1294 tem
2219 1244 2402 1296 autem
2428 1256 2537 1296 non
2562 1243 2807 1309 habeam,
2868 1244 3009 1298 nihil
3072 1260 3191 1299 sum
3243 1245 3287 1315 (Ι
3320 1240 3438 1301 Cor.
3470 1247 3616 1309 xm).
3651 1245 3717 1299 Et

2087 1328 2261 1397 scitis,
2291 1330 2422 1402 quia
2449 1330 2640 1404 regula
2677 1348 2840 1403 quam
2894 1332 3160 1403 professa
3217 1334 3351 1389 estis
3391 1336 3465 1403 (S.
3510 1335 3714 1389 Bened.

2088 1434 2209 1490 cap.
2243 1418 2351 1490 13;,
2406 1429 2633 1492 prepter
2682 1421 3067 1476 scandalorum
3099 1422 3310 1493 spinas,
3344 1438 3466 1494 qua
3485 1423 3623 1479 oriri
3658 1422 3716 1476 in

2089 1508 2428 1564 monasterio
2459 1511 2660 1575 solent,
2719 1509 3030 1565 orationem
3072 1510 3415 1565 Dominicam
3441 1510 3498 1564 in
3532 1515 3718 1563 matu-

2092 1597 2222 1653 tinis
2250 1606 2305 1654 et
2334 1599 2668 1670 vespertinis
2725 1598 2944 1663 ofﬁciis,
2988 1600 3063 1654 ita
3106 1608 3168 1654 ut
3214 1615 3412 1655 omnes
3437 1598 3591 1653 illam
3613 1614 3715 1653 au-

2092 1692 2265 1756 diant,
2298 1709 2330 1747 a
2359 1692 2542 1763 priore
2582 1692 2725 1748 orari
2782 1692 3053 1763 praecipit,
3112 1700 3173 1746 ut
3229 1692 3488 1747 timentes
3508 1706 3719 1748 conve-

2095 1784 2383 1852 nientiam,
2406 1800 2524 1856 qua
2554 1785 2791 1840 dicimus
2815 1802 2827 1838 :
2859 1784 3077 1838 Dimitte
3096 1784 3259 1839 nobis
3285 1784 3471 1839 debita
3502 1792 3715 1849 nostra,

2093 1873 2239 1928 sicut
2270 1880 2325 1928 et
2354 1888 2459 1928 nos
2484 1872 2812 1928 dimittimus
2842 1872 3191 1929 debitoribus
3231 1872 3456 1938 nostris,
3482 1889 3708 1928 omnem

2095 1979 2382 2019 rancorem
2406 1963 2475 2018 de
2504 1963 2671 2019 corde
2692 1970 2881 2020 nostro
2907 1964 3199 2035 pellamus.
3234 1964 3363 2028 Qua
3402 1963 3532 2018 dum
3564 1964 3725 2035 prius

2090 2059 2340 2133 egeritis,
2374 2075 2444 2113 ne
2473 2075 2572 2130 per
2592 2067 2833 2115 vestram
2865 2059 3222 2127 discordiam,
3262 2059 3410 2131 quod
3433 2058 3599 2125 absit,
3632 2075 3722 2113 re-

2089 2148 2299 2221 gularis
2320 2148 2520 2203 electio
2549 2148 2617 2203 de
2638 2158 2822 2203 vestro
2869 2149 3205 2204 monasterio
3236 2155 3445 2220 pereat,
3472 2148 3726 2202 adunate

2089 2256 2188 2296 vos
2214 2241 2282 2295 ad
2315 2241 2409 2295 Dei
2432 2242 2795 2307 voluntatem,
2827 2248 2881 2296 et
2925 2241 3124 2313 regalis
3158 2240 3474 2296 devotionis
3513 2239 3720 2294 unani-

2092 2335 2363 2401 mitatem,
2414 2344 2765 2407 vestramque
2825 2335 3004 2406 ipsam
3051 2336 3308 2400 salutem,
3356 2340 3717 2406 prasentem,

2092 2424 2303 2480 scilicet
2326 2431 2492 2496 atque
2539 2431 2825 2489 aternam,
2883 2440 3005 2479 cum
3061 2423 3344 2480 charitatis
3388 2421 3714 2486 concordia,

2095 2533 2217 2587 qua
2248 2523 2331 2571 est
2352 2516 2600 2572 omnium
2622 2516 2886 2570 virtutum
2906 2521 3101 2579 mater,
3143 2521 3344 2569 etcum
3377 2512 3718 2578 humilitate,

2095 2624 2218 2679 qua
2250 2616 2335 2662 est
2354 2617 2538 2663 custos
2600 2608 2844 2678 ipsarum
2889 2607 3173 2673 virtutum,
3228 2613 3393 2677 atque
3432 2620 3558 2660 cum
3584 2620 3720 2659 vera

2097 2695 2437 2759 obedientia,
2472 2711 2592 2766 qua
2624 2696 2771 2751 scala
2801 2703 2883 2749 est
2903 2711 3011 2765 qua
3029 2695 3099 2748 ad
3120 2695 3321 2749 calum
3354 2691 3721 2765 pertingitur,

2096 2793 2150 2840 et
2181 2786 2237 2839 in
2269 2784 2427 2840 vobis
2453 2784 2660 2839 salubri
2692 2783 2961 2837 electione
3001 2782 3368 2848 concordata,
3394 2792 3449 2836 et
3479 2787 3727 2837 vosmet-

2099 2877 2246 2948 ipsas
2275 2876 2343 2930 ad
2374 2876 2683 2948 regularem
2726 2889 2979 2929 normam
3021 2874 3293 2937 reducite,
3338 2880 3395 2927 et
3437 2872 3728 2928 constrin-

2097 2971 2209 3045 gite
2230 2986 2293 3026 ac
2318 2975 2641 3025 conservate
2675 2983 2690 3036 ;
2723 2968 2853 3040 quia
2908 2967 3089 3031 aliter,
3141 2967 3282 3021 sicut
3332 2965 3535 3021 melius
3589 2966 3730 3036 ipsa

2099 3062 2272 3129 scitis,
2302 3063 2465 3117 salva
2492 3078 2615 3117 esse
2666 3077 3015 3133 nequaquam
3056 3059 3268 3114 valetis.
3298 3057 3363 3112 Et
3415 3058 3560 3113 sicut
3600 3058 3729 3113 ani-

2099 3166 2219 3205 mos
2248 3149 2316 3204 ab
2349 3150 2615 3221 inquietis
2654 3150 2918 3216 motibus,
2972 3150 3047 3205 ita
3073 3155 3128 3204 et
3161 3149 3378 3221 linguas
3403 3163 3732 3218 aprovoca-

2101 3244 2225 3301 tivis
2249 3245 2571 3311 iracundia,
2599 3245 2869 3316 vobisque
2904 3244 3114 3299 nocivis
3144 3243 3500 3299 sermonibus
3530 3250 3730 3298 custo—

2096 3334 2231 3402 dite,
2296 3340 2637 3390 contestante
2693 3333 2955 3403 Apostolo
2986 3351 2998 3387 :
3035 3335 3221 3389 Omnis
3248 3334 3456 3387 clamor
3485 3336 3536 3386 et
3567 3332 3728 3386 indi-

2094 3432 2280 3499 gnatio
2308 3433 2599 3497 auferatur
2627 3446 2662 3483 a
2688 3429 2835 3483 vobis
2888 3445 3009 3482 cum
3039 3431 3183 3483 omni
3207 3428 3443 3492 malitia,
3468 3432 3518 3481 et
3546 3430 3727 3482 omnis

2095 3538 2263 3577 sermo
2284 3522 2460 3577 malus
2507 3537 2575 3576 ea:
2606 3537 2693 3575 ore
2732 3524 2905 3575 vestro
2942 3536 3051 3574 non
3077 3519 3335 3589 procedat
3364 3518 3586 3587 (Ephes.
3622 3522 3723 3581 1v).

2098 3613 2172 3666 Ne
2200 3611 2343 3666 sicut
2396 3610 2577 3665 solent
2634 3609 2888 3665 homines
2943 3608 3098 3679 prius
3137 3608 3331 3663 dolore
3351 3607 3639 3674 commoti,
3669 3616 3727 3662 et

2101 3716 2293 3778 postea
2321 3706 2509 3777 aliquo
2557 3704 2782 3777 gaudio,
2837 3704 2996 3775 quasi
3030 3702 3338 3769 victoriosi,
3401 3701 3728 3756 obtinentes

2100 3811 2221 3868 qua
2254 3793 2595 3863 desiderant,
2624 3791 2939 3868 exhilarati,
2998 3792 3067 3846 de
3108 3806 3443 3862 quocunque
3464 3791 3717 3852 homine,

2098 3863 2221 3959 qua
2267 3901 2378 3941 non
2423 3863 2764 3940 conveniu.nt
2802 3884 2987 3955 aliqua
3018 3890 3261 3938 vestrum
3292 3882 3440 3937 dicat
3458 3889 3487 3954 ξε
3542 3898 3612 3938 ne
3664 3893 3721 3939 et

2099 3978 2381 4051 patientia
2405 3977 2661 4032 meritum
2695 3975 2990 4030 inutilibus
3018 3973 3372 4030 sermonibus
3401 3989 3588 4030 coram
3606 3976 3722 4033 Deo

2098 4068 2363 4141 perdatis,
2383 4077 2437 4124 et
2459 4067 2506 4122 si
2538 4067 2741 4139 aliquis
2770 4066 2957 4131 fuerit,
2981 4065 3074 4137 qui
3098 4065 3285 4137 aliqua
3316 4065 3718 4135 provocatione

2097 4175 2489 4234 quamcunque
2528 4168 2769 4214 vestrum
2827 4157 2896 4213 ad
2948 4158 3052 4212 hoc
3082 4156 3343 4229 instigare
3373 4156 3635 4225 voluerit,
3661 4166 3721 4213 ut

2097 4268 2444 4326 quacunque
2467 4251 2715 4306 indebita
2734 4251 2804 4305 de
2826 4265 3158 4322 quocunque
3186 4248 3446 4320 proferat,
3473 4250 3720 4321 qualiter

2095 4343 2246 4398 illam
2273 4340 2747 4413 comprehendere
2780 4338 2973 4409 possit,
3015 4345 3075 4393 ut
3111 4337 3518 4393 rationabiliter
3545 4339 3713 4393 dam-

2098 4448 2229 4488 nare
2260 4432 2574 4503 praevaleat,
2632 4430 2813 4485 locum
2874 4444 2976 4483 nec
3033 4428 3307 4495 diabolus,
3369 4444 3472 4484 nec
3500 4436 3720 4485 astutus

2023 4553 2078 4621 Β
2100 4526 2267 4581 homo
2297 4524 2500 4580 exinde
2557 4522 2744 4594 aliquo
2805 4522 2969 4578 modo
3014 4521 3217 4576 habeat
3251 4538 3263 4574 :
3296 4519 3394 4575 sed
3456 4520 3597 4576 tales
3623 4539 3723 4577 vos

2100 4614 2378 4680 exhibete,
2410 4620 2470 4669 ut
2516 4611 2751 4667 interius
2805 4610 3164 4682 exteriusque
3213 4609 3479 4664 decenter
3508 4619 3720 4666 ornata

2100 4707 2299 4782 dignas
2316 4712 2481 4778 atque
2531 4703 2875 4759 exaudibiles
2906 4702 3209 4768 orationes,
3238 4709 3293 4754 et
3318 4716 3418 4771 pro
3449 4700 3635 4767 vobis,
3668 4709 3723 4755 et

2100 4817 2201 4872 pro
2228 4799 2448 4856 seniore
2480 4815 2543 4855 ac
2572 4797 2800 4854 domina
2816 4802 2999 4852 vestra
3031 4794 3172 4867 [ms.,
3234 4793 3464 4865 nostra],
3507 4810 3722 4866 proque

2101 4906 2214 4946 non
2239 4890 2417 4945 solum
2446 4887 2639 4943 amicis
2682 4884 2901 4953 vestris,
2947 4901 3138 4939 verum
3194 4883 3361 4938 etiam
3385 4890 3438 4938 et
3479 4900 3581 4954 pro
3614 4884 3722 4939 ini-

2102 4979 2277 5046 micis,
2313 4978 2381 5033 ad
2404 4995 2566 5033 aures
2590 4976 2685 5032 Dei
2712 4976 2932 5030 mittere
2950 4973 3196 5029 valeatis.
3228 4995 3249 5023 ι

2172 5072 2498 5145 Teutherga
2544 5068 2839 5124 abbatissa
2872 5082 2970 5138 pro
3028 5064 3379 5121 ordinatione
3443 5066 3726 5120 Avennaci

2104 5163 2454 5230 monasterii,
2486 5178 2651 5234 quam
2681 5161 2796 5231 ipse
2824 5158 3103 5230 quondam
3134 5173 3259 5212 cum
3285 5156 3618 5211 [rmintrude
3638 5174 3729 5211 re-

2103 5256 2233 5328 gina
2261 5255 2630 5326 disposuerat,
2678 5252 2748 5305 de
2807 5264 3038 5304 numero
3069 5247 3397 5303 clericorum
3420 5257 3475 5303 et
3507 5264 3729 5304 nonna-

2105 5364 2225 5403 rum
2254 5355 2421 5420 atque
2452 5346 2522 5401 de
2549 5344 2718 5400 rebus
2746 5342 2999 5397 villarum
3060 5340 3234 5412 ipsius
3264 5341 3605 5411 monasterii,
3642 5343 3728 5397 vi-

2106 5443 2309 5498 delicet
2334 5442 2495 5496 mille
2520 5447 2743 5495 centum
2798 5438 3204 5512 quinquaginta
3227 5438 3433 5493 mansis
3462 5452 3476 5504 ;
3508 5438 3729 5511 signifi-

2107 5552 2239 5592 cans
2276 5552 2333 5591 se
2359 5534 2700 5607 disposuisse
2737 5533 2808 5587 20
2835 5532 3069 5588 clericos
3100 5539 3154 5587 et
3182 5532 3252 5586 40
3273 5547 3488 5588 nonnas
3514 5533 3728 5589 ibidem

2107 5628 2416 5685 consistere
2457 5642 2641 5698 posse,
2698 5628 3013 5697 victumque
3070 5624 3152 5679 eis
3183 5624 3599 5694 providisse,et
3645 5645 3733 5682 res

2108 5719 2449 5774 necessarias
2478 5734 2541 5773 ac
2560 5716 2954 5774 ministeriales
2976 5715 3303 5784 instituisse,
3328 5725 3528 5788 praeter
3559 5718 3731 5774 lumi-

2112 5811 2286 5878 naria,
2320 5820 2375 5866 et
2412 5819 2610 5867 catera
2677 5810 2998 5867 monasterii
3040 5809 3373 5877 necessaria,
3421 5812 3733 5867 ostendens
