3912 6432
210 428 323 481 253

873 422 1199 479 HISTORl/E
1239 422 1574 476 ECCLESUE
1614 422 1942 478 REMENSIS
1981 425 2157 480 LIBRI
2200 423 2532 490 QUATUOR.
2566 454 2635 463 —
2669 424 2794 478 LIB.
2840 426 2932 479 Ill.

3472 424 3578 481 254

219 567 371 638 quod
404 566 674 621 Nivardus
725 567 1020 621 Remorum
1070 561 1522 632 archiepiscopus
1562 561 1631 616 de
1685 562 1852 618 rebus
1879 567 1929 635 Α
1960 579 2191 634 corpore
2244 562 2471 618 unitatis
2510 562 2768 617 Ecclesiae
2826 562 3112 618 catholicae
3159 577 3345 618 coram
3402 546 3581 617 oculi8

225 654 522 710 Remensis
566 655 823 710 Ecclesiae
855 651 1251 708 monasterium
1306 651 1686 708 Altvillarense
1714 667 1851 706 con-

218 749 508 815 struxerit,
567 758 620 803 ct
653 748 822 803 frater
879 747 1001 815 (jus
1028 748 1098 800 de
1144 744 1259 800 suis
1300 746 1752 817 preprietatibus,
1801 751 1857 801 et

219 852 345 907 quea
380 837 476 891 alii
503 835 638 891 boni
672 835 929 891 homines
960 834 1029 889 ad
1059 834 1316 888 eumdem
1351 834 1532 889 locum
1556 834 1853 899 dederunt,

218 928 575 981 Avennacum
631 926 961 996 exstruerrit
1000 925 1423 991 monasterium,
1483 926 1748 997 quodque
1785 924 1854 978 ad

223 1018 528 1073 Ecclesiam
583 1018 916 1073 Remensem
973 1016 1285 1081 tradiderit,
1339 1015 1486 1070 unde
1543 1022 1599 1071 et
1653 1016 1856 1070 chartae

226 1110 583 1165 habebantur
637 1110 692 1164 id
740 1116 930 1179 aperte
966 1108 1311 1179 pandentes;
1344 1107 1445 1161 sed
1501 1123 1600 1179 per
1639 1107 1854 1180 regium

223 1204 461 1269 donum,
492 1201 638 1256 sicut
656 1208 711 1255 et
737 1199 857 1254 alite
887 1216 977 1254 res
1005 1198 1171 1267 hujus
1200 1196 1479 1265 Ecclesiae,
1511 1198 1579 1252 ab
1613 1197 1856 1253 externis

223 1311 255 1348 a
282 1293 454 1368 longo
488 1302 635 1348 retro
681 1292 980 1347 tenebatur
1012 1300 1285 1360 tempore,
1333 1297 1441 1345 etc.
1500 1290 1736 1345 Richildi
1770 1306 1859 1345 re-

223 1384 402 1458 ginae,
432 1383 756 1457 signiﬁcans
787 1383 933 1455 quod
963 1382 1189 1454 quando
1224 1382 1367 1452 [ms.,
1400 1382 1680 1453 quodam].
1716 1383 1859 1437 Lau-

230 1474 507 1528 dunensis
539 1472 804 1543 parochia
830 1472 1092 1542 episcopo
1119 1469 1389 1525 vacansin
1421 1486 1520 1525 sua
1538 1470 1860 1541 specialiter

227 1574 351 1620 erat
383 1564 754 1636 providentia,
788 1563 1253 1633 malefactumque
1307 1560 1379 1616 sit
1407 1561 1477 1616 de
1506 1562 1860 1633 eleemosyna

227 1656 586 1712 Irmintrudis
628 1656 838 1730 regina:
871 1672 970 1725 per
1000 1655 1297 1726 quemdam
1332 1653 1687 1724 praapositum
1741 1653 1863 1708 Ori-

225 1745 375 1799 niaci
407 1744 752 1808 monasterii,
786 1753 982 1814 postea
1009 1758 1141 1797 vero
1174 1741 1305 1797 huic
1336 1741 1572 1797 Richildi
1604 1758 1703 1812 per
1732 1742 1861 1797 Uvi-

221 1836 497 1891 nifridum
531 1835 918 1907 presbyterum
968 1841 1161 1890 contra
1192 1850 1376 1889 sacras
1423 1834 1574 1905 leges
1601 1833 1745 1888 male
1787 1833 1858 1889 sit

1962 653 2175 707 Domini
2208 668 2328 706 esse
2358 651 2648 723 nequibit:
2692 667 2926 706 monens
2951 659 3012 707 ut
3040 651 3189 726 legat
3219 649 3466 721 capitula
3493 666 3582 703 re-

1953 741 2098 814 gula:
2148 743 2320 795 sancti
2380 739 2661 793 Benedicti
2721 740 2858 809 (cap.
2915 738 3042 809 665)
3110 739 3178 792 de
3232 736 3581 792 ordinatione

1955 827 2194 890 abbatis,
2217 827 2301 882 vel
2321 826 2635 893 abbatissae,
2660 833 2715 881 et
2739 825 3005 892 inveniat,
3030 842 3196 897 quam
3213 825 3452 900 graviter
3480 840 3580 895 pro

1955 917 2057 970 hac
2086 915 2435 971 ordinatione
2468 916 2523 970 in
2553 914 2818 986 Spiritum
2865 923 3140 981 sanctum,
3174 929 3287 985 quo
3340 913 3459 984 ipsa
3489 928 3580 967 re-

1955 1007 2082 1082 gula
2101 1018 2186 1062 est
2217 1006 2574 1079 promulgata,
2617 1006 2967 1077 peccaverit:
3011 1021 3079 1059 ex
3116 1004 3319 1060 divinis
3353 1002 3580 1059 institu-

1958 1102 2203 1158 tionibus
2221 1102 2534 1174 propalans,
2550 1110 2814 1174 quantum
2835 1100 3205 1172 periculosum
3220 1100 3446 1167 malum,
3468 1107 3578 1155 tam

1957 1197 2077 1268 ipsa
2103 1185 2315 1270 regina,
2345 1214 2509 1268 quam
2542 1195 2777 1267 emptrix
2810 1196 2901 1249 illa
2923 1194 3229 1250 subierint:
3273 1201 3493 1264 petens,
3516 1203 3578 1247 ut

1958 1300 2080 1356 quas
2112 1284 2204 1339 ille
2226 1301 2291 1339 ex
2322 1284 2515 1340 debito
2538 1284 2838 1340 ministerii
2862 1284 2946 1339 sui
2971 1300 3095 1340 cum
3124 1283 3335 1358 gemitu
3362 1281 3577 1348 scribit,

1960 1391 2057 1446 pro
2088 1377 2263 1430 salute
2296 1376 2493 1447 ipsius,
2536 1382 2591 1431 et
2623 1375 2873 1432 remedio
2900 1375 3098 1430 animae
3130 1375 3296 1447 regis,
3336 1373 3579 1445 benigne

1958 1467 2249 1537 suscipiat,
2281 1475 2336 1522 et
2381 1467 2510 1539 quia
2547 1483 2747 1541 magna
2784 1482 2849 1521 ex
2889 1465 3150 1521 fidelitate
3184 1466 3286 1520 hac
3334 1463 3578 1519 scribere

1959 1558 2253 1624 curaverit,
2301 1567 2579 1631 agnoscat.
2622 1557 2913 1632 Leutgardi
2957 1556 3215 1612 Ludovici
3266 1556 3575 1610 Transrhe-

1960 1648 2151 1703 nensis
2179 1649 2427 1722 conjugi,
2484 1665 2583 1719 pro
2615 1649 2734 1703 suis
2780 1648 2986 1716 missis,
3028 1664 3168 1719 quos
3203 1648 3270 1702 ad
3317 1646 3576 1702 eumdem

1961 1740 2297 1795 Ludovicum
2351 1757 2537 1815 regem
2575 1740 2849 1806 mittebat,
2904 1747 2963 1796 ut
3010 1756 3109 1811 per
3139 1740 3259 1809 ejus
3284 1739 3578 1793 interven-

1960 1832 2165 1886 tionem
2187 1831 2253 1885 ad
2288 1832 2437 1885 illius
2458 1831 2805 1902 praesentiam
2837 1831 3218 1902 pervenirent,
3252 1839 3306 1885 et
3338 1829 3459 1897 ejus
3490 1829 3579 1883 in-

216 1923 537 1989 obeditum,
570 1931 631 1978 ut
661 1922 935 1997 regularis
971 1922 1255 1977 abbatissa
1284 1922 1355 1976 de
1406 1922 1527 1993 ipso
1558 1922 1927 1995 ejicereturB
1953 1922 2299 1978 tercessione
2322 1938 2386 1976 ac
2415 1922 2781 1992 dispositione
2810 1939 2905 1976 rex
2927 1922 3074 1977 idem
3097 1929 3361 1976 strenuos
3378 1920 3579 1975 missos

219 2011 583 2066 monasterio.
643 2010 893 2065 Ostendit
939 2018 1122 2065 autem
1173 2027 1240 2065 ex
1297 2010 1622 2065 auctoritate
1677 2025 1850 2076 sacra,

218 2107 493 2170 quantum
528 2098 657 2153 inde
690 2098 884 2173 regina
909 2098 1213 2169 periculum
1248 2099 1470 2166 habeat,
1505 2107 1560 2153 et
1590 2099 1720 2170 quia
1748 2099 1855 2153 mi-

218 2192 363 2246 serit
393 2191 460 2245 ad
491 2206 610 2245 eam
636 2192 731 2261 qui
761 2196 1016 2246 moneret
1043 2190 1189 2244 illam
1223 2191 1328 2245 hoc
1359 2190 1594 2245 evadere
1624 2191 1852 2257 malum;

217 2284 317 2338 illa
365 2298 498 2338 vero
545 2297 659 2337 non
704 2283 883 2338 solum
943 2297 1054 2338 non
1100 2282 1514 2349 emendaverat,
1568 2283 1664 2337 sed
1709 2284 1854 2338 malo

222 2376 390 2447 pejus
422 2374 902 2446 superaddiderat,
936 2381 1125 2429 contra
1165 2374 1415 2429 divinam
1447 2374 1851 2442 auctoritatem,

223 2468 565 2538 ueOpbytam
595 2466 811 2521 scilicet
828 2466 885 2520 in
910 2466 1180 2541 religione
1201 2467 1473 2522 novellam
1499 2468 1855 2537 provehendo

219 2556 291 2609 ad
345 2554 595 2627 regimen
628 2562 856 2625 propter
905 2571 994 2609 res
1024 2564 1273 2610 terrenos
1328 2563 1582 2626 acceptas
1611 2555 1682 2610 ab
1740 2556 1852 2610 illa.

217 2646 560 2710 Adnectens,
595 2644 836 2715 qualiter
871 2645 1177 2701 Hedenulfo
1231 2646 1498 2717 episcopo
1532 2646 1585 2700 in
1639 2647 1855 2702 Laudu-

222 2736 389 2792 nensi
424 2735 672 2791 Ecclesia
696 2735 974 2802 ordinato,
1008 2737 1287 2792 monuerit
1325 2737 1501 2804 illum,
1544 2745 1604 2792 ut
1644 2752 1852 2810 sugge-

218 2835 367 2883 reret
391 2828 506 2899 regi
529 2827 727 2882 Karolo
756 2833 866 2881 tam
901 2827 1279 2898 perniciosum
1307 2826 1507 2883 factum
1531 2827 1854 2893 dissolvere,

221 2926 277 2973 et
307 2933 372 2972 se
403 2925 569 2987 atque
593 2915 840 2988 reginam
871 2932 902 2971 a
930 2923 1081 2972 tanto
1114 2915 1714 2971 discrimineliberare.
1749 2916 1856 2970 Sed

218 3005 358 3079 quia
389 3005 541 3076 quod
581 3012 875 3059 monuerat
904 3003 1129 3074 perduci
1192 3002 1260 3057 ad
1301 3001 1556 3058 effectum
1608 3018 1719 3057 non
1775 3003 1857 3057 vi-

224 3097 407 3160 derat,
442 3095 565 3165 ipse
590 3092 879 3165 praefatum
912 3109 1096 3166 regem
1131 3092 1261 3147 inde
1292 3090 1725 3147 commonuerit:
1758 3092 1856 3146 sed

224 3185 346 3249 ille,
417 3198 488 3237 ne
538 3181 787 3254 reginam
847 3181 1221 3248 contristaret,
1266 3181 1414 3252 quod
1466 3181 1607 3235 male
1652 3179 1854 3236 factum

1954 2013 2021 2067 ad
2050 2014 2383 2068 Remensem
2412 2012 2678 2087 dirigeret
2720 2012 2939 2077 urbem,
2980 2012 3071 2083 qui
3119 2028 3263 2079 eam,
3297 2018 3352 2065 et
3379 2004 3576 2066 ména-

1953 2104 2119 2159 steria
2149 2104 2259 2158 sibi
2288 2103 2538 2172 subjecta
2558 2104 2775 2158 salvare
2805 2110 3032 2174 possent
3052 2103 3122 2157 ab
3156 2103 3363 2172 impetu
3383 2118 3577 2173 super-

1958 2193 2233 2249 venientis
2266 2192 2547 2247 exercitus
2572 2192 3061 2247 Transrhenensis.
3090 2190 3415 2263 lrmingardi
3443 2206 3580 2246 cou-

1948 2285 2069 2357 jugi
2100 2285 2328 2341 Bosonis
2354 2284 2543 2355 inclyti
2562 2284 2685 2349 viri,
2721 2299 2820 2354 pro
2851 2283 3021 2339 rebus
3061 2282 3425 2337 Ecclesiarum
3457 2282 3575 2349 Dei,

1955 2393 2120 2448 quam
2148 2376 2404 2431 audierat
2440 2375 2780 2431 sufﬁcienter
2826 2375 3025 2430 litteris
3072 2374 3245 2429 sacris
3304 2373 3574 2429 imbutam

1954 2468 2024 2524 ab
2055 2467 2346 2523 Anastasio
2377 2468 2617 2539 quodam
2658 2467 2955 2522 didascalo.
3003 2467 3160 2522 Undo
3200 2467 3356 2537 petit,
3388 2474 3453 2521 ut
3481 2465 3575 2537 qui

1957 2574 2076 2613 eam
2109 2557 2262 2612 dedit
2290 2555 2457 2621 scire,
2499 2557 2594 2611 det
2638 2556 2849 2612 bonum
2881 2555 3043 2618 velle,
3078 2565 3136 2610 et
3191 2570 3377 2624 posse,
3409 2562 3574 2624 atque

1957 2648 2246 2720 perﬁcere.
2293 2648 2521 2703 Monens
2562 2655 2624 2703 ut
2677 2648 2926 2703 hortetur
2962 2646 3140 2700 virum
3173 2661 3334 2700 suum
3380 2644 3579 2699 timere

1958 2741 2149 2807 Deum,
2183 2747 2237 2795 et
2275 2740 2396 2807 ejus
2433 2739 2714 2795 custodire
2754 2738 3031 2793 mandata.
3091 2737 3164 2791 De
3197 2736 3361 2791 rebus
3412 2736 3579 2791 etiam

1957 2828 2371 2893 ecclesiasticis,
2399 2844 2537 2899 quas
2562 2828 2706 2883 sicut
2730 2826 2983 2882 audierat
2995 2825 3064 2881 ab
3090 2825 3341 2881 ecclesiis
3365 2824 3580 2880 abstra-

1957 2930 2073 2978 ctas
2110 2922 2229 2978 suis
2284 2921 2607 2977 hominibus
2635 2920 2920 2987 diviserat,
2962 2927 3022 2975 ut
3073 2917 3332 2974 ostendat
3379 2916 3454 2972 illi
3514 2933 3580 2973 ex

1957 3014 2256 3085 Scripturis
2311 3012 2516 3068 sanctis
2542 3029 2706 3082 quam
2738 3027 2901 3084 grave
2926 3010 3201 3078 judicium
3232 3007 3467 3080 proinde
3507 3008 3584 3062 sit

1959 3122 1990 3160 a
2021 3106 2132 3160 Deo
2165 3106 2458 3175 prolatum,
2499 3112 2554 3159 et
2591 3111 2807 3159 caetera.
2844 3104 2976 3157 Item
3017 3101 3232 3155 Berthae
3279 3098 3435 3154 uxori
3476 3098 3583 3153 Ge-

1958 3198 2101 3252 rardi
2134 3196 2355 3253 comitis
2406 3211 2505 3267 pro
2546 3196 2714 3250 rebus
2744 3193 3000 3249 Ecclesia
3028 3192 3134 3247 sibi
3175 3189 3493 3246 Commissa:
3520 3190 3578 3244 in

223 3275 463 3341 sciebat,
498 3290 609 3330 non
643 3274 959 3329 correxerit.
990 3272 1220 3328 Reducit
1252 3273 1415 3328 etiam
1433 3273 1501 3327 ad
1534 3274 1854 3328 memoriam
1885 3295 1935 3363 Ο
1959 3285 2247 3342 provincia
2277 3284 2420 3350 suis,
2454 3300 2591 3356 quas
2630 3284 2811 3338 eidem
2861 3281 3104 3336 σει-ω·άο
3142 3280 3378 3335 tuendas
3413 3284 3581 3349 atque

225 3365 472 3438 qualiter
515 3361 776 3434 praefatus
827 3378 919 3417 rex
966 3370 1208 3433 petente,
1266 3361 1597 3417 Irmintrude
1642 3362 1770 3436 regii

2143 3373 2292 3427 indas
2315 3372 2665 3427 commiserat
2693 3388 2706 3424 :
2761 3377 2954 3442 petens
2982 3376 3044 3425 ut
3081 3368 3201 3440 ipsa
3251 3376 3481 3422 strenua
3511 3365 3585 3420 sit
3685 3436 3688 3441 λ

227 3458 299 3512 de
328 3455 496 3510 rebus
523 3462 655 3509 tunc
680 3454 795 3509 suis
817 3470 915 3524 per
945 3453 1246 3509 concilium
1281 3452 1500 3508 Parduli
1526 3452 1772 3508 Laudunt

2031 3461 2320 3517 terventrix
2352 3461 2499 3531 apud
2516 3462 2812 3531 conjugem
2843 3475 3003 3514 suum
3025 3473 3124 3530 pro
3156 3457 3322 3511 rebus
3349 3455 3576 3510 eisdem.

226 3550 305 3604 sis
338 3546 612 3618 episcopi,
645 3546 999 3620 privilegium
1029 3548 1098 3601 ad
1130 3546 1277 3600 idem
1312 3545 1626 3600 Oriniacum
1659 3560 1858 3599 mona—

226 3635 459 3691 sterium
491 3651 523 3689 a
563 3650 626 3688 se
659 3633 875 3700 dictari,
910 3642 963 3687 et
1012 3650 1043 3688 a
1072 3634 1292 3688 czeteris
1321 3633 1602 3705 episcOpis
1653 3632 1857 3688 firmari

230 3728 527 3801 rogaverit,
559 3733 615 3781 et
644 3726 763 3797 ipse
791 3741 883 3780 rex
914 3724 1344 3781 confirmaverit.
1377 3724 1475 3779 Hic
1501 3732 1687 3780 autem
1720 3741 1860 3795 pra;-

232 3817 318 3871 sul
344 3815 582 3885 jussioni
606 3814 755 3887 regis
784 3814 1076 3880 obediens,
1106 3830 1218 3870 non
1244 3815 1360 3869 suis
1386 3813 1572 3869 verbis
1594 3813 1728 3868 illud
1755 3813 1858 3884 pri-

235 3905 499 3975 vilegium
532 3903 945 3973 composuerit;
981 3904 1078 3957 sed
1128 3903 1274 3958 sicut
1314 3902 1510 3958 beatus
1567 3902 1866 3975 Gregorius

238 4010 380 4067 papa
413 3994 483 4047 de
522 3992 764 4063 quodam
793 3991 1130 4046 monasterio
1178 4008 1207 4046 a
1236 3991 1472 4063 quadam
1513 3991 1703 4066 regina
1726 3990 1865 4046 aedi-

237 4084 421 4149 ficato,
450 4080 575 4151 ipsa
609 4086 855 4150 petente,
904 4078 1227 4147 dictaverat,
1267 4087 1325 4134 et
1355 4079 1477 4150 ipse
1530 4094 1752 4151 quoque
1783 4079 1869 4134 di-

233 4173 468 4230 ctaverit
522 4171 610 4226 vel
666 4170 1029 4238 transtulerit,
1092 4181 1348 4241 repetens
1396 4171 1865 4236 maledictionem,

233 4278 403 4335 quam
433 4261 673 4317 domnus
703 4261 849 4317 idem
879 4261 1173 4335 Gregorius
1204 4263 1321 4330 (lib.
1348 4279 1406 4330 tt,
1426 4266 1578 4332 epist.
1611 4263 1700 4333 10)
1731 4279 1869 4318 con-

235 4364 316 4409 tra
350 4362 814 4425 praesumptorem
874 4352 1024 4408 illius
1054 4352 1374 4408 monasterii
1428 4352 1703 4421 jaculatus
1760 4353 1863 4408 sit:

230 4446 645 4516 adjiciensque,
663 4446 812 4517 quod
838 4445 953 4514 illa,
972 4445 1222 4518 quandiu
1240 4444 1298 4498 in
1316 4445 1419 4499 hac
1434 4445 1868 4516 praesumptione

231 4546 290 4593 ct
350 4536 646 4591 malefacto
702 4536 1090 4608 permanserit,
1167 4536 1610 4608 quotiescunque
1665 4553 1869 4608 corpus

230 4634 289 4682 et
318 4625 653 4700 sanguinem
720 4625 938 4680 Domini
969 4625 1225 4696 accipere
1278 4634 1657 4696 praesumeret,
1709 4626 1866 4695 judi-

230 4719 408 4784 cium,
464 4717 518 4771 id
576 4724 680 4785 est,
733 4717 1144 4772 damnationem
1196 4716 1304 4771 sibi
1364 4716 1639 4788 accipiet;
1699 4716 1866 4772 obse-

229 4816 465 4880 cratque
496 4824 731 4863 monens
759 4808 930 4871 illam,
965 4818 1025 4862 ut
1054 4824 1169 4863 non
1191 4824 1395 4864 sensus
1425 4808 1623 4879 ipsius,
1652 4816 1745 4864 aut
1768 4808 1869 4864 ali-

229 4902 397 4971 cujus
423 4901 710 4976 suggestio
750 4917 872 4955 eam
907 4901 1167 4972 decipiat,
1203 4901 1300 4957 sed
1342 4902 1411 4956 de
1442 4901 1692 4957 remedio
1725 4900 1872 4975 regis

227 4994 457 5057 animae,
481 5010 546 5048 ac
566 4993 636 5048 de
663 4993 1047 5064 redemptione
1076 5009 1177 5048 sua
1208 4993 1433 5069 cogitet,
1467 5000 1525 5049 et
1549 4994 1699 5066 quod
1728 4992 1869 5048 male

229 5099 419 5142 actum
462 5093 547 5140 est
585 5085 866 5161 corrigere
926 5085 1171 5140 festinet.
1206 5086 1347 5140 Illud
1382 5085 1548 5140 etiam
1590 5084 1740 5157 quod
1771 5101 1870 5141 au-

228 5176 416 5230 dierat
444 5173 594 5228 illam
628 5183 1004 5244 perpetrasse,
1037 5174 1253 5230 scilicet
1283 5173 1413 5245 quia
1443 5172 1730 5244 praefatum
1764 5172 1870 5243 pri-

229 5266 527 5340 vilegium,
559 5272 615 5320 et
661 5274 998 5337 praeceptum
1041 5265 1225 5340 regale
1257 5266 1326 5320 de
1376 5266 1498 5336 ipso
1529 5264 1867 5321 monasterio

229 5359 561 5426 abstulerat,
605 5366 874 5431 quantum
920 5359 1125 5414 malum
1172 5358 1367 5415 fecerit
1418 5359 1632 5430 pandit,
1679 5364 1734 5413 et
1762 5358 1867 5414 hoc

228 5451 387 5517 ideo,
438 5456 501 5505 ut
528 5465 590 5505 se
619 5450 877 5523 corrigat,
929 5467 998 5505 ne
1040 5451 1454 5506 damnationem
1504 5450 1767 5506 incurrat.
1803 5450 1868 5505 Et

228 5539 367 5611 quia
419 5538 466 5592 si
496 5554 606 5603 res,
638 5546 699 5593 ut
745 5539 1018 5609 audierat,
1063 5548 1118 5594 et
1150 5538 1426 5611 mancipia
1478 5539 1547 5594 de
1582 5539 1867 5609 praemissa

230 5627 468 5683 muliere
502 5627 785 5697 ncephyta
811 5633 1123 5699 acceperat,
1156 5643 1257 5699 pro
1288 5627 1689 5684 committendo
1720 5627 1868 5701 regi-

226 5721 380 5775 mine
420 5719 775 5787 monasterii,
817 5720 1174 5776 simoniacam
1223 5720 1476 5776 hzeresim
1530 5719 1863 5799 incurrerit:

228 5819 284 5867 et
317 5809 472 5882 quod
498 5808 751 5880 quandiu
800 5809 983 5867 eidem
1031 5808 1225 5878 haeresi
1276 5810 1512 5882 quisque
1557 5808 1773 5877 faverit,
1807 5809 1866 5865 in

1962 3554 2304 3610 lrminsindse
2331 3553 2552 3608 cuidam
2592 3559 2877 3616 matronae,
2912 3567 3013 3623 pro
3051 3551 3293 3622 quodam
3323 3548 3582 3616 diacono,

1960 3661 2127 3716 quem
2148 3644 2242 3698 illa
2256 3642 2933 3714 comprehendijusscrat,
2948 3646 3004 3695 et
3026 3639 3083 3694 in
3105 3636 3395 3693 servitium
3418 3650 3582 3690 suum

1962 3737 2162 3811 redigi,
2182 3736 2425 3792 reddens
2442 3736 2711 3792 rationem
2727 3734 2964 3805 qualiter
2985 3732 3132 3787 idem
3155 3732 3425 3786 diaconus
3442 3727 3588 3783 liber

1963 3830 2209 3905 legitime
2227 3829 2611 3894 factusfuerat,
2626 3826 2969 3899 etquomodo
2982 3825 3104 3893 ejus
3124 3820 3584 3894 recipiensliber-

1965 3925 2131 3974 tatem
2178 3919 2472 3974 diaconum
2532 3918 2761 3973 licenter
2797 3913 3204 3969 ordinaverat:
3255 3907 3580 3973 ostendens,

1965 4011 2112 4082 quod
2134 4011 2178 4065 si
2192 4010 2575 4081 servusipsius
2592 4009 2804 4074 fuisset,
2824 4021 3008 4077 neque
3029 4003 3341 4058 libertatem
3360 3997 3585 4053 habuis-

1966 4110 2070 4165 set,
2103 4108 2160 4154 et
2182 4106 2330 4153 tanto
2357 4106 2607 4169 tempore
2625 4103 2750 4167 post
2776 4094 3184 4151 ordinationem
3203 4104 3357 4145 suam
3381 4086 3502 4142 sine
3518 4084 3589 4139 il-

1970 4196 2077 4251 lius
2094 4192 2427 4264 repetitione
2442 4191 2760 4258 mansisset,
2784 4189 3088 4245 secundum
3111 4201 3292 4242 sacras
3308 4182 3462 4255 leges
3472 4181 3586 4250 jam

1971 4287 2026 4342 in
2044 4286 2331 4342 servitium
2365 4285 2539 4356 repeti
2562 4300 2671 4340 non
2701 4291 2917 4355 posset;
2940 4288 3148 4353 quanto
3167 4278 3351 4331 minus
3380 4274 3469 4328 ille
3491 4273 3586 4343 qui

1969 4380 2202 4436 colonus
2225 4375 2656 4445 ecclesiasticus,
2677 4384 2732 4429 et
2758 4389 2868 4428 non
2894 4371 3130 4439 alicujus
3149 4368 3349 4431 fuerat,
3369 4370 3424 4418 et
3440 4362 3590 4434 lega-

1969 4466 2096 4522 liter
2126 4466 2267 4521 liber
2297 4464 2492 4531 factus,
2547 4463 2811 4519 canonice
2856 4461 3163 4524 ordinatus,
3214 4463 3268 4512 et
3309 4450 3586 4515 Ecclesiae,

1969 4561 2135 4626 atque
2180 4552 2484 4609 ordinatori
2541 4567 2642 4607 suo
2681 4550 2940 4622 pr0prius
2994 4554 3111 4604 erat
3166 4544 3415 4609 effectus,
3461 4554 3585 4595 mo-

1887 4660 1948 4729 D
1974 4654 2181 4714 netque
2196 4649 2255 4697 ut
2282 4642 2446 4696 talem
2466 4638 2957 4711 priesumptionem
2984 4634 3219 4692 ulterius
3242 4633 3312 4688 de
3341 4632 3459 4729 ipsa
3475 4642 3588 4682 non

1970 4736 2178 4803 audiat,
2209 4735 2340 4807 quia
2369 4735 2414 4789 si
2458 4735 2564 4789 hoc
2601 4733 2693 4787 illa
2725 4738 3105 4803 pnesumeret,
3140 4729 3258 4798 ipse
3297 4726 3404 4779 hoc
3434 4723 3589 4795 lega-

1970 4830 2095 4884 liter
2123 4838 2288 4898 atque
2337 4826 2664 4901 regulariter
2690 4822 2973 4879 vindicare
3010 4820 3280 4883 studeret,
3319 4813 3589 4883 adjiciens

1972 4920 2119 4976 illam
2149 4935 2209 4974 se
2248 4918 2433 4974 taliter
2467 4933 2846 4983 commonere,
2875 4915 3009 4988 quia
3035 4915 3254 4970 cbaram
3296 4904 3588 4964 familiari-

1971 5017 2138 5065 tatem
2169 5009 2345 5080 ipsam
2381 5007 2638 5063 habebat.

2540 5098 2750 5154 CAPUT
2787 5095 3015 5152 XXVIII.

2148 5173 2275 5240 Qum
2292 5173 2397 5227 sibi
2421 5172 2676 5241 subjectis
2706 5171 2913 5223 monita
2941 5168 3137 5222 salutis
3157 5163 3408 5218 ediderit.

2038 5267 2154 5321 Sibi
2187 5281 2407 5338 quoque
2439 5264 2706 5333 subjectis
2746 5261 3011 5319 nonnulla
3039 5259 3314 5323 scribens,
3342 5261 3404 5313 ut
3434 5262 3592 5328 pater

1968 5354 2134 5422 filios,
2191 5352 2261 5408 de
2317 5352 2506 5408 multis
2535 5352 2766 5408 solerter
2810 5349 3032 5405 instruit
3090 5346 3443 5411 necessariis,
3475 5351 3587 5400 tam

1968 5441 2354 5514 spiritualibus
2408 5456 2570 5512 quam
2626 5438 3047 5510 temporalibus.
3111 5436 3376 5494 Richaldo
3424 5434 3590 5491 chor-

1967 5534 2256 5605 episcopo,
2289 5539 2346 5587 et
2368 5530 2654 5587 Rodoaldo
2693 5530 3195 5603 archipresbytero,
3245 5543 3344 5601 pro
3373 5525 3587 5597 synodo

1967 5624 2423 5697 comprovinciali
2442 5623 2589 5695 apud
2614 5622 2945 5679 Carisiacum
2972 5625 3181 5695 (supra,
3214 5637 3334 5693 cap.
3361 5619 3453 5686 24)
3476 5633 3582 5689 pa-

1968 5718 2157 5774 latium
2191 5717 2404 5793 regium
2437 5715 2723 5771 habenda:
2766 5715 3038 5772 mandans
3073 5723 3134 5772 ut
3163 5722 3350 5772 notum
3386 5710 3584 5765 faciant

1966 5807 2228 5866 omnibus
2251 5822 2350 5877 per
2375 5821 2599 5862 omnem
2622 5805 2938 5878 parochiam
2963 5805 3385 5869 Remensem,ut
3400 5798 3493 5870 qui
3518 5812 3580 5852 se
