  <div class='ocr_page' id='page_1' title='image "/cluster/home/n/w/nwhite01/storage/ocr_20150623/134-135/uc1.31175013627537/647.png"; bbox 0 0 3912 6462; ppageno 0'>
   <div class='ocr_carea' id='block_1_1' title="bbox 284 507 397 565">
    <p class='ocr_par' dir='ltr' id='par_1_1' title="bbox 284 507 397 565">
     <span class='ocr_line' id='line_1_1' title="bbox 284 507 397 565; baseline 0.009 -1"><span class='ocrx_word' id='word_1_1' title='bbox 284 507 397 565; x_wconf 78' lang='lat'><strong>255</strong></span> 
     </span>
    </p>
   </div>
   <div class='ocr_carea' id='block_1_2' title="bbox 1405 497 2494 559">
    <p class='ocr_par' dir='ltr' id='par_1_2' title="bbox 1405 497 2494 559">
     <span class='ocr_line' id='line_1_2' title="bbox 1405 497 2494 559; baseline -0.002 -1"><span class='ocrx_word' id='word_1_2' title='bbox 1405 502 1776 559; x_wconf 81' lang='lat' dir='ltr'><strong>FLODOARDI</strong></span> <span class='ocrx_word' id='word_1_3' title='bbox 1815 497 2124 555; x_wconf 85' lang='lat' dir='ltr'><strong>CANONICI</strong></span> <span class='ocrx_word' id='word_1_4' title='bbox 2165 497 2494 556; x_wconf 82' lang='lat' dir='ltr'><strong>REMENSIS</strong></span> 
     </span>
    </p>
   </div>
   <div class='ocr_carea' id='block_1_3' title="bbox 3523 504 3630 561">
    <p class='ocr_par' dir='ltr' id='par_1_3' title="bbox 3523 504 3630 561">
     <span class='ocr_line' id='line_1_3' title="bbox 3523 504 3630 561; baseline 0 0"><span class='ocrx_word' id='word_1_5' title='bbox 3523 504 3630 561; x_wconf 76' lang='grc'><strong>256</strong></span> 
     </span>
    </p>
   </div>
   <div class='ocr_carea' id='block_1_4' title="bbox 292 641 3635 721">
    <p class='ocr_par' dir='ltr' id='par_1_4' title="bbox 292 641 3635 721">
     <span class='ocr_line' id='line_1_4' title="bbox 292 641 3635 721; baseline -0.003 -13"><span class='ocrx_word' id='word_1_6' title='bbox 292 653 455 708; x_wconf 62' lang='lat' dir='ltr'><strong>laesos</strong></span> <span class='ocrx_word' id='word_1_7' title='bbox 483 651 822 717; x_wconf 84' lang='lat' dir='ltr'><strong>existimant,</strong></span> <span class='ocrx_word' id='word_1_8' title='bbox 848 650 917 704; x_wconf 91' lang='lat' dir='ltr'><strong>ad</strong></span> <span class='ocrx_word' id='word_1_9' title='bbox 950 649 1122 721; x_wconf 87' lang='lat' dir='ltr'><strong>ipsam</strong></span> <span class='ocrx_word' id='word_1_10' title='bbox 1159 648 1429 719; x_wconf 83' lang='lat' dir='ltr'><strong>synodum</strong></span> <span class='ocrx_word' id='word_1_11' title='bbox 1453 646 1751 702; x_wconf 91' lang='lat' dir='ltr'><strong>convenire</strong></span> <span class='ocrx_word' id='word_1_12' title='bbox 1777 657 1912 716; x_wconf 81' lang='lat' dir='ltr'><strong>pro—</strong></span> <span class='ocrx_word' id='word_1_13' title='bbox 1941 641 2344 715; x_wconf 79' lang='lat' dir='ltr'><strong>Agnitionem.</strong></span> <span class='ocrx_word' id='word_1_14' title='bbox 2405 644 2559 709; x_wconf 84' lang='lat' dir='ltr'><strong>Quod</strong></span> <span class='ocrx_word' id='word_1_15' title='bbox 2619 645 2664 699; x_wconf 87' lang='lat' dir='ltr'><strong>si</strong></span> <span class='ocrx_word' id='word_1_16' title='bbox 2738 659 2924 699; x_wconf 89' lang='lat' dir='ltr'><strong>comes</strong></span> <span class='ocrx_word' id='word_1_17' title='bbox 2983 644 3056 699; x_wconf 91' lang='lat' dir='ltr'><strong>ita</strong></span> <span class='ocrx_word' id='word_1_18' title='bbox 3136 645 3315 700; x_wconf 91' lang='lat' dir='ltr'><strong>facere</strong></span> <span class='ocrx_word' id='word_1_19' title='bbox 3373 644 3635 713; x_wconf 76' lang='lat' dir='ltr'><strong>noluerit,</strong></span> 
     </span>
    </p>
   </div>
   <div class='ocr_carea' id='block_1_5' title="bbox 294 737 1915 814">
    <p class='ocr_par' dir='ltr' id='par_1_5' title="bbox 294 737 1915 814">
     <span class='ocr_line' id='line_1_5' title="bbox 294 737 1915 814; baseline -0.006 -14"><span class='ocrx_word' id='word_1_20' title='bbox 294 750 507 809; x_wconf 91' lang='lat' dir='ltr'><strong>curent,</strong></span> <span class='ocrx_word' id='word_1_21' title='bbox 552 742 820 814; x_wconf 89' lang='lat' dir='ltr'><strong>quosdam</strong></span> <span class='ocrx_word' id='word_1_22' title='bbox 851 756 983 796; x_wconf 89' lang='lat' dir='ltr'><strong>vero</strong></span> <span class='ocrx_word' id='word_1_23' title='bbox 1034 756 1156 795; x_wconf 91' lang='lat' dir='ltr'><strong>cum</strong></span> <span class='ocrx_word' id='word_1_24' title='bbox 1188 737 1510 793; x_wconf 90' lang='lat' dir='ltr'><strong>auctoritate</strong></span> <span class='ocrx_word' id='word_1_25' title='bbox 1571 737 1826 802; x_wconf 86' lang='lat' dir='ltr'><strong>invitent,</strong></span> <span class='ocrx_word' id='word_1_26' title='bbox 1860 742 1915 790; x_wconf 91' lang='lat' dir='ltr'><strong>et</strong></span> 
     </span>
    </p>
   </div>
   <div class='ocr_carea' id='block_1_6' title="bbox 296 826 1912 893">
    <p class='ocr_par' dir='ltr' id='par_1_6' title="bbox 296 826 1912 893">
     <span class='ocr_line' id='line_1_6' title="bbox 296 826 1912 893; baseline -0.005 -4"><span class='ocrx_word' id='word_1_27' title='bbox 296 834 486 889; x_wconf 90' lang='lat' dir='ltr'><strong>venire</strong></span> <span class='ocrx_word' id='word_1_28' title='bbox 518 838 924 889; x_wconf 88' lang='lat' dir='ltr'><strong>commoneaut.</strong></span> <span class='ocrx_word' id='word_1_29' title='bbox 968 831 1076 885; x_wconf 88' lang='lat' dir='ltr'><strong>Sed</strong></span> <span class='ocrx_word' id='word_1_30' title='bbox 1114 838 1169 884; x_wconf 90' lang='lat' dir='ltr'><strong>et</strong></span> <span class='ocrx_word' id='word_1_31' title='bbox 1212 829 1469 885; x_wconf 87' lang='lat' dir='ltr'><strong>Milonem</strong></span> <span class='ocrx_word' id='word_1_32' title='bbox 1500 845 1624 884; x_wconf 90' lang='lat' dir='ltr'><strong>cum</strong></span> <span class='ocrx_word' id='word_1_33' title='bbox 1656 826 1768 882; x_wconf 82' lang='lat' dir='ltr'><strong>ﬁlia</strong></span> <span class='ocrx_word' id='word_1_34' title='bbox 1793 842 1912 893; x_wconf 90' lang='lat' dir='ltr'><strong>sua,</strong></span> 
     </span>
    </p>
   </div>
   <div class='ocr_carea' id='block_1_7' title="bbox 296 918 1917 995">
    <p class='ocr_par' dir='ltr' id='par_1_7' title="bbox 296 918 1917 995">
     <span class='ocr_line' id='line_1_7' title="bbox 296 918 1917 995; baseline -0.004 -18"><span class='ocrx_word' id='word_1_35' title='bbox 296 938 405 995; x_wconf 89' lang='lat' dir='ltr'><strong>qua</strong></span> <span class='ocrx_word' id='word_1_36' title='bbox 436 922 714 978; x_wconf 83' lang='lat' dir='ltr'><strong>Fulcricus</strong></span> <span class='ocrx_word' id='word_1_37' title='bbox 743 920 949 975; x_wconf 92' lang='lat' dir='ltr'><strong>abusus</strong></span> <span class='ocrx_word' id='word_1_38' title='bbox 988 918 1185 983; x_wconf 86' lang='lat' dir='ltr'><strong>fuerat,</strong></span> <span class='ocrx_word' id='word_1_39' title='bbox 1228 925 1281 973; x_wconf 90' lang='lat' dir='ltr'><strong>et</strong></span> <span class='ocrx_word' id='word_1_40' title='bbox 1320 934 1514 973; x_wconf 91' lang='lat' dir='ltr'><strong>omnes</strong></span> <span class='ocrx_word' id='word_1_41' title='bbox 1546 918 1639 989; x_wconf 88' lang='lat' dir='ltr'><strong>qui</strong></span> <span class='ocrx_word' id='word_1_42' title='bbox 1678 933 1917 973; x_wconf 90' lang='lat' dir='ltr'><strong>consen-</strong></span> 
     </span>
    </p>
   </div>
   <div class='ocr_carea' id='block_1_8' title="bbox 297 1006 1910 1078">
    <p class='ocr_par' dir='ltr' id='par_1_8' title="bbox 297 1006 1910 1078">
     <span class='ocr_line' id='line_1_8' title="bbox 297 1006 1910 1078; baseline -0.004 -13"><span class='ocrx_word' id='word_1_43' title='bbox 297 1011 445 1065; x_wconf 90' lang='lat' dir='ltr'><strong>tanei</strong></span> <span class='ocrx_word' id='word_1_44' title='bbox 474 1010 701 1065; x_wconf 88' lang='lat' dir='ltr'><strong>fuerunt</strong></span> <span class='ocrx_word' id='word_1_45' title='bbox 744 1008 801 1063; x_wconf 93' lang='lat' dir='ltr'><strong>in</strong></span> <span class='ocrx_word' id='word_1_46' title='bbox 842 1007 935 1061; x_wconf 92' lang='lat' dir='ltr'><strong>illa</strong></span> <span class='ocrx_word' id='word_1_47' title='bbox 967 1006 1215 1061; x_wconf 85' lang='lat' dir='ltr'><strong>indebita</strong></span> <span class='ocrx_word' id='word_1_48' title='bbox 1245 1006 1640 1075; x_wconf 87' lang='lat' dir='ltr'><strong>conjunctione</strong></span> <span class='ocrx_word' id='word_1_49' title='bbox 1682 1006 1910 1078; x_wconf 91' lang='lat' dir='ltr'><strong>presby-</strong></span> 
     </span>
    </p>
   </div>
   <div class='ocr_carea' id='block_1_9' title="bbox 298 1093 1914 1168">
    <p class='ocr_par' dir='ltr' id='par_1_9' title="bbox 298 1093 1914 1168">
     <span class='ocr_line' id='line_1_9' title="bbox 298 1093 1914 1168; baseline -0.002 -16"><span class='ocrx_word' id='word_1_50' title='bbox 298 1099 421 1163; x_wconf 88' lang='lat' dir='ltr'><strong>teri,</strong></span> <span class='ocrx_word' id='word_1_51' title='bbox 456 1104 513 1152; x_wconf 90' lang='lat' dir='ltr'><strong>et</strong></span> <span class='ocrx_word' id='word_1_52' title='bbox 553 1098 607 1151; x_wconf 91' lang='lat' dir='ltr'><strong>in</strong></span> <span class='ocrx_word' id='word_1_53' title='bbox 640 1111 872 1168; x_wconf 91' lang='lat' dir='ltr'><strong>quorum</strong></span> <span class='ocrx_word' id='word_1_54' title='bbox 906 1094 1186 1166; x_wconf 87' lang='lat' dir='ltr'><strong>parochiis</strong></span> <span class='ocrx_word' id='word_1_55' title='bbox 1214 1094 1613 1158; x_wconf 89' lang='lat' dir='ltr'><strong>consistebant,</strong></span> <span class='ocrx_word' id='word_1_56' title='bbox 1648 1110 1713 1149; x_wconf 85' lang='lat' dir='ltr'><strong>ex</strong></span> <span class='ocrx_word' id='word_1_57' title='bbox 1743 1093 1914 1149; x_wconf 86' lang='lat' dir='ltr'><strong>verbo</strong></span> 
     </span>
    </p>
   </div>
   <div class='ocr_carea' id='block_1_10' title="bbox 297 1183 1916 1258">
    <p class='ocr_par' dir='ltr' id='par_1_10' title="bbox 297 1183 1916 1258">
     <span class='ocr_line' id='line_1_10' title="bbox 297 1183 1916 1258; baseline -0.002 -18"><span class='ocrx_word' id='word_1_58' title='bbox 297 1186 415 1251; x_wconf 89' lang='lat' dir='ltr'><strong>Dei,</strong></span> <span class='ocrx_word' id='word_1_59' title='bbox 448 1194 504 1240; x_wconf 91' lang='lat' dir='ltr'><strong>et</strong></span> <span class='ocrx_word' id='word_1_60' title='bbox 547 1200 668 1249; x_wconf 90' lang='lat' dir='ltr'><strong>suo,</strong></span> <span class='ocrx_word' id='word_1_61' title='bbox 712 1192 879 1255; x_wconf 91' lang='lat' dir='ltr'><strong>atque</strong></span> <span class='ocrx_word' id='word_1_62' title='bbox 908 1199 972 1237; x_wconf 87' lang='lat' dir='ltr'><strong>ex</strong></span> <span class='ocrx_word' id='word_1_63' title='bbox 1013 1183 1197 1239; x_wconf 90' lang='lat' dir='ltr'><strong>banno</strong></span> <span class='ocrx_word' id='word_1_64' title='bbox 1229 1184 1377 1258; x_wconf 86' lang='lat' dir='ltr'><strong>regis</strong></span> <span class='ocrx_word' id='word_1_65' title='bbox 1428 1185 1498 1238; x_wconf 90' lang='lat' dir='ltr'><strong>ad</strong></span> <span class='ocrx_word' id='word_1_66' title='bbox 1530 1184 1783 1239; x_wconf 88' lang='lat' dir='ltr'><strong>eamdem</strong></span> <span class='ocrx_word' id='word_1_67' title='bbox 1822 1200 1916 1254; x_wconf 92' lang='lat' dir='ltr'><strong>sy-</strong></span> 
     </span>
    </p>
   </div>
   <div class='ocr_carea' id='block_1_11' title="bbox 298 1271 1918 1341">
    <p class='ocr_par' dir='ltr' id='par_1_11' title="bbox 298 1271 1918 1341">
     <span class='ocr_line' id='line_1_11' title="bbox 298 1271 1918 1341; baseline 0.001 -14"><span class='ocrx_word' id='word_1_68' title='bbox 298 1273 503 1328; x_wconf 90' lang='lat' dir='ltr'><strong>nodum</strong></span> <span class='ocrx_word' id='word_1_69' title='bbox 543 1272 843 1328; x_wconf 88' lang='lat' dir='ltr'><strong>convenire</strong></span> <span class='ocrx_word' id='word_1_70' title='bbox 883 1271 1139 1341; x_wconf 88' lang='lat' dir='ltr'><strong>jubeant.</strong></span> <span class='ocrx_word' id='word_1_71' title='bbox 1172 1272 1414 1329; x_wconf 80' lang='lat' dir='ltr'><strong>Ansoldo</strong></span> <span class='ocrx_word' id='word_1_72' title='bbox 1473 1273 1692 1339; x_wconf 88' lang='lat' dir='ltr'><strong>Gerolo,</strong></span> <span class='ocrx_word' id='word_1_73' title='bbox 1726 1281 1780 1328; x_wconf 92' lang='lat' dir='ltr'><strong>et</strong></span> <span class='ocrx_word' id='word_1_74' title='bbox 1810 1274 1918 1328; x_wconf 82' lang='lat' dir='ltr'><strong>lla-</strong></span> 
     </span>
    </p>
   </div>
   <div class='ocr_carea' id='block_1_12' title="bbox 298 1364 1913 1438">
    <p class='ocr_par' dir='ltr' id='par_1_12' title="bbox 298 1364 1913 1438">
     <span class='ocr_line' id='line_1_12' title="bbox 298 1364 1913 1438; baseline 0.002 -20"><span class='ocrx_word' id='word_1_75' title='bbox 298 1365 472 1428; x_wconf 89' lang='lat' dir='ltr'><strong>drico,</strong></span> <span class='ocrx_word' id='word_1_76' title='bbox 507 1379 605 1435; x_wconf 88' lang='lat' dir='ltr'><strong>pro</strong></span> <span class='ocrx_word' id='word_1_77' title='bbox 640 1364 1001 1435; x_wconf 86' lang='lat' dir='ltr'><strong>inquisitione</strong></span> <span class='ocrx_word' id='word_1_78' title='bbox 1031 1364 1319 1433; x_wconf 85' lang='lat' dir='ltr'><strong>cujusdam</strong></span> <span class='ocrx_word' id='word_1_79' title='bbox 1350 1365 1535 1421; x_wconf 90' lang='lat' dir='ltr'><strong>fratris</strong></span> <span class='ocrx_word' id='word_1_80' title='bbox 1568 1365 1913 1438; x_wconf 75' lang='lat' dir='ltr'><strong>ltagamfredi</strong></span> 
     </span>
    </p>
   </div>
   <div class='ocr_carea' id='block_1_13' title="bbox 298 1452 1918 1522">
    <p class='ocr_par' dir='ltr' id='par_1_13' title="bbox 298 1452 1918 1522">
     <span class='ocr_line' id='line_1_13' title="bbox 298 1452 1918 1522; baseline 0.002 -16"><span class='ocrx_word' id='word_1_81' title='bbox 298 1452 681 1507; x_wconf 89' lang='lat' dir='ltr'><strong>ministerialis</strong></span> <span class='ocrx_word' id='word_1_82' title='bbox 713 1453 822 1519; x_wconf 90' lang='lat' dir='ltr'><strong>sui,</strong></span> <span class='ocrx_word' id='word_1_83' title='bbox 856 1460 912 1508; x_wconf 88' lang='lat' dir='ltr'><strong>et</strong></span> <span class='ocrx_word' id='word_1_84' title='bbox 940 1463 1019 1520; x_wconf 92' lang='lat' dir='ltr'><strong>ut,</strong></span> <span class='ocrx_word' id='word_1_85' title='bbox 1052 1454 1099 1507; x_wconf 88' lang='lat' dir='ltr'><strong>si</strong></span> <span class='ocrx_word' id='word_1_86' title='bbox 1126 1470 1357 1509; x_wconf 88' lang='lat' dir='ltr'><strong>necesse</strong></span> <span class='ocrx_word' id='word_1_87' title='bbox 1389 1464 1555 1521; x_wconf 91' lang='lat' dir='ltr'><strong>esset,</strong></span> <span class='ocrx_word' id='word_1_88' title='bbox 1588 1455 1785 1522; x_wconf 91' lang='lat' dir='ltr'><strong>libera,</strong></span> <span class='ocrx_word' id='word_1_89' title='bbox 1815 1456 1918 1510; x_wconf 87' lang='lat' dir='ltr'><strong>sal-</strong></span> 
     </span>
    </p>
   </div>
   <div class='ocr_carea' id='block_1_14' title="bbox 300 1544 1917 1619">
    <p class='ocr_par' dir='ltr' id='par_1_14' title="bbox 300 1544 1917 1619">
     <span class='ocr_line' id='line_1_14' title="bbox 300 1544 1917 1619; baseline 0.002 -21"><span class='ocrx_word' id='word_1_90' title='bbox 300 1559 475 1615; x_wconf 88' lang='lat' dir='ltr'><strong>vaque</strong></span> <span class='ocrx_word' id='word_1_91' title='bbox 524 1544 774 1599; x_wconf 89' lang='lat' dir='ltr'><strong>custodia</strong></span> <span class='ocrx_word' id='word_1_92' title='bbox 803 1545 1168 1610; x_wconf 88' lang='lat' dir='ltr'><strong>detineretur,</strong></span> <span class='ocrx_word' id='word_1_93' title='bbox 1233 1562 1304 1600; x_wconf 92' lang='lat' dir='ltr'><strong>ne</strong></span> <span class='ocrx_word' id='word_1_94' title='bbox 1334 1546 1643 1619; x_wconf 85' lang='lat' dir='ltr'><strong>aufugeret,</strong></span> <span class='ocrx_word' id='word_1_95' title='bbox 1698 1547 1917 1618; x_wconf 88' lang='lat' dir='ltr'><strong>sibique</strong></span> 
     </span>
    </p>
   </div>
   <div class='ocr_carea' id='block_1_15' title="bbox 296 1635 1917 1711">
    <p class='ocr_par' dir='ltr' id='par_1_15' title="bbox 296 1635 1917 1711">
     <span class='ocr_line' id='line_1_15' title="bbox 296 1635 1917 1711; baseline 0.002 -22"><span class='ocrx_word' id='word_1_96' title='bbox 296 1635 668 1690; x_wconf 89' lang='lat' dir='ltr'><strong>adduceretur</strong></span> <span class='ocrx_word' id='word_1_97' title='bbox 720 1636 987 1691; x_wconf 81' lang='lat' dir='ltr'><strong>Mandans</strong></span> <span class='ocrx_word' id='word_1_98' title='bbox 1021 1638 1185 1692; x_wconf 88' lang='lat' dir='ltr'><strong>etiam</strong></span> <span class='ocrx_word' id='word_1_99' title='bbox 1219 1637 1398 1693; x_wconf 89' lang='lat' dir='ltr'><strong>eidem</strong></span> <span class='ocrx_word' id='word_1_100' title='bbox 1429 1637 1816 1711; x_wconf 78' lang='lat' dir='ltr'><strong>Ragamfredo,</strong></span> <span class='ocrx_word' id='word_1_101' title='bbox 1851 1654 1917 1692; x_wconf 84' lang='lat' dir='ltr'><strong>ex</strong></span> 
     </span>
    </p>
   </div>
   <div class='ocr_carea' id='block_1_16' title="bbox 296 1727 1917 1801">
    <p class='ocr_par' dir='ltr' id='par_1_16' title="bbox 296 1727 1917 1801">
     <span class='ocr_line' id='line_1_16' title="bbox 296 1727 1917 1801; baseline 0.002 -21"><span class='ocrx_word' id='word_1_102' title='bbox 296 1727 623 1782; x_wconf 80' lang='lat' dir='ltr'><strong>auctoritate</strong></span> <span class='ocrx_word' id='word_1_103' title='bbox 653 1728 747 1782; x_wconf 92' lang='lat' dir='ltr'><strong>Dei</strong></span> <span class='ocrx_word' id='word_1_104' title='bbox 780 1745 845 1784; x_wconf 92' lang='lat' dir='ltr'><strong>ac</strong></span> <span class='ocrx_word' id='word_1_105' title='bbox 875 1746 976 1783; x_wconf 90' lang='lat' dir='ltr'><strong>sua</strong></span> <span class='ocrx_word' id='word_1_106' title='bbox 1020 1730 1422 1801; x_wconf 77' lang='lat' dir='ltr'><strong>praecipiendo,</strong></span> <span class='ocrx_word' id='word_1_107' title='bbox 1455 1740 1515 1786; x_wconf 92' lang='lat' dir='ltr'><strong>ut</strong></span> <span class='ocrx_word' id='word_1_108' title='bbox 1543 1730 1837 1801; x_wconf 88' lang='lat' dir='ltr'><strong>cum-ipsis</strong></span> <span class='ocrx_word' id='word_1_109' title='bbox 1865 1731 1917 1785; x_wconf 90' lang='lat' dir='ltr'><strong>in</strong></span> 
     </span>
    </p>
   </div>
   <div class='ocr_carea' id='block_1_17' title="bbox 296 1815 1917 1889">
    <p class='ocr_par' dir='ltr' id='par_1_17' title="bbox 296 1815 1917 1889">
     <span class='ocr_line' id='line_1_17' title="bbox 296 1815 1917 1889; baseline 0.003 -22"><span class='ocrx_word' id='word_1_110' title='bbox 296 1815 490 1869; x_wconf 87' lang='lat' dir='ltr'><strong>eadem</strong></span> <span class='ocrx_word' id='word_1_111' title='bbox 519 1827 840 1885; x_wconf 87' lang='lat' dir='ltr'><strong>permaneat</strong></span> <span class='ocrx_word' id='word_1_112' title='bbox 883 1817 1244 1889; x_wconf 87' lang='lat' dir='ltr'><strong>inquisitione</strong></span> <span class='ocrx_word' id='word_1_113' title='bbox 1296 1818 1392 1873; x_wconf 89' lang='lat' dir='ltr'><strong>Cui</strong></span> <span class='ocrx_word' id='word_1_114' title='bbox 1425 1819 1590 1873; x_wconf 91' lang='lat' dir='ltr'><strong>etiam</strong></span> <span class='ocrx_word' id='word_1_115' title='bbox 1622 1825 1917 1889; x_wconf 87' lang='lat' dir='ltr'><strong>postquam</strong></span> 
     </span>
    </p>
   </div>
   <div class='ocr_carea' id='block_1_18' title="bbox 298 1909 1919 1980">
    <p class='ocr_par' dir='ltr' id='par_1_18' title="bbox 298 1909 1919 1980">
     <span class='ocr_line' id='line_1_18' title="bbox 298 1909 1919 1980; baseline 0.003 -20"><span class='ocrx_word' id='word_1_116' title='bbox 298 1915 622 1977; x_wconf 86' lang='lat' dir='ltr'><strong>recesserat,</strong></span> <span class='ocrx_word' id='word_1_117' title='bbox 667 1909 719 1963; x_wconf 93' lang='lat' dir='ltr'><strong>in</strong></span> <span class='ocrx_word' id='word_1_118' title='bbox 764 1909 963 1964; x_wconf 90' lang='lat' dir='ltr'><strong>alienis</strong></span> <span class='ocrx_word' id='word_1_119' title='bbox 1016 1911 1293 1980; x_wconf 89' lang='lat' dir='ltr'><strong>parochiis</strong></span> <span class='ocrx_word' id='word_1_120' title='bbox 1351 1911 1664 1966; x_wconf 90' lang='lat' dir='ltr'><strong>immoranti</strong></span> <span class='ocrx_word' id='word_1_121' title='bbox 1710 1910 1919 1965; x_wconf 83' lang='lat' dir='ltr'><strong>litteras</strong></span> 
     </span>
    </p>
   </div>
   <div class='ocr_carea' id='block_1_19' title="bbox 301 1996 1918 2068">
    <p class='ocr_par' dir='ltr' id='par_1_19' title="bbox 301 1996 1918 2068">
     <span class='ocr_line' id='line_1_19' title="bbox 301 1996 1918 2068; baseline 0.002 -19"><span class='ocrx_word' id='word_1_122' title='bbox 301 1996 487 2061; x_wconf 89' lang='lat' dir='ltr'><strong>mittit,</strong></span> <span class='ocrx_word' id='word_1_123' title='bbox 538 2013 805 2053; x_wconf 86' lang='lat' dir='ltr'><strong>revocans</strong></span> <span class='ocrx_word' id='word_1_124' title='bbox 834 2015 960 2054; x_wconf 91' lang='lat' dir='ltr'><strong>eum</strong></span> <span class='ocrx_word' id='word_1_125' title='bbox 1019 2000 1345 2055; x_wconf 85' lang='lat' dir='ltr'><strong>auctoritate</strong></span> <span class='ocrx_word' id='word_1_126' title='bbox 1400 2000 1688 2068; x_wconf 89' lang='lat' dir='ltr'><strong>canonica,</strong></span> <span class='ocrx_word' id='word_1_127' title='bbox 1734 2008 1794 2055; x_wconf 88' lang='lat' dir='ltr'><strong>ut</strong></span> <span class='ocrx_word' id='word_1_128' title='bbox 1849 2000 1918 2053; x_wconf 91' lang='lat' dir='ltr'><strong>ad</strong></span> 
     </span>
    </p>
   </div>
   <div class='ocr_carea' id='block_1_20' title="bbox 300 2076 1920 2161">
    <p class='ocr_par' dir='ltr' id='par_1_20' title="bbox 300 2076 1920 2161">
     <span class='ocr_line' id='line_1_20' title="bbox 300 2076 1920 2161; baseline 0.003 -20"><span class='ocrx_word' id='word_1_129' title='bbox 300 2076 654 2159; x_wconf 67' lang='lat' dir='ltr'><strong>metrOpolim</strong></span> <span class='ocrx_word' id='word_1_130' title='bbox 711 2107 867 2145; x_wconf 90' lang='lat' dir='ltr'><strong>suam</strong></span> <span class='ocrx_word' id='word_1_131' title='bbox 899 2092 1111 2160; x_wconf 89' lang='lat' dir='ltr'><strong>redeat,</strong></span> <span class='ocrx_word' id='word_1_132' title='bbox 1150 2100 1205 2147; x_wconf 89' lang='lat' dir='ltr'><strong>et</strong></span> <span class='ocrx_word' id='word_1_133' title='bbox 1254 2092 1375 2161; x_wconf 89' lang='lat' dir='ltr'><strong>ejus</strong></span> <span class='ocrx_word' id='word_1_134' title='bbox 1406 2108 1466 2146; x_wconf 92' lang='lat' dir='ltr'><strong>se</strong></span> <span class='ocrx_word' id='word_1_135' title='bbox 1499 2092 1792 2146; x_wconf 88' lang='lat' dir='ltr'><strong>humilitati</strong></span> <span class='ocrx_word' id='word_1_136' title='bbox 1834 2108 1920 2146; x_wconf 90' lang='lat' dir='ltr'><strong>re-</strong></span> 
     </span>
    </p>
   </div>
   <div class='ocr_carea' id='block_1_21' title="bbox 302 2184 1921 2258">
    <p class='ocr_par' dir='ltr' id='par_1_21' title="bbox 302 2184 1921 2258">
     <span class='ocr_line' id='line_1_21' title="bbox 302 2184 1921 2258; baseline 0.005 -24"><span class='ocrx_word' id='word_1_137' title='bbox 302 2188 634 2250; x_wconf 88' lang='lat' dir='ltr'><strong>praesentet;</strong></span> <span class='ocrx_word' id='word_1_138' title='bbox 667 2184 752 2237; x_wconf 90' lang='lat' dir='ltr'><strong>vel</strong></span> <span class='ocrx_word' id='word_1_139' title='bbox 776 2184 821 2237; x_wconf 90' lang='lat' dir='ltr'><strong>si</strong></span> <span class='ocrx_word' id='word_1_140' title='bbox 851 2184 921 2239; x_wconf 90' lang='lat' dir='ltr'><strong>de</strong></span> <span class='ocrx_word' id='word_1_141' title='bbox 951 2186 1125 2256; x_wconf 88' lang='lat' dir='ltr'><strong>ipsius</strong></span> <span class='ocrx_word' id='word_1_142' title='bbox 1148 2186 1361 2255; x_wconf 88' lang='lat' dir='ltr'><strong>judicio</strong></span> <span class='ocrx_word' id='word_1_143' title='bbox 1392 2187 1679 2258; x_wconf 67' lang='lat' dir='ltr'><strong>quaeritur,</strong></span> <span class='ocrx_word' id='word_1_144' title='bbox 1708 2187 1921 2257; x_wconf 87' lang='lat' dir='ltr'><strong>synodo</strong></span> 
     </span>
    </p>
   </div>
   <div class='ocr_carea' id='block_1_22' title="bbox 303 2269 1923 2345">
    <p class='ocr_par' dir='ltr' id='par_1_22' title="bbox 303 2269 1923 2345">
     <span class='ocr_line' id='line_1_22' title="bbox 303 2269 1923 2345; baseline 0.005 -24"><span class='ocrx_word' id='word_1_145' title='bbox 303 2269 545 2340; x_wconf 79' lang='lat' dir='ltr'><strong>regulari</strong></span> <span class='ocrx_word' id='word_1_146' title='bbox 576 2271 773 2325; x_wconf 89' lang='lat' dir='ltr'><strong>adesse</strong></span> <span class='ocrx_word' id='word_1_147' title='bbox 805 2272 1042 2328; x_wconf 85' lang='lat' dir='ltr'><strong>festinet.</strong></span> <span class='ocrx_word' id='word_1_148' title='bbox 1080 2274 1323 2330; x_wconf 87' lang='lat' dir='ltr'><strong>Gisloldo</strong></span> <span class='ocrx_word' id='word_1_149' title='bbox 1352 2276 1745 2330; x_wconf 86' lang='lat' dir='ltr'><strong>canonicorum</strong></span> <span class='ocrx_word' id='word_1_150' title='bbox 1780 2292 1923 2345; x_wconf 70' lang='lat' dir='ltr'><strong>pra:-</strong></span> 
     </span>
    </p>
   </div>
   <div class='ocr_carea' id='block_1_23' title="bbox 302 2357 1924 2430">
    <p class='ocr_par' dir='ltr' id='par_1_23' title="bbox 302 2357 1924 2430">
     <span class='ocr_line' id='line_1_23' title="bbox 302 2357 1924 2430; baseline 0.004 -19"><span class='ocrx_word' id='word_1_151' title='bbox 302 2357 508 2427; x_wconf 89' lang='lat' dir='ltr'><strong>posito,</strong></span> <span class='ocrx_word' id='word_1_152' title='bbox 539 2375 640 2429; x_wconf 92' lang='lat' dir='ltr'><strong>pro</strong></span> <span class='ocrx_word' id='word_1_153' title='bbox 681 2360 1033 2417; x_wconf 85' lang='lat' dir='ltr'><strong>facultatibus</strong></span> <span class='ocrx_word' id='word_1_154' title='bbox 1072 2363 1180 2417; x_wconf 89' lang='lat' dir='ltr'><strong>sibi</strong></span> <span class='ocrx_word' id='word_1_155' title='bbox 1213 2364 1545 2430; x_wconf 87' lang='lat' dir='ltr'><strong>commissis,</strong></span> <span class='ocrx_word' id='word_1_156' title='bbox 1587 2373 1641 2419; x_wconf 91' lang='lat' dir='ltr'><strong>et</strong></span> <span class='ocrx_word' id='word_1_157' title='bbox 1674 2364 1924 2420; x_wconf 89' lang='lat' dir='ltr'><strong>indebite</strong></span> 
     </span>
    </p>
   </div>
   <div class='ocr_carea' id='block_1_24' title="bbox 304 2448 1923 2524">
    <p class='ocr_par' dir='ltr' id='par_1_24' title="bbox 304 2448 1923 2524">
     <span class='ocr_line' id='line_1_24' title="bbox 304 2448 1923 2524; baseline 0.005 -26"><span class='ocrx_word' id='word_1_158' title='bbox 304 2448 605 2517; x_wconf 88' lang='lat' dir='ltr'><strong>usurpatis,</strong></span> <span class='ocrx_word' id='word_1_159' title='bbox 640 2450 734 2521; x_wconf 87' lang='lat' dir='ltr'><strong>qui</strong></span> <span class='ocrx_word' id='word_1_160' title='bbox 767 2467 863 2520; x_wconf 89' lang='lat' dir='ltr'><strong>pro</strong></span> <span class='ocrx_word' id='word_1_161' title='bbox 897 2451 999 2507; x_wconf 88' lang='lat' dir='ltr'><strong>hac</strong></span> <span class='ocrx_word' id='word_1_162' title='bbox 1031 2468 1088 2507; x_wconf 86' lang='lat' dir='ltr'><strong>re</strong></span> <span class='ocrx_word' id='word_1_163' title='bbox 1129 2452 1503 2524; x_wconf 89' lang='lat' dir='ltr'><strong>irregulariter</strong></span> <span class='ocrx_word' id='word_1_164' title='bbox 1552 2452 1621 2507; x_wconf 91' lang='lat' dir='ltr'><strong>ab</strong></span> <span class='ocrx_word' id='word_1_165' title='bbox 1653 2453 1776 2523; x_wconf 91' lang='lat' dir='ltr'><strong>ipso</strong></span> <span class='ocrx_word' id='word_1_166' title='bbox 1804 2453 1923 2507; x_wconf 89' lang='lat' dir='ltr'><strong>dis-</strong></span> 
     </span>
    </p>
   </div>
   <div class='ocr_carea' id='block_1_25' title="bbox 304 2545 1926 2614">
    <p class='ocr_par' dir='ltr' id='par_1_25' title="bbox 304 2545 1926 2614">
     <span class='ocr_line' id='line_1_25' title="bbox 304 2545 1926 2614; baseline 0.006 -24"><span class='ocrx_word' id='word_1_167' title='bbox 304 2547 564 2605; x_wconf 86' lang='lat' dir='ltr'><strong>cesserat,</strong></span> <span class='ocrx_word' id='word_1_168' title='bbox 611 2552 911 2614; x_wconf 89' lang='lat' dir='ltr'><strong>monetque</strong></span> <span class='ocrx_word' id='word_1_169' title='bbox 960 2545 1286 2600; x_wconf 88' lang='lat' dir='ltr'><strong>auctoritate</strong></span> <span class='ocrx_word' id='word_1_170' title='bbox 1336 2545 1623 2611; x_wconf 90' lang='lat' dir='ltr'><strong>canonica,</strong></span> <span class='ocrx_word' id='word_1_171' title='bbox 1679 2553 1739 2599; x_wconf 92' lang='lat' dir='ltr'><strong>ut</strong></span> <span class='ocrx_word' id='word_1_172' title='bbox 1793 2545 1926 2599; x_wconf 90' lang='lat' dir='ltr'><strong>red-</strong></span> 
     </span>
    </p>
   </div>
   <div class='ocr_carea' id='block_1_26' title="bbox 304 2630 1925 2704">
    <p class='ocr_par' dir='ltr' id='par_1_26' title="bbox 304 2630 1925 2704">
     <span class='ocr_line' id='line_1_26' title="bbox 304 2630 1925 2704; baseline 0.004 -24"><span class='ocrx_word' id='word_1_173' title='bbox 304 2634 414 2693; x_wconf 88' lang='lat' dir='ltr'><strong>eat,</strong></span> <span class='ocrx_word' id='word_1_174' title='bbox 475 2630 628 2684; x_wconf 88' lang='lat' dir='ltr'><strong>etde</strong></span> <span class='ocrx_word' id='word_1_175' title='bbox 670 2632 774 2698; x_wconf 88' lang='lat' dir='ltr'><strong>his,</strong></span> <span class='ocrx_word' id='word_1_176' title='bbox 809 2649 932 2704; x_wconf 70' lang='lat' dir='ltr'><strong>quae</strong></span> <span class='ocrx_word' id='word_1_177' title='bbox 990 2633 1068 2688; x_wconf 86' lang='lat' dir='ltr'><strong>illi</strong></span> <span class='ocrx_word' id='word_1_178' title='bbox 1124 2634 1572 2704; x_wconf 87' lang='lat' dir='ltr'><strong>opponebantur,</strong></span> <span class='ocrx_word' id='word_1_179' title='bbox 1606 2632 1925 2687; x_wconf 85' lang='lat' dir='ltr'><strong>satisfacere</strong></span> 
     </span>
    </p>
   </div>
   <div class='ocr_carea' id='block_1_27' title="bbox 307 2716 1924 2793">
    <p class='ocr_par' dir='ltr' id='par_1_27' title="bbox 307 2716 1924 2793">
     <span class='ocr_line' id='line_1_27' title="bbox 307 2716 1924 2793; baseline 0.004 -24"><span class='ocrx_word' id='word_1_180' title='bbox 307 2716 545 2773; x_wconf 88' lang='lat' dir='ltr'><strong>studeat.</strong></span> <span class='ocrx_word' id='word_1_181' title='bbox 593 2720 912 2776; x_wconf 89' lang='lat' dir='ltr'><strong>Theodacro</strong></span> <span class='ocrx_word' id='word_1_182' title='bbox 942 2737 1166 2793; x_wconf 92' lang='lat' dir='ltr'><strong>quoque</strong></span> <span class='ocrx_word' id='word_1_183' title='bbox 1216 2722 1537 2792; x_wconf 68' lang='lat' dir='ltr'><strong>praeposito,</strong></span> <span class='ocrx_word' id='word_1_184' title='bbox 1570 2736 1669 2791; x_wconf 89' lang='lat' dir='ltr'><strong>pro</strong></span> <span class='ocrx_word' id='word_1_185' title='bbox 1728 2723 1924 2777; x_wconf 91' lang='lat' dir='ltr'><strong>eodem</strong></span> 
     </span>
    </p>
   </div>
   <div class='ocr_carea' id='block_1_28' title="bbox 309 2804 1930 2884">
    <p class='ocr_par' dir='ltr' id='par_1_28' title="bbox 309 2804 1930 2884">
     <span class='ocr_line' id='line_1_28' title="bbox 309 2804 1930 2884; baseline 0.006 -27"><span class='ocrx_word' id='word_1_186' title='bbox 309 2804 585 2874; x_wconf 86' lang='lat' dir='ltr'><strong>Gissaldo,</strong></span> <span class='ocrx_word' id='word_1_187' title='bbox 617 2824 717 2877; x_wconf 92' lang='lat' dir='ltr'><strong>pro</strong></span> <span class='ocrx_word' id='word_1_188' title='bbox 748 2824 857 2878; x_wconf 90' lang='lat' dir='ltr'><strong>quo</strong></span> <span class='ocrx_word' id='word_1_189' title='bbox 886 2810 1233 2865; x_wconf 88' lang='lat' dir='ltr'><strong>lrmintrudis</strong></span> <span class='ocrx_word' id='word_1_190' title='bbox 1265 2813 1456 2884; x_wconf 80' lang='lat' dir='ltr'><strong>regina</strong></span> <span class='ocrx_word' id='word_1_191' title='bbox 1487 2812 1833 2882; x_wconf 88' lang='lat' dir='ltr'><strong>precabatur,</strong></span> <span class='ocrx_word' id='word_1_192' title='bbox 1871 2821 1930 2868; x_wconf 91' lang='lat' dir='ltr'><strong>ut</strong></span> 
     </span>
    </p>
   </div>
   <div class='ocr_carea' id='block_1_29' title="bbox 310 2895 1928 2970">
    <p class='ocr_par' dir='ltr' id='par_1_29' title="bbox 310 2895 1928 2970">
     <span class='ocr_line' id='line_1_29' title="bbox 310 2895 1928 2970; baseline 0.006 -24"><span class='ocrx_word' id='word_1_193' title='bbox 310 2900 519 2963; x_wconf 88' lang='lat' dir='ltr'><strong>partem</strong></span> <span class='ocrx_word' id='word_1_194' title='bbox 577 2895 1025 2952; x_wconf 88' lang='lat' dir='ltr'><strong>collaborationis</strong></span> <span class='ocrx_word' id='word_1_195' title='bbox 1083 2914 1219 2965; x_wconf 78' lang='lat' dir='ltr'><strong>suae,</strong></span> <span class='ocrx_word' id='word_1_196' title='bbox 1266 2915 1389 2970; x_wconf 66' lang='lat' dir='ltr'><strong>quae</strong></span> <span class='ocrx_word' id='word_1_197' title='bbox 1439 2899 1841 2955; x_wconf 86' lang='lat' dir='ltr'><strong>rationabiliter</strong></span> <span class='ocrx_word' id='word_1_198' title='bbox 1877 2903 1928 2956; x_wconf 92' lang='lat' dir='ltr'><strong>ei</strong></span> 
     </span>
    </p>
   </div>
   <div class='ocr_carea' id='block_1_30' title="bbox 310 2984 1929 3059">
    <p class='ocr_par' dir='ltr' id='par_1_30' title="bbox 310 2984 1929 3059">
     <span class='ocr_line' id='line_1_30' title="bbox 310 2984 1929 3059; baseline 0.006 -25"><span class='ocrx_word' id='word_1_199' title='bbox 310 2984 683 3052; x_wconf 88' lang='lat' dir='ltr'><strong>competebat,</strong></span> <span class='ocrx_word' id='word_1_200' title='bbox 714 2985 833 3040; x_wconf 90' lang='lat' dir='ltr'><strong>dari</strong></span> <span class='ocrx_word' id='word_1_201' title='bbox 858 2986 1121 3055; x_wconf 89' lang='lat' dir='ltr'><strong>juberet;</strong></span> <span class='ocrx_word' id='word_1_202' title='bbox 1163 2988 1209 3042; x_wconf 91' lang='lat' dir='ltr'><strong>si</strong></span> <span class='ocrx_word' id='word_1_203' title='bbox 1240 3004 1346 3059; x_wconf 93' lang='lat' dir='ltr'><strong>qua</strong></span> <span class='ocrx_word' id='word_1_204' title='bbox 1378 3003 1507 3043; x_wconf 90' lang='lat' dir='ltr'><strong>vero</strong></span> <span class='ocrx_word' id='word_1_205' title='bbox 1539 2988 1616 3041; x_wconf 91' lang='lat' dir='ltr'><strong>illi</strong></span> <span class='ocrx_word' id='word_1_206' title='bbox 1643 2988 1929 3044; x_wconf 86' lang='lat' dir='ltr'><strong>debeban-</strong></span> 
     </span>
    </p>
   </div>
   <div class='ocr_carea' id='block_1_31' title="bbox 313 3073 1931 3149">
    <p class='ocr_par' dir='ltr' id='par_1_31' title="bbox 313 3073 1931 3149">
     <span class='ocr_line' id='line_1_31' title="bbox 313 3073 1931 3149; baseline 0.004 -22"><span class='ocrx_word' id='word_1_207' title='bbox 313 3078 400 3127; x_wconf 90' lang='lat' dir='ltr'><strong>tur</strong></span> <span class='ocrx_word' id='word_1_208' title='bbox 431 3073 487 3126; x_wconf 90' lang='lat' dir='ltr'><strong>in</strong></span> <span class='ocrx_word' id='word_1_209' title='bbox 521 3074 626 3130; x_wconf 90' lang='lat' dir='ltr'><strong>hoc</strong></span> <span class='ocrx_word' id='word_1_210' title='bbox 672 3076 980 3147; x_wconf 90' lang='lat' dir='ltr'><strong>episcopio,</strong></span> <span class='ocrx_word' id='word_1_211' title='bbox 1022 3078 1204 3132; x_wconf 91' lang='lat' dir='ltr'><strong>eidem</strong></span> <span class='ocrx_word' id='word_1_212' title='bbox 1248 3077 1650 3132; x_wconf 87' lang='lat' dir='ltr'><strong>redderentur:</strong></span> <span class='ocrx_word' id='word_1_213' title='bbox 1684 3079 1831 3149; x_wconf 90' lang='lat' dir='ltr'><strong>quod</strong></span> <span class='ocrx_word' id='word_1_214' title='bbox 1876 3088 1931 3134; x_wconf 92' lang='lat' dir='ltr'><strong>et</strong></span> 
     </span>
    </p>
   </div>
   <div class='ocr_carea' id='block_1_32' title="bbox 314 3160 1932 3237">
    <p class='ocr_par' dir='ltr' id='par_1_32' title="bbox 314 3160 1932 3237">
     <span class='ocr_line' id='line_1_32' title="bbox 314 3160 1932 3237; baseline 0.004 -23"><span class='ocrx_word' id='word_1_215' title='bbox 314 3160 464 3216; x_wconf 90' lang='lat' dir='ltr'><strong>idem</strong></span> <span class='ocrx_word' id='word_1_216' title='bbox 492 3162 792 3234; x_wconf 90' lang='lat' dir='ltr'><strong>episcopus</strong></span> <span class='ocrx_word' id='word_1_217' title='bbox 831 3163 953 3220; x_wconf 85' lang='lat' dir='ltr'><strong>ﬁeri</strong></span> <span class='ocrx_word' id='word_1_218' title='bbox 995 3165 1174 3235; x_wconf 89' lang='lat' dir='ltr'><strong>jubet,</strong></span> <span class='ocrx_word' id='word_1_219' title='bbox 1216 3174 1271 3221; x_wconf 88' lang='lat' dir='ltr'><strong>et</strong></span> <span class='ocrx_word' id='word_1_220' title='bbox 1299 3166 1429 3237; x_wconf 88' lang='lat' dir='ltr'><strong>quia</strong></span> <span class='ocrx_word' id='word_1_221' title='bbox 1471 3167 1685 3221; x_wconf 88' lang='lat' dir='ltr'><strong>dixerat</strong></span> <span class='ocrx_word' id='word_1_222' title='bbox 1709 3183 1769 3221; x_wconf 87' lang='lat' dir='ltr'><strong>se</strong></span> <span class='ocrx_word' id='word_1_223' title='bbox 1798 3167 1932 3222; x_wconf 89' lang='lat' dir='ltr'><strong>mis-</strong></span> 
     </span>
    </p>
   </div>
   <div class='ocr_carea' id='block_1_33' title="bbox 1948 1960 1997 2028">
    <p class='ocr_par' dir='ltr' id='par_1_33' title="bbox 1948 1960 1997 2028">
     <span class='ocr_line' id='line_1_33' title="bbox 1948 1960 1997 2028; baseline 0 0"><span class='ocrx_word' id='word_1_224' title='bbox 1948 1960 1997 2028; x_wconf 92' lang='lat' dir='ltr'>B</span> 
     </span>
    </p>
   </div>
   <div class='ocr_carea' id='block_1_34' title="bbox 2020 734 3639 809">
    <p class='ocr_par' dir='ltr' id='par_1_34' title="bbox 2020 734 3639 809">
     <span class='ocr_line' id='line_1_34' title="bbox 2020 734 3639 809; baseline 0.002 -22"><span class='ocrx_word' id='word_1_225' title='bbox 2020 734 2337 789; x_wconf 84' lang='lat' dir='ltr'><strong>renuntient</strong></span> <span class='ocrx_word' id='word_1_226' title='bbox 2379 735 2480 801; x_wconf 89' lang='lat' dir='ltr'><strong>illi,</strong></span> <span class='ocrx_word' id='word_1_227' title='bbox 2513 743 2571 790; x_wconf 91' lang='lat' dir='ltr'><strong>ut</strong></span> <span class='ocrx_word' id='word_1_228' title='bbox 2610 736 2729 806; x_wconf 90' lang='lat' dir='ltr'><strong>ipse</strong></span> <span class='ocrx_word' id='word_1_229' title='bbox 2762 737 2864 791; x_wconf 90' lang='lat' dir='ltr'><strong>hoc</strong></span> <span class='ocrx_word' id='word_1_230' title='bbox 2908 735 3115 790; x_wconf 90' lang='lat' dir='ltr'><strong>indicet</strong></span> <span class='ocrx_word' id='word_1_231' title='bbox 3172 736 3307 809; x_wconf 90' lang='lat' dir='ltr'><strong>regi.</strong></span> <span class='ocrx_word' id='word_1_232' title='bbox 3341 735 3639 807; x_wconf 88' lang='lat' dir='ltr'><strong>Postquam</strong></span> 
     </span>
    </p>
   </div>
   <div class='ocr_carea' id='block_1_35' title="bbox 2019 824 3644 901">
    <p class='ocr_par' dir='ltr' id='par_1_35' title="bbox 2019 824 3644 901">
     <span class='ocr_line' id='line_1_35' title="bbox 2019 824 3644 901; baseline 0.001 -22"><span class='ocrx_word' id='word_1_233' title='bbox 2019 826 2136 879; x_wconf 66' lang='lat' dir='ltr'><strong>hmo</strong></span> <span class='ocrx_word' id='word_1_234' title='bbox 2174 832 2291 879; x_wconf 88' lang='lat' dir='ltr'><strong>acta</strong></span> <span class='ocrx_word' id='word_1_235' title='bbox 2345 824 2573 893; x_wconf 91' lang='lat' dir='ltr'><strong>fuerint,</strong></span> <span class='ocrx_word' id='word_1_236' title='bbox 2608 827 2682 881; x_wconf 89' lang='lat' dir='ltr'><strong>ita</strong></span> <span class='ocrx_word' id='word_1_237' title='bbox 2713 827 2984 882; x_wconf 88' lang='lat' dir='ltr'><strong>rationem</strong></span> <span class='ocrx_word' id='word_1_238' title='bbox 3024 827 3190 896; x_wconf 88' lang='lat' dir='ltr'><strong>hujus</strong></span> <span class='ocrx_word' id='word_1_239' title='bbox 3246 827 3644 901; x_wconf 80' lang='lat' dir='ltr'><strong>aggrediantur</strong></span> 
     </span>
    </p>
   </div>
   <div class='ocr_carea' id='block_1_36' title="bbox 2011 916 3644 991">
    <p class='ocr_par' dir='ltr' id='par_1_36' title="bbox 2011 916 3644 991">
     <span class='ocr_line' id='line_1_36' title="bbox 2011 916 3644 991; baseline 0.002 -19"><span class='ocrx_word' id='word_1_240' title='bbox 2011 916 2231 986; x_wconf 89' lang='lat' dir='ltr'><strong>judicii,</strong></span> <span class='ocrx_word' id='word_1_241' title='bbox 2262 925 2322 972; x_wconf 91' lang='lat' dir='ltr'><strong>ut</strong></span> <span class='ocrx_word' id='word_1_242' title='bbox 2352 919 2685 989; x_wconf 84' lang='lat' dir='ltr'><strong>provideant</strong></span> <span class='ocrx_word' id='word_1_243' title='bbox 2716 934 2785 973; x_wconf 92' lang='lat' dir='ltr'><strong>ne</strong></span> <span class='ocrx_word' id='word_1_244' title='bbox 2818 934 2916 989; x_wconf 89' lang='lat' dir='ltr'><strong>per</strong></span> <span class='ocrx_word' id='word_1_245' title='bbox 2946 919 3317 991; x_wconf 83' lang='lat' dir='ltr'><strong>ignorantiam</strong></span> <span class='ocrx_word' id='word_1_246' title='bbox 3361 928 3644 975; x_wconf 89' lang='lat' dir='ltr'><strong>accusato-</strong></span> 
     </span>
    </p>
   </div>
   <div class='ocr_carea' id='block_1_37' title="bbox 2017 1008 3647 1082">
    <p class='ocr_par' dir='ltr' id='par_1_37' title="bbox 2017 1008 3647 1082">
     <span class='ocr_line' id='line_1_37' title="bbox 2017 1008 3647 1082; baseline 0.002 -19"><span class='ocrx_word' id='word_1_247' title='bbox 2017 1008 2297 1080; x_wconf 89' lang='lat' dir='ltr'><strong>resipsius</strong></span> <span class='ocrx_word' id='word_1_248' title='bbox 2315 1010 2621 1082; x_wconf 88' lang='lat' dir='ltr'><strong>presbyteri</strong></span> <span class='ocrx_word' id='word_1_249' title='bbox 2640 1028 2754 1066; x_wconf 94' lang='lat' dir='ltr'><strong>rem</strong></span> <span class='ocrx_word' id='word_1_250' title='bbox 2780 1012 2949 1065; x_wconf 88' lang='lat' dir='ltr'><strong>talem</strong></span> <span class='ocrx_word' id='word_1_251' title='bbox 2982 1011 3213 1080; x_wconf 90' lang='lat' dir='ltr'><strong>alicujus</strong></span> <span class='ocrx_word' id='word_1_252' title='bbox 3238 1011 3479 1082; x_wconf 89' lang='lat' dir='ltr'><strong>impulsu</strong></span> <span class='ocrx_word' id='word_1_253' title='bbox 3507 1027 3647 1081; x_wconf 69' lang='lat' dir='ltr'><strong>prae-</strong></span> 
     </span>
    </p>
   </div>
   <div class='ocr_carea' id='block_1_38' title="bbox 2013 1102 3643 1174">
    <p class='ocr_par' dir='ltr' id='par_1_38' title="bbox 2013 1102 3643 1174">
     <span class='ocr_line' id='line_1_38' title="bbox 2013 1102 3643 1174; baseline 0 -17"><span class='ocrx_word' id='word_1_254' title='bbox 2013 1109 2253 1169; x_wconf 89' lang='lat' dir='ltr'><strong>sumant,</strong></span> <span class='ocrx_word' id='word_1_255' title='bbox 2274 1103 2424 1158; x_wconf 90' lang='lat' dir='ltr'><strong>unde</strong></span> <span class='ocrx_word' id='word_1_256' title='bbox 2444 1102 2691 1157; x_wconf 89' lang='lat' dir='ltr'><strong>damnari</strong></span> <span class='ocrx_word' id='word_1_257' title='bbox 2724 1104 2960 1174; x_wconf 89' lang='lat' dir='ltr'><strong>possint,</strong></span> <span class='ocrx_word' id='word_1_258' title='bbox 2989 1104 3131 1158; x_wconf 91' lang='lat' dir='ltr'><strong>sicut</strong></span> <span class='ocrx_word' id='word_1_259' title='bbox 3150 1103 3428 1174; x_wconf 90' lang='lat' dir='ltr'><strong>provideri</strong></span> <span class='ocrx_word' id='word_1_260' title='bbox 3451 1103 3643 1169; x_wconf 89' lang='lat' dir='ltr'><strong>debet,</strong></span> 
     </span>
    </p>
   </div>
   <div class='ocr_carea' id='block_1_39' title="bbox 2016 1190 3644 1263">
    <p class='ocr_par' dir='ltr' id='par_1_39' title="bbox 2016 1190 3644 1263">
     <span class='ocr_line' id='line_1_39' title="bbox 2016 1190 3644 1263; baseline 0 -18"><span class='ocrx_word' id='word_1_261' title='bbox 2016 1207 2088 1245; x_wconf 91' lang='lat' dir='ltr'><strong>ne</strong></span> <span class='ocrx_word' id='word_1_262' title='bbox 2127 1191 2415 1263; x_wconf 86' lang='lat' dir='ltr'><strong>presbyter</strong></span> <span class='ocrx_word' id='word_1_263' title='bbox 2448 1190 2653 1260; x_wconf 88' lang='lat' dir='ltr'><strong>injuste</strong></span> <span class='ocrx_word' id='word_1_264' title='bbox 2693 1191 3004 1247; x_wconf 89' lang='lat' dir='ltr'><strong>damnetur.</strong></span> <span class='ocrx_word' id='word_1_265' title='bbox 3056 1192 3184 1247; x_wconf 89' lang='lat' dir='ltr'><strong>Post</strong></span> <span class='ocrx_word' id='word_1_266' title='bbox 3237 1193 3354 1247; x_wconf 67' lang='lat' dir='ltr'><strong>haec</strong></span> <span class='ocrx_word' id='word_1_267' title='bbox 3383 1192 3644 1261; x_wconf 87' lang='lat' dir='ltr'><strong>adjurent</strong></span> 
     </span>
    </p>
   </div>
   <div class='ocr_carea' id='block_1_40' title="bbox 2016 1283 3645 1355">
    <p class='ocr_par' dir='ltr' id='par_1_40' title="bbox 2016 1283 3645 1355">
     <span class='ocr_line' id='line_1_40' title="bbox 2016 1283 3645 1355; baseline -0.001 -18"><span class='ocrx_word' id='word_1_268' title='bbox 2016 1290 2364 1339; x_wconf 86' lang='lat' dir='ltr'><strong>accusatores</strong></span> <span class='ocrx_word' id='word_1_269' title='bbox 2411 1283 2497 1339; x_wconf 87' lang='lat' dir='ltr'><strong>vel</strong></span> <span class='ocrx_word' id='word_1_270' title='bbox 2552 1289 2721 1339; x_wconf 86' lang='lat' dir='ltr'><strong>testes</strong></span> <span class='ocrx_word' id='word_1_271' title='bbox 2753 1298 2942 1337; x_wconf 90' lang='lat' dir='ltr'><strong>eorum</strong></span> <span class='ocrx_word' id='word_1_272' title='bbox 2988 1283 3045 1337; x_wconf 92' lang='lat' dir='ltr'><strong>in</strong></span> <span class='ocrx_word' id='word_1_273' title='bbox 3076 1283 3297 1338; x_wconf 92' lang='lat' dir='ltr'><strong>illorum</strong></span> <span class='ocrx_word' id='word_1_274' title='bbox 3344 1283 3645 1355; x_wconf 88' lang='lat' dir='ltr'><strong>baptisma,</strong></span> 
     </span>
    </p>
   </div>
   <div class='ocr_carea' id='block_1_41' title="bbox 2016 1373 3646 1444">
    <p class='ocr_par' dir='ltr' id='par_1_41' title="bbox 2016 1373 3646 1444">
     <span class='ocr_line' id='line_1_41' title="bbox 2016 1373 3646 1444; baseline 0.001 -17"><span class='ocrx_word' id='word_1_275' title='bbox 2016 1381 2070 1427; x_wconf 91' lang='lat' dir='ltr'><strong>et</strong></span> <span class='ocrx_word' id='word_1_276' title='bbox 2099 1374 2221 1428; x_wconf 91' lang='lat' dir='ltr'><strong>aliis</strong></span> <span class='ocrx_word' id='word_1_277' title='bbox 2250 1374 2484 1430; x_wconf 89' lang='lat' dir='ltr'><strong>diversis</strong></span> <span class='ocrx_word' id='word_1_278' title='bbox 2512 1373 2979 1444; x_wconf 89' lang='lat' dir='ltr'><strong>adjurationibus,</strong></span> <span class='ocrx_word' id='word_1_279' title='bbox 3013 1390 3081 1429; x_wconf 92' lang='lat' dir='ltr'><strong>ne</strong></span> <span class='ocrx_word' id='word_1_280' title='bbox 3126 1374 3277 1443; x_wconf 91' lang='lat' dir='ltr'><strong>odio,</strong></span> <span class='ocrx_word' id='word_1_281' title='bbox 3309 1375 3397 1429; x_wconf 85' lang='lat' dir='ltr'><strong>vel</strong></span> <span class='ocrx_word' id='word_1_282' title='bbox 3428 1374 3646 1429; x_wconf 85' lang='lat' dir='ltr'><strong>invidia</strong></span> 
     </span>
    </p>
   </div>
   <div class='ocr_carea' id='block_1_42' title="bbox 2017 1465 3655 1537">
    <p class='ocr_par' dir='ltr' id='par_1_42' title="bbox 2017 1465 3655 1537">
     <span class='ocr_line' id='line_1_42' title="bbox 2017 1465 3655 1537; baseline 0 -18"><span class='ocrx_word' id='word_1_283' title='bbox 2017 1473 2111 1519; x_wconf 89' lang='lat' dir='ltr'><strong>aut</strong></span> <span class='ocrx_word' id='word_1_284' title='bbox 2139 1465 2335 1521; x_wconf 91' lang='lat' dir='ltr'><strong>timore</strong></span> <span class='ocrx_word' id='word_1_285' title='bbox 2368 1466 2624 1535; x_wconf 89' lang='lat' dir='ltr'><strong>alicujus,</strong></span> <span class='ocrx_word' id='word_1_286' title='bbox 2659 1468 2744 1521; x_wconf 85' lang='lat' dir='ltr'><strong>vel</strong></span> <span class='ocrx_word' id='word_1_287' title='bbox 2776 1469 3128 1523; x_wconf 90' lang='lat' dir='ltr'><strong>hortamento</strong></span> <span class='ocrx_word' id='word_1_288' title='bbox 3156 1465 3226 1521; x_wconf 92' lang='lat' dir='ltr'><strong>de</strong></span> <span class='ocrx_word' id='word_1_289' title='bbox 3266 1466 3387 1537; x_wconf 90' lang='lat' dir='ltr'><strong>ipso</strong></span> <span class='ocrx_word' id='word_1_290' title='bbox 3418 1465 3655 1537; x_wconf 83' lang='lat' dir='ltr'><strong>presby-</strong></span> 
     </span>
    </p>
   </div>
   <div class='ocr_carea' id='block_1_43' title="bbox 2019 1554 3651 1627">
    <p class='ocr_par' dir='ltr' id='par_1_43' title="bbox 2019 1554 3651 1627">
     <span class='ocr_line' id='line_1_43' title="bbox 2019 1554 3651 1627; baseline 0 -19"><span class='ocrx_word' id='word_1_291' title='bbox 2019 1559 2136 1609; x_wconf 86' lang='lat' dir='ltr'><strong>tero</strong></span> <span class='ocrx_word' id='word_1_292' title='bbox 2208 1555 2559 1609; x_wconf 89' lang='lat' dir='ltr'><strong>mendacium</strong></span> <span class='ocrx_word' id='word_1_293' title='bbox 2616 1555 2919 1626; x_wconf 86' lang='lat' dir='ltr'><strong>proferant,</strong></span> <span class='ocrx_word' id='word_1_294' title='bbox 2982 1571 3086 1609; x_wconf 91' lang='lat' dir='ltr'><strong>nec</strong></span> <span class='ocrx_word' id='word_1_295' title='bbox 3153 1570 3250 1625; x_wconf 91' lang='lat' dir='ltr'><strong>pro</strong></span> <span class='ocrx_word' id='word_1_296' title='bbox 3308 1555 3505 1627; x_wconf 83' lang='lat' dir='ltr'><strong>gratia,</strong></span> <span class='ocrx_word' id='word_1_297' title='bbox 3563 1554 3651 1609; x_wconf 85' lang='lat' dir='ltr'><strong>vel</strong></span> 
     </span>
    </p>
   </div>
   <div class='ocr_carea' id='block_1_44' title="bbox 2018 1639 3654 1714">
    <p class='ocr_par' dir='ltr' id='par_1_44' title="bbox 2018 1639 3654 1714">
     <span class='ocr_line' id='line_1_44' title="bbox 2018 1639 3654 1714; baseline -0.001 -18"><span class='ocrx_word' id='word_1_298' title='bbox 2018 1658 2226 1709; x_wconf 89' lang='lat' dir='ltr'><strong>amore,</strong></span> <span class='ocrx_word' id='word_1_299' title='bbox 2256 1652 2349 1697; x_wconf 92' lang='lat' dir='ltr'><strong>aut</strong></span> <span class='ocrx_word' id='word_1_300' title='bbox 2380 1643 2607 1714; x_wconf 64' lang='lat' dir='ltr'><strong>praemio</strong></span> <span class='ocrx_word' id='word_1_301' title='bbox 2643 1643 2773 1698; x_wconf 91' lang='lat' dir='ltr'><strong>inde</strong></span> <span class='ocrx_word' id='word_1_302' title='bbox 2816 1645 3103 1698; x_wconf 83' lang='lat' dir='ltr'><strong>veritatem</strong></span> <span class='ocrx_word' id='word_1_303' title='bbox 3134 1642 3425 1697; x_wconf 90' lang='lat' dir='ltr'><strong>reticeant.</strong></span> <span class='ocrx_word' id='word_1_304' title='bbox 3457 1639 3654 1697; x_wconf 83' lang='lat' dir='ltr'><strong>Notiti-</strong></span> 
     </span>
    </p>
   </div>
   <div class='ocr_carea' id='block_1_45' title="bbox 2021 1732 3657 1803">
    <p class='ocr_par' dir='ltr' id='par_1_45' title="bbox 2021 1732 3657 1803">
     <span class='ocr_line' id='line_1_45' title="bbox 2021 1732 3657 1803; baseline -0.001 -15"><span class='ocrx_word' id='word_1_305' title='bbox 2021 1741 2175 1789; x_wconf 91' lang='lat' dir='ltr'><strong>cetur</strong></span> <span class='ocrx_word' id='word_1_306' title='bbox 2199 1734 2363 1789; x_wconf 90' lang='lat' dir='ltr'><strong>etiam</strong></span> <span class='ocrx_word' id='word_1_307' title='bbox 2391 1734 2602 1788; x_wconf 86' lang='lat' dir='ltr'><strong>eisdem</strong></span> <span class='ocrx_word' id='word_1_308' title='bbox 2634 1734 3049 1791; x_wconf 89' lang='lat' dir='ltr'><strong>accusatoribus</strong></span> <span class='ocrx_word' id='word_1_309' title='bbox 3080 1741 3135 1788; x_wconf 91' lang='lat' dir='ltr'><strong>et</strong></span> <span class='ocrx_word' id='word_1_310' title='bbox 3162 1732 3417 1793; x_wconf 86' lang='lat' dir='ltr'><strong>testibus,</strong></span> <span class='ocrx_word' id='word_1_311' title='bbox 3451 1732 3657 1803; x_wconf 91' lang='lat' dir='ltr'><strong>quales</strong></span> 
     </span>
    </p>
   </div>
   <div class='ocr_carea' id='block_1_46' title="bbox 2024 1820 3655 1894">
    <p class='ocr_par' dir='ltr' id='par_1_46' title="bbox 2024 1820 3655 1894">
     <span class='ocr_line' id='line_1_46' title="bbox 2024 1820 3655 1894; baseline -0.001 -18"><span class='ocrx_word' id='word_1_312' title='bbox 2024 1837 2291 1892; x_wconf 81' lang='lat' dir='ltr'><strong>personas</strong></span> <span class='ocrx_word' id='word_1_313' title='bbox 2344 1822 2414 1876; x_wconf 91' lang='lat' dir='ltr'><strong>ad</strong></span> <span class='ocrx_word' id='word_1_314' title='bbox 2446 1823 2858 1878; x_wconf 89' lang='lat' dir='ltr'><strong>accusationem</strong></span> <span class='ocrx_word' id='word_1_315' title='bbox 2890 1822 3225 1894; x_wconf 82' lang='lat' dir='ltr'><strong>presbyteri,</strong></span> <span class='ocrx_word' id='word_1_316' title='bbox 3257 1821 3343 1875; x_wconf 88' lang='lat' dir='ltr'><strong>vel</strong></span> <span class='ocrx_word' id='word_1_317' title='bbox 3393 1821 3461 1876; x_wconf 86' lang='lat' dir='ltr'><strong>ad</strong></span> <span class='ocrx_word' id='word_1_318' title='bbox 3488 1820 3655 1875; x_wconf 89' lang='lat' dir='ltr'><strong>testi-</strong></span> 
     </span>
    </p>
   </div>
   <div class='ocr_carea' id='block_1_47' title="bbox 2024 1909 3657 1981">
    <p class='ocr_par' dir='ltr' id='par_1_47' title="bbox 2024 1909 3657 1981">
     <span class='ocr_line' id='line_1_47' title="bbox 2024 1909 3657 1981; baseline -0.001 -17"><span class='ocrx_word' id='word_1_319' title='bbox 2024 1911 2272 1966; x_wconf 92' lang='lat' dir='ltr'><strong>monium</strong></span> <span class='ocrx_word' id='word_1_320' title='bbox 2308 1925 2473 1980; x_wconf 90' lang='lat' dir='ltr'><strong>super</strong></span> <span class='ocrx_word' id='word_1_321' title='bbox 2493 1926 2619 1965; x_wconf 93' lang='lat' dir='ltr'><strong>eum</strong></span> <span class='ocrx_word' id='word_1_322' title='bbox 2652 1912 2793 1966; x_wconf 88' lang='lat' dir='ltr'><strong>sacri</strong></span> <span class='ocrx_word' id='word_1_323' title='bbox 2817 1927 3062 1967; x_wconf 88' lang='lat' dir='ltr'><strong>canones</strong></span> <span class='ocrx_word' id='word_1_324' title='bbox 3088 1910 3259 1981; x_wconf 89' lang='lat' dir='ltr'><strong>recipi</strong></span> <span class='ocrx_word' id='word_1_325' title='bbox 3284 1924 3394 1964; x_wconf 91' lang='lat' dir='ltr'><strong>non</strong></span> <span class='ocrx_word' id='word_1_326' title='bbox 3424 1909 3657 1981; x_wconf 90' lang='lat' dir='ltr'><strong>permit-</strong></span> 
     </span>
    </p>
   </div>
   <div class='ocr_carea' id='block_1_48' title="bbox 2026 1992 3659 2072">
    <p class='ocr_par' dir='ltr' id='par_1_48' title="bbox 2026 1992 3659 2072">
     <span class='ocr_line' id='line_1_48' title="bbox 2026 1992 3659 2072; baseline -0.002 -17"><span class='ocrx_word' id='word_1_327' title='bbox 2026 2008 2165 2067; x_wconf 89' lang='lat' dir='ltr'><strong>tunt,</strong></span> <span class='ocrx_word' id='word_1_328' title='bbox 2198 2007 2254 2055; x_wconf 89' lang='lat' dir='ltr'><strong>et</strong></span> <span class='ocrx_word' id='word_1_329' title='bbox 2290 1992 2545 2072; x_wconf 87' lang='lat' dir='ltr'><strong>qualiter</strong></span> <span class='ocrx_word' id='word_1_330' title='bbox 2569 2003 2767 2057; x_wconf 89' lang='lat' dir='ltr'><strong>discuti</strong></span> <span class='ocrx_word' id='word_1_331' title='bbox 2824 2003 3071 2057; x_wconf 87' lang='lat' dir='ltr'><strong>debeant</strong></span> <span class='ocrx_word' id='word_1_332' title='bbox 3115 2008 3170 2055; x_wconf 88' lang='lat' dir='ltr'><strong>et</strong></span> <span class='ocrx_word' id='word_1_333' title='bbox 3219 2006 3568 2056; x_wconf 89' lang='lat' dir='ltr'><strong>accusatores</strong></span> <span class='ocrx_word' id='word_1_334' title='bbox 3602 2005 3659 2052; x_wconf 91' lang='lat' dir='ltr'><strong>ct</strong></span> 
     </span>
    </p>
   </div>
   <div class='ocr_carea' id='block_1_49' title="bbox 2023 2087 3658 2162">
    <p class='ocr_par' dir='ltr' id='par_1_49' title="bbox 2023 2087 3658 2162">
     <span class='ocr_line' id='line_1_49' title="bbox 2023 2087 3658 2162; baseline -0.002 -18"><span class='ocrx_word' id='word_1_335' title='bbox 2023 2097 2210 2145; x_wconf 90' lang='lat' dir='ltr'><strong>testes.</strong></span> <span class='ocrx_word' id='word_1_336' title='bbox 2245 2089 2438 2143; x_wconf 93' lang='lat' dir='ltr'><strong>Omnia</strong></span> <span class='ocrx_word' id='word_1_337' title='bbox 2489 2104 2621 2145; x_wconf 87' lang='lat' dir='ltr'><strong>vero</strong></span> <span class='ocrx_word' id='word_1_338' title='bbox 2664 2107 2787 2162; x_wconf 69' lang='lat' dir='ltr'><strong>quae</strong></span> <span class='ocrx_word' id='word_1_339' title='bbox 2842 2096 3199 2146; x_wconf 86' lang='lat' dir='ltr'><strong>accusatores</strong></span> <span class='ocrx_word' id='word_1_340' title='bbox 3244 2088 3334 2143; x_wconf 85' lang='lat' dir='ltr'><strong>vel</strong></span> <span class='ocrx_word' id='word_1_341' title='bbox 3383 2096 3556 2142; x_wconf 86' lang='lat' dir='ltr'><strong>testes</strong></span> <span class='ocrx_word' id='word_1_342' title='bbox 3588 2087 3658 2141; x_wconf 94' lang='lat' dir='ltr'><strong>de</strong></span> 
     </span>
    </p>
   </div>
   <div class='ocr_carea' id='block_1_50' title="bbox 2020 2178 3653 2254">
    <p class='ocr_par' dir='ltr' id='par_1_50' title="bbox 2020 2178 3653 2254">
     <span class='ocr_line' id='line_1_50' title="bbox 2020 2178 3653 2254; baseline -0.002 -19"><span class='ocrx_word' id='word_1_343' title='bbox 2020 2181 2255 2254; x_wconf 85' lang='lat' dir='ltr'><strong>singulis</strong></span> <span class='ocrx_word' id='word_1_344' title='bbox 2315 2181 2496 2235; x_wconf 90' lang='lat' dir='ltr'><strong>causis</strong></span> <span class='ocrx_word' id='word_1_345' title='bbox 2570 2181 2842 2237; x_wconf 81' lang='lat' dir='ltr'><strong>testificati</strong></span> <span class='ocrx_word' id='word_1_346' title='bbox 2925 2181 3149 2244; x_wconf 88' lang='lat' dir='ltr'><strong>fuerint,</strong></span> <span class='ocrx_word' id='word_1_347' title='bbox 3244 2178 3653 2243; x_wconf 88' lang='lat' dir='ltr'><strong>describantur,</strong></span> 
     </span>
    </p>
   </div>
   <div class='ocr_carea' id='block_1_51' title="bbox 2026 2267 3662 2344">
    <p class='ocr_par' dir='ltr' id='par_1_51' title="bbox 2026 2267 3662 2344">
     <span class='ocr_line' id='line_1_51' title="bbox 2026 2267 3662 2344; baseline -0.004 -19"><span class='ocrx_word' id='word_1_348' title='bbox 2026 2278 2080 2325; x_wconf 90' lang='lat' dir='ltr'><strong>et</strong></span> <span class='ocrx_word' id='word_1_349' title='bbox 2131 2286 2313 2328; x_wconf 88' lang='lat' dir='ltr'><strong>coram</strong></span> <span class='ocrx_word' id='word_1_350' title='bbox 2373 2271 2638 2326; x_wconf 90' lang='lat' dir='ltr'><strong>omnibus</strong></span> <span class='ocrx_word' id='word_1_351' title='bbox 2695 2272 2975 2344; x_wconf 88' lang='lat' dir='ltr'><strong>legantur,</strong></span> <span class='ocrx_word' id='word_1_352' title='bbox 3037 2278 3097 2325; x_wconf 86' lang='lat' dir='ltr'><strong>ut</strong></span> <span class='ocrx_word' id='word_1_353' title='bbox 3160 2270 3234 2323; x_wconf 90' lang='lat' dir='ltr'><strong>ita</strong></span> <span class='ocrx_word' id='word_1_354' title='bbox 3288 2269 3454 2322; x_wconf 85' lang='lat' dir='ltr'><strong>fuisse</strong></span> <span class='ocrx_word' id='word_1_355' title='bbox 3509 2267 3662 2321; x_wconf 85' lang='lat' dir='ltr'><strong>dicta</strong></span> 
     </span>
    </p>
   </div>
   <div class='ocr_carea' id='block_1_52' title="bbox 2028 2352 3658 2430">
    <p class='ocr_par' dir='ltr' id='par_1_52' title="bbox 2028 2352 3658 2430">
     <span class='ocr_line' id='line_1_52' title="bbox 2028 2352 3658 2430; baseline -0.004 -17"><span class='ocrx_word' id='word_1_356' title='bbox 2028 2358 2464 2429; x_wconf 88' lang='lat' dir='ltr'><strong>comprobentur</strong></span> <span class='ocrx_word' id='word_1_357' title='bbox 2568 2360 2960 2415; x_wconf 88' lang='lat' dir='ltr'><strong>Describantur</strong></span> <span class='ocrx_word' id='word_1_358' title='bbox 3025 2372 3252 2430; x_wconf 81' lang='lat' dir='ltr'><strong>quoque</strong></span> <span class='ocrx_word' id='word_1_359' title='bbox 3310 2371 3505 2410; x_wconf 91' lang='lat' dir='ltr'><strong>omnes</strong></span> <span class='ocrx_word' id='word_1_360' title='bbox 3560 2352 3658 2425; x_wconf 89' lang='lat' dir='ltr'><strong>qui</strong></span> 
     </span>
    </p>
   </div>
   <div class='ocr_carea' id='block_1_53' title="bbox 2030 2448 3657 2521">
    <p class='ocr_par' dir='ltr' id='par_1_53' title="bbox 2030 2448 3657 2521">
     <span class='ocr_line' id='line_1_53' title="bbox 2030 2448 3657 2521; baseline -0.004 -17"><span class='ocrx_word' id='word_1_361' title='bbox 2030 2452 2084 2505; x_wconf 92' lang='lat' dir='ltr'><strong>in</strong></span> <span class='ocrx_word' id='word_1_362' title='bbox 2140 2452 2245 2505; x_wconf 85' lang='lat' dir='ltr'><strong>hoc</strong></span> <span class='ocrx_word' id='word_1_363' title='bbox 2273 2450 2474 2521; x_wconf 90' lang='lat' dir='ltr'><strong>placito</strong></span> <span class='ocrx_word' id='word_1_364' title='bbox 2532 2450 2757 2517; x_wconf 88' lang='lat' dir='ltr'><strong>fuerint,</strong></span> <span class='ocrx_word' id='word_1_365' title='bbox 2814 2459 2924 2506; x_wconf 90' lang='lat' dir='ltr'><strong>tam</strong></span> <span class='ocrx_word' id='word_1_366' title='bbox 2972 2451 3040 2505; x_wconf 91' lang='lat' dir='ltr'><strong>de</strong></span> <span class='ocrx_word' id='word_1_367' title='bbox 3091 2448 3431 2521; x_wconf 81' lang='lat' dir='ltr'><strong>presbyteris</strong></span> <span class='ocrx_word' id='word_1_368' title='bbox 3488 2462 3657 2516; x_wconf 90' lang='lat' dir='ltr'><strong>quam</strong></span> 
     </span>
    </p>
   </div>
   <div class='ocr_carea' id='block_1_54' title="bbox 2030 2536 3658 2615">
    <p class='ocr_par' dir='ltr' id='par_1_54' title="bbox 2030 2536 3658 2615">
     <span class='ocr_line' id='line_1_54' title="bbox 2030 2536 3658 2615; baseline -0.004 -18"><span class='ocrx_word' id='word_1_369' title='bbox 2030 2544 2099 2598; x_wconf 89' lang='lat' dir='ltr'><strong>de</strong></span> <span class='ocrx_word' id='word_1_370' title='bbox 2182 2543 2357 2611; x_wconf 72' lang='lat' dir='ltr'><strong>lancis,</strong></span> <span class='ocrx_word' id='word_1_371' title='bbox 2439 2552 2599 2615; x_wconf 89' lang='lat' dir='ltr'><strong>prout</strong></span> <span class='ocrx_word' id='word_1_372' title='bbox 2677 2546 2982 2600; x_wconf 84' lang='lat' dir='ltr'><strong>necessitas</strong></span> <span class='ocrx_word' id='word_1_373' title='bbox 3068 2558 3193 2598; x_wconf 87' lang='lat' dir='ltr'><strong>esse</strong></span> <span class='ocrx_word' id='word_1_374' title='bbox 3263 2542 3385 2595; x_wconf 87' lang='lat' dir='ltr'><strong>visa</strong></span> <span class='ocrx_word' id='word_1_375' title='bbox 3467 2536 3658 2593; x_wconf 90' lang='lat' dir='ltr'><strong>fuerit.</strong></span> 
     </span>
    </p>
   </div>
   <div class='ocr_carea' id='block_1_55' title="bbox 2033 2632 3664 2705">
    <p class='ocr_par' dir='ltr' id='par_1_55' title="bbox 2033 2632 3664 2705">
     <span class='ocr_line' id='line_1_55' title="bbox 2033 2632 3664 2705; baseline -0.005 -17"><span class='ocrx_word' id='word_1_376' title='bbox 2033 2635 2095 2688; x_wconf 85' lang='lat' dir='ltr'><strong>Et</strong></span> <span class='ocrx_word' id='word_1_377' title='bbox 2153 2641 2211 2685; x_wconf 91' lang='lat' dir='ltr'><strong>ut</strong></span> <span class='ocrx_word' id='word_1_378' title='bbox 2264 2640 2614 2688; x_wconf 88' lang='lat' dir='ltr'><strong>accusatores</strong></span> <span class='ocrx_word' id='word_1_379' title='bbox 2657 2651 2810 2689; x_wconf 92' lang='lat' dir='ltr'><strong>suam</strong></span> <span class='ocrx_word' id='word_1_380' title='bbox 2874 2632 3249 2705; x_wconf 60' lang='lat' dir='ltr'><strong>praesentiam,</strong></span> <span class='ocrx_word' id='word_1_381' title='bbox 3306 2638 3478 2685; x_wconf 87' lang='lat' dir='ltr'><strong>testes</strong></span> <span class='ocrx_word' id='word_1_382' title='bbox 3527 2643 3664 2683; x_wconf 88' lang='lat' dir='ltr'><strong>vero</strong></span> 
     </span>
    </p>
   </div>
   <div class='ocr_carea' id='block_1_56' title="bbox 2022 2716 3663 2798">
    <p class='ocr_par' dir='ltr' id='par_1_56' title="bbox 2022 2716 3663 2798">
     <span class='ocr_line' id='line_1_56' title="bbox 2022 2716 3663 2798; baseline -0.007 -15"><span class='ocrx_word' id='word_1_383' title='bbox 2022 2732 2398 2798; x_wconf 90' lang='lat' dir='ltr'><strong>juramentum</strong></span> <span class='ocrx_word' id='word_1_384' title='bbox 2420 2727 2546 2795; x_wconf 89' lang='lat' dir='ltr'><strong>jure</strong></span> <span class='ocrx_word' id='word_1_385' title='bbox 2572 2724 2940 2794; x_wconf 91' lang='lat' dir='ltr'><strong>polliceantur</strong></span> <span class='ocrx_word' id='word_1_386' title='bbox 2969 2738 3028 2775; x_wconf 90' lang='lat' dir='ltr'><strong>se</strong></span> <span class='ocrx_word' id='word_1_387' title='bbox 3059 2722 3284 2776; x_wconf 88' lang='lat' dir='ltr'><strong>daturos</strong></span> <span class='ocrx_word' id='word_1_388' title='bbox 3315 2720 3369 2773; x_wconf 91' lang='lat' dir='ltr'><strong>in</strong></span> <span class='ocrx_word' id='word_1_389' title='bbox 3404 2716 3663 2789; x_wconf 86' lang='lat' dir='ltr'><strong>proximo</strong></span> 
     </span>
    </p>
   </div>
   <div class='ocr_carea' id='block_1_57' title="bbox 2028 2804 3664 2887">
    <p class='ocr_par' dir='ltr' id='par_1_57' title="bbox 2028 2804 3664 2887">
     <span class='ocr_line' id='line_1_57' title="bbox 2028 2804 3664 2887; baseline -0.008 -18"><span class='ocrx_word' id='word_1_390' title='bbox 2028 2815 2254 2887; x_wconf 89' lang='lat' dir='ltr'><strong>placito,</strong></span> <span class='ocrx_word' id='word_1_391' title='bbox 2278 2814 2429 2885; x_wconf 93' lang='lat' dir='ltr'><strong>quod</strong></span> <span class='ocrx_word' id='word_1_392' title='bbox 2445 2825 2688 2867; x_wconf 85' lang='lat' dir='ltr'><strong>canones</strong></span> <span class='ocrx_word' id='word_1_393' title='bbox 2711 2809 3037 2880; x_wconf 88' lang='lat' dir='ltr'><strong>presbytero</strong></span> <span class='ocrx_word' id='word_1_394' title='bbox 3055 2808 3266 2863; x_wconf 91' lang='lat' dir='ltr'><strong>donent</strong></span> <span class='ocrx_word' id='word_1_395' title='bbox 3282 2807 3350 2861; x_wconf 88' lang='lat' dir='ltr'><strong>ad</strong></span> <span class='ocrx_word' id='word_1_396' title='bbox 3373 2804 3664 2861; x_wconf 86' lang='lat' dir='ltr'><strong>licentiam</strong></span> 
     </span>
    </p>
   </div>
   <div class='ocr_carea' id='block_1_58' title="bbox 2028 2896 3663 2971">
    <p class='ocr_par' dir='ltr' id='par_1_58' title="bbox 2028 2896 3663 2971">
     <span class='ocr_line' id='line_1_58' title="bbox 2028 2896 3663 2971; baseline -0.008 -10"><span class='ocrx_word' id='word_1_397' title='bbox 2028 2922 2087 2961; x_wconf 91' lang='lat' dir='ltr'><strong>se</strong></span> <span class='ocrx_word' id='word_1_398' title='bbox 2109 2903 2448 2959; x_wconf 88' lang='lat' dir='ltr'><strong>defendendi</strong></span> <span class='ocrx_word' id='word_1_399' title='bbox 2475 2903 2561 2957; x_wconf 89' lang='lat' dir='ltr'><strong>vel</strong></span> <span class='ocrx_word' id='word_1_400' title='bbox 2590 2900 2986 2971; x_wconf 88' lang='lat' dir='ltr'><strong>respondendi.</strong></span> <span class='ocrx_word' id='word_1_401' title='bbox 3013 2899 3167 2963; x_wconf 90' lang='lat' dir='ltr'><strong>Quod</strong></span> <span class='ocrx_word' id='word_1_402' title='bbox 3192 2898 3452 2969; x_wconf 89' lang='lat' dir='ltr'><strong>placitum</strong></span> <span class='ocrx_word' id='word_1_403' title='bbox 3475 2896 3663 2951; x_wconf 87' lang='lat' dir='ltr'><strong>eidem</strong></span> 
     </span>
    </p>
   </div>
   <div class='ocr_carea' id='block_1_59' title="bbox 2035 2986 3670 3066">
    <p class='ocr_par' dir='ltr' id='par_1_59' title="bbox 2035 2986 3670 3066">
     <span class='ocr_line' id='line_1_59' title="bbox 2035 2986 3670 3066; baseline -0.005 -18"><span class='ocrx_word' id='word_1_404' title='bbox 2035 2994 2362 3066; x_wconf 86' lang='lat' dir='ltr'><strong>presbytero</strong></span> <span class='ocrx_word' id='word_1_405' title='bbox 2394 2990 2755 3045; x_wconf 88' lang='lat' dir='ltr'><strong>denuntietur</strong></span> <span class='ocrx_word' id='word_1_406' title='bbox 2793 2989 2861 3041; x_wconf 92' lang='lat' dir='ltr'><strong>ad</strong></span> <span class='ocrx_word' id='word_1_407' title='bbox 2893 2988 3117 3060; x_wconf 82' lang='lat' dir='ltr'><strong>triginta</strong></span> <span class='ocrx_word' id='word_1_408' title='bbox 3144 2987 3284 3051; x_wconf 91' lang='lat' dir='ltr'><strong>dies,</strong></span> <span class='ocrx_word' id='word_1_409' title='bbox 3325 2995 3383 3040; x_wconf 93' lang='lat' dir='ltr'><strong>ut</strong></span> <span class='ocrx_word' id='word_1_410' title='bbox 3409 2986 3485 3040; x_wconf 90' lang='lat' dir='ltr'><strong>ita</strong></span> <span class='ocrx_word' id='word_1_411' title='bbox 3518 2999 3670 3056; x_wconf 71' lang='lat' dir='ltr'><strong>prae-</strong></span> 
     </span>
    </p>
   </div>
   <div class='ocr_carea' id='block_1_60' title="bbox 2037 3077 3671 3159">
    <p class='ocr_par' dir='ltr' id='par_1_60' title="bbox 2037 3077 3671 3159">
     <span class='ocr_line' id='line_1_60' title="bbox 2037 3077 3671 3159; baseline -0.007 -17"><span class='ocrx_word' id='word_1_412' title='bbox 2037 3093 2260 3159; x_wconf 89' lang='lat' dir='ltr'><strong>paratus</strong></span> <span class='ocrx_word' id='word_1_413' title='bbox 2279 3085 2486 3151; x_wconf 91' lang='lat' dir='ltr'><strong>veniat,</strong></span> <span class='ocrx_word' id='word_1_414' title='bbox 2511 3098 2621 3154; x_wconf 93' lang='lat' dir='ltr'><strong>quo</strong></span> <span class='ocrx_word' id='word_1_415' title='bbox 2644 3098 2701 3136; x_wconf 88' lang='lat' dir='ltr'><strong>se</strong></span> <span class='ocrx_word' id='word_1_416' title='bbox 2725 3081 2808 3136; x_wconf 87' lang='lat' dir='ltr'><strong>vel</strong></span> <span class='ocrx_word' id='word_1_417' title='bbox 2831 3082 3095 3135; x_wconf 88' lang='lat' dir='ltr'><strong>canonice</strong></span> <span class='ocrx_word' id='word_1_418' title='bbox 3119 3077 3395 3151; x_wconf 86' lang='lat' dir='ltr'><strong>puriﬁcet,</strong></span> <span class='ocrx_word' id='word_1_419' title='bbox 3419 3078 3504 3131; x_wconf 89' lang='lat' dir='ltr'><strong>vel</strong></span> <span class='ocrx_word' id='word_1_420' title='bbox 3528 3092 3671 3133; x_wconf 86' lang='lat' dir='ltr'><strong>con—</strong></span> 
     </span>
    </p>
   </div>
   <div class='ocr_carea' id='block_1_61' title="bbox 2038 3168 3668 3238">
    <p class='ocr_par' dir='ltr' id='par_1_61' title="bbox 2038 3168 3668 3238">
     <span class='ocr_line' id='line_1_61' title="bbox 2038 3168 3668 3238; baseline -0.006 -8"><span class='ocrx_word' id='word_1_421' title='bbox 2038 3176 2244 3231; x_wconf 79' lang='lat' dir='ltr'><strong>credat.</strong></span> <span class='ocrx_word' id='word_1_422' title='bbox 2295 3172 2446 3238; x_wconf 86' lang='lat' dir='ltr'><strong>Quod</strong></span> <span class='ocrx_word' id='word_1_423' title='bbox 2488 3171 2534 3225; x_wconf 87' lang='lat' dir='ltr'><strong>si</strong></span> <span class='ocrx_word' id='word_1_424' title='bbox 2572 3186 2682 3226; x_wconf 94' lang='lat' dir='ltr'><strong>non</strong></span> <span class='ocrx_word' id='word_1_425' title='bbox 2725 3170 2936 3234; x_wconf 87' lang='lat' dir='ltr'><strong>fecerit,</strong></span> <span class='ocrx_word' id='word_1_426' title='bbox 2967 3168 3290 3223; x_wconf 87' lang='lat' dir='ltr'><strong>canonicam</strong></span> <span class='ocrx_word' id='word_1_427' title='bbox 3343 3182 3402 3220; x_wconf 90' lang='lat' dir='ltr'><strong>se</strong></span> <span class='ocrx_word' id='word_1_428' title='bbox 3431 3182 3668 3238; x_wconf 85' lang='lat' dir='ltr'><strong>suscep-</strong></span> 
     </span>
    </p>
   </div>
   <div class='ocr_carea' id='block_1_62' title="bbox 315 3248 3668 3352">
    <p class='ocr_par' dir='ltr' id='par_1_62' title="bbox 315 3248 3668 3352">
     <span class='ocr_line' id='line_1_62' title="bbox 315 3248 3668 3352; baseline 0.004 -50"><span class='ocrx_word' id='word_1_429' title='bbox 315 3249 542 3304; x_wconf 88' lang='lat' dir='ltr'><strong>saticum</strong></span> <span class='ocrx_word' id='word_1_430' title='bbox 576 3248 780 3307; x_wconf 88' lang='lat' dir='ltr'><strong>habere</strong></span> <span class='ocrx_word' id='word_1_431' title='bbox 819 3267 884 3307; x_wconf 88' lang='lat' dir='ltr'><strong>ex</strong></span> <span class='ocrx_word' id='word_1_432' title='bbox 924 3261 1078 3323; x_wconf 87' lang='lat' dir='ltr'><strong>parte</strong></span> <span class='ocrx_word' id='word_1_433' title='bbox 1098 3256 1305 3329; x_wconf 63' lang='lat' dir='ltr'><strong>reginae</strong></span> <span class='ocrx_word' id='word_1_434' title='bbox 1328 3256 1397 3311; x_wconf 90' lang='lat' dir='ltr'><strong>ad</strong></span> <span class='ocrx_word' id='word_1_435' title='bbox 1426 3256 1747 3321; x_wconf 88' lang='lat' dir='ltr'><strong>canonicos,</strong></span> <span class='ocrx_word' id='word_1_436' title='bbox 1780 3273 1938 3311; x_wconf 89' lang='lat' dir='ltr'><strong>man-</strong></span> <span class='ocrx_word' id='word_1_437' title='bbox 1969 3274 2223 3352; x_wconf 58' lang='lat' dir='ltr'><strong>crurum</strong></span> <span class='ocrx_word' id='word_1_438' title='bbox 2279 3263 2611 3319; x_wconf 80' lang='lat' dir='ltr'><strong>sententiam</strong></span> <span class='ocrx_word' id='word_1_439' title='bbox 2666 3262 2821 3316; x_wconf 90' lang='lat' dir='ltr'><strong>sciat.</strong></span> <span class='ocrx_word' id='word_1_440' title='bbox 2862 3261 3081 3315; x_wconf 82' lang='lat' dir='ltr'><strong>Mittant</strong></span> <span class='ocrx_word' id='word_1_441' title='bbox 3131 3274 3354 3330; x_wconf 88' lang='lat' dir='ltr'><strong>quoque</strong></span> <span class='ocrx_word' id='word_1_442' title='bbox 3394 3258 3668 3322; x_wconf 85' lang='lat' dir='ltr'><strong>bannum.</strong></span> 
     </span>
    </p>
   </div>
   <div class='ocr_carea' id='block_1_63' title="bbox 315 3341 1938 3419">
    <p class='ocr_par' dir='ltr' id='par_1_63' title="bbox 315 3341 1938 3419">
     <span class='ocr_line' id='line_1_63' title="bbox 315 3341 1938 3419; baseline 0.004 -24"><span class='ocrx_word' id='word_1_443' title='bbox 315 3341 409 3395; x_wconf 87' lang='lat' dir='ltr'><strong>dat</strong></span> <span class='ocrx_word' id='word_1_444' title='bbox 450 3348 512 3397; x_wconf 91' lang='lat' dir='ltr'><strong>ut</strong></span> <span class='ocrx_word' id='word_1_445' title='bbox 537 3342 583 3396; x_wconf 88' lang='lat' dir='ltr'><strong>si</strong></span> <span class='ocrx_word' id='word_1_446' title='bbox 614 3343 830 3398; x_wconf 88' lang='lat' dir='ltr'><strong>venerit</strong></span> <span class='ocrx_word' id='word_1_447' title='bbox 859 3343 927 3397; x_wconf 89' lang='lat' dir='ltr'><strong>ad</strong></span> <span class='ocrx_word' id='word_1_448' title='bbox 960 3360 1081 3413; x_wconf 90' lang='lat' dir='ltr'><strong>eos,</strong></span> <span class='ocrx_word' id='word_1_449' title='bbox 1109 3346 1255 3401; x_wconf 90' lang='lat' dir='ltr'><strong>sicut</strong></span> <span class='ocrx_word' id='word_1_450' title='bbox 1292 3345 1495 3401; x_wconf 90' lang='lat' dir='ltr'><strong>missus</strong></span> <span class='ocrx_word' id='word_1_451' title='bbox 1524 3347 1730 3419; x_wconf 80' lang='lat' dir='ltr'><strong>reginae</strong></span> <span class='ocrx_word' id='word_1_452' title='bbox 1762 3362 1938 3402; x_wconf 90' lang='lat' dir='ltr'><strong>vene-</strong></span> 
     </span>
    </p>
   </div>
   <div class='ocr_carea' id='block_1_64' title="bbox 320 3432 1937 3511">
    <p class='ocr_par' dir='ltr' id='par_1_64' title="bbox 320 3432 1937 3511">
     <span class='ocr_line' id='line_1_64' title="bbox 320 3432 1937 3511; baseline 0.005 -25"><span class='ocrx_word' id='word_1_453' title='bbox 320 3432 572 3489; x_wconf 89' lang='lat' dir='ltr'><strong>rabiliter</strong></span> <span class='ocrx_word' id='word_1_454' title='bbox 625 3435 982 3507; x_wconf 89' lang='lat' dir='ltr'><strong>suscipiatur.</strong></span> <span class='ocrx_word' id='word_1_455' title='bbox 1014 3436 1258 3494; x_wconf 88' lang='lat' dir='ltr'><strong>Gerardo</strong></span> <span class='ocrx_word' id='word_1_456' title='bbox 1296 3438 1532 3506; x_wconf 89' lang='lat' dir='ltr'><strong>decano,</strong></span> <span class='ocrx_word' id='word_1_457' title='bbox 1565 3455 1664 3510; x_wconf 89' lang='lat' dir='ltr'><strong>pro</strong></span> <span class='ocrx_word' id='word_1_458' title='bbox 1696 3440 1937 3511; x_wconf 88' lang='lat' dir='ltr'><strong>quodam</strong></span> 
     </span>
    </p>
   </div>
   <div class='ocr_carea' id='block_1_65' title="bbox 322 3521 1941 3598">
    <p class='ocr_par' dir='ltr' id='par_1_65' title="bbox 322 3521 1941 3598">
     <span class='ocr_line' id='line_1_65' title="bbox 322 3521 1941 3598; baseline 0.004 -23"><span class='ocrx_word' id='word_1_459' title='bbox 322 3521 555 3577; x_wconf 81' lang='lat' dir='ltr'><strong>Badulfo</strong></span> <span class='ocrx_word' id='word_1_460' title='bbox 595 3524 1094 3592; x_wconf 87' lang='lat' dir='ltr'><strong>excommunicato,</strong></span> <span class='ocrx_word' id='word_1_461' title='bbox 1134 3525 1227 3596; x_wconf 91' lang='lat' dir='ltr'><strong>qui</strong></span> <span class='ocrx_word' id='word_1_462' title='bbox 1265 3526 1334 3580; x_wconf 91' lang='lat' dir='ltr'><strong>ad</strong></span> <span class='ocrx_word' id='word_1_463' title='bbox 1364 3542 1422 3581; x_wconf 88' lang='lat' dir='ltr'><strong>se</strong></span> <span class='ocrx_word' id='word_1_464' title='bbox 1464 3537 1693 3582; x_wconf 82' lang='lat' dir='ltr'><strong>venerat</strong></span> <span class='ocrx_word' id='word_1_465' title='bbox 1745 3535 1941 3598; x_wconf 90' lang='lat' dir='ltr'><strong>petens</strong></span> 
     </span>
    </p>
   </div>
   <div class='ocr_carea' id='block_1_66' title="bbox 322 3613 1936 3686">
    <p class='ocr_par' dir='ltr' id='par_1_66' title="bbox 322 3613 1936 3686">
     <span class='ocr_line' id='line_1_66' title="bbox 322 3613 1936 3686; baseline 0.006 -19"><span class='ocrx_word' id='word_1_466' title='bbox 322 3613 730 3681; x_wconf 80' lang='lat' dir='ltr'><strong>paenitentiam.</strong></span> <span class='ocrx_word' id='word_1_467' title='bbox 765 3614 860 3669; x_wconf 90' lang='lat' dir='ltr'><strong>Cui</strong></span> <span class='ocrx_word' id='word_1_468' title='bbox 890 3616 1141 3686; x_wconf 61' lang='lat' dir='ltr'><strong>praecipit</strong></span> <span class='ocrx_word' id='word_1_469' title='bbox 1175 3625 1235 3671; x_wconf 90' lang='lat' dir='ltr'><strong>ut</strong></span> <span class='ocrx_word' id='word_1_470' title='bbox 1267 3616 1453 3672; x_wconf 84' lang='lat' dir='ltr'><strong>Remis</strong></span> <span class='ocrx_word' id='word_1_471' title='bbox 1499 3619 1749 3674; x_wconf 87' lang='lat' dir='ltr'><strong>eamdem</strong></span> <span class='ocrx_word' id='word_1_472' title='bbox 1782 3637 1936 3677; x_wconf 88' lang='lat' dir='ltr'><strong>acce-</strong></span> 
     </span>
    </p>
   </div>
   <div class='ocr_carea' id='block_1_67' title="bbox 322 3706 1941 3782">
    <p class='ocr_par' dir='ltr' id='par_1_67' title="bbox 322 3706 1941 3782">
     <span class='ocr_line' id='line_1_67' title="bbox 322 3706 1941 3782; baseline 0.006 -24"><span class='ocrx_word' id='word_1_473' title='bbox 322 3710 535 3774; x_wconf 89' lang='lat' dir='ltr'><strong>pturus,</strong></span> <span class='ocrx_word' id='word_1_474' title='bbox 560 3706 776 3761; x_wconf 88' lang='lat' dir='ltr'><strong>veniret</strong></span> <span class='ocrx_word' id='word_1_475' title='bbox 802 3722 925 3762; x_wconf 93' lang='lat' dir='ltr'><strong>cum</strong></span> <span class='ocrx_word' id='word_1_476' title='bbox 949 3706 1155 3762; x_wconf 88' lang='lat' dir='ltr'><strong>femina</strong></span> <span class='ocrx_word' id='word_1_477' title='bbox 1184 3709 1615 3776; x_wconf 88' lang='lat' dir='ltr'><strong>sanctimoniali,</strong></span> <span class='ocrx_word' id='word_1_478' title='bbox 1637 3727 1801 3782; x_wconf 90' lang='lat' dir='ltr'><strong>quam</strong></span> <span class='ocrx_word' id='word_1_479' title='bbox 1833 3711 1941 3767; x_wconf 92' lang='lat' dir='ltr'><strong>sibi</strong></span> 
     </span>
    </p>
   </div>
   <div class='ocr_carea' id='block_1_68' title="bbox 321 3801 1942 3876">
    <p class='ocr_par' dir='ltr' id='par_1_68' title="bbox 321 3801 1942 3876">
     <span class='ocr_line' id='line_1_68' title="bbox 321 3801 1942 3876; baseline 0.006 -23"><span class='ocrx_word' id='word_1_480' title='bbox 321 3801 703 3868; x_wconf 80' lang='lat' dir='ltr'><strong>eonjunxerat.</strong></span> <span class='ocrx_word' id='word_1_481' title='bbox 739 3802 907 3857; x_wconf 84' lang='lat' dir='ltr'><strong>Jubet</strong></span> <span class='ocrx_word' id='word_1_482' title='bbox 932 3810 1115 3858; x_wconf 88' lang='lat' dir='ltr'><strong>autem</strong></span> <span class='ocrx_word' id='word_1_483' title='bbox 1144 3804 1274 3859; x_wconf 91' lang='lat' dir='ltr'><strong>huic</strong></span> <span class='ocrx_word' id='word_1_484' title='bbox 1304 3804 1652 3876; x_wconf 88' lang='lat' dir='ltr'><strong>presbytero,</strong></span> <span class='ocrx_word' id='word_1_485' title='bbox 1702 3814 1762 3862; x_wconf 90' lang='lat' dir='ltr'><strong>ut</strong></span> <span class='ocrx_word' id='word_1_486' title='bbox 1790 3823 1942 3863; x_wconf 91' lang='lat' dir='ltr'><strong>com-</strong></span> 
     </span>
    </p>
   </div>
   <div class='ocr_carea' id='block_1_69' title="bbox 322 3894 1940 3971">
    <p class='ocr_par' dir='ltr' id='par_1_69' title="bbox 322 3894 1940 3971">
     <span class='ocr_line' id='line_1_69' title="bbox 322 3894 1940 3971; baseline 0.005 -25"><span class='ocrx_word' id='word_1_487' title='bbox 322 3894 549 3947; x_wconf 90' lang='lat' dir='ltr'><strong>mendet</strong></span> <span class='ocrx_word' id='word_1_488' title='bbox 578 3894 701 3949; x_wconf 91' lang='lat' dir='ltr'><strong>aliis</strong></span> <span class='ocrx_word' id='word_1_489' title='bbox 729 3895 1086 3965; x_wconf 86' lang='lat' dir='ltr'><strong>presbyteris,</strong></span> <span class='ocrx_word' id='word_1_490' title='bbox 1130 3904 1405 3968; x_wconf 89' lang='lat' dir='ltr'><strong>quatenus</strong></span> <span class='ocrx_word' id='word_1_491' title='bbox 1442 3914 1698 3971; x_wconf 89' lang='lat' dir='ltr'><strong>magnam</strong></span> <span class='ocrx_word' id='word_1_492' title='bbox 1728 3900 1940 3956; x_wconf 89' lang='lat' dir='ltr'><strong>sollici-</strong></span> 
     </span>
    </p>
   </div>
   <div class='ocr_carea' id='block_1_70' title="bbox 323 3985 1941 4063">
    <p class='ocr_par' dir='ltr' id='par_1_70' title="bbox 323 3985 1941 4063">
     <span class='ocr_line' id='line_1_70' title="bbox 323 3985 1941 4063; baseline 0.005 -24"><span class='ocrx_word' id='word_1_493' title='bbox 323 3985 574 4041; x_wconf 89' lang='lat' dir='ltr'><strong>tudinem</strong></span> <span class='ocrx_word' id='word_1_494' title='bbox 605 3987 672 4041; x_wconf 93' lang='lat' dir='ltr'><strong>de</strong></span> <span class='ocrx_word' id='word_1_495' title='bbox 705 3987 813 4041; x_wconf 92' lang='lat' dir='ltr'><strong>illis</strong></span> <span class='ocrx_word' id='word_1_496' title='bbox 847 3990 1142 4061; x_wconf 89' lang='lat' dir='ltr'><strong>accipiant,</strong></span> <span class='ocrx_word' id='word_1_497' title='bbox 1175 3997 1450 4062; x_wconf 88' lang='lat' dir='ltr'><strong>quatenus</strong></span> <span class='ocrx_word' id='word_1_498' title='bbox 1479 3991 1711 4057; x_wconf 89' lang='lat' dir='ltr'><strong>scilicet,</strong></span> <span class='ocrx_word' id='word_1_499' title='bbox 1744 3993 1790 4046; x_wconf 91' lang='lat' dir='ltr'><strong>si</strong></span> <span class='ocrx_word' id='word_1_500' title='bbox 1815 3993 1941 4063; x_wconf 91' lang='lat' dir='ltr'><strong>qui-</strong></span> 
     </span>
    </p>
   </div>
   <div class='ocr_carea' id='block_1_71' title="bbox 321 4073 1939 4153">
    <p class='ocr_par' dir='ltr' id='par_1_71' title="bbox 321 4073 1939 4153">
     <span class='ocr_line' id='line_1_71' title="bbox 321 4073 1939 4153; baseline 0.005 -25"><span class='ocrx_word' id='word_1_501' title='bbox 321 4073 461 4129; x_wconf 88' lang='lat' dir='ltr'><strong>libet</strong></span> <span class='ocrx_word' id='word_1_502' title='bbox 506 4092 696 4132; x_wconf 92' lang='lat' dir='ltr'><strong>eorum</strong></span> <span class='ocrx_word' id='word_1_503' title='bbox 734 4078 1058 4135; x_wconf 89' lang='lat' dir='ltr'><strong>inﬁrmitate</strong></span> <span class='ocrx_word' id='word_1_504' title='bbox 1084 4090 1398 4152; x_wconf 68' lang='lat' dir='ltr'><strong>praeventus</strong></span> <span class='ocrx_word' id='word_1_505' title='bbox 1426 4080 1609 4148; x_wconf 83' lang='lat' dir='ltr'><strong>fuerit,</strong></span> <span class='ocrx_word' id='word_1_506' title='bbox 1652 4083 1722 4137; x_wconf 90' lang='lat' dir='ltr'><strong>de</strong></span> <span class='ocrx_word' id='word_1_507' title='bbox 1743 4098 1851 4153; x_wconf 91' lang='lat' dir='ltr'><strong>qua</strong></span> <span class='ocrx_word' id='word_1_508' title='bbox 1881 4098 1939 4137; x_wconf 91' lang='lat' dir='ltr'><strong>se</strong></span> 
     </span>
    </p>
   </div>
   <div class='ocr_carea' id='block_1_72' title="bbox 324 4172 1939 4245">
    <p class='ocr_par' dir='ltr' id='par_1_72' title="bbox 324 4172 1939 4245">
     <span class='ocr_line' id='line_1_72' title="bbox 324 4172 1939 4245; baseline 0.006 -23"><span class='ocrx_word' id='word_1_509' title='bbox 324 4176 479 4239; x_wconf 91' lang='lat' dir='ltr'><strong>putet</strong></span> <span class='ocrx_word' id='word_1_510' title='bbox 504 4172 740 4225; x_wconf 89' lang='lat' dir='ltr'><strong>evadere</strong></span> <span class='ocrx_word' id='word_1_511' title='bbox 760 4186 871 4227; x_wconf 89' lang='lat' dir='ltr'><strong>non</strong></span> <span class='ocrx_word' id='word_1_512' title='bbox 900 4188 1085 4242; x_wconf 90' lang='lat' dir='ltr'><strong>posse,</strong></span> <span class='ocrx_word' id='word_1_513' title='bbox 1110 4174 1157 4227; x_wconf 91' lang='lat' dir='ltr'><strong>si</strong></span> <span class='ocrx_word' id='word_1_514' title='bbox 1178 4174 1513 4244; x_wconf 88' lang='lat' dir='ltr'><strong>promiserit,</strong></span> <span class='ocrx_word' id='word_1_515' title='bbox 1547 4175 1680 4245; x_wconf 88' lang='lat' dir='ltr'><strong>quia</strong></span> <span class='ocrx_word' id='word_1_516' title='bbox 1709 4176 1779 4230; x_wconf 89' lang='lat' dir='ltr'><strong>de</strong></span> <span class='ocrx_word' id='word_1_517' title='bbox 1805 4191 1939 4245; x_wconf 88' lang='lat' dir='ltr'><strong>pec-</strong></span> 
     </span>
    </p>
   </div>
   <div class='ocr_carea' id='block_1_73' title="bbox 324 4262 1942 4335">
    <p class='ocr_par' dir='ltr' id='par_1_73' title="bbox 324 4262 1942 4335">
     <span class='ocr_line' id='line_1_73' title="bbox 324 4262 1942 4335; baseline 0.004 -24"><span class='ocrx_word' id='word_1_518' title='bbox 324 4266 447 4313; x_wconf 90' lang='lat' dir='ltr'><strong>cato</strong></span> <span class='ocrx_word' id='word_1_519' title='bbox 473 4276 574 4315; x_wconf 93' lang='lat' dir='ltr'><strong>suo</strong></span> <span class='ocrx_word' id='word_1_520' title='bbox 606 4277 671 4315; x_wconf 87' lang='lat' dir='ltr'><strong>ex</strong></span> <span class='ocrx_word' id='word_1_521' title='bbox 706 4262 872 4318; x_wconf 90' lang='lat' dir='ltr'><strong>corde</strong></span> <span class='ocrx_word' id='word_1_522' title='bbox 904 4262 1193 4333; x_wconf 66' lang='lat' dir='ltr'><strong>poeniteat,</strong></span> <span class='ocrx_word' id='word_1_523' title='bbox 1222 4270 1275 4316; x_wconf 90' lang='lat' dir='ltr'><strong>et</strong></span> <span class='ocrx_word' id='word_1_524' title='bbox 1300 4278 1399 4333; x_wconf 85' lang='lat' dir='ltr'><strong>per</strong></span> <span class='ocrx_word' id='word_1_525' title='bbox 1429 4262 1628 4335; x_wconf 87' lang='lat' dir='ltr'><strong>dignos</strong></span> <span class='ocrx_word' id='word_1_526' title='bbox 1658 4264 1942 4333; x_wconf 88' lang='lat' dir='ltr'><strong>poeniten-</strong></span> 
     </span>
    </p>
   </div>
   <div class='ocr_carea' id='block_1_74' title="bbox 322 4350 1943 4421">
    <p class='ocr_par' dir='ltr' id='par_1_74' title="bbox 322 4350 1943 4421">
     <span class='ocr_line' id='line_1_74' title="bbox 322 4350 1943 4421; baseline 0.004 -18"><span class='ocrx_word' id='word_1_527' title='bbox 322 4350 410 4405; x_wconf 80' lang='lat' dir='ltr'><strong>tiae</strong></span> <span class='ocrx_word' id='word_1_528' title='bbox 442 4352 655 4408; x_wconf 87' lang='lat' dir='ltr'><strong>fructus</strong></span> <span class='ocrx_word' id='word_1_529' title='bbox 697 4354 833 4409; x_wconf 93' lang='lat' dir='ltr'><strong>illud</strong></span> <span class='ocrx_word' id='word_1_530' title='bbox 890 4371 951 4409; x_wconf 92' lang='lat' dir='ltr'><strong>se</strong></span> <span class='ocrx_word' id='word_1_531' title='bbox 980 4369 1164 4410; x_wconf 78' lang='lat' dir='ltr'><strong>coram</strong></span> <span class='ocrx_word' id='word_1_532' title='bbox 1225 4354 1464 4409; x_wconf 90' lang='lat' dir='ltr'><strong>testibus</strong></span> <span class='ocrx_word' id='word_1_533' title='bbox 1512 4354 1832 4421; x_wconf 91' lang='lat' dir='ltr'><strong>emendare,</strong></span> <span class='ocrx_word' id='word_1_534' title='bbox 1879 4371 1943 4410; x_wconf 91' lang='lat' dir='ltr'><strong>ac</strong></span> 
     </span>
    </p>
   </div>
   <div class='ocr_carea' id='block_1_75' title="bbox 323 4444 1941 4517">
    <p class='ocr_par' dir='ltr' id='par_1_75' title="bbox 323 4444 1941 4517">
     <span class='ocr_line' id='line_1_75' title="bbox 323 4444 1941 4517; baseline 0.002 -19"><span class='ocrx_word' id='word_1_535' title='bbox 323 4444 572 4516; x_wconf 88' lang='lat' dir='ltr'><strong>episcOpi</strong></span> <span class='ocrx_word' id='word_1_536' title='bbox 596 4446 839 4515; x_wconf 89' lang='lat' dir='ltr'><strong>jussioni</strong></span> <span class='ocrx_word' id='word_1_537' title='bbox 866 4446 1097 4501; x_wconf 90' lang='lat' dir='ltr'><strong>obedire</strong></span> <span class='ocrx_word' id='word_1_538' title='bbox 1130 4445 1472 4517; x_wconf 76' lang='lat' dir='ltr'><strong>profiteatur,</strong></span> <span class='ocrx_word' id='word_1_539' title='bbox 1506 4445 1792 4501; x_wconf 91' lang='lat' dir='ltr'><strong>absolutus</strong></span> <span class='ocrx_word' id='word_1_540' title='bbox 1822 4446 1941 4501; x_wconf 86' lang='lat' dir='ltr'><strong>exi-</strong></span> 
     </span>
    </p>
   </div>
   <div class='ocr_carea' id='block_1_76' title="bbox 324 4535 1945 4608">
    <p class='ocr_par' dir='ltr' id='par_1_76' title="bbox 324 4535 1945 4608">
     <span class='ocr_line' id='line_1_76' title="bbox 324 4535 1945 4608; baseline 0.001 -20"><span class='ocrx_word' id='word_1_541' title='bbox 324 4542 451 4589; x_wconf 89' lang='lat' dir='ltr'><strong>stat.</strong></span> <span class='ocrx_word' id='word_1_542' title='bbox 497 4536 786 4607; x_wconf 86' lang='lat' dir='ltr'><strong>Sigloardo</strong></span> <span class='ocrx_word' id='word_1_543' title='bbox 816 4536 1321 4608; x_wconf 89' lang='lat' dir='ltr'><strong>archipresbytero,</strong></span> <span class='ocrx_word' id='word_1_544' title='bbox 1352 4535 1593 4591; x_wconf 88' lang='lat' dir='ltr'><strong>Ansoldo</strong></span> <span class='ocrx_word' id='word_1_545' title='bbox 1625 4551 1867 4606; x_wconf 91' lang='lat' dir='ltr'><strong>quoque,</strong></span> <span class='ocrx_word' id='word_1_546' title='bbox 1892 4542 1945 4589; x_wconf 88' lang='lat' dir='ltr'><strong>et</strong></span> 
     </span>
    </p>
   </div>
   <div class='ocr_carea' id='block_1_77' title="bbox 2041 3350 3670 3423">
    <p class='ocr_par' dir='ltr' id='par_1_77' title="bbox 2041 3350 3670 3423">
     <span class='ocr_line' id='line_1_77' title="bbox 2041 3350 3670 3423; baseline -0.005 -10"><span class='ocrx_word' id='word_1_547' title='bbox 2041 3358 2138 3413; x_wconf 91' lang='lat' dir='ltr'><strong>Dei</strong></span> <span class='ocrx_word' id='word_1_548' title='bbox 2170 3366 2224 3412; x_wconf 91' lang='lat' dir='ltr'><strong>et</strong></span> <span class='ocrx_word' id='word_1_549' title='bbox 2263 3371 2542 3411; x_wconf 90' lang='lat' dir='ltr'><strong>sacrorum</strong></span> <span class='ocrx_word' id='word_1_550' title='bbox 2582 3369 2856 3409; x_wconf 91' lang='lat' dir='ltr'><strong>canonum</strong></span> <span class='ocrx_word' id='word_1_551' title='bbox 2897 3352 3245 3418; x_wconf 88' lang='lat' dir='ltr'><strong>auctoritate,</strong></span> <span class='ocrx_word' id='word_1_552' title='bbox 3296 3350 3553 3423; x_wconf 88' lang='lat' dir='ltr'><strong>regisque</strong></span> <span class='ocrx_word' id='word_1_553' title='bbox 3602 3365 3670 3405; x_wconf 89' lang='lat' dir='ltr'><strong>ac</strong></span> 
     </span>
    </p>
   </div>
   <div class='ocr_carea' id='block_1_78' title="bbox 2040 3441 3670 3521">
    <p class='ocr_par' dir='ltr' id='par_1_78' title="bbox 2040 3441 3670 3521">
     <span class='ocr_line' id='line_1_78' title="bbox 2040 3441 3670 3521; baseline -0.006 -17"><span class='ocrx_word' id='word_1_554' title='bbox 2040 3449 2293 3521; x_wconf 63' lang='lat' dir='ltr'><strong>praesulis</strong></span> <span class='ocrx_word' id='word_1_555' title='bbox 2324 3447 2809 3513; x_wconf 88' lang='lat' dir='ltr'><strong>interdictione,ut</strong></span> <span class='ocrx_word' id='word_1_556' title='bbox 2840 3461 3004 3499; x_wconf 91' lang='lat' dir='ltr'><strong>nemo</strong></span> <span class='ocrx_word' id='word_1_557' title='bbox 3038 3443 3139 3513; x_wconf 89' lang='lat' dir='ltr'><strong>ipsi</strong></span> <span class='ocrx_word' id='word_1_558' title='bbox 3167 3443 3494 3513; x_wconf 88' lang='lat' dir='ltr'><strong>presbytero</strong></span> <span class='ocrx_word' id='word_1_559' title='bbox 3521 3441 3670 3495; x_wconf 89' lang='lat' dir='ltr'><strong>ullas</strong></span> 
     </span>
    </p>
   </div>
   <div class='ocr_carea' id='block_1_79' title="bbox 2043 3532 3668 3611">
    <p class='ocr_par' dir='ltr' id='par_1_79' title="bbox 2043 3532 3668 3611">
     <span class='ocr_line' id='line_1_79' title="bbox 2043 3532 3668 3611; baseline -0.006 -16"><span class='ocrx_word' id='word_1_560' title='bbox 2043 3542 2273 3596; x_wconf 88' lang='lat' dir='ltr'><strong>insidias</strong></span> <span class='ocrx_word' id='word_1_561' title='bbox 2324 3549 2614 3611; x_wconf 52' lang='lat' dir='ltr'><strong>pratparet,</strong></span> <span class='ocrx_word' id='word_1_562' title='bbox 2646 3545 2740 3592; x_wconf 91' lang='lat' dir='ltr'><strong>aut</strong></span> <span class='ocrx_word' id='word_1_563' title='bbox 2791 3537 3031 3607; x_wconf 87' lang='lat' dir='ltr'><strong>aliquam</strong></span> <span class='ocrx_word' id='word_1_564' title='bbox 3090 3534 3415 3590; x_wconf 85' lang='lat' dir='ltr'><strong>violenciam</strong></span> <span class='ocrx_word' id='word_1_565' title='bbox 3452 3532 3668 3598; x_wconf 89' lang='lat' dir='ltr'><strong>faciat;</strong></span> 
     </span>
    </p>
   </div>
   <div class='ocr_carea' id='block_1_80' title="bbox 2041 3625 3669 3700">
    <p class='ocr_par' dir='ltr' id='par_1_80' title="bbox 2041 3625 3669 3700">
     <span class='ocr_line' id='line_1_80' title="bbox 2041 3625 3669 3700; baseline -0.007 -11"><span class='ocrx_word' id='word_1_566' title='bbox 2041 3634 2139 3689; x_wconf 92' lang='lat' dir='ltr'><strong>sed</strong></span> <span class='ocrx_word' id='word_1_567' title='bbox 2171 3649 2274 3688; x_wconf 91' lang='lat' dir='ltr'><strong>nec</strong></span> <span class='ocrx_word' id='word_1_568' title='bbox 2321 3632 2443 3700; x_wconf 90' lang='lat' dir='ltr'><strong>ejus</strong></span> <span class='ocrx_word' id='word_1_569' title='bbox 2472 3629 2888 3687; x_wconf 89' lang='lat' dir='ltr'><strong>accusatoribus</strong></span> <span class='ocrx_word' id='word_1_570' title='bbox 2935 3629 3019 3683; x_wconf 90' lang='lat' dir='ltr'><strong>vel</strong></span> <span class='ocrx_word' id='word_1_571' title='bbox 3063 3626 3322 3693; x_wconf 87' lang='lat' dir='ltr'><strong>testibus,</strong></span> <span class='ocrx_word' id='word_1_572' title='bbox 3356 3625 3536 3680; x_wconf 91' lang='lat' dir='ltr'><strong>donec</strong></span> <span class='ocrx_word' id='word_1_573' title='bbox 3563 3625 3669 3679; x_wconf 88' lang='lat' dir='ltr'><strong>ista</strong></span> 
     </span>
    </p>
   </div>
   <div class='ocr_carea' id='block_1_81' title="bbox 2042 3713 3669 3795">
    <p class='ocr_par' dir='ltr' id='par_1_81' title="bbox 2042 3713 3669 3795">
     <span class='ocr_line' id='line_1_81' title="bbox 2042 3713 3669 3795; baseline -0.007 -18"><span class='ocrx_word' id='word_1_574' title='bbox 2042 3739 2209 3777; x_wconf 89' lang='lat' dir='ltr'><strong>causa</strong></span> <span class='ocrx_word' id='word_1_575' title='bbox 2257 3721 2491 3795; x_wconf 88' lang='lat' dir='ltr'><strong>legalem</strong></span> <span class='ocrx_word' id='word_1_576' title='bbox 2550 3718 2944 3774; x_wconf 82' lang='lat' dir='ltr'><strong>diffinitionem</strong></span> <span class='ocrx_word' id='word_1_577' title='bbox 3003 3714 3275 3786; x_wconf 89' lang='lat' dir='ltr'><strong>accipiat,</strong></span> <span class='ocrx_word' id='word_1_578' title='bbox 3332 3713 3669 3785; x_wconf 69' lang='lat' dir='ltr'><strong>praecipiens</strong></span> 
     </span>
    </p>
   </div>
   <div class='ocr_carea' id='block_1_82' title="bbox 2042 3803 3667 3882">
    <p class='ocr_par' dir='ltr' id='par_1_82' title="bbox 2042 3803 3667 3882">
     <span class='ocr_line' id='line_1_82' title="bbox 2042 3803 3667 3882; baseline -0.006 -17"><span class='ocrx_word' id='word_1_579' title='bbox 2042 3812 2205 3867; x_wconf 90' lang='lat' dir='ltr'><strong>etiam</strong></span> <span class='ocrx_word' id='word_1_580' title='bbox 2238 3811 2387 3882; x_wconf 93' lang='lat' dir='ltr'><strong>quod</strong></span> <span class='ocrx_word' id='word_1_581' title='bbox 2418 3809 2538 3864; x_wconf 82' lang='lat' dir='ltr'><strong>fieri</strong></span> <span class='ocrx_word' id='word_1_582' title='bbox 2573 3809 2801 3863; x_wconf 88' lang='lat' dir='ltr'><strong>deberet</strong></span> <span class='ocrx_word' id='word_1_583' title='bbox 2832 3807 2899 3861; x_wconf 90' lang='lat' dir='ltr'><strong>de</strong></span> <span class='ocrx_word' id='word_1_584' title='bbox 2940 3805 3048 3859; x_wconf 92' lang='lat' dir='ltr'><strong>illis</strong></span> <span class='ocrx_word' id='word_1_585' title='bbox 3078 3804 3418 3871; x_wconf 90' lang='lat' dir='ltr'><strong>hominibus,</strong></span> <span class='ocrx_word' id='word_1_586' title='bbox 3450 3803 3546 3874; x_wconf 88' lang='lat' dir='ltr'><strong>qui</strong></span> <span class='ocrx_word' id='word_1_587' title='bbox 3574 3803 3667 3857; x_wconf 90' lang='lat' dir='ltr'><strong>al-</strong></span> 
     </span>
    </p>
   </div>
   <div class='ocr_carea' id='block_1_83' title="bbox 2045 3896 3670 3974">
    <p class='ocr_par' dir='ltr' id='par_1_83' title="bbox 2045 3896 3670 3974">
     <span class='ocr_line' id='line_1_83' title="bbox 2045 3896 3670 3974; baseline -0.006 -15"><span class='ocrx_word' id='word_1_588' title='bbox 2045 3912 2157 3959; x_wconf 90' lang='lat' dir='ltr'><strong>tera</strong></span> <span class='ocrx_word' id='word_1_589' title='bbox 2214 3904 2355 3969; x_wconf 88' lang='lat' dir='ltr'><strong>vice,</strong></span> <span class='ocrx_word' id='word_1_590' title='bbox 2387 3902 2610 3974; x_wconf 89' lang='lat' dir='ltr'><strong>quando</strong></span> <span class='ocrx_word' id='word_1_591' title='bbox 2661 3901 2780 3971; x_wconf 87' lang='lat' dir='ltr'><strong>ipse</strong></span> <span class='ocrx_word' id='word_1_592' title='bbox 2830 3898 3120 3969; x_wconf 79' lang='lat' dir='ltr'><strong>presbyter</strong></span> <span class='ocrx_word' id='word_1_593' title='bbox 3164 3896 3329 3951; x_wconf 89' lang='lat' dir='ltr'><strong>fuerit</strong></span> <span class='ocrx_word' id='word_1_594' title='bbox 3358 3902 3670 3960; x_wconf 88' lang='lat' dir='ltr'><strong>accusatus,</strong></span> 
     </span>
    </p>
   </div>
   <div class='ocr_carea' id='block_1_84' title="bbox 2036 3983 3668 4063">
    <p class='ocr_par' dir='ltr' id='par_1_84' title="bbox 2036 3983 3668 4063">
     <span class='ocr_line' id='line_1_84' title="bbox 2036 3983 3668 4063; baseline -0.007 -16"><span class='ocrx_word' id='word_1_595' title='bbox 2036 3993 2386 4063; x_wconf 81' lang='lat' dir='ltr'><strong>juraverunt,</strong></span> <span class='ocrx_word' id='word_1_596' title='bbox 2421 3998 2475 4046; x_wconf 86' lang='lat' dir='ltr'><strong>et</strong></span> <span class='ocrx_word' id='word_1_597' title='bbox 2504 4006 2664 4045; x_wconf 92' lang='lat' dir='ltr'><strong>suum</strong></span> <span class='ocrx_word' id='word_1_598' title='bbox 2704 3993 3109 4043; x_wconf 90' lang='lat' dir='ltr'><strong>sacramentum</strong></span> <span class='ocrx_word' id='word_1_599' title='bbox 3136 3985 3349 4054; x_wconf 89' lang='lat' dir='ltr'><strong>judicio</strong></span> <span class='ocrx_word' id='word_1_600' title='bbox 3388 3983 3668 4055; x_wconf 89' lang='lat' dir='ltr'><strong>approba-</strong></span> 
     </span>
    </p>
   </div>
   <div class='ocr_carea' id='block_1_85' title="bbox 2041 4073 3672 4148">
    <p class='ocr_par' dir='ltr' id='par_1_85' title="bbox 2041 4073 3672 4148">
     <span class='ocr_line' id='line_1_85' title="bbox 2041 4073 3672 4148; baseline -0.007 -12"><span class='ocrx_word' id='word_1_601' title='bbox 2041 4087 2264 4147; x_wconf 88' lang='lat' dir='ltr'><strong>verunt,</strong></span> <span class='ocrx_word' id='word_1_602' title='bbox 2298 4088 2430 4135; x_wconf 86' lang='lat' dir='ltr'><strong>tuuc</strong></span> <span class='ocrx_word' id='word_1_603' title='bbox 2459 4087 2641 4134; x_wconf 87' lang='lat' dir='ltr'><strong>autem</strong></span> <span class='ocrx_word' id='word_1_604' title='bbox 2673 4094 2731 4132; x_wconf 91' lang='lat' dir='ltr'><strong>se</strong></span> <span class='ocrx_word' id='word_1_605' title='bbox 2764 4077 3072 4148; x_wconf 90' lang='lat' dir='ltr'><strong>perjurasse</strong></span> <span class='ocrx_word' id='word_1_606' title='bbox 3103 4074 3381 4128; x_wconf 90' lang='lat' dir='ltr'><strong>dicebant.</strong></span> <span class='ocrx_word' id='word_1_607' title='bbox 3416 4073 3490 4127; x_wconf 92' lang='lat' dir='ltr'><strong>De</strong></span> <span class='ocrx_word' id='word_1_608' title='bbox 3520 4082 3672 4126; x_wconf 92' lang='lat' dir='ltr'><strong>terra</strong></span> 
     </span>
    </p>
   </div>
   <div class='ocr_carea' id='block_1_86' title="bbox 2042 4160 3667 4241">
    <p class='ocr_par' dir='ltr' id='par_1_86' title="bbox 2042 4160 3667 4241">
     <span class='ocr_line' id='line_1_86' title="bbox 2042 4160 3667 4241; baseline -0.007 -16"><span class='ocrx_word' id='word_1_609' title='bbox 2042 4185 2266 4241; x_wconf 87' lang='lat' dir='ltr'><strong>quoque</strong></span> <span class='ocrx_word' id='word_1_610' title='bbox 2299 4167 2556 4223; x_wconf 66' lang='lat' dir='ltr'><strong>Ecclesiae</strong></span> <span class='ocrx_word' id='word_1_611' title='bbox 2579 4166 2906 4238; x_wconf 89' lang='lat' dir='ltr'><strong>pertinenti,</strong></span> <span class='ocrx_word' id='word_1_612' title='bbox 2935 4165 3080 4217; x_wconf 90' lang='lat' dir='ltr'><strong>unde</strong></span> <span class='ocrx_word' id='word_1_613' title='bbox 3112 4160 3393 4217; x_wconf 92' lang='lat' dir='ltr'><strong>contentio</strong></span> <span class='ocrx_word' id='word_1_614' title='bbox 3423 4160 3667 4214; x_wconf 85' lang='lat' dir='ltr'><strong>ventila-</strong></span> 
     </span>
    </p>
   </div>
   <div class='ocr_carea' id='block_1_87' title="bbox 2042 4252 3668 4329">
    <p class='ocr_par' dir='ltr' id='par_1_87' title="bbox 2042 4252 3668 4329">
     <span class='ocr_line' id='line_1_87' title="bbox 2042 4252 3668 4329; baseline -0.007 -14"><span class='ocrx_word' id='word_1_615' title='bbox 2042 4262 2204 4317; x_wconf 87' lang='lat' dir='ltr'><strong>batur</strong></span> <span class='ocrx_word' id='word_1_616' title='bbox 2233 4261 2377 4316; x_wconf 90' lang='lat' dir='ltr'><strong>inter</strong></span> <span class='ocrx_word' id='word_1_617' title='bbox 2403 4260 2660 4315; x_wconf 90' lang='lat' dir='ltr'><strong>comitem</strong></span> <span class='ocrx_word' id='word_1_618' title='bbox 2710 4265 2763 4312; x_wconf 92' lang='lat' dir='ltr'><strong>et</strong></span> <span class='ocrx_word' id='word_1_619' title='bbox 2792 4257 3199 4329; x_wconf 89' lang='lat' dir='ltr'><strong>presbyterum,</strong></span> <span class='ocrx_word' id='word_1_620' title='bbox 3238 4253 3367 4325; x_wconf 91' lang='lat' dir='ltr'><strong>quia</strong></span> <span class='ocrx_word' id='word_1_621' title='bbox 3410 4252 3531 4306; x_wconf 86' lang='lat' dir='ltr'><strong>ﬁeri</strong></span> <span class='ocrx_word' id='word_1_622' title='bbox 3563 4252 3668 4306; x_wconf 92' lang='lat' dir='ltr'><strong>de-</strong></span> 
     </span>
    </p>
   </div>
   <div class='ocr_carea' id='block_1_88' title="bbox 2044 4344 3671 4422">
    <p class='ocr_par' dir='ltr' id='par_1_88' title="bbox 2044 4344 3671 4422">
     <span class='ocr_line' id='line_1_88' title="bbox 2044 4344 3671 4422; baseline -0.006 -15"><span class='ocrx_word' id='word_1_623' title='bbox 2044 4354 2223 4421; x_wconf 90' lang='lat' dir='ltr'><strong>beret,</strong></span> <span class='ocrx_word' id='word_1_624' title='bbox 2254 4361 2309 4407; x_wconf 90' lang='lat' dir='ltr'><strong>et</strong></span> <span class='ocrx_word' id='word_1_625' title='bbox 2331 4360 2390 4407; x_wconf 89' lang='lat' dir='ltr'><strong>ut</strong></span> <span class='ocrx_word' id='word_1_626' title='bbox 2418 4352 2507 4406; x_wconf 91' lang='lat' dir='ltr'><strong>his</strong></span> <span class='ocrx_word' id='word_1_627' title='bbox 2537 4367 2658 4422; x_wconf 75' lang='lat' dir='ltr'><strong>qua:</strong></span> <span class='ocrx_word' id='word_1_628' title='bbox 2685 4349 2985 4405; x_wconf 90' lang='lat' dir='ltr'><strong>mandabat</strong></span> <span class='ocrx_word' id='word_1_629' title='bbox 3014 4362 3221 4413; x_wconf 89' lang='lat' dir='ltr'><strong>comes,</strong></span> <span class='ocrx_word' id='word_1_630' title='bbox 3251 4344 3535 4400; x_wconf 85' lang='lat' dir='ltr'><strong>obediret:</strong></span> <span class='ocrx_word' id='word_1_631' title='bbox 3570 4352 3671 4398; x_wconf 89' lang='lat' dir='ltr'><strong>aut</strong></span> 
     </span>
    </p>
   </div>
   <div class='ocr_carea' id='block_1_89' title="bbox 2044 4431 3672 4511">
    <p class='ocr_par' dir='ltr' id='par_1_89' title="bbox 2044 4431 3672 4511">
     <span class='ocr_line' id='line_1_89' title="bbox 2044 4431 3672 4511; baseline -0.006 -16"><span class='ocrx_word' id='word_1_632' title='bbox 2044 4441 2091 4495; x_wconf 91' lang='lat' dir='ltr'><strong>si</strong></span> <span class='ocrx_word' id='word_1_633' title='bbox 2126 4441 2318 4507; x_wconf 89' lang='lat' dir='ltr'><strong>nollet,</strong></span> <span class='ocrx_word' id='word_1_634' title='bbox 2351 4440 2585 4511; x_wconf 87' lang='lat' dir='ltr'><strong>proinde</strong></span> <span class='ocrx_word' id='word_1_635' title='bbox 2622 4440 2689 4493; x_wconf 91' lang='lat' dir='ltr'><strong>ad</strong></span> <span class='ocrx_word' id='word_1_636' title='bbox 2720 4438 2983 4510; x_wconf 87' lang='lat' dir='ltr'><strong>placitum</strong></span> <span class='ocrx_word' id='word_1_637' title='bbox 3015 4451 3201 4491; x_wconf 91' lang='lat' dir='ltr'><strong>coram</strong></span> <span class='ocrx_word' id='word_1_638' title='bbox 3230 4449 3358 4506; x_wconf 90' lang='lat' dir='ltr'><strong>rege</strong></span> <span class='ocrx_word' id='word_1_639' title='bbox 3391 4443 3445 4487; x_wconf 94' lang='lat' dir='ltr'><strong>et</strong></span> <span class='ocrx_word' id='word_1_640' title='bbox 3485 4431 3672 4487; x_wconf 86' lang='lat' dir='ltr'><strong>ﬁdeli-</strong></span> 
     </span>
    </p>
   </div>
   <div class='ocr_carea' id='block_1_90' title="bbox 2045 4524 3673 4603">
    <p class='ocr_par' dir='ltr' id='par_1_90' title="bbox 2045 4524 3673 4603">
     <span class='ocr_line' id='line_1_90' title="bbox 2045 4524 3673 4603; baseline -0.006 -15"><span class='ocrx_word' id='word_1_641' title='bbox 2045 4533 2152 4588; x_wconf 89' lang='lat' dir='ltr'><strong>bus</strong></span> <span class='ocrx_word' id='word_1_642' title='bbox 2182 4534 2375 4603; x_wconf 91' lang='lat' dir='ltr'><strong>ipsius,</strong></span> <span class='ocrx_word' id='word_1_643' title='bbox 2400 4540 2508 4587; x_wconf 89' lang='lat' dir='ltr'><strong>tam</strong></span> <span class='ocrx_word' id='word_1_644' title='bbox 2533 4531 2841 4602; x_wconf 86' lang='lat' dir='ltr'><strong>episcopis,</strong></span> <span class='ocrx_word' id='word_1_645' title='bbox 2864 4545 3028 4601; x_wconf 90' lang='lat' dir='ltr'><strong>quam</strong></span> <span class='ocrx_word' id='word_1_646' title='bbox 3060 4528 3214 4582; x_wconf 85' lang='lat' dir='ltr'><strong>laicis</strong></span> <span class='ocrx_word' id='word_1_647' title='bbox 3241 4525 3475 4580; x_wconf 83' lang='lat' dir='ltr'><strong>veniret.</strong></span> <span class='ocrx_word' id='word_1_648' title='bbox 3511 4524 3673 4589; x_wconf 85' lang='lat' dir='ltr'><strong>Quod</strong></span> 
     </span>
    </p>
   </div>
   <div class='ocr_carea' id='block_1_91' title="bbox 329 4613 3675 4723">
    <p class='ocr_par' dir='ltr' id='par_1_91' title="bbox 329 4613 3675 4723">
     <span class='ocr_line' id='line_1_91' title="bbox 329 4613 3675 4723; baseline -0.004 -46"><span class='ocrx_word' id='word_1_649' title='bbox 329 4625 545 4679; x_wconf 65' lang='lat' dir='ltr'><strong>caeteris</strong></span> <span class='ocrx_word' id='word_1_650' title='bbox 603 4627 956 4697; x_wconf 90' lang='lat' dir='ltr'><strong>quibusdam,</strong></span> <span class='ocrx_word' id='word_1_651' title='bbox 1008 4642 1148 4698; x_wconf 90' lang='lat' dir='ltr'><strong>quos</strong></span> <span class='ocrx_word' id='word_1_652' title='bbox 1186 4625 1600 4696; x_wconf 88' lang='lat' dir='ltr'><strong>inquisitionem</strong></span> <span class='ocrx_word' id='word_1_653' title='bbox 1646 4624 1827 4680; x_wconf 87' lang='lat' dir='ltr'><strong>facere</strong></span> <span class='ocrx_word' id='word_1_654' title='bbox 1873 4624 1943 4679; x_wconf 90' lang='lat' dir='ltr'><strong>de</strong></span> <span class='ocrx_word' id='word_1_655' title='bbox 1965 4655 2023 4723; x_wconf 85' lang='lat' dir='ltr'><strong>D</strong></span> <span class='ocrx_word' id='word_1_656' title='bbox 2048 4623 2093 4677; x_wconf 92' lang='lat' dir='ltr'><strong>si</strong></span> <span class='ocrx_word' id='word_1_657' title='bbox 2122 4622 2411 4694; x_wconf 87' lang='lat' dir='ltr'><strong>presbyter</strong></span> <span class='ocrx_word' id='word_1_658' title='bbox 2438 4621 2563 4674; x_wconf 91' lang='lat' dir='ltr'><strong>aliis</strong></span> <span class='ocrx_word' id='word_1_659' title='bbox 2580 4618 2975 4675; x_wconf 88' lang='lat' dir='ltr'><strong>obedientibus</strong></span> <span class='ocrx_word' id='word_1_660' title='bbox 3003 4615 3235 4671; x_wconf 90' lang='lat' dir='ltr'><strong>obedire</strong></span> <span class='ocrx_word' id='word_1_661' title='bbox 3254 4614 3444 4681; x_wconf 78' lang='lat' dir='ltr'><strong>nollet,</strong></span> <span class='ocrx_word' id='word_1_662' title='bbox 3478 4613 3547 4666; x_wconf 93' lang='lat' dir='ltr'><strong>ad</strong></span> <span class='ocrx_word' id='word_1_663' title='bbox 3562 4630 3675 4723; x_wconf 53' lang='lat' dir='ltr'><strong>‘sy-</strong></span> 
     </span>
    </p>
   </div>
   <div class='ocr_carea' id='block_1_92' title="bbox 329 4718 1943 4791">
    <p class='ocr_par' dir='ltr' id='par_1_92' title="bbox 329 4718 1943 4791">
     <span class='ocr_line' id='line_1_92' title="bbox 329 4718 1943 4791; baseline 0 -20"><span class='ocrx_word' id='word_1_664' title='bbox 329 4718 570 4788; x_wconf 90' lang='lat' dir='ltr'><strong>quodam</strong></span> <span class='ocrx_word' id='word_1_665' title='bbox 605 4719 925 4791; x_wconf 87' lang='lat' dir='ltr'><strong>presbytero</strong></span> <span class='ocrx_word' id='word_1_666' title='bbox 961 4720 1197 4788; x_wconf 78' lang='lat' dir='ltr'><strong>iusserat</strong></span> <span class='ocrx_word' id='word_1_667' title='bbox 1231 4737 1244 4773; x_wconf 91' lang='lat'>:</span> <span class='ocrx_word' id='word_1_668' title='bbox 1276 4718 1482 4790; x_wconf 91' lang='lat' dir='ltr'><strong>quibus</strong></span> <span class='ocrx_word' id='word_1_669' title='bbox 1514 4720 1663 4774; x_wconf 91' lang='lat' dir='ltr'><strong>hunc</strong></span> <span class='ocrx_word' id='word_1_670' title='bbox 1690 4718 1943 4774; x_wconf 92' lang='lat' dir='ltr'><strong>ordinem</strong></span> 
     </span>
    </p>
   </div>
   <div class='ocr_carea' id='block_1_93' title="bbox 330 4811 1943 4886">
    <p class='ocr_par' dir='ltr' id='par_1_93' title="bbox 330 4811 1943 4886">
     <span class='ocr_line' id='line_1_93' title="bbox 330 4811 1943 4886; baseline 0.001 -21"><span class='ocrx_word' id='word_1_671' title='bbox 330 4811 387 4866; x_wconf 92' lang='lat' dir='ltr'><strong>in</strong></span> <span class='ocrx_word' id='word_1_672' title='bbox 421 4813 614 4867; x_wconf 90' lang='lat' dir='ltr'><strong>eadem</strong></span> <span class='ocrx_word' id='word_1_673' title='bbox 658 4814 1019 4885; x_wconf 89' lang='lat' dir='ltr'><strong>inquisitione</strong></span> <span class='ocrx_word' id='word_1_674' title='bbox 1051 4822 1240 4870; x_wconf 89' lang='lat' dir='ltr'><strong>tenere</strong></span> <span class='ocrx_word' id='word_1_675' title='bbox 1269 4815 1541 4886; x_wconf 70' lang='lat' dir='ltr'><strong>praecipit,</strong></span> <span class='ocrx_word' id='word_1_676' title='bbox 1570 4823 1629 4869; x_wconf 90' lang='lat' dir='ltr'><strong>ut</strong></span> <span class='ocrx_word' id='word_1_677' title='bbox 1657 4812 1943 4885; x_wconf 88' lang='lat' dir='ltr'><strong>quoniam,</strong></span> 
     </span>
    </p>
   </div>
   <div class='ocr_carea' id='block_1_94' title="bbox 327 4901 1950 4975">
    <p class='ocr_par' dir='ltr' id='par_1_94' title="bbox 327 4901 1950 4975">
     <span class='ocr_line' id='line_1_94' title="bbox 327 4901 1950 4975; baseline 0.001 -22"><span class='ocrx_word' id='word_1_678' title='bbox 327 4901 575 4956; x_wconf 89' lang='lat' dir='ltr'><strong>audierat</strong></span> <span class='ocrx_word' id='word_1_679' title='bbox 621 4901 877 4957; x_wconf 89' lang='lat' dir='ltr'><strong>eumdem</strong></span> <span class='ocrx_word' id='word_1_680' title='bbox 918 4903 1300 4974; x_wconf 89' lang='lat' dir='ltr'><strong>presbyterum</strong></span> <span class='ocrx_word' id='word_1_681' title='bbox 1331 4903 1445 4957; x_wconf 89' lang='lat' dir='ltr'><strong>suis</strong></span> <span class='ocrx_word' id='word_1_682' title='bbox 1484 4902 1818 4975; x_wconf 92' lang='lat' dir='ltr'><strong>quibusdam</strong></span> <span class='ocrx_word' id='word_1_683' title='bbox 1867 4901 1950 4954; x_wconf 91' lang='lat' dir='ltr'><strong>fa-</strong></span> 
     </span>
    </p>
   </div>
   <div class='ocr_carea' id='block_1_95' title="bbox 329 4992 1947 5069">
    <p class='ocr_par' dir='ltr' id='par_1_95' title="bbox 329 4992 1947 5069">
     <span class='ocr_line' id='line_1_95' title="bbox 329 4992 1947 5069; baseline -0.001 -23"><span class='ocrx_word' id='word_1_684' title='bbox 329 4993 628 5049; x_wconf 88' lang='lat' dir='ltr'><strong>cultatibus</strong></span> <span class='ocrx_word' id='word_1_685' title='bbox 657 5002 851 5049; x_wconf 90' lang='lat' dir='ltr'><strong>contra</strong></span> <span class='ocrx_word' id='word_1_686' title='bbox 897 4995 1048 5069; x_wconf 89' lang='lat' dir='ltr'><strong>leges</strong></span> <span class='ocrx_word' id='word_1_687' title='bbox 1104 4994 1497 5065; x_wconf 87' lang='lat' dir='ltr'><strong>exspoliatum,</strong></span> <span class='ocrx_word' id='word_1_688' title='bbox 1542 4994 1659 5048; x_wconf 85' lang='lat' dir='ltr'><strong>suis</strong></span> <span class='ocrx_word' id='word_1_689' title='bbox 1687 4992 1947 5048; x_wconf 90' lang='lat' dir='ltr'><strong>omnibus</strong></span> 
     </span>
    </p>
   </div>
   <div class='ocr_carea' id='block_1_96' title="bbox 331 5085 1947 5158">
    <p class='ocr_par' dir='ltr' id='par_1_96' title="bbox 331 5085 1947 5158">
     <span class='ocr_line' id='line_1_96' title="bbox 331 5085 1947 5158; baseline 0 -20"><span class='ocrx_word' id='word_1_690' title='bbox 331 5086 703 5152; x_wconf 89' lang='lat' dir='ltr'><strong>revestiretur,</strong></span> <span class='ocrx_word' id='word_1_691' title='bbox 722 5094 1017 5158; x_wconf 90' lang='lat' dir='ltr'><strong>antequam</strong></span> <span class='ocrx_word' id='word_1_692' title='bbox 1036 5087 1152 5141; x_wconf 92' lang='lat' dir='ltr'><strong>suis</strong></span> <span class='ocrx_word' id='word_1_693' title='bbox 1173 5085 1589 5142; x_wconf 88' lang='lat' dir='ltr'><strong>accusatoribus</strong></span> <span class='ocrx_word' id='word_1_694' title='bbox 1606 5085 1947 5155; x_wconf 89' lang='lat' dir='ltr'><strong>respondere</strong></span> 
     </span>
    </p>
   </div>
   <div class='ocr_carea' id='block_1_97' title="bbox 330 5176 1949 5254">
    <p class='ocr_par' dir='ltr' id='par_1_97' title="bbox 330 5176 1949 5254">
     <span class='ocr_line' id='line_1_97' title="bbox 330 5176 1949 5254; baseline -0.001 -23"><span class='ocrx_word' id='word_1_695' title='bbox 330 5183 639 5249; x_wconf 84' lang='lat' dir='ltr'><strong>cogeretur,</strong></span> <span class='ocrx_word' id='word_1_696' title='bbox 675 5196 744 5234; x_wconf 93' lang='lat' dir='ltr'><strong>ne</strong></span> <span class='ocrx_word' id='word_1_697' title='bbox 775 5186 967 5235; x_wconf 89' lang='lat' dir='ltr'><strong>contra</strong></span> <span class='ocrx_word' id='word_1_698' title='bbox 1010 5178 1189 5254; x_wconf 90' lang='lat' dir='ltr'><strong>legem</strong></span> <span class='ocrx_word' id='word_1_699' title='bbox 1221 5178 1399 5245; x_wconf 89' lang='lat' dir='ltr'><strong>fieret,</strong></span> <span class='ocrx_word' id='word_1_700' title='bbox 1432 5185 1487 5233; x_wconf 90' lang='lat' dir='ltr'><strong>et</strong></span> <span class='ocrx_word' id='word_1_701' title='bbox 1517 5178 1638 5248; x_wconf 91' lang='lat' dir='ltr'><strong>ipse</strong></span> <span class='ocrx_word' id='word_1_702' title='bbox 1670 5176 1869 5247; x_wconf 85' lang='lat' dir='ltr'><strong>praesul</strong></span> <span class='ocrx_word' id='word_1_703' title='bbox 1918 5192 1949 5229; x_wconf 90' lang='lat' dir='ltr'><strong>a</strong></span> 
     </span>
    </p>
   </div>
   <div class='ocr_carea' id='block_1_98' title="bbox 329 5265 1948 5341">
    <p class='ocr_par' dir='ltr' id='par_1_98' title="bbox 329 5265 1948 5341">
     <span class='ocr_line' id='line_1_98' title="bbox 329 5265 1948 5341; baseline 0 -22"><span class='ocrx_word' id='word_1_704' title='bbox 329 5265 654 5336; x_wconf 87' lang='lat' dir='ltr'><strong>presbytero</strong></span> <span class='ocrx_word' id='word_1_705' title='bbox 683 5267 861 5341; x_wconf 88' lang='lat' dir='ltr'><strong>legem</strong></span> <span class='ocrx_word' id='word_1_706' title='bbox 883 5268 1152 5335; x_wconf 91' lang='lat' dir='ltr'><strong>tollendo,</strong></span> <span class='ocrx_word' id='word_1_707' title='bbox 1184 5268 1435 5322; x_wconf 90' lang='lat' dir='ltr'><strong>eamdem</strong></span> <span class='ocrx_word' id='word_1_708' title='bbox 1464 5281 1687 5338; x_wconf 91' lang='lat' dir='ltr'><strong>quoque</strong></span> <span class='ocrx_word' id='word_1_709' title='bbox 1717 5266 1824 5320; x_wconf 90' lang='lat' dir='ltr'><strong>sibi</strong></span> <span class='ocrx_word' id='word_1_710' title='bbox 1845 5281 1948 5320; x_wconf 89' lang='lat' dir='ltr'><strong>au-</strong></span> 
     </span>
    </p>
   </div>
   <div class='ocr_carea' id='block_1_99' title="bbox 333 5356 1949 5430">
    <p class='ocr_par' dir='ltr' id='par_1_99' title="bbox 333 5356 1949 5430">
     <span class='ocr_line' id='line_1_99' title="bbox 333 5356 1949 5430; baseline 0.002 -21"><span class='ocrx_word' id='word_1_711' title='bbox 333 5356 538 5423; x_wconf 89' lang='lat' dir='ltr'><strong>ferret;</strong></span> <span class='ocrx_word' id='word_1_712' title='bbox 570 5360 896 5430; x_wconf 77' lang='lat' dir='ltr'><strong>praecipiens</strong></span> <span class='ocrx_word' id='word_1_713' title='bbox 925 5361 1090 5415; x_wconf 91' lang='lat' dir='ltr'><strong>etiam</strong></span> <span class='ocrx_word' id='word_1_714' title='bbox 1119 5402 1132 5428; x_wconf 96' lang='lat'><strong>,</strong></span> <span class='ocrx_word' id='word_1_715' title='bbox 1175 5368 1234 5415; x_wconf 91' lang='lat' dir='ltr'><strong>ut</strong></span> <span class='ocrx_word' id='word_1_716' title='bbox 1267 5360 1314 5414; x_wconf 94' lang='lat' dir='ltr'><strong>si</strong></span> <span class='ocrx_word' id='word_1_717' title='bbox 1346 5376 1533 5416; x_wconf 87' lang='lat' dir='ltr'><strong>comes</strong></span> <span class='ocrx_word' id='word_1_718' title='bbox 1564 5359 1683 5429; x_wconf 90' lang='lat' dir='ltr'><strong>ipse</strong></span> <span class='ocrx_word' id='word_1_719' title='bbox 1720 5358 1949 5429; x_wconf 88' lang='lat' dir='ltr'><strong>presby-</strong></span> 
     </span>
    </p>
   </div>
   <div class='ocr_carea' id='block_1_100' title="bbox 330 5447 1949 5520">
    <p class='ocr_par' dir='ltr' id='par_1_100' title="bbox 330 5447 1949 5520">
     <span class='ocr_line' id='line_1_100' title="bbox 330 5447 1949 5520; baseline 0 -19"><span class='ocrx_word' id='word_1_720' title='bbox 330 5454 573 5502; x_wconf 91' lang='lat' dir='ltr'><strong>terorum</strong></span> <span class='ocrx_word' id='word_1_721' title='bbox 600 5449 762 5502; x_wconf 89' lang='lat' dir='ltr'><strong>rebus</strong></span> <span class='ocrx_word' id='word_1_722' title='bbox 790 5449 1086 5520; x_wconf 85' lang='lat' dir='ltr'><strong>exspoliari</strong></span> <span class='ocrx_word' id='word_1_723' title='bbox 1111 5450 1377 5518; x_wconf 90' lang='lat' dir='ltr'><strong>jusserat,</strong></span> <span class='ocrx_word' id='word_1_724' title='bbox 1409 5449 1517 5503; x_wconf 89' lang='lat' dir='ltr'><strong>hoc</strong></span> <span class='ocrx_word' id='word_1_725' title='bbox 1541 5447 1621 5502; x_wconf 90' lang='lat' dir='ltr'><strong>illi</strong></span> <span class='ocrx_word' id='word_1_726' title='bbox 1651 5448 1949 5503; x_wconf 91' lang='lat' dir='ltr'><strong>emendare</strong></span> 
     </span>
    </p>
   </div>
   <div class='ocr_carea' id='block_1_101' title="bbox 335 5535 1949 5609">
    <p class='ocr_par' dir='ltr' id='par_1_101' title="bbox 335 5535 1949 5609">
     <span class='ocr_line' id='line_1_101' title="bbox 335 5535 1949 5609; baseline -0.001 -18"><span class='ocrx_word' id='word_1_727' title='bbox 335 5552 434 5608; x_wconf 89' lang='lat' dir='ltr'><strong>per</strong></span> <span class='ocrx_word' id='word_1_728' title='bbox 457 5535 680 5591; x_wconf 84' lang='lat' dir='ltr'><strong>vadium</strong></span> <span class='ocrx_word' id='word_1_729' title='bbox 726 5536 910 5604; x_wconf 88' lang='lat' dir='ltr'><strong>faciat,</strong></span> <span class='ocrx_word' id='word_1_730' title='bbox 943 5538 1247 5609; x_wconf 90' lang='lat' dir='ltr'><strong>disponens</strong></span> <span class='ocrx_word' id='word_1_731' title='bbox 1300 5537 1540 5608; x_wconf 90' lang='lat' dir='ltr'><strong>qualiter</strong></span> <span class='ocrx_word' id='word_1_732' title='bbox 1578 5538 1707 5592; x_wconf 91' lang='lat' dir='ltr'><strong>inde</strong></span> <span class='ocrx_word' id='word_1_733' title='bbox 1738 5536 1848 5592; x_wconf 84' lang='lat' dir='ltr'><strong>ﬁat.</strong></span> <span class='ocrx_word' id='word_1_734' title='bbox 1895 5537 1949 5590; x_wconf 93' lang='lat' dir='ltr'><strong>Si</strong></span> 
     </span>
    </p>
   </div>
   <div class='ocr_carea' id='block_1_102' title="bbox 309 5628 1950 5707">
    <p class='ocr_par' dir='ltr' id='par_1_102' title="bbox 309 5628 1950 5707">
     <span class='ocr_line' id='line_1_102' title="bbox 309 5628 1950 5707; baseline 0 -24"><span class='ocrx_word' id='word_1_735' title='bbox 309 5644 464 5707; x_wconf 39' lang='lat' dir='ltr'><strong>‘vero</strong></span> <span class='ocrx_word' id='word_1_736' title='bbox 496 5629 616 5699; x_wconf 91' lang='lat' dir='ltr'><strong>ipse</strong></span> <span class='ocrx_word' id='word_1_737' title='bbox 647 5644 833 5683; x_wconf 90' lang='lat' dir='ltr'><strong>comes</strong></span> <span class='ocrx_word' id='word_1_738' title='bbox 864 5631 969 5684; x_wconf 88' lang='lat' dir='ltr'><strong>hoc</strong></span> <span class='ocrx_word' id='word_1_739' title='bbox 1010 5629 1130 5685; x_wconf 84' lang='lat' dir='ltr'><strong>ﬁeri</strong></span> <span class='ocrx_word' id='word_1_740' title='bbox 1162 5630 1383 5703; x_wconf 87' lang='lat' dir='ltr'><strong>negavit</strong></span> <span class='ocrx_word' id='word_1_741' title='bbox 1425 5631 1483 5700; x_wconf 79' lang='lat' dir='ltr'><strong>[i,</strong></span> <span class='ocrx_word' id='word_1_742' title='bbox 1525 5646 1637 5685; x_wconf 90' lang='lat' dir='ltr'><strong>non</strong></span> <span class='ocrx_word' id='word_1_743' title='bbox 1694 5628 1950 5703; x_wconf 87' lang='lat' dir='ltr'><strong>rogavit],</strong></span> 
     </span>
    </p>
   </div>
   <div class='ocr_carea' id='block_1_103' title="bbox 334 5720 1954 5792">
    <p class='ocr_par' dir='ltr' id='par_1_103' title="bbox 334 5720 1954 5792">
     <span class='ocr_line' id='line_1_103' title="bbox 334 5720 1954 5792; baseline 0.001 -18"><span class='ocrx_word' id='word_1_744' title='bbox 334 5721 441 5791; x_wconf 90' lang='lat' dir='ltr'><strong>ipsi</strong></span> <span class='ocrx_word' id='word_1_745' title='bbox 473 5720 565 5791; x_wconf 92' lang='lat' dir='ltr'><strong>qui</strong></span> <span class='ocrx_word' id='word_1_746' title='bbox 593 5720 662 5774; x_wconf 92' lang='lat' dir='ltr'><strong>ab</strong></span> <span class='ocrx_word' id='word_1_747' title='bbox 694 5736 761 5776; x_wconf 90' lang='lat' dir='ltr'><strong>eo</strong></span> <span class='ocrx_word' id='word_1_748' title='bbox 808 5736 897 5774; x_wconf 90' lang='lat' dir='ltr'><strong>res</strong></span> <span class='ocrx_word' id='word_1_749' title='bbox 935 5737 1063 5776; x_wconf 87' lang='lat' dir='ltr'><strong>suas</strong></span> <span class='ocrx_word' id='word_1_750' title='bbox 1091 5723 1463 5787; x_wconf 90' lang='lat' dir='ltr'><strong>abstulerunt,</strong></span> <span class='ocrx_word' id='word_1_751' title='bbox 1496 5721 1677 5775; x_wconf 91' lang='lat' dir='ltr'><strong>eidem</strong></span> <span class='ocrx_word' id='word_1_752' title='bbox 1714 5721 1954 5792; x_wconf 85' lang='lat' dir='ltr'><strong>presby-</strong></span> 
     </span>
    </p>
   </div>
   <div class='ocr_carea' id='block_1_104' title="bbox 337 5808 1956 5881">
    <p class='ocr_par' dir='ltr' id='par_1_104' title="bbox 337 5808 1956 5881">
     <span class='ocr_line' id='line_1_104' title="bbox 337 5808 1956 5881; baseline -0.001 -15"><span class='ocrx_word' id='word_1_753' title='bbox 337 5819 456 5866; x_wconf 90' lang='lat' dir='ltr'><strong>tero</strong></span> <span class='ocrx_word' id='word_1_754' title='bbox 529 5808 749 5881; x_wconf 85' lang='lat' dir='ltr'><strong>legibus</strong></span> <span class='ocrx_word' id='word_1_755' title='bbox 798 5810 1147 5878; x_wconf 89' lang='lat' dir='ltr'><strong>emendent,</strong></span> <span class='ocrx_word' id='word_1_756' title='bbox 1212 5811 1282 5864; x_wconf 91' lang='lat' dir='ltr'><strong>de</strong></span> <span class='ocrx_word' id='word_1_757' title='bbox 1350 5811 1678 5881; x_wconf 69' lang='lat' dir='ltr'><strong>pmnitentia</strong></span> <span class='ocrx_word' id='word_1_758' title='bbox 1740 5811 1956 5865; x_wconf 91' lang='lat' dir='ltr'><strong>illorum</strong></span> 
     </span>
    </p>
   </div>
   <div class='ocr_carea' id='block_1_105' title="bbox 338 5897 1959 5972">
    <p class='ocr_par' dir='ltr' id='par_1_105' title="bbox 338 5897 1959 5972">
     <span class='ocr_line' id='line_1_105' title="bbox 338 5897 1959 5972; baseline 0 -18"><span class='ocrx_word' id='word_1_759' title='bbox 338 5901 462 5972; x_wconf 91' lang='lat' dir='ltr'><strong>ipse</strong></span> <span class='ocrx_word' id='word_1_760' title='bbox 517 5898 715 5971; x_wconf 63' lang='lat' dir='ltr'><strong>praesul</strong></span> <span class='ocrx_word' id='word_1_761' title='bbox 767 5897 1137 5968; x_wconf 76' lang='lat' dir='ltr'><strong>disposituras</strong></span> <span class='ocrx_word' id='word_1_762' title='bbox 1186 5900 1494 5953; x_wconf 87' lang='lat' dir='ltr'><strong>secundum</strong></span> <span class='ocrx_word' id='word_1_763' title='bbox 1536 5898 1754 5955; x_wconf 90' lang='lat' dir='ltr'><strong>illorum</strong></span> <span class='ocrx_word' id='word_1_764' title='bbox 1804 5914 1959 5954; x_wconf 90' lang='lat' dir='ltr'><strong>reco-</strong></span> 
     </span>
    </p>
   </div>
   <div class='ocr_carea' id='block_1_106' title="bbox 2049 4706 3671 4784">
    <p class='ocr_par' dir='ltr' id='par_1_106' title="bbox 2049 4706 3671 4784">
     <span class='ocr_line' id='line_1_106' title="bbox 2049 4706 3671 4784; baseline -0.005 -15"><span class='ocrx_word' id='word_1_765' title='bbox 2049 4715 2257 4771; x_wconf 91' lang='lat' dir='ltr'><strong>nodum</strong></span> <span class='ocrx_word' id='word_1_766' title='bbox 2315 4712 2839 4784; x_wconf 85' lang='lat' dir='ltr'><strong>comprovincialem</strong></span> <span class='ocrx_word' id='word_1_767' title='bbox 2920 4708 3187 4766; x_wconf 89' lang='lat' dir='ltr'><strong>canonice</strong></span> <span class='ocrx_word' id='word_1_768' title='bbox 3257 4706 3671 4777; x_wconf 87' lang='lat' dir='ltr'><strong>provocarelur.</strong></span> 
     </span>
    </p>
   </div>
   <div class='ocr_carea' id='block_1_107' title="bbox 2051 4796 3672 4881">
    <p class='ocr_par' dir='ltr' id='par_1_107' title="bbox 2051 4796 3672 4881">
     <span class='ocr_line' id='line_1_107' title="bbox 2051 4796 3672 4881; baseline -0.007 -20"><span class='ocrx_word' id='word_1_769' title='bbox 2051 4809 2180 4863; x_wconf 90' lang='lat' dir='ltr'><strong>ltem</strong></span> <span class='ocrx_word' id='word_1_770' title='bbox 2213 4804 2502 4881; x_wconf 86' lang='lat' dir='ltr'><strong>Sigloardo</strong></span> <span class='ocrx_word' id='word_1_771' title='bbox 2529 4815 2584 4859; x_wconf 92' lang='lat' dir='ltr'><strong>et</strong></span> <span class='ocrx_word' id='word_1_772' title='bbox 2622 4804 2885 4870; x_wconf 88' lang='lat' dir='ltr'><strong>Ansoldo,</strong></span> <span class='ocrx_word' id='word_1_773' title='bbox 2928 4818 3027 4873; x_wconf 89' lang='lat' dir='ltr'><strong>pro</strong></span> <span class='ocrx_word' id='word_1_774' title='bbox 3060 4801 3253 4856; x_wconf 92' lang='lat' dir='ltr'><strong>eadem</strong></span> <span class='ocrx_word' id='word_1_775' title='bbox 3283 4796 3672 4869; x_wconf 87' lang='lat' dir='ltr'><strong>inquisitione,</strong></span> 
     </span>
    </p>
   </div>
   <div class='ocr_carea' id='block_1_108' title="bbox 2048 4885 3674 4965">
    <p class='ocr_par' dir='ltr' id='par_1_108' title="bbox 2048 4885 3674 4965">
     <span class='ocr_line' id='line_1_108' title="bbox 2048 4885 3674 4965; baseline -0.007 -15"><span class='ocrx_word' id='word_1_776' title='bbox 2048 4911 2381 4952; x_wconf 89' lang='lat' dir='ltr'><strong>succensens</strong></span> <span class='ocrx_word' id='word_1_777' title='bbox 2401 4910 2518 4959; x_wconf 90' lang='lat' dir='ltr'><strong>eos,</strong></span> <span class='ocrx_word' id='word_1_778' title='bbox 2545 4894 2693 4965; x_wconf 92' lang='lat' dir='ltr'><strong>quod</strong></span> <span class='ocrx_word' id='word_1_779' title='bbox 2725 4892 3073 4964; x_wconf 88' lang='lat' dir='ltr'><strong>negligenter</strong></span> <span class='ocrx_word' id='word_1_780' title='bbox 3094 4890 3242 4943; x_wconf 88' lang='lat' dir='ltr'><strong>illam</strong></span> <span class='ocrx_word' id='word_1_781' title='bbox 3269 4887 3380 4942; x_wconf 91' lang='lat' dir='ltr'><strong>sint</strong></span> <span class='ocrx_word' id='word_1_782' title='bbox 3400 4885 3674 4954; x_wconf 80' lang='lat' dir='ltr'><strong>exsecuti,</strong></span> 
     </span>
    </p>
   </div>
   <div class='ocr_carea' id='block_1_109' title="bbox 2048 4979 3677 5057">
    <p class='ocr_par' dir='ltr' id='par_1_109' title="bbox 2048 4979 3677 5057">
     <span class='ocr_line' id='line_1_109' title="bbox 2048 4979 3677 5057; baseline -0.007 -12"><span class='ocrx_word' id='word_1_783' title='bbox 2048 4996 2103 5044; x_wconf 91' lang='lat' dir='ltr'><strong>et</strong></span> <span class='ocrx_word' id='word_1_784' title='bbox 2133 4996 2348 5045; x_wconf 63' lang='lat' dir='ltr'><strong>caetera.</strong></span> <span class='ocrx_word' id='word_1_785' title='bbox 2379 4989 2513 5042; x_wconf 91' lang='lat' dir='ltr'><strong>ltem</strong></span> <span class='ocrx_word' id='word_1_786' title='bbox 2538 5002 2639 5057; x_wconf 93' lang='lat' dir='ltr'><strong>pro</strong></span> <span class='ocrx_word' id='word_1_787' title='bbox 2662 4985 2903 5057; x_wconf 87' lang='lat' dir='ltr'><strong>quodam</strong></span> <span class='ocrx_word' id='word_1_788' title='bbox 2939 4982 3284 5054; x_wconf 88' lang='lat' dir='ltr'><strong>presbytero,</strong></span> <span class='ocrx_word' id='word_1_789' title='bbox 3308 4979 3401 5049; x_wconf 92' lang='lat' dir='ltr'><strong>qui</strong></span> <span class='ocrx_word' id='word_1_790' title='bbox 3427 4995 3513 5042; x_wconf 90' lang='lat' dir='ltr'><strong>ea,</strong></span> <span class='ocrx_word' id='word_1_791' title='bbox 3547 4994 3677 5049; x_wconf 78' lang='lat' dir='ltr'><strong>quae</strong></span> 
     </span>
    </p>
   </div>
   <div class='ocr_carea' id='block_1_110' title="bbox 2049 5070 3676 5149">
    <p class='ocr_par' dir='ltr' id='par_1_110' title="bbox 2049 5070 3676 5149">
     <span class='ocr_line' id='line_1_110' title="bbox 2049 5070 3676 5149; baseline -0.007 -14"><span class='ocrx_word' id='word_1_792' title='bbox 2049 5082 2118 5135; x_wconf 91' lang='lat' dir='ltr'><strong>de</strong></span> <span class='ocrx_word' id='word_1_793' title='bbox 2134 5096 2233 5136; x_wconf 92' lang='lat' dir='ltr'><strong>suo</strong></span> <span class='ocrx_word' id='word_1_794' title='bbox 2261 5079 2571 5135; x_wconf 90' lang='lat' dir='ltr'><strong>ministerio</strong></span> <span class='ocrx_word' id='word_1_795' title='bbox 2595 5077 2874 5149; x_wconf 92' lang='lat' dir='ltr'><strong>quondam</strong></span> <span class='ocrx_word' id='word_1_796' title='bbox 2897 5076 3191 5137; x_wconf 87' lang='lat' dir='ltr'><strong>didicerat,</strong></span> <span class='ocrx_word' id='word_1_797' title='bbox 3222 5079 3344 5143; x_wconf 90' lang='lat' dir='ltr'><strong>post</strong></span> <span class='ocrx_word' id='word_1_798' title='bbox 3367 5070 3676 5125; x_wconf 86' lang='lat' dir='ltr'><strong>ordinatio-</strong></span> 
     </span>
    </p>
   </div>
   <div class='ocr_carea' id='block_1_111' title="bbox 2050 5159 3680 5240">
    <p class='ocr_par' dir='ltr' id='par_1_111' title="bbox 2050 5159 3680 5240">
     <span class='ocr_line' id='line_1_111' title="bbox 2050 5159 3680 5240; baseline -0.009 -15"><span class='ocrx_word' id='word_1_799' title='bbox 2050 5188 2175 5225; x_wconf 91' lang='lat' dir='ltr'><strong>nem</strong></span> <span class='ocrx_word' id='word_1_800' title='bbox 2203 5187 2357 5225; x_wconf 89' lang='lat' dir='ltr'><strong>suam</strong></span> <span class='ocrx_word' id='word_1_801' title='bbox 2398 5186 2500 5240; x_wconf 86' lang='lat' dir='ltr'><strong>per</strong></span> <span class='ocrx_word' id='word_1_802' title='bbox 2530 5168 2797 5223; x_wconf 90' lang='lat' dir='ltr'><strong>incuriam</strong></span> <span class='ocrx_word' id='word_1_803' title='bbox 2830 5165 3010 5220; x_wconf 87' lang='lat' dir='ltr'><strong>fuerat</strong></span> <span class='ocrx_word' id='word_1_804' title='bbox 3041 5162 3271 5225; x_wconf 72' lang='lat' dir='ltr'><strong>oblitus,</strong></span> <span class='ocrx_word' id='word_1_805' title='bbox 3312 5159 3461 5213; x_wconf 88' lang='lat' dir='ltr'><strong>unde</strong></span> <span class='ocrx_word' id='word_1_806' title='bbox 3486 5159 3680 5227; x_wconf 91' lang='lat' dir='ltr'><strong>jusse-</strong></span> 
     </span>
    </p>
   </div>
   <div class='ocr_carea' id='block_1_112' title="bbox 2053 5248 3683 5330">
    <p class='ocr_par' dir='ltr' id='par_1_112' title="bbox 2053 5248 3683 5330">
     <span class='ocr_line' id='line_1_112' title="bbox 2053 5248 3683 5330; baseline -0.009 -15"><span class='ocrx_word' id='word_1_807' title='bbox 2053 5267 2134 5315; x_wconf 88' lang='lat' dir='ltr'><strong>rat</strong></span> <span class='ocrx_word' id='word_1_808' title='bbox 2153 5276 2279 5315; x_wconf 91' lang='lat' dir='ltr'><strong>eum</strong></span> <span class='ocrx_word' id='word_1_809' title='bbox 2311 5258 2631 5330; x_wconf 90' lang='lat' dir='ltr'><strong>aliquandiu</strong></span> <span class='ocrx_word' id='word_1_810' title='bbox 2657 5257 2760 5311; x_wconf 91' lang='lat' dir='ltr'><strong>sub</strong></span> <span class='ocrx_word' id='word_1_811' title='bbox 2781 5254 3033 5310; x_wconf 90' lang='lat' dir='ltr'><strong>custodia</strong></span> <span class='ocrx_word' id='word_1_812' title='bbox 3059 5252 3334 5307; x_wconf 90' lang='lat' dir='ltr'><strong>reclusum</strong></span> <span class='ocrx_word' id='word_1_813' title='bbox 3362 5248 3594 5313; x_wconf 89' lang='lat' dir='ltr'><strong>servari,</strong></span> <span class='ocrx_word' id='word_1_814' title='bbox 3620 5254 3683 5302; x_wconf 92' lang='lat' dir='ltr'><strong>ut</strong></span> 
     </span>
    </p>
   </div>
   <div class='ocr_carea' id='block_1_113' title="bbox 2049 5337 3684 5420">
    <p class='ocr_par' dir='ltr' id='par_1_113' title="bbox 2049 5337 3684 5420">
     <span class='ocr_line' id='line_1_113' title="bbox 2049 5337 3684 5420; baseline -0.01 -16"><span class='ocrx_word' id='word_1_815' title='bbox 2049 5350 2242 5405; x_wconf 89' lang='lat' dir='ltr'><strong>saltem</strong></span> <span class='ocrx_word' id='word_1_816' title='bbox 2277 5364 2377 5420; x_wconf 90' lang='lat' dir='ltr'><strong>per</strong></span> <span class='ocrx_word' id='word_1_817' title='bbox 2407 5348 2512 5402; x_wconf 89' lang='lat' dir='ltr'><strong>hoc</strong></span> <span class='ocrx_word' id='word_1_818' title='bbox 2543 5346 2852 5401; x_wconf 87' lang='lat' dir='ltr'><strong>amaritudo</strong></span> <span class='ocrx_word' id='word_1_819' title='bbox 2884 5343 3070 5414; x_wconf 89' lang='lat' dir='ltr'><strong>aliqua</strong></span> <span class='ocrx_word' id='word_1_820' title='bbox 3099 5347 3343 5394; x_wconf 91' lang='lat' dir='ltr'><strong>mentem</strong></span> <span class='ocrx_word' id='word_1_821' title='bbox 3378 5337 3528 5391; x_wconf 89' lang='lat' dir='ltr'><strong>illius</strong></span> <span class='ocrx_word' id='word_1_822' title='bbox 3556 5344 3684 5391; x_wconf 88' lang='lat' dir='ltr'><strong>tan-</strong></span> 
     </span>
    </p>
   </div>
   <div class='ocr_carea' id='block_1_114' title="bbox 2050 5430 3684 5517">
    <p class='ocr_par' dir='ltr' id='par_1_114' title="bbox 2050 5430 3684 5517">
     <span class='ocr_line' id='line_1_114' title="bbox 2050 5430 3684 5517; baseline -0.007 -21"><span class='ocrx_word' id='word_1_823' title='bbox 2050 5448 2225 5517; x_wconf 89' lang='lat' dir='ltr'><strong>geret,</strong></span> <span class='ocrx_word' id='word_1_824' title='bbox 2259 5448 2363 5495; x_wconf 89' lang='lat' dir='ltr'><strong>eta</strong></span> <span class='ocrx_word' id='word_1_825' title='bbox 2390 5447 2618 5511; x_wconf 88' lang='lat' dir='ltr'><strong>peccato</strong></span> <span class='ocrx_word' id='word_1_826' title='bbox 2648 5443 2928 5511; x_wconf 87' lang='lat' dir='ltr'><strong>purgaret,</strong></span> <span class='ocrx_word' id='word_1_827' title='bbox 2962 5444 3017 5489; x_wconf 92' lang='lat' dir='ltr'><strong>et</strong></span> <span class='ocrx_word' id='word_1_828' title='bbox 3045 5440 3262 5488; x_wconf 64' lang='lat' dir='ltr'><strong>caetera.</strong></span> <span class='ocrx_word' id='word_1_829' title='bbox 3292 5432 3425 5485; x_wconf 87' lang='lat' dir='ltr'><strong>ltem</strong></span> <span class='ocrx_word' id='word_1_830' title='bbox 3462 5446 3562 5500; x_wconf 89' lang='lat' dir='ltr'><strong>pro</strong></span> <span class='ocrx_word' id='word_1_831' title='bbox 3589 5430 3684 5497; x_wconf 90' lang='lat' dir='ltr'><strong>je-</strong></span> 
     </span>
    </p>
   </div>
   <div class='ocr_carea' id='block_1_115' title="bbox 2047 5520 3682 5602">
    <p class='ocr_par' dir='ltr' id='par_1_115' title="bbox 2047 5520 3682 5602">
     <span class='ocr_line' id='line_1_115' title="bbox 2047 5520 3682 5602; baseline -0.01 -14"><span class='ocrx_word' id='word_1_832' title='bbox 2047 5533 2206 5602; x_wconf 89' lang='lat' dir='ltr'><strong>junio</strong></span> <span class='ocrx_word' id='word_1_833' title='bbox 2237 5532 2516 5597; x_wconf 89' lang='lat' dir='ltr'><strong>triduano,</strong></span> <span class='ocrx_word' id='word_1_834' title='bbox 2549 5530 2697 5602; x_wconf 90' lang='lat' dir='ltr'><strong>quod</strong></span> <span class='ocrx_word' id='word_1_835' title='bbox 2727 5546 2820 5583; x_wconf 87' lang='lat' dir='ltr'><strong>rex</strong></span> <span class='ocrx_word' id='word_1_836' title='bbox 2838 5544 2961 5582; x_wconf 84' lang='lat' dir='ltr'><strong>cum</strong></span> <span class='ocrx_word' id='word_1_837' title='bbox 2986 5523 3265 5596; x_wconf 81' lang='lat' dir='ltr'><strong>episcOpis</strong></span> <span class='ocrx_word' id='word_1_838' title='bbox 3286 5532 3339 5576; x_wconf 90' lang='lat' dir='ltr'><strong>et</strong></span> <span class='ocrx_word' id='word_1_839' title='bbox 3364 5521 3581 5576; x_wconf 59' lang='lat' dir='ltr'><strong>caeteris</strong></span> <span class='ocrx_word' id='word_1_840' title='bbox 3613 5520 3682 5573; x_wconf 87' lang='lat' dir='ltr'><strong>fi-</strong></span> 
     </span>
    </p>
   </div>
   <div class='ocr_carea' id='block_1_116' title="bbox 2055 5609 3689 5691">
    <p class='ocr_par' dir='ltr' id='par_1_116' title="bbox 2055 5609 3689 5691">
     <span class='ocr_line' id='line_1_116' title="bbox 2055 5609 3689 5691; baseline -0.007 -16"><span class='ocrx_word' id='word_1_841' title='bbox 2055 5623 2277 5678; x_wconf 90' lang='lat' dir='ltr'><strong>delibus</strong></span> <span class='ocrx_word' id='word_1_842' title='bbox 2295 5622 2411 5677; x_wconf 90' lang='lat' dir='ltr'><strong>suis</strong></span> <span class='ocrx_word' id='word_1_843' title='bbox 2437 5621 2784 5691; x_wconf 90' lang='lat' dir='ltr'><strong>disposuerat</strong></span> <span class='ocrx_word' id='word_1_844' title='bbox 2815 5615 2932 5670; x_wconf 78' lang='lat' dir='ltr'><strong>fieri</strong></span> <span class='ocrx_word' id='word_1_845' title='bbox 2961 5630 3059 5685; x_wconf 90' lang='lat' dir='ltr'><strong>pro</strong></span> <span class='ocrx_word' id='word_1_846' title='bbox 3088 5629 3221 5684; x_wconf 86' lang='lat' dir='ltr'><strong>pace</strong></span> <span class='ocrx_word' id='word_1_847' title='bbox 3239 5618 3440 5665; x_wconf 66' lang='lat' dir='ltr'><strong>sanctae</strong></span> <span class='ocrx_word' id='word_1_848' title='bbox 3460 5609 3554 5663; x_wconf 89' lang='lat' dir='ltr'><strong>Dei</strong></span> <span class='ocrx_word' id='word_1_849' title='bbox 3582 5609 3689 5664; x_wconf 87' lang='lat' dir='ltr'><strong>Ec-</strong></span> 
     </span>
    </p>
   </div>
   <div class='ocr_carea' id='block_1_117' title="bbox 2058 5701 3687 5786">
    <p class='ocr_par' dir='ltr' id='par_1_117' title="bbox 2058 5701 3687 5786">
     <span class='ocr_line' id='line_1_117' title="bbox 2058 5701 3687 5786; baseline -0.01 -16"><span class='ocrx_word' id='word_1_850' title='bbox 2058 5715 2259 5777; x_wconf 63' lang='lat' dir='ltr'><strong>clesiae,</strong></span> <span class='ocrx_word' id='word_1_851' title='bbox 2296 5715 2538 5786; x_wconf 90' lang='lat' dir='ltr'><strong>qualiter</strong></span> <span class='ocrx_word' id='word_1_852' title='bbox 2554 5712 2673 5766; x_wconf 86' lang='lat' dir='ltr'><strong>ﬁeri</strong></span> <span class='ocrx_word' id='word_1_853' title='bbox 2694 5710 2943 5764; x_wconf 89' lang='lat' dir='ltr'><strong>dederet.</strong></span> <span class='ocrx_word' id='word_1_854' title='bbox 2968 5707 3101 5761; x_wconf 89' lang='lat' dir='ltr'><strong>Item</strong></span> <span class='ocrx_word' id='word_1_855' title='bbox 3132 5721 3231 5775; x_wconf 90' lang='lat' dir='ltr'><strong>pro</strong></span> <span class='ocrx_word' id='word_1_856' title='bbox 3250 5701 3487 5774; x_wconf 85' lang='lat' dir='ltr'><strong>quodam</strong></span> <span class='ocrx_word' id='word_1_857' title='bbox 3521 5718 3687 5771; x_wconf 84' lang='lat' dir='ltr'><strong>pres-</strong></span> 
     </span>
    </p>
   </div>
   <div class='ocr_carea' id='block_1_118' title="bbox 2062 5795 3693 5878">
    <p class='ocr_par' dir='ltr' id='par_1_118' title="bbox 2062 5795 3693 5878">
     <span class='ocr_line' id='line_1_118' title="bbox 2062 5795 3693 5878; baseline -0.01 -16"><span class='ocrx_word' id='word_1_858' title='bbox 2062 5808 2255 5878; x_wconf 84' lang='lat' dir='ltr'><strong>bytero</strong></span> <span class='ocrx_word' id='word_1_859' title='bbox 2287 5804 2562 5860; x_wconf 85' lang='lat' dir='ltr'><strong>Avennaci</strong></span> <span class='ocrx_word' id='word_1_860' title='bbox 2596 5800 2935 5865; x_wconf 85' lang='lat' dir='ltr'><strong>monasterii,</strong></span> <span class='ocrx_word' id='word_1_861' title='bbox 2970 5797 3064 5869; x_wconf 93' lang='lat' dir='ltr'><strong>qui</strong></span> <span class='ocrx_word' id='word_1_862' title='bbox 3119 5795 3487 5851; x_wconf 89' lang='lat' dir='ltr'><strong>denotabatur</strong></span> <span class='ocrx_word' id='word_1_863' title='bbox 3517 5809 3693 5862; x_wconf 86' lang='lat' dir='ltr'><strong>super</strong></span> 
     </span>
    </p>
   </div>
   <div class='ocr_carea' id='block_1_119' title="bbox 2066 5884 3692 5971">
    <p class='ocr_par' dir='ltr' id='par_1_119' title="bbox 2066 5884 3692 5971">
     <span class='ocr_line' id='line_1_119' title="bbox 2066 5884 3692 5971; baseline -0.01 -17"><span class='ocrx_word' id='word_1_864' title='bbox 2066 5901 2323 5954; x_wconf 88' lang='lat' dir='ltr'><strong>thesauro</strong></span> <span class='ocrx_word' id='word_1_865' title='bbox 2379 5898 2569 5971; x_wconf 45' lang='lat' dir='ltr'><strong>ipsius,</strong></span> <span class='ocrx_word' id='word_1_866' title='bbox 2608 5894 2855 5951; x_wconf 70' lang='lat' dir='ltr'><strong>ecclesiae</strong></span> <span class='ocrx_word' id='word_1_867' title='bbox 2891 5890 3100 5947; x_wconf 88' lang='lat' dir='ltr'><strong>dudum</strong></span> <span class='ocrx_word' id='word_1_868' title='bbox 3157 5887 3394 5959; x_wconf 91' lang='lat' dir='ltr'><strong>perdito.</strong></span> <span class='ocrx_word' id='word_1_869' title='bbox 3451 5886 3594 5940; x_wconf 88' lang='lat' dir='ltr'><strong>ltem</strong></span> <span class='ocrx_word' id='word_1_870' title='bbox 3636 5884 3692 5945; x_wconf 82' lang='lat' dir='ltr'><strong>Si</strong></span> 
     </span>
    </p>
   </div>
  </div>
