3912 6422
197 366 294 420 257

841 371 1168 429 HlSTORl/E
1209 375 1542 432 ECCLESl/E
1580 379 1907 436 REMENSIS
1949 385 2122 442 LIBRI
2165 389 2496 453 QUATUOR.
2527 426 2597 436 —
2631 397 2751 453 LIB.
2798 402 2889 457 III.

3429 415 3536 469 258

198 499 424 571 gloardo
456 507 510 555 et
543 501 816 570 Bodoldo,
842 522 942 576 pro
965 509 1206 578 quodam
1231 513 1821 584 presbytero,cuicon-
1847 524 1894 590 Α
1922 519 2120 578 litteris
2157 525 2259 580 sibi
2304 544 2406 598 per
2459 530 2740 589 hominem
2795 541 3091 608 quemdam
3129 545 3380 602 Harduici
3449 567 3538 605 ar-

199 600 472 660 senserat,
507 595 780 650 suadente
822 598 1130 672 Sigloardo,
1160 599 1219 657 ut
1249 605 1436 660 libello
1461 623 1573 662 suae
1606 609 1821 678 profes-

199 683 372 737 sionis
403 701 432 737 a
465 686 735 756 regimine
777 689 956 758 plebis
995 693 1100 746 sibi
1147 698 1458 752 commissae
1484 699 1739 755 redderet
1761 719 1821 756 se

200 776 460 841 alienum,
490 787 544 832 et
571 780 740 834 alium
791 781 842 834 in
881 801 978 838 suo
1029 785 1150 840 loco
1209 797 1489 858 expeteret
1557 795 1822 848 ordinan-

201 871 326 924 dum
375 889 388 925 :
441 875 540 928 sed
589 875 892 932 colludium
953 881 1101 950 quod
1154 882 1396 939 habebat
1454 886 1653 942 factum
1713 890 1820 944 sibi

200 962 484 1030 celaverat,
542 966 803 1022 videlicet
838 978 899 1024 ut
946 972 1204 1028 alumnus
1239 976 1360 1044 ejus
1392 979 1514 1033 sine
1545 996 1820 1037 consensu

199 1054 427 1109 senioris
466 1057 576 1123 sui,
629 1059 684 1112 in
733 1060 852 1115 loco
912 1062 1091 1132 ipsius
1144 1067 1517 1137 ordinaretur,
1579 1080 1632 1126 et
1692 1075 1821 1144 quia

203 1150 419 1198 xenium
468 1147 754 1204 revadiare
807 1151 1002 1208 dolose
1045 1153 1256 1216 fecerit.
1283 1166 1342 1214 ut
1369 1162 1622 1216 eumdem
1660 1180 1820 1218 suum

203 1235 506 1301 alumnum,
533 1249 727 1293 contra
759 1241 1078 1313 episcopale
1113 1245 1488 1316 interdictum,
1538 1261 1592 1306 et
1623 1262 1821 1309 czetera

204 1324 330 1394 quid
364 1325 493 1379 inde
534 1323 1316 1404 ﬁeri..d'eberetexsequentia.
1351 1340 1482 1392 [tem
1511 1341 1820 1412 Sigloardo,

203 1433 298 1488 pro
330 1419 656 1490 presbytero
704 1422 955 1500 ecclesiae
987 1429 1163 1481 sancti
1215 1429 1441 1494 Juliani,
1483 1434 1575 1502 qui
1613 1434 1822 1492 furatus

206 1509 378 1566 fuerat
403 1511 717 1583 lampadem
748 1517 922 1571 sancti
966 1517 1225 1594 Remigii,
1260 1523 1409 1578 unde
1439 1526 1598 1581 valde
1633 1530 1824 1584 redar-

205 1606 318 1680 guit
342 1607 531 1673 istum,
561 1609 690 1678 quia
715 1609 768 1662 id
800 1609 1001 1664 factum
1031 1625 1398 1682 compererat,
1423 1625 1477 1672 et
1506 1618 1612 1672 sibi
1637 1628 1826 1675 tacue-

205 1705 301 1764 rat,
331 1699 639 1754 cumidem
690 1700 891 1770 praesul
946 1702 1096 1756 vices
1141 1720 1268 1758 suas
1289 1706 1471 1762 eidem
1513 1710 1822 1782 Sigloardo,

146 1787 153 1794 ’
205 1793 340 1842 teste
377 1789 637 1854 Domino,
665 1791 1159 1857 commendaverit,
1185 1796 1279 1864 qui
1304 1798 1562 1852 eumdem
1593 1802 1825 1873 presby-

1922 611 2264 685 chiepiscopi
2300 616 2440 673 datis
2471 623 2974 696 :scilicetreputari
3007 632 3188 687 eidem
3223 635 3537 705 Altmanno,

1923 700 2164 769 aspirare
2193 705 2331 760 velle
2385 709 2453 761 ad
2514 709 2807 780 beneﬁcia,
2856 723 2910 771 et
2960 722 3182 790 negotia
3237 726 3538 793 saecularia,

1922 807 2045 860 qua:
2107 810 2214 849 non
2277 801 2637 857 convenirent
2691 805 2812 872 ejus
2861 809 3192 878 professioni
3261 825 3316 869 et
3354 817 3539 872 saluti.

1927 883 2079 938 Unde
2107 888 2378 958 przecipit,
2412 899 2470 946 ut
2497 897 2826 962 quantocius
2854 900 2920 953 ad
2955 906 3354 960 monasterium
3379 925 3537 964 suum

1925 975 2132 1043 redeat,
2169 979 2263 1033 ubi
2308 981 2530 1038 lectioni
2557 993 2611 1040 et
2631 989 2890 1056 orationi,
2910 992 3170 1050 deflendo
3201 997 3402 1054 delicta
3427 1017 3541 1056 suae

1918 1063 2248 1133 juventutis,
2300 1086 2496 1126 vacare
2547 1085 2826 1143 procuret,
2878 1089 2932 1133 et
2981 1090 3199 1137 caatera.
3273 1086 3542 1145 Lantardo

1924 1152 2142 1208 cuidam
2165 1159 2461 1225 sacerdoti,
2513 1163 2607 1232 qui
2665 1164 2734 1218 de
2767 1168 3025 1234 parochia
3053 1171 3312 1227 Remensi
3338 1175 3544 1232 Ebonis

1923 1245 2172 1316 episcopi
2215 1265 2380 1304 causa
2435 1253 2786 1321 discesserat,
2848 1275 3010 1328 quem
3065 1263 3222 1330 petit,
3248 1267 3379 1319 utsi
3414 1285 3542 1338 qua,

1924 1343 2084 1405 prout
2113 1339 2384 1407 audierat,
2418 1344 2486 1397 de
2530 1346 2640 1399 vita
2697 1354 2750 1401 ct
2779 1349 3096 1406 actionibus
3133 1353 3278 1409 beati
3311 1357 3544 1433 Remigii

1925 1430 2071 1499 apud
2099 1433 2356 1487 eumdem
2417 1435 2772 1492 habebantur
2825 1443 3154 1513 conscripta,
3220 1457 3417 1516 praeter
3455 1430 3546 1505 illa

1927 1536 2050 1590 qua)
2080 1538 2147 1576 ex
2206 1524 2434 1596 antiquo
2493 1527 2562 1581 de
2617 1529 2859 1585 Ecclesia
2914 1533 3166 1589 Remensi
3198 1536 3543 1610 legebantur,

1927 1625 1992 1662 ea
2023 1613 2372 1680 quantocius,
2419 1621 2510 1668 aut
2560 1616 2678 1686 ipse
2722 1619 2828 1672 sibi
2879 1620 3089 1687 afferat,
3123 1627 3340 1680 autsub
3363 1628 3545 1700 sigillo

1931 1702 2283 1764 transmittat,
2337 1705 2582 1762 offerens
2637 1726 2696 1764 se
2754 1722 2945 1781 postea
3000 1716 3181 1771 eidem
3236 1719 3288 1773 in
3318 1722 3546 1791 quibus-

1927 1806 2148 1863 cunque
2181 1793 2483 1868 indiguerit
2511 1806 2847 1869 promptum,
2881 1811 2935 1856 et
2970 1806 3233 1873 prodesse
3266 1817 3537 1878 paratum.

205 1885 379 1934 terum
421 1881 474 1934 in
505 1881 812 1936 arctissima
829 1884 1082 1938 custodia
1105 1885 1375 1942 debuerat
1404 1891 1828 1959 retrudere,non
1857 1893 1904 1959 B
1927 1880 1980 1934 Si
2013 1897 2141 1936 τοῖο
2173 1883 2240 1936 ad
2268 1884 2445 1938 locum
2478 1902 2637 1940 suum
2666 1889 2845 1942 I‘Cdil‘e
2877 1892 3130 1956 Vomeril.
3182 1911 3305 1950 cum
3362 1898 3546 1953 liben-

205 1983 299 2038 per
326 1967 685 2036 ﬁdejussores
742 1970 1250 2044 dimitterezquod
1311 1976 1444 2046 quia
1502 1979 1654 2048 prius
1713 1997 1822 2038 non

205 2054 429 2121 fecerat,
463 2057 548 2111 vel
579 2074 730 2113 nunc
757 2058 938 2114 faciat.
973 2060 1170 2116 Carcer
1245 2080 1470 2137 quoque
1518 2067 1750 2125 firmiter
1793 2089 1824 2126 a

204 2144 553 2200 vicedomino
581 2153 940 2214 restauretur,
977 2156 1032 2203 et
1058 2151 1338 2217 custodes,
1370 2154 1416 2208 si
1447 2171 1675 2211 necesse
1700 2159 1821 2214 fue-

206 2234 294 2299 rit,
345 2235 740 2293 adhibeantur.
806 2238 938 2292 ltem
973 2239 1240 2305 Rodoldo,
1311 2259 1650 2302 succensens
1695 2266 1821 2304 eum

200 2339 295 2393 pro
323 2337 394 2378 eo
421 2324 569 2394 quod
603 2324 827 2380 incaute
881 2326 1108 2382 solverit
1156 2331 1304 2399 quod
1339 2331 1456 2402 ipse
1498 2337 1696 2403 praesul
1729 2353 1823 2392 ca-

200 2412 397 2466 nonice
425 2413 696 2485 alligarat,
760 2421 815 2468 et
873 2415 996 2470 aliis
1028 2417 1368 2489 presbyteris
1410 2421 1631 2476 missam
1663 2426 1816 2479 cele-

197 2502 356 2558 brare
391 2506 702 2575 permiserit
730 2507 785 2560 in
849 2509 1084 2578 quadam
1128 2512 1340 2581 capella
1373 2513 1616 2570 basilicae
1649 2519 1819 2572 cortis

197 2593 444 2647 ecclesiae
504 2594 774 2661 subjecta,
865 2597 1228 2670 praecipitque
1297 2602 1430 2673 quid
1497 2604 1626 2660 inde
1695 2605 1814 2661 fieri

198 2681 398 2735 debeat
432 2721 444 2736 .
478 2682 736 2738 Anselmo
799 2684 813 2755 [
842 2687 861 2737 ἰ
889 2726 915 2751 ,
953 2687 1258 2758 Anselino]
1322 2690 1542 2744 cuidam
1613 2708 1814 2748 mona-

197 2774 318 2838 cho,
349 2775 683 2844 praecipiens
715 2784 772 2832 ut
820 2778 1098 2834 describat
1141 2782 1346 2850 omnia,
1393 2801 1515 2855 qum
1575 2786 1629 2840 in
1685 2805 1811 2843 mo-

199 2869 462 2932 nasterio,
495 2877 555 2923 ut
581 2869 821 2937 videtur,
854 2872 1247 2942 Altvillarensi,
1283 2884 1409 2931 ante
1466 2879 1644 2948 ipsius
1678 2898 1822 2951 prae-

197 2961 327 3015 sulis
358 2961 772 3018 ordinationem
841 2963 1003 3032 facta,
1069 2968 1153 3020 vel
1221 2968 1418 3024 collata
1472 2970 1716 3039 fuerunt,
1768 2982 1824 3028 et

199 3065 434 3121 qumque
486 3058 677 3121 postea
728 3069 742 3104 :
812 3069 1103 3108 numerum
1191 3071 1412 3128 quoque
1467 3057 1694 3115 fratrum
1758 3079 1822 3117 ac

199 3140 529 3197 famulorum
587 3143 668 3197 eis
713 3145 1096 3212 servientium,
1153 3154 1206 3201 et
1256 3149 1300 3202 si
1349 3166 1458 3220 qua
1489 3152 1690 3208 exinde
1722 3171 1822 3210 suo

1925 1975 2008 2024 ter
2063 1978 2230 2042 atque
2288 1972 2531 2047 benigne
2589 1975 2857 2046 recipere,
2908 1989 2963 2032 et
3011 1997 3134 2036 mox
3189 1993 3248 2038 ut
3307 1988 3544 2055 venerit,

1926 2064 2247 2118 canonicam
2283 2067 2658 2135 praebendam,
2713 2078 2767 2122 et
2794 2071 3046 2126 ordinem
3082 2075 3374 2143 pristinum
3406 2079 3550 2134 inter

1926 2152 2122 2208 fratres
2141 2157 2469 2217 concedere.
2504 2166 2558 2213 et
2605 2161 2909 2216 secundum
2959 2166 3107 2234 quod
3157 2167 3266 2220 sibi
3296 2185 3545 2226 commo-

1926 2244 2077 2309 dum,
2125 2255 2179 2299 et
2219 2247 2296 2300 illi
2355 2259 2730 2319 Opportunum
2789 2251 2956 2309 fuerit
3010 2256 3290 2324 solatium,
3329 2270 3388 2315 ut
3419 2278 3543 2316 eum

1924 2337 2070 2405 apud
2138 2354 2198 2391 se
2247 2355 2473 2394 manere
2525 2342 2784 2409 delectet,
2839 2344 3166 2416 impendere
3229 2367 3242 2403 :
3295 2353 3548 2421 pandens

1925 2427 2219 2495 rationem,
2252 2432 2400 2486 unde
2454 2432 2546 2488 ille
2593 2442 2840 2490 metuere
2866 2437 3171 2506 ferebatur,
3201 2459 3376 2513 quare
3404 2446 3555 2499 scili-

1920 2527 2005 2574 cet
2036 2520 2154 2590 ipse
2185 2522 2470 2578 ordinatos
2492 2526 2561 2578 ab
2585 2526 2774 2582 Ebone
2794 2538 2914 2598 post
2934 2546 3088 2586 suam
3110 2533 3546 2604 depositionem,

1919 2627 1950 2665 a
1977 2612 2246 2684 gradibus
2276 2617 2520 2685 acceptis
2562 2620 2880 2683 removerit,
2917 2631 2971 2676 et
3001 2625 3239 2693 qualiter
3271 2636 3399 2695 post
3419 2643 3541 2682 mo-

1919 2703 2049 2757 dum
2109 2707 2444 2762 sententiam
2515 2726 2670 2764 suam
2747 2717 3154 2783 temperaverit.
3243 2718 3544 2774 Rodoardo

1918 2798 2236 2867 praeposito,
2286 2807 2342 2854 et
2394 2803 2610 2856 caeteris
2661 2802 2923 2860 fratribus
2970 2805 3254 2864 Canonicis
3291 2810 3551 2867 Ecclesiae

1925 2887 2235 2954 Remensis,
2292 2905 2392 2959 pro
2462 2892 2780 2962 receptione
2839 2894 3133 2951 Odalhardi
3185 2906 3239 2952 et
3300 2899 3547 2954 Waltarii

1925 2984 2186 3046 nepotum
2222 2979 2370 3033 Isaac
2419 2981 2669 3050 episc0pi
2722 2981 3108 3055 Lingonensis,
3163 2987 3256 3056 qui
3306 2988 3374 3041 ab
3437 2989 3554 3059 ipsa

1927 3069 2356 3143 congregatione
2377 3069 2757 3142 irregulariter
2785 3073 3178 3142 discesserant,
3194 3079 3553 3150 pnecipitque

1926 3176 2036 3231 quo
2069 3163 2235 3216 modo
2266 3162 2464 3232 recipi,
2505 3171 2559 3218 et
2589 3163 2826 3234 qualiter
2858 3165 3046 3220 haberi
3102 3167 3186 3221 vel
3232 3171 3546 3225 conservari

1366 3213 1382 3220 _
2511 3213 2557 3218 --
2594 3213 2813 3234 Ἱππ---
2859 3213 3046 3220 --_----.
3116 3213 3186 3221 η.
3235 3213 3546 3225 w............

195 3237 445 3302 tempore
477 3232 796 3303 dispensata
848 3233 1093 3302 fuerunt,
1137 3244 1192 3290 et
1249 3236 1305 3291 in
1360 3255 1500 3310 quos
1549 3258 1703 3308 usus,
1737 3244 1821 3298 vel
1858 3213 2168 3303 Cdebeant
2211 3267 2223 3303 :
2284 3250 2488 3320 quibus
2546 3251 2712 3306 etiam
2784 3269 2884 3323 pro
2939 3256 3255 3311 reversione
3307 3257 3551 3326 ipsorum

195 3337 291 3391 per
313 3339 458 3393 quas
505 3338 795 3392 personas,
844 3332 898 3377 et
953 3324 1024 3378 ita
1070 3325 1337 3380 veraciter
1399 3330 1583 3384 omnia
1613 3331 1824 3386 descri-

195 3410 420 3478 bantur,
463 3418 522 3465 ut
559 3412 713 3466 missi
767 3412 1032 3467 dominici
1075 3413 1210 3468 nihil
1245 3415 1320 3468 ibi
1377 3416 1573 3472 falsum
1613 3422 1826 3489 possint

197 3505 472 3562 invenire.
509 3506 803 3562 Ratramno
836 3507 1131 3578 praeposito
1164 3511 1486 3565 monasterii
1540 3512 1824 3570 Orbacen-

196 3596 270 3649 sis
291 3596 571 3651 similiter.
609 3597 742 3650 [tem
780 3597 1076 3652 Ratramno
1106 3613 1204 3668 pro
1245 3600 1481 3670 quadam
1515 3605 1825 3674 przestaria,

197 3701 358 3757 quam
382 3686 672 3740 Amalraus
698 3687 999 3741 canonicus
1040 3688 1255 3755 habuit,
1308 3697 1363 3744 et
1404 3691 1579 3760 ipsius
1611 3694 1826 3749 obitum

199 3776 697 3831 collaborationem
743 3776 864 3844 ejus
911 3776 1056 3831 idem
1121 3779 1450 3848 praepositus
1512 3781 1678 3853 diripi
1706 3784 1830 3853 jus-

197 3877 358 3923 serat.
395 3871 746 3938 Quapropter
794 3871 1233 3930 excommunicat
1282 3887 1431 3938 eum,
1498 3874 1550 3926 in
1604 3892 1747 3944 pane
1778 3884 1831 3932 et

201 3975 343 4032 aqua
427 3961 802 4030 constituens,
882 3970 990 4017 tam
1050 3963 1226 4033 ipsum
1300 3982 1464 4036 quam
1531 3969 1830 4039 complices

196 4049 316 4117 ejus
377 4051 434 4105 in
494 4052 600 4106 hoc
653 4051 815 4116 facto,
877 4052 1058 4108 donec
1126 4054 1487 4110 restituantur
1536 4057 1652 4113 haec
1708 4076 1830 4130 quae

194 4140 402 4209 injuste
461 4141 824 4197 abstulerant.
887 4143 1130 4198 Althario
1182 4144 1323 4214 [ms.,
1393 4147 1656 4218 Alchano]
1710 4151 1831 4204 cui-

193 4233 320 4287 dam
345 4231 628 4288 sacerdoti
660 4233 746 4286 vel
779 4233 1014 4299 decano,
1046 4249 1146 4304 pro
1179 4235 1506 4306 presbytero
1536 4237 1607 4292 de
1648 4238 1832 4294 Eccle-

195 4323 273 4377 sia
328 4321 704 4386 Vindonissae,
784 4339 949 4393 quem
1038 4322 1346 4378 Leutardus
1408 4326 1599 4382 senior
1656 4328 1833 4398 ipsius

197 4413 342 4468 villae
375 4414 559 4488 legem
608 4420 664 4467 et
711 4428 932 4468 omnem
984 4415 1369 4472 auctoritatem
1398 4417 1467 4471 de
1501 4419 1621 4488 ipsa
1651 4435 1831 4490 expu-

1926 3336 2384 3392 commonitorias
2451 3339 2726 3395 direxerat
2782 3340 3014 3398 litteras.
3085 3345 3188 3400 Pro
3235 3347 3558 3417 receptione

1928 3442 2151 3496 quoque
2209 3427 2514 3501 Adalgaudi
2574 3429 2718 3499 [ms.,
2771 3431 3113 3504 Addagaudi]
3163 3435 3384 3491 diaconi
3446 3444 3553 3490 tam

1929 3516 2234 3581 canonicis,
2279 3533 2443 3587 quam
2489 3519 2780 3574 monachis
2823 3522 3037 3588 scribit,
3099 3525 3403 3580 ostendens
3426 3542 3554 3580 eum

1929 3607 2022 3676 qui
2048 3623 2107 3660 se
2132 3615 2531 3680 recognoverat
2561 3625 2662 3678 per
2705 3626 2860 3665 suam
2921 3613 3318 3688 negligentiam
3382 3616 3559 3686 ipsius

1930 3697 2229 3753 offendisse
2261 3699 2528 3766 animum,
2551 3717 2610 3754 se
2634 3700 2688 3753 in
2728 3703 2941 3775 gremio
2968 3720 3082 3758 suae
3111 3706 3461 3773 delectionis,
3505 3716 3560 3762 et

1931 3790 2278 3861 paternitatis
2306 3791 2607 3862 recepisse,
2659 3809 2939 3864 quemque
2966 3794 3212 3869 benigne
3238 3813 3301 3852 ac
3325 3796 3561 3852 familia-

1931 3879 2065 3932 riter
2089 3878 2334 3945 fratrem,
2378 3887 2432 3934 et
2472 3878 2643 3935 filium
2699 3881 2926 3951 suscipi,
2984 3891 3039 3936 et
3084 3883 3445 3956 benignitatis
3502 3886 3556 3940 ei

1933 3967 2204 4023 beneﬁcia
2227 3967 2387 4036 jubet
2419 3969 2688 4040 impendi.
2727 3970 2828 4025 Pro
2856 3986 2968 4042 quo
2986 3987 3076 4026 rex
3123 3971 3294 4026 etiam
3321 3973 3561 4028 Ludovi-

1932 4077 2029 4116 cus
2051 4062 2390 4131 precatorias
2429 4063 2479 4116 ei
2515 4080 2615 4134 per
2650 4064 2909 4118 eumdem
2961 4063 3257 4119 direxerat.
3303 4065 3556 4121 Rotfrido

1934 4158 2252 4227 praeposito,
2287 4174 2386 4230 pro
2417 4157 2765 4214 correctione
2814 4157 2872 4228 [i,
2916 4156 3286 4228 correptione]
3311 4156 3559 4212 Odelcal-

1931 4250 1984 4306 ci
2018 4251 2298 4317 monachi,
2329 4267 2492 4322 quem
2543 4250 2797 4304 audierat
2855 4248 3274 4304 inobedientem
3303 4247 3559 4315 existere,

1936 4345 1990 4395 et
2020 4339 2175 4394 duris
2228 4339 2497 4407 moribus,
2551 4354 2775 4411 suaeque
2832 4338 3136 4393 voluntatis
3166 4352 3287 4391 esse
3318 4337 3566 4407 pertina-

1937 4444 2080 4494 cem,
2111 4429 2250 4482 dans
2268 4428 2522 4498 exempla
2552 4444 2722 4482 sacrae
2752 4426 3116 4491 auctoritatis,
3147 4442 3268 4497 quae
3294 4425 3373 4480 illi
3407 4426 3564 4500 lege-

199 4508 338 4564 lerat
369 4508 638 4573 Ecclesia,
673 4514 728 4563 et
756 4508 910 4562 alteri
943 4509 1270 4580 presbytero
1315 4525 1381 4564 ex
1443 4510 1552 4565 alio
1613 4512 1833 4581 episco-
1862 4529 2144 4603 Drentur,
2205 4530 2265 4575 ut
2332 4537 2392 4574 se
2448 4520 2770 4592 corrigeret.
2836 4518 3098 4574 Gontario
3140 4529 3194 4574 et
3244 4519 3558 4574 Odelhardo

203 4611 334 4673 patu
360 4601 619 4657 eamdem
651 4603 950 4657 Ecclesiam
1001 4603 1372 4658 commiserat.
1412 4603 1579 4668 Quem
1600 4605 1833 4676 presby-

199 4700 380 4747 terum
437 4691 899 4763 superinductum
957 4691 1420 4758 excommunicat,
1484 4708 1554 4746 ne
1605 4692 1659 4746 in
1682 4693 1832 4748 omni

202 4785 468 4841 Remensi
500 4782 765 4855 parochia
803 4782 1028 4837 missam
1068 4782 1354 4837 celebrare
1384 4791 1698 4854 praesumat,
1731 4801 1832 4840 ne—

200 4891 308 4948 que
365 4873 824 4930 communionem
892 4871 1324 4927 ecclesiasticam
1407 4873 1659 4943 accipiat,
1723 4874 1830 4929 nisi

201 4963 341 5020 forte
400 4977 606 5017 munus
660 4961 942 5029 viaticum,
998 4962 1182 5036 gravis
1235 4961 1588 5032 aegritudinis
1641 4979 1826 5027 causa,

201 5064 256 5112 et
297 5059 409 5113 hoc
433 5055 531 5120 ita,
563 5062 624 5109 ut
648 5069 776 5109 mox
825 5053 872 5108 si
911 5053 1271 5118 convaluerit,
1332 5055 1402 5108 de
1434 5055 1700 5125 parochia
1730 5057 1833 5111 ista

203 5147 450 5203 recedat.
483 5144 840 5200 Parochianis
884 5153 1070 5198 autem
1124 5143 1381 5199 Ecclesia:
1416 5145 1693 5214 przedictae
1725 5163 1830 5201 au-

201 5237 466 5291 ctoritate
504 5233 600 5288 Dei
659 5233 883 5304 praecipi
946 5232 1128 5301 jubet,
1187 5240 1246 5287 ut
1291 5233 1497 5288 nullius
1524 5235 1831 5306 presbyteri

204 5327 434 5382 missam
464 5326 519 5380 in
547 5323 739 5378 eadem
774 5322 1010 5378 ecclesia
1039 5323 1285 5386 audiant,
1310 5322 1413 5377 nisi
1449 5323 1598 5378 illius
1629 5325 1833 5392 injuste

201 5418 424 5489 expulsi
483 5414 815 5485 presbyteri,
847 5414 1026 5468 donec
1084 5412 1262 5483 ipsius
1307 5428 1472 5467 causa
1501 5412 1830 5484 difﬁniatur,

203 5509 310 5562 nisi
334 5507 486 5562 forte
519 5505 666 5559 idem
706 5503 996 5575 presbyter
1020 5518 1118 5573 pro
1151 5502 1469 5558 infirmitate
1501 5504 1584 5558 eis
1613 5505 1832 5560 missam

201 5596 500 5651 celebrare
530 5609 640 5650 non
664 5591 926 5664 potuerit,
958 5601 1013 5646 et
1043 5599 1257 5647 czetera.
1296 5593 1586 5648 Altmanno
1637 5608 1834 5648 mona-

199 5687 327 5752 cho,
363 5692 535 5755 atque
563 5682 908 5754 presbytero,
929 5697 1095 5752 quem
1117 5681 1309 5752 procul
1334 5681 1672 5737 obedientize
1703 5699 1836 5737 cau-

198 5791 259 5830 sa
290 5776 595 5841 direxerat,
646 5786 747 5843 pro
798 5771 905 5838 his,
947 5786 1070 5844 quae
1099 5771 1466 5827 inveneratin
1498 5772 1831 5844 quibusdam

1937 4612 2455 4683 archipresbyteris,
2472 4612 2958 4694 commonitorium
2981 4611 3294 4667 ministerio
3315 4613 3558 4682 ipsorum

1935 4708 2124 4771 aptum
2157 4699 2426 4754 describit
2474 4700 2530 4753 in
2571 4699 2830 4771 capitulis
2877 4700 3166 4756 tredecim.
3218 4701 3554 4756 Gontramno

1937 4794 1995 4865 [1,
2029 4793 2385 4864 Guntramne]
2445 4793 2762 4864 praeposito,
2817 4809 2916 4864 pro
2964 4793 3182 4848 famulis
3235 4791 3555 4848 monasterii

1933 4883 2036 4937 sibi
2067 4883 2371 4950 commissi,
2401 4882 2498 4954 qui
2529 4899 2658 4938 suas
2709 4882 2967 4950 terrulas,
3010 4890 3065 4937 et
3093 4881 3283 4937 debita
3315 4881 3418 4936 sibi
3455 4881 3558 4935 sti-

1933 4973 2530 5047 pendiaquerebantur
2573 4971 2778 5027 auferri
2823 4972 2891 5026 ab
2943 4987 3031 5039 eo,
3085 4971 3232 5041 quod
3273 4968 3556 5024 emendari

1935 5071 2241 5126 secundum
2282 5069 2428 5140 quod
2482 5067 2692 5136 justum
2763 5065 2948 5132 fuerit,
2998 5064 3558 5134 jubet.Gothescalco

1935 5163 2230 5227 monacho,
2263 5161 2358 5233 qui
2391 5168 2508 5214 erat
2529 5159 2818 5230 prolapsus
2845 5157 2902 5211 in
2925 5157 3201 5224 haeresim,
3230 5157 3298 5212 de
3329 5157 3560 5228 quibus-

1936 5255 2062 5310 dam
2094 5253 2386 5310 sententiis
2411 5258 2717 5315 auctorum,
2752 5266 2889 5320 quas
2920 5249 3013 5303 ille
3046 5265 3156 5304 non
3191 5249 3336 5304 bene
3358 5250 3561 5304 intelli-

1935 5347 2123 5421 gebat,
2169 5346 2288 5401 vel“
2309 5342 2640 5414 exponebat,
2690 5342 2929 5396 maxime
2989 5342 3265 5412 Prosperi,
3324 5358 3555 5413 quarum

1935 5454 2158 5494 sensum
2185 5453 2285 5507 per
2310 5435 2612 5490 sententias
2636 5433 2918 5504 praecipue
2958 5432 3104 5488 beati
3138 5434 3427 5509 Augustini
3461 5450 3558 5489 ex-

1935 5531 2112 5601 ponit,
2138 5535 2192 5583 et
2220 5535 2448 5583 caeteros
2479 5525 2709 5580 idoneos
2741 5525 3005 5596 pr0ponit
3037 5532 3209 5582 testes
3239 5524 3556 5596 apostolicae

1935 5616 2066 5671 fidei
2097 5617 2379 5672 doctores:
2413 5628 2649 5685 quorum
2703 5613 3045 5684 sequendam
3075 5613 3132 5668 in
3164 5614 3425 5670 omnibus
3455 5611 3558 5666 ad—

1934 5713 2125 5762 monet
2154 5719 2274 5760 esse
2295 5702 2629 5769 doctrinam,
2649 5702 3006 5774 ostenditque
3031 5703 3363 5760 testimoniis
3385 5700 3558 5755 mani-

1935 5791 2108 5860 festis,
2140 5792 2312 5848 Deum
2345 5799 2403 5846 et
2454 5790 2602 5846 bona
2648 5791 2908 5861 praescire
2963 5797 3016 5846 et
3075 5791 3239 5856 mala,
3286 5789 3381 5845 sed
3412 5785 3554 5842 mala
