3912 6462
330 469 436 596 ῗ59

1462 463 1824 520 FLODOARDI
1867 462 2171 519 CANONICI
2223 464 2557 521 REMENSIS

3570 473 3680 529 260

346 621 537 668 antum
572 611 850 683 praescire,
887 611 1035 665 bona
1054 623 1187 664 vero
1215 615 1269 663 et
1302 606 1555 679 praescire
1597 605 1955 677 etprzedesti-
1985 610 2036 678 Α
2059 623 2159 662 nes
2180 607 2249 663 ab
2307 610 2457 663 omni
2508 610 2888 681 perversitatis
2935 610 3128 666 fraude
3160 613 3378 683 seipsos
3428 616 3482 669 in
3516 632 3681 671 exse-

331 721 485 761 nare.
524 704 678 759 Unde
703 703 1049 775 przescientia
1073 717 1194 755 esse
1223 706 1403 771 potest
1423 699 1544 753 sine
1583 698 1947 769 praedestina-

331 793 485 848 tione
531 812 548 847 :
602 792 1015 863 praedestinatio
1058 796 1239 844 autem
1296 803 1407 843 non
1450 793 1775 858 potestesse
1826 786 1948 841 siue

330 884 699 955 praescientia,
730 892 785 937 et
806 882 936 953 quia
986 881 1165 935 bonos
1204 878 1482 949 priescivit
1507 886 1562 932 et
1585 877 1949 948 praedestina-

330 977 411 1031 vit
434 975 504 1031 ad
528 991 760 1050 regnum
788 992 801 1040 ;
832 973 1005 1027 malos
1033 980 1217 1026 autem
1251 970 1527 1042 przescivit
1573 976 1805 1035 tantum,
1834 984 1948 1024 non

330 1063 764 1136 praadestinavit,
800 1077 902 1115 nec
929 1068 989 1115 ut
1014 1058 1261 1130 perirent
1290 1075 1392 1113 sua
1417 1058 1765 1129 praescientia
1797 1072 1951 1112 com-

328 1152 487 1224 pulit.
522 1152 623 1207 Ubi
650 1149 971 1205 difﬁnitioni
1003 1148 1357 1207 subscribere
1390 1147 1537 1202 idem
1560 1147 1950 1202 Gothescalcus

328 1243 769 1316 pertinacissime
801 1240 1094 1296 recusavit.
1124 1239 1356 1311 Scripsit
1378 1254 1599 1312 quoque
1627 1238 1773 1293 idem
1797 1239 1951 1294 dom-

328 1353 431 1391 nus
460 1335 785 1389 Hincmarus
822 1333 889 1388 ad
936 1333 1238 1388 monachos
1267 1330 1661 1387 Altvillarensis
1682 1328 1947 1395 coenobii,

328 1442 428 1498 pro
458 1426 656 1481 eodem
688 1423 1071 1490 Gothescalco,
1119 1431 1180 1479 ut
1205 1424 1249 1478 si
1279 1439 1339 1477 se
1370 1428 1815 1497 recognosceret,
1845 1435 1947 1474 an-

326 1521 549 1586 tequam
571 1514 758 1568 anima
792 1512 942 1566 illius
977 1511 1338 1584 egrederetur
1382 1512 1452 1566 de
1483 1524 1732 1580 corpore,
1758 1515 1813 1564 et
1833 1507 1949 1578 spi-

326 1605 544 1660 ritalem
570 1613 625 1659 et
647 1604 993 1675 corporalem
1049 1602 1449 1659 humanitatem
1504 1600 1838 1656 exhiberent
1866 1598 1947 1653 illi

325 1698 629 1754 ostendens
686 1698 1068 1753 auctoritatem
1149 1696 1577 1752 ecclesiasticam
1635 1711 1700 1750 ex
1761 1692 1949 1748 verbis

324 1790 759 1846 orthodoxorum
818 1806 990 1860 super
1043 1788 1361 1857 hujusmodi
1429 1784 1945 1843 excommunicatis.

323 1877 601 1951 Amalgiso
632 1886 688 1931 et
716 1877 991 1949 Ragberto
1013 1874 1271 1931 ﬁdelibus
1297 1876 1434 1943 suis,
1462 1890 1561 1946 pro
1579 1874 1747 1929 rebus
1768 1871 1949 1927 Eccle-

326 1966 421 2021 sia:
454 1981 568 2019 suae
597 1966 652 2019 in
684 1965 977 2037 Aquitania
1026 1964 1168 2031 sitis,
1218 1980 1317 2035 pro
1371 1963 1577 2036 quibus
1604 1959 1947 2035 Regimundo

328 2055 538 2110 litteras
585 2054 810 2109 miserat
871 2054 1179 2125 deprecans
1234 2063 1293 2108 ut
1345 2052 1553 2108 eisdem
1608 2049 1790 2105 missis
1832 2048 1950 2102 suis

329 2146 663 2219 adjutorium
687 2161 787 2218 pro
814 2146 1140 2216 rebusipsis
1168 2144 1553 2200 evindicandis
1576 2141 1946 2213 impenderet,

326 2239 691 2309 prmcipitque
722 2237 861 2305 istis,
887 2243 949 2292 ut
973 2237 1194 2291 easdem
1218 2252 1314 2292 rex
1337 2252 1401 2291 ex
1420 2236 1638 2310 integro
1654 2232 1944 2303 recipiant,

326 2339 383 2385 et
408 2328 653 2385 habeant
672 2330 726 2383 in
757 2345 858 2383 sua
911 2328 1277 2400 providentia.
1326 2328 1486 2383 Petro
1517 2325 1666 2381 ﬁdeli
1694 2339 1817 2390 suo,
1845 2338 1945 2395 pro

326 2418 493 2473 rebus
539 2418 593 2472 in
652 2417 938 2489 provincia
988 2417 1443 2484 consistentibus,
1477 2416 1701 2479 mittens
1726 2414 1792 2468 ad
1816 2428 1943 2467 eum

324 2513 592 2584 quosdam
638 2512 853 2580 fratres,
907 2514 1001 2586 qui
1051 2530 1176 2569 cum
1235 2513 1413 2584 ipsius
1441 2510 1674 2568 consilio
1701 2510 1769 2564 de
1808 2506 1947 2562 ﬁde-

324 2600 477 2657 litate
503 2618 602 2673 sua
626 2609 680 2657 et
700 2602 937 2658 utilitate
964 2618 1147 2657 rerum
1171 2608 1490 2667 tractarent,
1513 2609 1568 2654 et
1597 2614 1684 2653 res
1716 2598 1864 2668 ipsas
1880 2612 1944 2650 ac

325 2693 593 2761 redditus,
617 2702 784 2765 atque
816 2692 1103 2749 facultates
1148 2693 1396 2762 ipsarum
1442 2692 1823 2761 disponerent.
1882 2687 1944 2741 Et

319 2783 451 2854 quia
476 2784 901 2855 audierat,quod
927 2784 1180 2854 quaedam
1198 2784 1320 2837 sine
1337 2781 1569 2837 consilio
1592 2780 1770 2851 ipsius
1794 2777 1941 2833 Petri

325 2873 525 2927 exinde
556 2871 699 2927 facta
714 2871 972 2936 fuissent,
1000 2871 1158 2941 quasi
1182 2886 1247 2925 ex
1268 2872 1389 2941 ejus
1418 2868 1763 2932 auctoritate,
1784 2883 1943 2922 excu-

322 2972 407 3021 sat
445 2981 504 3021 se
534 2964 719 3019 nonid
742 2963 991 3035 iussisse,
1021 2980 1126 3018 nec
1160 2964 1403 3020 voluisse
1431 2983 1447 3018 :
1472 2963 1742 3017 mandans
1764 2961 1815 3016 ei
1842 2976 1942 3032 per

321 3053 583 3124 capitula,
602 3052 840 3124 qualiter
870 3049 1091 3107 easdem
1108 3068 1197 3107 res
1211 3052 1430 3123 disponi
1452 3050 1731 3116 volebant,
1751 3058 1939 3121 etquae

322 3162 574 3216 personae
600 3146 668 3201 ab
701 3145 837 3216 ipsis
902 3145 1088 3213 rebus,
1135 3154 1190 3201 et
1227 3146 1295 3200 de
1364 3145 1568 3218 quibus
1594 3143 1741 3199 villis
1771 3143 1837 3198 ad
1879 3158 1936 3197 se

318 3235 509 3289 venire
537 3234 824 3289 deberent.
889 3233 1130 3289 Evrardo
1173 3234 1381 3290 sororis
1438 3249 1552 3289 suae
1581 3232 1938 3308 Hildegandis

321 3327 435 3384 ﬁlio
466 3328 552 3383 vel
582 3344 810 3403 genero,
843 3327 1066 3382 instruit
1094 3327 1302 3399 scripto
1328 3327 1564 3399 qualiter
1591 3343 1723 3400 erga
1752 3327 1938 3381 Ludo-

321 3420 504 3475 vicum
559 3436 745 3492 regem
792 3420 1301 3475 Transrhenensem
1361 3435 1422 3475 se
1451 3435 1649 3493 gerere
1688 3418 1938 3485 deberet,

323 3528 396 3567 ne
424 3528 587 3567 suum
626 3511 867 3578 alodem,
900 3528 1067 3583 quem
1110 3512 1164 3566 in
1196 3512 1541 3568 Allemannia
1578 3512 1841 3579 habebat,
1870 3512 1939 3566 ab

323 3616 391 3656 eo
422 3600 686 3667 auferret,
729 3617 831 3673 pro
897 3617 964 3657 eo
1007 3603 1156 3674 quod
1211 3603 1388 3674 ipsius
1450 3604 1757 3659 dominium
1789 3604 1937 3658 idem

327 3694 598 3749 Evrardus
627 3694 928 3750 dimiserat.
982 3695 1087 3751 Pro
1130 3711 1240 3767 quo
1294 3697 1459 3753 etiam
1491 3696 1732 3768 praefatae
1762 3696 1937 3753 sorori

321 3803 437 3842 suae
463 3788 677 3858 scribit,
708 3796 907 3859 petens
926 3795 988 3844 ut
1016 3789 1165 3845 illius
1193 3788 1459 3845 domnum
1512 3791 1818 3862 prudenter
1845 3805 1937 3845 or-

322 3881 476 3936 dinet
501 3888 666 3953 atque
710 3883 990 3954 disponat.
1050 3883 1291 3939 Plebeiis
1347 3899 1571 3956 quoque
1602 3883 1935 3956 quibusdam

318 3970 594 4041 personis,
619 3970 868 4025 villarum
927 3970 1140 4028 scilicet
1184 3972 1660 4038 ministerialibus,
1718 3988 1816 4044 pro
1846 3988 1937 4027 re-

318 4056 423 4112 bus
451 4058 886 4114 ministeriorum
932 4075 1159 4116 suorum
1217 4076 1618 4133 nonnunquam
1659 4061 1934 4130 scribens,

317 4152 624 4222 prudenter
669 4160 835 4224 atque
879 4153 1281 4211 rationabiliter
1314 4155 1669 4227 disponebat,
1700 4155 1937 4228 qualiter

316 4257 407 4297 res
432 4241 542 4296 sibi
598 4242 922 4298 commissas
968 4250 1202 4300 tractare
1251 4245 1542 4301 deberent.
1597 4245 1937 4300 Generaliter

314 4332 480 4388 etiam
510 4348 707 4389 omnes
743 4333 850 4389 sibi
882 4334 1207 4391 commissos
1263 4342 1372 4391 tam
1404 4336 1614 4404 verbis,
1644 4351 1809 4408 quam
1839 4337 1935 4391 lit-

316 4426 449 4481 teris
468 4426 770 4493 instruens,
795 4427 1065 4483 edocebat
1092 4428 1333 4500 qualiter
1378 4429 1548 4497 juste,
1578 4428 1666 4500 pie
1698 4437 1753 4485 et
1782 4436 1932 4485 caste

313 4516 583 4584 viverent,
644 4535 805 4590 quam
872 4526 1188 4575 reverenter
1241 4526 1408 4592 atque
1465 4520 1664 4576 devote
1716 4520 1931 4590 jejunia

313 4605 616 4662 constituta
635 4614 982 4664 tractarent:
1038 4624 1138 4680 pro
1167 4609 1256 4664 his
1311 4609 1406 4682 qui
1454 4609 1750 4677 obiissent,
1817 4618 1927 4666 tam

314 4696 611 4769 episcopis,
643 4715 806 4771 quam
838 4699 959 4754 aliis
985 4699 1415 4772 quibuscunque
1443 4701 1721 4773 personis,
1753 4703 1932 4773 quali-

313 4794 396 4843 ter
426 4789 640 4845 Domini
710 4791 1060 4847 clementiam
1104 4801 1415 4859 exorarent,
1477 4799 1531 4849 et
1570 4800 1629 4849 ut
1685 4809 1935 4864 personae

314 4876 425 4932 Deo
454 4876 674 4948 placitae
729 4878 786 4933 in
839 4878 1166 4935 vacantibus
1219 4880 1558 4953 eligerentur
1610 4882 1931 4955 episcopiis,

1954 4659 2014 4729 D

2057 701 2286 770 quendo
2317 702 2681 769 custodirent,
2726 703 2852 758 data
2884 702 3057 759 forma
3088 704 3381 760 electionis
3412 706 3681 761 edorcere

2049 791 2296 853 curabat,
2357 791 2425 846 ad
2476 791 2683 845 nullam
2738 792 3055 862 specialiter
3104 793 3422 860 intendens,
3478 811 3680 866 perso-

2050 899 2173 937 nam
2200 901 2214 949 ;
2247 883 2346 937 sed
2367 899 2489 954 qua;
2520 883 2875 939 concorditer
2903 884 2972 938 ab
3004 884 3286 949 omnibus,
3314 885 3401 940 vel
3461 886 3675 941 utiliter

2049 990 2081 1029 a
2110 975 2366 1046 pluribus
2386 991 2449 1031 ac
2477 975 2805 1030 melioribus
2836 976 3155 1052 eligeretur,
3190 976 3507 1035 attendens.

2641 1081 2852 1137 CAPUT
2889 1082 3068 1137 XXIX.

2050 1171 2124 1223 De
2147 1168 2286 1225 libro
2311 1172 2452 1226 edito
2481 1188 2516 1225 a
2543 1187 2598 1226 se
2616 1172 2853 1242 quat-iter
2873 1173 3090 1226 Domini
3111 1172 3195 1225 vel
3223 1176 3533 1226 sanctorum
3558 1174 3676 1226 sint

2465 1245 2733 1311 imagines
2762 1242 3100 1308 venerandae,
3129 1251 3234 1296 etc.

2122 1327 2350 1400 Scripsit
2397 1330 2561 1385 etiam
2611 1330 2811 1384 librum
2889 1329 3268 1403 flagitantibus
3316 1330 3674 1402 coepiscopis

2052 1420 2315 1476 fratribus
2344 1421 2478 1487 suis,
2521 1422 2758 1493 qualiter
2802 1421 3074 1494 imagines
3130 1421 3429 1477 Salvatoris
3475 1422 3671 1488 nostri,

2049 1512 2136 1568 vel
2164 1518 2482 1569 sanctorum’
2536 1514 2711 1585 ipsius
2764 1513 3093 1569 veneranda
3132 1513 3265 1579 sint,
3296 1530 3421 1567 cum
3444 1513 3673 1587 epilogo

2049 1605 2289 1675 quodam
2319 1607 2548 1662 metrice
2571 1607 2805 1681 digesto.
2828 1606 3148 1677 Respondet
3170 1620 3391 1677 quoque
3413 1605 3480 1659 ad
3498 1605 3675 1660 inter-

2052 1693 2366 1766 rogationes
2394 1695 2679 1763 cujusdam
2706 1712 2719 1749 :
2752 1711 2851 1749 cur
2880 1702 3142 1764 apostatae
3172 1693 3455 1764 baptizati,
3480 1700 3536 1748 et
3560 1693 3669 1747 im-

2052 1784 2329 1856 positione
2359 1802 2552 1841 manus
2590 1786 2922 1859 episcopalis
2973 1784 3302 1858 consignati.
3337 1792 3490 1839 extra
3516 1784 3670 1839 ordi-

2052 1892 2177 1931 nem
2209 1877 2471 1945 diaconii,
2503 1878 2591 1933 vel
2620 1877 2948 1950 presbyterii
2976 1878 3045 1932 ad
3073 1876 3345 1951 agendam
3377 1875 3669 1947 paeniten-

2051 1964 2180 2020 tiam
2204 1983 2400 2021 manus
2451 1966 2864 2039 impositionem
2906 1966 3204 2037 accipiunt.
3237 1964 3437 2019 Scribit
3476 1972 3531 2018 et
3551 1965 3674 2018 cui—

2049 2056 2173 2112 dam
2205 2059 2624 2131 archiepiscopo
2647 2060 2714 2113 de
2729 2058 3023 2129 praecipuis
3039 2064 3277 2112 tractans
3303 2056 3671 2111 sacramentis

2050 2151 2303 2207 humanae
2325 2153 2536 2207 salutis.
2557 2154 2690 2208 Item
2703 2152 2921 2207 cuidam
2935 2152 3223 2222 episcOpo,
3247 2150 3313 2204 ad
3331 2149 3673 2222 interrogata

2048 2239 2221 2312 ipsius
2261 2242 2604 2313 respondens
2661 2242 2729 2296 de
2781 2240 3227 2297 ordinationibus
3251 2239 3668 2311 episcoporum,

2045 2333 2132 2387 vel
2163 2334 2620 2389 translationibus
2676 2334 2744 2388 de
2799 2333 3019 2389 civitate
3059 2332 3127 2386 ad
3159 2332 3434 2387 civitatem
3471 2349 3484 2384 :
3521 2331 3671 2385 etde

2043 2425 2277 2482 Actardo
2329 2425 2685 2481 Namnetensi
2735 2424 3017 2496 episcopo,
3050 2424 3141 2496 qui
3173 2423 3433 2495 expulsus
3466 2439 3498 2477 a
3526 2439 3672 2493 quo-

2046 2519 2169 2572 dam
2201 2518 2483 2574 Britonum
2514 2518 2675 2584 duce,
2730 2517 2786 2571 in
2834 2526 3064 2572 vacante
3090 2515 3386 2571 Morinensi
3422 2514 3673 2569 Ecclesia

2043 2608 2367 2679 aliquandiu
2397 2609 2976 2677 demoratus,petente
3003 2606 3228 2661 cleroac
3260 2604 3423 2676 plebe
3439 2604 3672 2675 provin-

2042 2697 2139 2752 cia:
2159 2697 2516 2763 Turonensis,
2537 2703 2592 2751 et
2608 2695 3077 2751 convenientibus
3089 2694 3453 2765 episc0pis,in
3469 2693 3669 2747 eadem

2042 2787 2337 2856 metropoli
2369 2785 2471 2840 fuit
2501 2784 2899 2839 incardinatus.
2938 2784 3071 2837 Item
3113 2782 3328 2837 cuidam
3387 2782 3563 2848 fratri,
3594 2781 3669 2836 de

2044 2874 2294 2939 homine,
2326 2873 2420 2944 qui
2462 2888 2585 2928 cum
2617 2872 2852 2943 quadam
2888 2870 3092 2926 femina
3127 2870 3450 2929 concubuit.
3485 2880 3543 2925 et
3570 2885 3673 2941 po-

2042 2973 2161 3020 stea
2189 2979 2432 3020 sororem
2452 2963 2696 3034 ipsnusin
2723 2961 3042 3034 conjugium
3058 2960 3232 3014 duxit.
3267 2959 3469 3014 Scribit
3497 2960 3667 3015 etiam

2043 3060 2246 3123 (supra,
2276 3068 2401 3123 cap.
2423 3052 2509 3122 21)
2540 3050 2853 3125 apologiam
2870 3065 2969 3121 pro
2983 3065 3064 3115 se,
3087 3050 3268 3104 cuncti
3284 3064 3311 3102 s
3332 3065 3454 3103 eam
3479 3050 3670 3122 legere

2041 3144 2361 3200 volentibus
2391 3150 2584 3198 contra
2604 3157 2699 3198 eos
2721 3141 2816 3213 qui
2838 3140 3157 3195 calumniati
3187 3139 3486 3195 suntillum
3516 3142 3669 3211 apud

2039 3237 2309 3292 Joannem
2343 3251 2563 3307 papam,
2592 3233 2686 3306 qui
2737 3233 3009 3304 synodum
3043 3231 3237 3286 habuit
3293 3232 3575 3302 Trecas(i,
3617 3234 3668 3287 ι.

2040 3328 2263 3398 Trecis),
2296 3344 2328 3382 a
2348 3342 2457 3398 quo
2474 3334 2528 3381 et
2555 3325 2957 3399 benigneidem
3010 3324 3208 3395 praesul
3232 3324 3669 3395 suscipiebatur,

2043 3421 2249 3493 quibus
2274 3429 2329 3474 et
2367 3419 2423 3473 in
2456 3418 2668 3489 synodo
2726 3424 2857 3473 tunc
2892 3415 3181 3487 respondit
3237 3431 3338 3487 pro
3388 3424 3668 3487 tempore,

2045 3511 2396 3583 postmodum
2429 3525 2559 3564 vero
2617 3524 2880 3563 excusare
2912 3523 2971 3561 se
3004 3506 3202 3561 litteris
3248 3522 3359 3561 non
3400 3507 3668 3581 neglexit.

2043 3618 2298 3658 asserens
2328 3617 2387 3656 se
2412 3599 2722 3655 decretales
2741 3599 3010 3669 epistolas
3042 3596 3360 3668 pontiﬁcum
3390 3598 3673 3653 Romano-

2042 3714 2163 3753 rum
2194 3694 2590 3753 venerabiliter
2638 3693 2924 3763 suscipere
2957 3698 3119 3763 atque
3166 3699 3379 3757 tenere,
3410 3707 3534 3746 cum
3570 3708 3672 3747 ca-

2040 3786 2444 3842 lumniarentur
2477 3784 2707 3851 inimici,
2740 3785 2839 3837 has
2871 3799 2997 3837 eum
3020 3783 3169 3838 nolle
3190 3782 3257 3837 ad
3274 3782 3665 3838 auctoritatem

2040 3877 2309 3947 recipere.
2346 3875 2479 3929 ltem
2498 3874 2567 3928 de
2617 3873 2836 3927 Nicaana
2864 3871 3099 3943 synodo,
3133 3878 3190 3926 et
3219 3871 3288 3925 de
3320 3871 3666 3940 abjectione,

2037 3970 2122 4024 vel
2155 3968 2503 4024 restitutione
2562 3966 2838 4021 Hincmari
2873 3966 3256 4020 Laudunensis
3287 3965 3556 4037 episcoPi.
3592 3967 3667 4021 De

2039 4062 2143 4119 hoc
2171 4077 2393 4135 quoque
2442 4061 2591 4133 quod
2655 4058 3136 4115 calumniabantur
3163 4074 3288 4113 eum
3329 4058 3518 4113 dicere
3550 4075 3666 4114 non

2037 4154 2265 4224 majoris
2286 4153 2574 4227 dignitatis
2604 4166 2727 4207 esse
2757 4168 2955 4223 papam
2989 4152 3318 4217 Romanum,
3339 4167 3503 4222 quam
3538 4154 3663 4207 exi-

2037 4250 2211 4299 steret
2240 4244 2377 4315 ipse.
2403 4240 2510 4297 Sed
2543 4248 2598 4296 et
2626 4240 2697 4295 de
2726 4240 3116 4307 Karlomanno,
3147 4249 3203 4295 et
3232 4239 3357 4293 aliis
3387 4240 3666 4295 conviciis

2036 4338 2144 4393 sibi
2178 4354 2279 4408 per
2307 4335 2642 4392 calumniam
2671 4334 2859 4398 illatis,
2889 4334 2959 4389 de
2979 4332 3324 4406 quibuscum
3338 4333 3546 4388 veritas
3567 4350 3665 4389 ex-

2037 4423 2336 4480 cusabilem
2369 4422 2630 4478 reddidit.
2652 4422 2883 4494 Scripsit
2909 4429 3179 4494 praeterea
3209 4422 3387 4493 plura,
3440 4422 3508 4477 ad
3537 4440 3664 4494 quae

2037 4531 2139 4572 nos
2167 4515 2545 4572 enumeranda
2567 4513 2823 4571 sufﬁcere
2840 4529 2952 4570 non
2984 4521 3262 4585 putamus.

2641 4640 2851 4697 CAPUT
2887 4641 3039 4696 XXX.

2036 4735 2110 4788 De
2135 4733 2490 4788 translatione
2523 4732 2763 4801 corporis
2805 4733 2982 4785 sancti
3005 4731 3240 4798 Remigii
3258 4746 3294 4784 a
3328 4733 3663 4787 monasterio

2321 4804 2516 4872 ipsius,
2545 4807 2595 4856 et
2622 4802 2773 4857 obitu
2808 4804 3096 4857 Hincmari
3114 4804 3368 4872 episcopi.

2108 4892 2563 4949 Excrescentibus
2586 4893 2808 4949 tandem
2852 4892 3093 4964 ﬂagitiis,
3127 4901 3319 4949 contra
3339 4908 3462 4964 quae
3485 4893 3659 4948 veluti

311 4971 418 5020 tam
469 4966 699 5036 ieiuniis
726 4983 890 5038 quam
951 4968 1296 5024 OraliOHibuS
1343 4970 1634 5026 Dominum
1686 4974 1935 5043 postula-
2035 4998 2222 5037 murus
2264 4981 2955 5056 inexpugnabilissemper
2983 4981 3294 5047 obstiterat,
3327 4996 3464 5053 gens
3494 4980 3657 5036 Nort-

312 5063 452 5109 rent.
500 5056 557 5109 ln
581 5056 814 5111 diversis
843 5073 1068 5130 quoque
1117 5059 1344 5130 synodis
1369 5060 1612 5131 capitula
1642 5063 1928 5127 nonnulla,

310 5153 367 5200 et
402 5145 565 5201 valde
604 5147 765 5202 utilia
803 5148 999 5216 edidit,
1057 5149 1286 5222 suisque
1333 5152 1605 5206 servanda
1631 5153 1805 5210 dedit.
1841 5155 1931 5208 Di-

309 5234 489 5288 versis
530 5251 635 5290 nec
665 5251 777 5291 non
810 5237 1072 5293 Ecclesiis
1113 5254 1226 5294 suae
1256 5238 1588 5308 dioeceseos,
1621 5242 1861 5298 maxime
1881 5243 1925 5297 si

310 5322 634 5396 contigisset
664 5325 979 5395 pastoribus
1001 5325 1237 5396 viduari,
1281 5329 1654 5385 consolatorie
1683 5330 1930 5403 dirigens

307 5412 533 5482 scripta,
577 5415 817 5484 qualiter
845 5433 876 5471 a
910 5418 1022 5474 Deo
1059 5418 1294 5490 primum
1325 5421 1644 5491 hujusmodi
1679 5428 1927 5483 solamen

309 5503 677 5573 requirerent,
732 5505 1087 5565 instruebat:
1145 5513 1384 5582 qualiter
1442 5515 1606 5571 etiam
1639 5523 1928 5576 aterrenis

310 5590 655 5662 principibus
683 5592 911 5649 liberam
956 5598 1061 5652 sibi
1105 5601 1337 5656 concedi
1357 5615 1669 5674 quaererent
1699 5610 1928 5666 electio-

309 5694 458 5771 nem,
490 5686 545 5733 et
569 5686 627 5734 ut
652 5680 1013 5749 impetrarent
1050 5694 1159 5743 tam
1196 5706 1295 5760 per
1325 5693 1591 5765 seipsum,
1625 5712 1789 5769 quam
1823 5716 1925 5771 per

304 5768 520 5825 litteras
546 5777 600 5826 et
642 5771 859 5862 legatos
903 5789 1033 5831 suos
1078 5779 1362 5837 elaborare
1411 5768 1692 5843 studebat.
1732 5768 1919 5862 tmpe-

302 5865 597 5916 trataxero
645 5858 886 5931 qualiter
935 5875 1273 5931 exercerent,
1324 5878 1377 5925 et
1407 5875 1687 5942 quomodo
1711 5858 1921 5936 ίπηῇιι-

2032 5085 2359 5126 mannorum
2392 5086 2493 5140 per
2518 5085 2684 5125 omne
2716 5069 3048 5125 Francorum
3065 5068 3395 5125 diffunditur
3416 5086 3656 5144 regnum

2032 5163 2337 5235 (Amomus,
2370 5164 2465 5218 lib.
2499 5179 2618 5229 v,c.
2640 5163 2750 5235 41).
2786 5164 2846 5218 Et
2874 5163 3137 5235 quoniam
3165 5163 3360 5218 civitas
3379 5163 3499 5219 haec
3523 5170 3659 5217 tunc

2030 5256 2243 5327 absque
2280 5272 2439 5312 muro
2506 5256 2880 5322 habitabatur,
2913 5258 3196 5328 accipiens
3228 5257 3323 5312 ille
3355 5258 3502 5329 quod
3546 5257 3658 5311 sibi

2028 5346 2250 5402 charius
2270 5345 2326 5400 in
2355 5345 2631 5401 thesauris
2671 5346 2934 5413 habebat,
2967 5362 3171 5418 corpus
3201 5345 3461 5402 videlicet
3506 5345 3654 5401 beati

2030 5435 2289 5507 Remigii,
2319 5434 2591 5490 silvestria
2618 5436 2741 5491 loca
2772 5442 2924 5490 trans
2964 5435 3191 5491 fluvium
3212 5435 3516 5490 Matronam
3550 5451 3657 5490 cx-

2027 5524 2207 5596 petiit,
2240 5532 2293 5579 et
2323 5524 2469 5595 apud
2521 5524 2706 5579 villam
2738 5524 3074 5595 Sparnacum
3104 5524 3250 5578 idem
3283 5540 3499 5578 sacrum
3533 5539 3661 5579 cor-

2029 5629 2134 5685 pus
2152 5613 2475 5685 aliquandiu
2507 5613 2819 5669 custodivit.
2856 5612 3107 5685 Denique
3137 5612 3267 5668 dum
3298 5611 3505 5667 ibidem
3530 5629 3657 5668 mo-

2029 5711 2263 5769 raretur,
2287 5703 2433 5774 apud
2463 5704 2714 5759 eamdem
2751 5703 2937 5758 villam
2971 5703 3118 5758 diem
3150 5703 3349 5758 clausit
3375 5702 3657 5769 ultimum,

2023 5794 2394 5864 cujuscorpus
2412 5794 2480 5849 ad
2512 5794 2910 5851 monasterium
2942 5792 3366 5866 sanctiRemigii
3399 5795 3659 5860 relatum,

2026 5890 2081 5940 et
2098 5885 2420 5955 postipsius
2445 5886 2623 5943 sancti
2656 5887 2928 5943 tumulum
2954 5886 3012 5942 in
3044 5884 3324 5957 sepulcro,
3354 5886 3503 5956 quod
3536 5885 3659 5971 ipse
