3912 6410
152 358 239 412 261
796 355 1124 411 ΗιδΤΟΒΙιΈ
1163 355 1495 412 ΕΟΟΙιΕὸῐιΕ
1532 356 1861 413 REMENSIS
1901 357 2078 414 LIBRI
2117 359 2444 424 QUATUOR.
2470 391 2541 401 —
2579 361 2704 418 LIB.
2731 365 2796 418 IV

156 494 250 548 sibi
276 501 700 565 praeparaverat,
755 503 841 550 est
878 494 1176 565 sepultum.
1223 494 1387 564 Cujus
1419 494 1761 567 epitaphium
1788 507 1839 575 Α

160 581 218 635 ab
247 596 307 636 eo
327 580 592 635 dictatum
625 582 867 638 habetur
895 583 1231 655 hujusmodi.

213 671 409 723 Nomine
430 687 533 722 non
563 674 757 730 merito,
782 675 963 737 praesul
996 674 1307 731 Hincmarus,
1331 673 1393 723 ab
1418 682 1563 724 antro

270 738 349 795 Te,
387 737 558 794 lector,
586 736 738 793 tituli,
766 736 949 800 quisse,
970 744 1219 800 memento
1239 737 1355 800 mei.

216 797 359 861 Quem
384 814 526 863 grege
556 797 810 863 pastorem
840 799 1042 863 proprio
1065 798 1331 863 Dyonisius
1346 798 1468 847 olim

271 860 537 933 Remorum
558 860 789 933 populis,
827 860 882 910 ut
896 860 1283 933 petiere,’.dedit.

214 926 416 990 Quisque
440 922 655 990 humilis
679 937 874 990 magna!
896 922 1157 990 Remensis
1170 923 1393 986 regmina
1421 922 1581 987 plebis

274 985 385 1050 Regi
416 1002 510 1058 pro
534 986 757 1057 modulo,
788 985 867 1033 hic
894 986 1041 1058 modo
1062 985 1238 1034 verme
1262 999 1424 1034 voror.

219 1052 333 1115 Ergo
345 1048 543 1099 anima:
568 1048 791 1112 requiem
810 1062 959 1106 nunc,
988 1056 1037 1096 et
1065 1062 1178 1096 cum
1213 1061 1360 1096 carne
1383 1054 1655 1110 resumpta,

3371 372 3479 427 262

1986 495 2178 568 Gaudia
2205 496 2355 568 plena
2376 496 2507 568 mihi
2523 497 2853 568 baac__quoque
2890 516 3034 568 posce
3050 504 3231 568 simul.

1925 556 2134 614 Christe,
2155 556 2225 608 tui
2246 559 2461 609 clemens
2486 560 2661 610 famuli
2674 556 2917 613 miserere
2948 566 3141 616 ﬁdelis:

1988 619 2066 669 Sis
2081 621 2166 682 pia
2190 621 2365 670 cultori
2387 630 2557 671 sancta
2577 623 2733 673 Maria
2769 635 2868 675 tuo.

1929 682 2092 752 Dulcis
2117 683 2548 752 Remigii-sibimet
2576 686 2775 736 devotio
2799 690 2973 752 prosit.

1988 745 2095 804 Qua
2122 753 2167 808 te
2189 744 2366 794 dilexit
2387 755 2598 808 pectore,
2631 759 2679 798 et
2707 744 2819 808 ore;
2844 766 3018 802 manu.

1926 806 2092 875 Quare
2121 807 2201 855 hic
2232 806 2471 875 suppetiit
2490 811 2700 875 supplex
2722 806 2813 861 sua
2835 814 3061 863 membra
3087 815 3255 875 locari,

1995 866 2058 917 Ut
2079 868 2205 919 bene
2223 866 2788 937 complacuitfdenique
2811 876 2879 925 sic
2900 875 3041 926 obiit.

1871 986 2028 1059 Axino
2041 985 2311 1059 Dominicis
2332 988 2691 1059 incarnationis
2706 994 2801 1042 882
2825 1010 2836 1053 ;
2872 994 3201 1059 Episcopatus
3221 1006 3386 1048 autem
3413 1000 3492 1049 sui

1936 1049 2015 1107 32,
2046 1064 2233 1109 mense,
2266 1052 2293 1100 7
2323 1060 2371 1100 et
2399 1052 2481 1102 die
2515 1063 2708 1117 quarta.

1273 1282 1669 1369 LIBER
1745 1283 2431 1395 QUARTUS

690 1515 899 1570 CAPUT
946 1515 1230 1570 PRIMUM.

168 1611 234 1662 De
258 1611 566 1678 episcopatu
618 1607 888 1670 Fulcom's,
929 1612 979 1661 ct
1024 1623 1142 1676 quae
1182 1609 1394 1676 scripta
1445 1606 1771 1675 quibusdam

509 1680 771 1734 Romanis
793 1680 1141 1748 pontiﬁcibus
1185 1679 1410 1743 diremit.

230 1784 515 1840 Praemisso
544 1784 664 1840 viro
712 1784 806 1837 Dei
869 1785 938 1838 ad
966 1792 1151 1855 patres
1170 1800 1301 1840 suos
1343 1784 1619 1856 apposito,
1649 1799 1776 1839 suc-

167 1876 319 1930 cessit
347 1876 401 1930 in
438 1876 767 1946 episcopatu
823 1875 1082 1930 Remensi
1132 1875 1297 1931 Fulco
1349 1877 1432 1931 vir
1488 1876 1648 1930 valde
1672 1890 1775 1930 no-

167 1967 299 2033 bilis,
344 1974 399 2022 et
449 1966 714 2037 palatinis
772 1976 1026 2022 assuetus
1082 1965 1284 2023 ofﬁciis
1315 1985 1328 2021 :
1362 1968 1457 2038 qui
1488 1965 1617 2022 ﬁdei
1661 1983 1773 2022 suae

168 2066 397 2114 tenorem
460 2059 670 2114 Marino
714 2074 872 2130 papae
933 2059 1222 2132 delegans,
1279 2060 1508 2130 pallium
1559 2058 1628 2114 ab
1682 2075 1772 2127 eo,

164 2157 571 2205 antecessorum
622 2164 848 2205 suorum
879 2151 948 2205 de
982 2166 1153 2216 more,
1184 2151 1448 2221 suscepit.
1479 2150 1574 2205 Cui
1609 2152 1772 2206 etiam

164 2236 357 2293 litteras
377 2237 534 2293 misit
556 2254 654 2309 pro
676 2239 1037 2294 concedendo
1056 2239 1244 2294 debito
1271 2239 1563 2294 Remensis
1588 2240 1775 2294 Eccle-

159 2327 246 2383 siae
271 2329 590 2405 privilegio,
620 2337 785 2401 atque
815 2346 917 2401 pro
947 2330 1434 2386 commendatione
1466 2331 1613 2405 regis
1642 2331 1776 2386 Kar-

153 2436 234 2475 om
253 2423 400 2487 anni,
441 2423 498 2477 in
535 2423 866 2494 quibusdam
899 2439 958 2478 se
997 2423 1273 2497 signiﬁcat
1304 2426 1372 2480 ab
1397 2425 1593 2481 eodem
1630 2440 1775 2495 papa

161 2507 354 2564 dudum
366 2510 540 2566 fuisse
550 2513 833 2584 cognitum
846 2513 1337 2582 temporeJoannis
1356 2529 1534 2585 papae,
1551 2513 1774 2584 quando

158 2614 273 2653 cum
302 2601 503 2659 Karolo
545 2603 879 2672 imperatore
924 2603 1073 2657 idem
1127 2604 1293 2659 Fulco
1351 2603 1531 2659 fuerat
1563 2604 1770 2659 Romae.

164 2688 285 2743 Item
313 2707 411 2762 pro
468 2693 715 2764 quodam
753 2693 1113 2760 monasterio,
1156 2693 1305 2764 quod
1350 2694 1520 2748 frater
1573 2693 1772 2764 ipsius,

163 2781 374 2837 nomine
426 2782 669 2852 Rampo,
720 2782 789 2837 ab
840 2798 908 2838 eo
955 2782 1217 2848 construi,
1279 2789 1611 2838 testamento
1668 2783 1772 2837 de-

164 2869 425 2942 legaverat
466 2891 536 2928 ex
569 2874 738 2928 rebus
787 2890 900 2929 suae
953 2874 1330 2945 proprietatis,
1394 2891 1534 2946 quas
1581 2881 1773 2944 postea

161 2962 523 3021 Erminfridus
548 2966 773 3037 quidam
835 2973 1174 3037 pervaserat,
1214 2965 1313 3038 qui
1344 2981 1574 3022 uxorem
1597 2965 1776 3036 ipsius

162 3053 446 3127 Ramponis
463 3058 691 3112 viduam
710 3058 816 3111 sibi
832 3058 1319 3128 copulaverat.Pro
1335 3073 1446 3129 quo
1470 3057 1617 3111 idem
1632 3072 1776 3127 papa

158 3146 320 3215 (Joan.
361 3150 510 3217 VIII)
559 3148 796 3204 Evrardo
843 3148 1153 3204 Senonensi
1203 3148 1647 3219 archiepiscopo,
1717 3147 1774 3200 in

155 3238 303 3306 cujus
328 3240 602 3310 parochia
646 3240 796 3295 idem
855 3246 1232 3296 constructum
1289 3239 1468 3295 fuerat
1495 3245 1778 3295 monaste-

72 3324 77 3349 θ
156 3326 310 3395 rium,
342 3329 561 3385 litteras
586 3328 805 3384 direxit.
854 3328 961 3384 Sed
1019 3336 1075 3384 et
1128 3328 1330 3384 Joanni
1354 3327 1777 3398 archiepiscopo

159 3417 609 3497 Rothomagensi,
658 3421 717 3475 in
771 3422 929 3492 cujus
973 3421 1122 3475 idem
1153 3419 1519 3475 Erminfridus
1548 3419 1775 3475 dimcesi

158 3510 407 3585 degebat,
441 3513 784 3586 praecipiens
836 3522 898 3568 ut
938 3528 1066 3568 eum
1119 3513 1446 3569 admoneret
1469 3511 1538 3566 ab
1558 3511 1660 3566 hac
1689 3527 1777 3566 sa-

160 3613 365 3656 crarum
407 3619 600 3658 rerum
639 3600 970 3672 pervasione
1025 3616 1265 3668 cessare,
1310 3601 1459 3672 quod
1520 3601 1565 3656 si
1597 3601 1778 3658 facere

162 3694 344 3762 nollet,
375 3694 714 3751 canonicam
740 3693 956 3748 subiret
975 3693 1267 3749 ultionem.
1311 3693 1617 3748 Adrianum
1646 3709 1780 3765 quo-

158 3799 258 3853 que
285 3802 487 3858 papam
521 3786 787 3854 (Adrian.
821 3787 918 3840 III.
947 3802 1037 3839 an.
1071 3786 1196 3853 884)
1226 3784 1402 3855 ipsius
1426 3784 1618 3840 Marini
1642 3801 1774 3840 suc-

156 3889 423 3930 cessorem
452 3875 661 3931 litteris
690 3873 849 3929 initio
879 3872 1234 3944 pontiﬁcatus
1266 3874 1517 3944 ejusdem
1548 3874 1777 3930 visitare

155 3967 377 4035 studuit,
424 3965 797 4042 congaudens
848 3964 1027 4036 ipsius
1076 3965 1297 4033 honori,
1351 3974 1405 4021 et
1442 3981 1503 4020 se
1551 3966 1775 4021 Romam

150 4058 282 4113 velle
334 4069 532 4131 petere
590 4056 889 4133 signiﬁcat,
961 4058 1009 4113 si
1068 4057 1179 4113 Deo
1225 4074 1419 4128 pacem
1471 4056 1773 4125 tribuente,

151 4152 398 4207 valuerit.
454 4149 803 4221 Exemplaria
859 4164 1079 4222 quoque
1102 4150 1518 4221 privilegiorum
1542 4166 1573 4204 a
1594 4149 1777 4205 Leone

149 4242 263 4311 (Leo
286 4247 410 4312 IV),
439 4243 747 4300 Benedicto
774 4242 991 4310 (Bened.
1014 4244 1157 4314 31H),
1182 4249 1237 4297 et
1259 4241 1482 4297 Nicolao
1504 4243 1698 4311 (Nicol.
1732 4242 1776 4313 Ι)

152 4336 511 4404 pontiﬁcibus
576 4334 840 4391 Romanis
899 4333 1155 4389 Remensi
1209 4333 1329 4389 sedi
1383 4349 1779 4389 concessorum

151 4428 274 4485 huic
324 4430 470 4502 petit
514 4428 828 4495 recitanda,
883 4434 938 4482 et
997 4426 1066 4481 ab
1095 4441 1162 4482 eo
1220 4426 1327 4482 sibi
1372 4427 1775 4493 conservanda,

148 4524 201 4572 et
220 4517 560 4585 roboranda,
590 4524 760 4588 atque
787 4514 1215 4589 augmentanda.
1259 4515 1336 4569 De
1371 4512 1601 4585 praefato
1632 4530 1777 4585 quo-

146 4623 250 4678 que
270 4605 648 4672 monasterio,
701 4604 858 4673 cujus
910 4619 999 4659 res
1054 4604 1351 4674 praedictus
1407 4603 1774 4661 Erminfridus

150 4694 443 4759 invaserat,
494 4692 772 4770 suggerit,
823 4700 884 4748 ut
934 4692 1234 4763 prmmissis
1280 4693 1445 4747 etiam
1495 4693 1775 4764 archiepi-

146 4785 322 4857 scopis
342 4785 602 4842 Aurardo
654 4790 710 4840 et
736 4782 937 4838 Joanni
995 4798 1110 4837 sua:
1155 4782 1498 4837 auctoritatis
1565 4797 1776 4853 praece-

144 4874 383 4942 ptionem
414 4874 649 4949 dirigat,
689 4871 894 4942 jubens
940 4871 1077 4944 quid
1114 4871 1170 4925 in
1213 4888 1341 4927 eum
1393 4871 1514 4927 fieri
1547 4862 1771 4939 debeat,
1816 4876 1819 4879 ’

145 4972 245 5019 etc.
286 4966 423 5021 Item
480 4978 590 5035 pro
644 4962 1131 5018 commendatione
1176 4962 1581 5033 praememorati
1626 4962 1775 5038 regis

148 5055 518 5123 Karlomanni,
554 5064 722 5127 atque
774 5070 873 5126 pro
920 5054 1249 5111 defensione
1311 5054 1581 5110 Frotharii
1614 5054 1775 5110 Bitu-

150 5145 373 5203 ricensis
395 5144 835 5217 archiepiscopi,
867 5144 963 5216 qui
994 5143 1279 5200 ferebatur
1306 5152 1594 5200 accusatus
1625 5145 1771 5215 apud

147 5237 397 5292 eumdem
421 5250 633 5308 papam
687 5250 786 5305 per
813 5236 1114 5305 quemdam
1157 5250 1271 5289 suae
1298 5234 1604 5290 dioeceseos
1652 5250 1777 5290 mo-

151 5327 381 5383 nachum
432 5325 594 5399 quod
643 5324 862 5380 scilicet
910 5333 1035 5396 post
1061 5341 1175 5380 suae
1231 5325 1470 5381 civitatis
1508 5325 1776 5394 dejectio-

146 5434 266 5473 nem
323 5436 357 5475 a
401 5416 649 5493 paganis
693 5416 914 5483 factam,
948 5416 1005 5472 in
1050 5417 1280 5473 alterius
1327 5418 1478 5474 sedis
1532 5418 1775 5474 invasio-

146 5526 264 5567 nem
293 5520 508 5568 temere
569 5509 866 5565 insiluerit.
920 5509 1285 5582 Ostenditque
1340 5511 1491 5582 quod
1548 5510 1617 5566 ab
1643 5511 1773 5582 epi-

143 5606 321 5676 sc0pis
351 5606 538 5677 ipsius
570 5603 904 5671 diuaeeseos,
945 5604 1211 5676 omnique
1260 5604 1411 5661 clero
1463 5612 1517 5661 et
1570 5609 1775 5678 populo

145 5690 388 5760 ejusdem
419 5690 673 5749 civitatis
727 5692 800 5747 sit
855 5692 1069 5763 peritus
1121 5699 1177 5748 et
1229 5693 1459 5763 electus,
1513 5703 1569 5750 et
1626 5698 1774 5769 quod

1791 1520 1844 1587 Β
1870 1519 2265 1589 praedecessori
2297 1523 2474 1595 ipsius
2524 1526 2782 1595 Marinus,
2819 1529 2885 1583 ad
2914 1545 3106 1585 eorum
3139 1531 3491 1601 petitionem,

1876 1611 2026 1680 pium
2061 1612 2116 1666 in
2142 1614 2250 1669 hoc
2296 1616 2596 1686 praebuerit
2624 1635 2935 1688 assensum,
2977 1621 3210 1693 insuper
3240 1630 3295 1677 et
3326 1624 3493 1693 pallio

1875 1714 2000 1753 eum
2060 1701 2367 1771 donaverit,
2415 1714 2471 1760 et
2518 1706 2690 1777 ipsius
2755 1708 2812 1763 in
2873 1709 3200 1765 Bituricensi
3251 1711 3494 1767 Ecclesia

1876 1794 2283 1861 promotionem
2327 1798 2548 1868 scriptis
2625 1800 2986 1867 roboraverit,
3042 1815 3147 1857 etc.
3217 1803 3495 1875 Stephano

1877 1885 2080 1954 (Steph.
2118 1888 2211 1959 VI)
2238 1904 2459 1961 quoque
2497 1892 2663 1961 hujus
2690 1894 2911 1948 Adriani
2940 1896 3247 1951 successori
3278 1897 3493 1953 litteras

1875 1973 2121 2039 mittens,
2155 1977 2457 2051 gratiarum
2522 1982 2772 2037 actiones
2819 1982 3024 2038 referre
3075 1986 3306 2053 curavit,
3340 1985 3489 2057 quod

1875 2077 2024 2130 eum,
2081 2072 2136 2119 et
2186 2065 2482 2122 Ecclesiam
2534 2069 2713 2140 ipsius
2764 2069 2957 2125 litteris
3009 2073 3350 2142 apostolatus
3401 2074 3487 2128 sui

1874 2154 2123 2223 visitare,
2169 2167 2223 2213 et
2276 2158 2422 2214 inter
2472 2160 2652 2215 varias
2708 2162 2900 2216 mundi
2960 2179 3247 2233 pressuras
3294 2180 3494 2220 conso-

1877 2244 1975 2297 lari
2003 2244 2264 2317 dignatus
2318 2247 2502 2315 fuerit,
2544 2256 2599 2304 et
2630 2251 2760 2322 quia
2800 2249 2984 2306 fratris
3047 2268 3173 2306 eum
3220 2262 3275 2307 et
3333 2254 3492 2308 amici

1874 2333 2143 2389 vocabulo
2165 2336 2404 2392 voluerit
2462 2338 2754 2405 honorare,
2806 2339 2957 2410 quod
3001 2340 3119 2410 ipse
3152 2347 3335 2395 tamen
3360 2342 3498 2397 nolit
3534 2348 3535 2351 ‘

1874 2434 2159 2495 appetere,
2193 2428 2288 2482 sed
2321 2429 2498 2503 magis
2523 2445 2714 2485 servus
2742 2437 2797 2485 et
2817 2430 3102 2499 subjectus
3121 2432 3379 2487 existere.
3410 2433 3499 2487 Si-

1873 2512 2210 2587 gniﬁcatque
2241 2532 2298 2570 se
2318 2516 2386 2571 ad
2403 2518 2580 2588 ipsum
2598 2535 2797 2590 papam
2824 2519 3128 2575 videndum
3146 2536 3497 2591 properasse,

1877 2604 1982 2658 nisi
2015 2622 2356 2676 paganorum
2400 2610 2697 2665 vallaretur
2735 2611 3027 2667 obsidione
3065 2628 3078 2665 :
3112 2612 3323 2683 hosque
3347 2613 3495 2669 deno

1878 2699 2087 2749 tantum
2119 2697 2378 2752 milliario
2408 2714 2550 2753 asua
2566 2698 2784 2754 civitate
2816 2700 3032 2766 abesse,
3062 2699 3335 2755 civitatem
3354 2718 3499 2773 quo-

1876 2801 1986 2856 que
2012 2787 2343 2844 Parisiorum
2370 2791 2439 2844 ab
2470 2791 2611 2861 ipsis
2643 2801 2772 2847 tunc
2798 2791 3061 2847 obsideri.
3087 2792 3235 2847 Hanc
3266 2792 3500 2847 infesta-

1802 2886 1852 2956 Ο
1878 2876 2084 2933 tionem
2099 2879 2230 2935 huic
2259 2896 2429 2957 regno
2442 2881 2510 2936 ab
2524 2889 2648 2938 octo
2663 2883 2825 2938 annis
2839 2883 2857 2951 j
2871 2898 2955 2937 am
2975 2882 3268 2953 praeteritis
3282 2881 3497 2949 inferri,

1875 2970 2158 3025 utnemini
2172 2978 2326 3027 extra
2337 2974 2563 3028 castella
2581 2974 2773 3045 procul
2787 2973 2930 3027 liber
2941 2974 3124 3028 aditus
3144 2980 3330 3043 patere
3347 2974 3505 3028 vide—

1875 3066 2046 3115 retur.
2089 3063 2251 3118 Addit
2280 3064 2524 3137 denique
2548 3065 2769 3121 audisse
2803 3081 2862 3120 se
2890 3065 2958 3121 de
2986 3064 3206 3119 insidiis
3221 3080 3498 3136 quorum-

1877 3148 2003 3202 dam
2034 3151 2434 3219 pestilentium,
2489 3167 2629 3223 quas
2676 3151 2780 3222 ipsi
2830 3166 2985 3222 papa:
3016 3150 3411 3219 moliebantur,
3445 3158 3500 3205 et

1876 3238 2007 3293 satis
2035 3256 2180 3312 zegre
2202 3243 2414 3310 tulisse,
2446 3258 2725 3313 opemque
2751 3240 2917 3309 ferre,
2940 3241 2986 3297 si
3018 3236 3503 3312 licuisset,0ptare,'

1879 3342 2050 3382 unum
2073 3330 2223 3400 quod
2249 3329 2441 3401 quibat
2487 3347 2674 3403 agere,
2730 3330 2993 3402 precibus
3022 3329 3282 3386 videlicet
3314 3346 3410 3401 pro
3434 3346 3501 3385 eo

1878 3417 2151 3472 insistere'
2182 3418 2284 3474 Pro
2313 3419 2547 3474 Widone
2580 3420 2692 3491 (19)
2722 3435 2947 3492 quoque
2975 3418 3143 3475 afﬁne
3182 3436 3305 3487 suo,
3333 3437 3502 3491 quem

1878 3506 2024 3560 idem
2037 3521 2181 3577 papa
2197 3506 2252 3561 in
2270 3507 2445 3563 tilium
2467 3507 3120 3578 adeptaverat,memorat
3140 3515 3247 3563 tam
3261 3523 3320 3561 se
3335 3522 3500 3578 quam

1878 3605 2107 3655 crateres
2130 3601 2581 3675 consanguineos
2610 3616 2762 3668 suos,
2787 3601 2989 3672 quibus
3011 3601 3067 3656 id
3099 3599 3500 3667 notiﬁcaverat,

1836 3708 1839 3711 ·
1880 3689 2121 3743 debitam
2150 3688 2492 3745 exhibituros
2521 3690 2704 3745 eidem
2737 3705 2894 3759 papae
2914 3689 3305 3745 reverentiam.
3332 3689 3407 3742 De
3432 3702 3501 3742 eo

1878 3781 2045 3836 etiam
2076 3783 2227 3853 quod
2276 3782 2356 3836 illi
2405 3783 2722 3853 scripserat,
2761 3781 3023 3838 roborare
3089 3798 3149 3836 se
3185 3786 3501 3851 promptum

1879 3876 1996 3933 fore
2026 3893 2374 3949 quaecunque
2408 3875 3106 3933 necessariaDeiEcclesize
3120 3872 3506 3949 significaren-

1878 3974 1985 4034 tur,
2013 3967 2134 4036 ejus
2162 3967 2577 4041 suggestionem
2612 3982 2673 4021 se
2712 3965 2943 4021 multum
3005 3981 3105 4035 per
3130 3979 3353 4019 omnem
3388 3978 3508 4017 mo-

1881 4055 2010 4110 dum
2032 4054 2282 4112 effecisse
2312 4055 2487 4127 ipsius
2525 4054 2776 4112 ﬁdelitati
2817 4054 3140 4121 obnoxium,
3166 4067 3340 4124 seque
3381 4066 3503 4106 cum

1879 4146 2243 4222 suﬁ‘raganeis
2272 4149 2622 4221 coepiscOpis
2654 4149 2710 4205 in
2744 4149 2894 4204 cultu
2926 4148 3115 4203 debito
3136 4152 3338 4201 sanctae
3355 4143 3509 4199 sedis

1803 4203 1860 4271 D
1883 4238 2144 4294 Romanae
2164 4246 2672 4311 perseveraturum,
2705 4245 2760 4295 et
2780 4239 2825 4293 si
2846 4237 2981 4309 quid
3000 4235 3335 4293 contrarium
3353 4248 3504 4288 sanae

1883 4329 2014 4385 fidei
2046 4338 2238 4386 contra
2258 4331 2435 4402 ipsam
2466 4331 2779 4400 emerserit,
2808 4328 3168 4393 omnimodis,
3189 4323 3503 4391 confutare,

1883 4421 1995 4476 Deo
2026 4420 2351 4487 auxiliante,
2402 4427 2650 4492 paratum
2709 4419 2968 4475 existere.
3001 4418 3201 4472 Sedem
3230 4429 3363 4471 vero
3396 4414 3507 4469 Re-

1885 4531 2134 4571 mensem
2161 4522 2353 4571 notum
2374 4515 2577 4570 habeat
2602 4513 2671 4568 ab
2716 4509 3165 4566 antecessoribus
3194 4507 3310 4563 suis
3338 4507 3507 4578 (deest

1878 4607 2014 4677 prze)
2066 4607 2250 4677 potius
2292 4605 2589 4662 Gallicanis
2646 4603 2909 4659 omnibus
2961 4600 3221 4658 Ecclesiis
3282 4613 3506 4670 semper

1879 4693 2048 4750 fuisse
2088 4696 2438 4762 honoratam,
2466 4699 2657 4765 utpote
2704 4708 2828 4748 cum
2875 4690 3089 4762 primus
3120 4688 3500 4760 apostolorum

1880 4787 2074 4842 beatus
2106 4787 2299 4842 Petrus
2344 4786 2583 4859 primum
2630 4783 2990 4840 destinaverit
3034 4782 3162 4837 huic
3220 4779 3342 4836 urbi
3375 4794 3504 4834 san-

1878 4883 2025 4931 ctum
2053 4876 2264 4931 Sixtum
2286 4875 2636 4947 episcopum,
2681 4879 2736 4930 et
2783 4872 2953 4929 totius
2997 4870 3287 4926 Gallicanae
3318 4868 3505 4941 regio-

1880 4965 1966 5019 nis
1996 4964 2217 5021 dederit
2267 4966 2318 5021 ei
2376 4965 2689 5037 primatum.
2745 4961 3033 5019 Hormisda
3081 4973 3302 5031 quoque
3361 4972 3503 5029 papa

1878 5066 2067 5114 saneto
2117 5059 2366 5132 Remigio
2412 5058 2564 5113 vices
2611 5072 2740 5111 suas
2797 5055 2853 5109 in
2902 5051 3194 5107 Galliarum
3255 5047 3505 5121 partibus

1879 5152 2238 5208 commiserit.
2274 5152 2386 5207 Hoc
2433 5151 2561 5205 ideo
2606 5164 2665 5203 se
2715 5160 3175 5209 commemorare,
3218 5158 3289 5197 ne
3338 5142 3503 5197 sedes

1879 5242 2169 5297 Remensis
2194 5241 2310 5296 suis
2336 5241 2391 5294 in
2424 5240 2620 5294 diebus
2661 5236 2941 5291 sineretur
2959 5232 3317 5289 dehonestari
3352 5248 3364 5284 :
3399 5247 3506 5285 an-

1881 5341 2112 5390 nectens
2142 5333 2309 5388 etiam
2336 5333 2406 5386 de
2439 5327 2744 5403 privilegiis
2789 5327 2893 5383 sibi
2914 5327 2970 5382 in
2999 5326 3215 5383 cunctis
3235 5341 3358 5397 quia
3400 5339 3501 5396 pc-

1880 5424 1967 5479 tiit
2009 5424 2078 5478 ab
2136 5422 2301 5491 hujus
2350 5416 2856 5491 praedecessoribus
2902 5414 3135 5480 Marino,
3173 5420 3228 5469 et
3259 5411 3501 5468 Adriano

1878 5512 2179 5570 concessis.
2204 5512 2451 5581 Itemque
2474 5507 2543 5561 de
2565 5506 2677 5576 jam
2710 5505 2870 5561 dictis
2892 5505 3062 5561 rebus
3088 5503 3413 5575 Ramponis,
3446 5508 3503 5556 et

1879 5620 2069 5660 earum
2098 5616 2416 5675 pervasere,
2466 5616 2631 5671 quem
2687 5596 2956 5668 praemissi
2995 5595 3292 5668 pontiﬁces
3316 5592 3504 5661 jusse-

1879 5699 2001 5751 rant
2028 5692 2097 5749 ab
2126 5688 2564 5762 archiepiscopis
2603 5687 2895 5744 senonica:
2943 5702 3008 5744 ac
3037 5680 3503 5757 Rothomagensis

216 5795 329 5865 (I9)
368 5795 539 5850 Wido
574 5809 645 5848 ex
673 5792 815 5851 duce
846 5792 1153 5861 Spoletano
1182 5792 1360 5850 factus
1397 5794 1647 5864 imperat.
1685 5813 1776 5855 an.
1807 5796 1933 5854 892.
