3912 6466
322 458 429 514 263

1453 454 1824 512 FLODOARDI
1863 455 2168 514 CANONICI
2208 460 2541 517 REMENSIS

3558 466 3668 521 264

322 592 478 648 urbis
499 592 968 650 excommunicari
1004 609 1018 647 :
1051 592 1256 663 quibus
1275 592 1529 646 eamdem
1566 592 1946 649 excommuni-
1973 596 2030 664 Α
2052 603 2182 665 tate,
2215 597 2271 652 id
2299 598 2460 653 etiam
2489 607 2887 667 removeretur,
2918 599 3067 670 quod
3092 600 3394 656 necessitas
3425 603 3674 674 impera—

323 688 598 743 cationem
632 688 1019 754 diferentibus,
1064 687 1211 741 idem
1248 701 1546 756 persuasor
1588 687 1770 742 adhuc
1794 693 1949 756 rapta

324 778 665 849 possidebat.
695 779 848 834 Unde
886 778 1024 849 petit
1069 783 1125 831 ut
1170 776 1474 847 apostolica
1525 777 1594 831 ab
1626 777 1747 848 ipso
1779 776 1950 831 feria-

324 876 412 924 tur
428 871 725 937 sententia,
772 870 1162 940 praecipiatque
1214 867 1305 922 hic
1324 883 1465 938 papa
1494 884 1604 938 prie
1617 866 1739 923 fatis
1765 869 1946 923 archi-

328 964 630 1035 episcOpis,
656 981 725 1019 ne
776 964 941 1018 ullam
1002 965 1058 1018 in
1091 964 1351 1018 eumdem
1407 963 1943 1020 excommunicando

328 1052 559 1107 afferant
581 1053 818 1123 amplius
847 1052 1192 1107 dilationem.
1227 1052 1302 1106 De
1327 1051 1656 1123 quibusdam
1680 1059 1947 1122 praeterea

326 1144 493 1199 rebus
532 1143 825 1199 Remensis
870 1142 1145 1210 ecclesiae,
1194 1159 1332 1215 quas
1354 1143 1578 1214 quidam
1610 1144 1950 1199 abstulerant

327 1236 630 1301 invasores,
655 1234 852 1305 poscit,
878 1241 938 1289 ut
966 1234 1086 1304 ipse
1154 1250 1297 1305 papa
1340 1242 1602 1309 suggerat
1626 1235 1948 1306 imperatori

326 1326 522 1381 Karolo
556 1327 770 1395 (Crasso
808 1326 1073 1396 cognom.)
1130 1326 1225 1398 qui
1266 1326 1379 1394 jam
1432 1342 1690 1401 magnam
1742 1342 1809 1381 ex
1862 1327 1949 1382 his

327 1421 540 1484 partem
564 1414 897 1481 restituerat,
953 1420 1013 1469 ut
1064 1415 1270 1470 bonum
1299 1415 1450 1487 quod
1478 1416 1645 1487 coapit
1667 1417 1789 1486 ejus
1819 1432 1950 1487 pre-

327 1512 451 1561 catu
474 1503 743 1576 perﬁciat,
767 1512 822 1559 et
840 1505 911 1560 de
940 1505 1027 1559 his
1056 1522 1180 1577 quae
1202 1507 1315 1580 egit
1344 1507 1462 1577 ipse
1487 1508 1691 1582 gratias
1719 1507 1948 1580 eiagere

325 1597 606 1671 dignetur,
638 1602 692 1650 et
722 1603 938 1652 caetera.
973 1598 1051 1651 Ad
1090 1614 1214 1669 quae
1234 1598 1329 1653 ille
1370 1599 1719 1670 respondens
1747 1598 1947 1655 asserit

325 1687 533 1759 oppido
553 1702 613 1741 se
642 1686 814 1742 fuisse
846 1687 1108 1756 laetatum,
1150 1690 1300 1761 quod
1328 1705 1454 1744 eum
1485 1689 1630 1745 circa
1645 1690 1796 1745 sedis
1811 1705 1948 1760 apo-

326 1776 535 1833 stolicae
575 1776 943 1832 reverentiam
965 1778 1292 1850 cognoverit
1317 1780 1605 1847 anhelare,
1635 1781 1863 1835 hortans
1886 1786 1946 1835 ut

326 1870 381 1923 in
413 1869 518 1923 hac
542 1868 842 1924 dilectione
874 1885 1098 1940 semper
1125 1870 1410 1926 ardentius
1440 1872 1795 1927 accendatur.
1828 1871 1945 1927 Me-

326 1960 559 2015 moriam
592 1976 814 2032 quoque
835 1960 1086 2017 Widonis
1133 1962 1292 2018 ducis
1321 1963 1629 2035 gratissime
1661 1980 1720 2018 se
1751 1979 1943 2019 susce-

329 2050 688 2121 pisse,quem
740 2049 908 2105 unico
957 2049 1079 2105 loco
1118 2048 1217 2104 filii
1262 2066 1322 2105 se
1371 2057 1564 2106 tenere
1617 2049 1839 2107 fatetur.
1872 2051 1946 2105 De

330 2139 792 2194 Nortmannorum
818 2136 1194 2204 infestatione,
1226 2154 1391 2209 quam
1431 2139 1947 2213 regnumfnostrum

330 2227 664 2298 patiebatur,
689 2226 877 2281 dolere
908 2225 989 2281 uti
1046 2226 1270 2297 propria
1303 2244 1318 2291 ;
1346 2227 1631 2298 Deumque
1660 2226 1950 2298 deprecari

330 2336 431 2392 pro
452 2319 618 2388 hujus
641 2319 830 2390 populi
861 2319 1190 2375 defensione
1213 2337 1313 2391 per
1342 2320 1718 2392 apostolorum
1743 2321 1954 2393 princi-

332 2430 465 2485 pum
489 2412 982 2481 interventioncm,
1015 2419 1071 2468 et
1095 2420 1155 2469 ut
1183 2414 1479 2470 incolumis
1505 2415 1595 2471 hic
1611 2416 1954 2487 praesulper-

334 2504 568 2559 ducatur
596 2504 665 2558 ad
686 2503 1060 2575 apostolorum
1089 2503 1283 2559 limina
1304 2521 1317 2559 :
1337 2511 1613 2577 quatenus
1633 2505 1799 2560 etiam
1830 2522 1955 2561 cor-

331 2592 522 2664 poreis
551 2609 677 2647 eum
706 2593 885 2653 valeat
919 2591 1067 2647 ulnis
1097 2592 1376 2664 amplecti,
1396 2600 1451 2647 et
1468 2593 1722 2648 conferre
1743 2594 1811 2649 de
1839 2594 1954 2665 pri-

330 2684 567 2758 vilegiis,
601 2685 669 2738 de
699 2684 902 2756 quibus
926 2683 1031 2739 sibi
1062 2684 1476 2754 scripserat.Ad
1500 2685 1955 2756 archiepiscopus

334 2776 522 2842 etiam,
545 2790 685 2847 quos
714 2775 949 2845 petierat
978 2775 1188 2830 litteras
1207 2791 1266 2829 se
1298 2775 1568 2831 direxisse
1592 2793 1606 2830 :
1631 2791 1851 2832 necnon
1884 2776 1955 2831 ad

335 2864 727 2935 imperatorem
759 2878 858 2932 pro
889 2862 1180 2918 Remensis
1229 2863 1715 2933 Ecclesiaejustitia
1743 2864 1954 2935 depre-

336 2953 594 3019 catorias,
623 2958 679 3007 et
707 2967 807 3022 pro
854 2952 1052 3008 collata
1091 2952 1437 3027 benignitate
1488 2959 1672 3026 grates
1700 2952 1780 3007 illi
1812 2952 1959 3023 refe-

341 3055 470 3094 rens
501 3038 634 3109 (20).

412 3128 547 3182 Item
573 3126 781 3182 litteras
810 3126 956 3182 idem
985 3127 1186 3199 praesul
1206 3128 1274 3183 ad
1306 3129 1569 3184 eumdem
1591 3145 1789 3201 papam
1824 3129 1962 3185 diri-

338 3233 499 3291 gens,
532 3233 596 3272 ac
648 3217 716 3271 de
765 3217 1130 3288 prosperitate
1184 3217 1361 3288 ipsius
1404 3217 1665 3274 laetificari
1718 3220 1960 3285 seinter

339 3270 539 3361 inultas
564 3270 998 3375 tribulationum,
1044 3322 1182 3377 quas
1207 3270 1258 3361 ta
1314 3306 1545 3382 paganis
1606 3284 1959 3378 patiebantur
1987 3270 2037 3339 Ο

339 3396 643 3467 angustias,
675 3401 890 3465 petens,
948 3394 1159 3466 praefati
1199 3411 1423 3467 quoque
1469 3397 1720 3453 Widonis
1762 3398 1962 3474 satagit

342 3484 734 3538 commendare
794 3484 1060 3541 favorem.
1118 3487 1191 3541 De
1261 3489 1679 3558 praenominata,
1740 3506 1960 3547 necnon

347 3572 682 3630 Erminfrido
705 3575 1111 3645 querimoniam
1139 3585 1421 3648 repetens,
1455 3580 1552 3651 qui
1584 3581 1904 3637 admonitus
1929 3598 1961 3636 a

346 3664 779 3734 prae-memoratis
804 3665 1240 3739 archiepiscOpis
1286 3669 1619 3726 inobediens
1656 3672 1959 3742 exstiterat,

346 3754 578 3827 ﬂagitat,
611 3762 670 3810 ut
694 3755 893 3811 iterum
926 3765 1386 3815 commoueantur
1413 3761 1483 3815 ab
1501 3761 1826 3818 auctoritate
1854 3780 1963 3835 pa-

348 3866 430 3921 pae
459 3851 866 3923 archiepis00pi
891 3852 1041 3908 hunc
1060 3854 1310 3925 asperius
1344 3855 1653 3926 increpare,
1678 3864 1734 3911 et
1758 3856 1804 3912 si
1832 3873 1963 3929 per-

346 3958 475 3997 vasa
505 3958 617 3998 non
658 3944 986 4012 reddiderit,
1039 3945 1417 4002 ecclesiastico
1474 3947 1703 4004 feriatur
1726 3949 1962 4018 judicio.

348 4033 654 4108 lnterrogat
700 4041 987 4106 praeterea,
1035 4036 1254 4109 sibique
1306 4039 1621 4094 remandari
1661 4040 1858 4112 poscit,
1918 4041 1964 4096 si

348 4126 448 4180 rite
492 4126 672 4182 valeat
725 4127 1117 4199 episcoporum
1166 4128 1285 4185 fieri
1336 4131 1612 4187 ordinatio
1668 4132 1727 4186 in
1782 4133 1966 4205 quali-

347 4218 771 4275 betsanctorum
802 4220 1120 4290 festivitate,
1153 4222 1261 4278 nisi
1287 4229 1499 4279 tantum
1530 4225 1818 4281 Dominica
1848 4226 1962 4295 die,

347 4316 453 4365 etc.
482 4310 560 4365 Ad
588 4310 705 4367 haec
735 4312 901 4367 etiam
923 4314 1237 4370 rescribens
1264 4316 1413 4371 idem
1437 4333 1600 4389 papa,
1627 4318 1833 4393 gratias
1852 4321 1966 4394 agit

348 4416 449 4470 pro
481 4400 659 4471 ipsius
689 4418 823 4476 erga
848 4403 1039 4459 sedem
1071 4406 1432 4476 apostolicam
1456 4408 1745 4477 charitate,
1771 4416 1826 4466 et
1853 4411 1968 4467 sol-

348 4494 660 4562 licitudine,
693 4496 1002 4553 condolens
1057 4499 1126 4554 de
1182 4500 1360 4571 ipsius
1405 4501 1729 4573 afﬂictione,
1758 4521 1822 4561 ac
1867 4521 1966 4576 pro

351 4582 528 4653 ipsius
556 4600 830 4654 precesse
877 4586 1111 4644 Domino
1154 4588 1392 4647 fundere
1444 4592 1738 4663 pollicetur
1765 4595 1973 4650 alleva—

352 4674 525 4741 tione,
545 4682 599 4730 et
626 4676 965 4747 confortans,
995 4688 1186 4736 monet
1215 4681 1272 4736 in
1294 4682 1513 4738 Domini
1529 4683 1811 4741 confidere
1833 4702 1973 4742 con-

350 4765 643 4822 solatione.
681 4769 816 4823 Item
869 4770 1062 4826 scribit
1117 4773 1302 4829 eidem
1342 4777 1565 4846 praesul,
1598 4792 1698 4848 pro
1727 4777 1969 4850 quodam

354 4857 641 4915 Dominico
671 4876 702 4914 a
730 4860 859 4916 ﬁliis
908 4869 965 4918 et
1011 4866 1265 4937 cognatis
1292 4867 1534 4939 pr0priis
1556 4884 1850 4942 oppresso,
1881 4871 1970 4928 vel

353 4950 603 5021 expulso,
653 4951 881 5009 hortans
937 4961 998 5009 ut
1046 4955 1101 5010 id
1146 4956 1446 5033 diligenter
1485 4960 1747 5031 inquirat,
1774 4969 1829 5017 et
1850 4962 1972 5031 ejus

353 5036 482 5092 inde
513 5038 732 5107 adjutor
787 5041 1002 5100 existat.
1053 5043 1185 5099 Item
1234 5061 1334 5116 pro
1377 5049 1741 5118 quorumdam
1783 5066 1972 5107 susce-

355 5126 545 5214 ptione
570 5128 892 5201 Anglorum.
925 5130 1059 5184 ltem
1081 5131 1264 5187 eidem
1293 5148 1418 5189 cum
1467 5135 1723 5194 Aurelino
1752 5139 1973 5214 Lugdu-

356 5213 536 5281 nensi,
568 5217 880 5291 Adelgario,
910 5217 1138 5275 Geilone
1164 5220 1220 5291 [i,
1250 5220 1528 5294 Gerlone],
1566 5224 1970 5296 Emmennone,

356 5308 415 5355 et
438 5303 666 5376 reliquis
693 5323 793 5378 per
848 5308 1074 5366 Galliam
1132 5315 1464 5385 constitutis,
1498 5334 1596 5389 pro
1627 5320 1976 5390 querimonia

358 5390 715 5450 Bituricensis
746 5396 998 5455 Ecclesiae
1054 5418 1222 5474 super
1263 5403 1517 5461 invasore
1545 5408 1809 5465 Fortharii
1844 5412 1977 5465 Bur-

358 5479 674 5571 degalensis
703 5484 972 5557 episcopi,
1003 5492 1097 5561 qui
1126 5493 1291 5549 etiam
1317 5494 1693 5553 Pictavcnsem
1725 5499 1979 5571 aliquan-

357 5567 451 5622 diu
476 5574 727 5625 tenuerat
756 5573 965 5643 sedem,
988 5579 1084 5648 qui
1106 5591 1300 5650 postea
1330 5583 1682 5642 Bituricensis
1709 5567 1884 5644 fuerat
1908 5591 1978 5646 ad

364 5665 582 5728 tempus
604 5675 634 5713 a
654 5660 867 5719 Joanne
898 5683 1041 5738 papa
1097 5681 1324 5744 prepter
1349 5676 1756 5735 infestationem
1777 5682 1980 5738 barba-

362 5748 529 5803 ricam
562 5751 654 5805 tali
688 5758 879 5810 tenore
932 5774 1217 5833 concessa,
1266 5773 1327 5821 ut
1363 5769 1468 5825 hac
1498 5778 1710 5827 remota
1736 5776 1980 5832 necessi-

445 5847 557 5919 (20)
597 5850 716 5907 Non
747 5861 965 5912 exstant
1002 5857 1086 5914 hae
1116 5862 1381 5933 Stephani
1411 5870 1574 5938 epist.

2050 696 2149 747 rat.
2206 691 2360 746 Unde
2417 691 2667 762 praecipit
2718 690 2809 746 hic
2866 707 3008 762 papa
3059 691 3373 762 Stephanus
3427 694 3669 765 praefatis

2048 782 2500 853 archiepiSCOpis,
2530 790 2590 838 ut
2616 783 2684 837 ad
2711 782 2988 853 pr0priam
3011 782 3199 837 sedem
3225 783 3379 838 illum
3412 800 3666 840 remeare

2048 876 2398 946 compellant.
2432 876 2587 940 Quod
2603 875 2649 930 si
2678 875 2998 946 apostolicis
3023 876 3251 931 monitis
3279 877 3506 932 obedire
3536 892 3672 934 con-

2048 965 2352 1035 tempserit,
2383 964 2639 1020 noverint
2667 980 2793 1020 eum
2825 964 3000 1020 sancti
3030 965 3265 1035 Spiritus
3289 965 3502 1035 judicio
3530 982 3669 1037 per-

2048 1054 2231 1126 petuis
2286 1054 2652 1108 anathematis
2704 1053 2942 1109 vinculis
3000 1054 3349 1109 innodatum'
3404 1055 3534 1110 Item
3568 1069 3671 1124 pro

2047 1147 2392 1205 Theutboldo
2440 1145 2775 1220 Lingonensi
2829 1144 3113 1215 episcopo,
3163 1136 3484 1219 significans
3513 1145 3581 1198 ad
3609 1160 3674 1198 se

2047 1240 2214 1309 hujus
2238 1236 2603 1312 Lingonensis
2620 1235 2875 1290 Ecclesiae
2894 1234 3299 1305 querimoniam
3322 1233 3669 1305 pervenisse,

2048 1329 2198 1402 quod
2227 1328 2469 1384 obeunte
2510 1328 2661 1381 Isaac
2682 1326 2965 1396 episcOpo,
2990 1323 3304 1378 inconsulto
3326 1322 3476 1377 clero
3489 1330 3543 1376 et
3568 1337 3673 1392 po-

2051 1417 2202 1488 pulo.
2232 1415 2518 1489 Egilonem
2549 1415 2845 1486 quemdam
2874 1413 3210 1468 monachum
3263 1428 3441 1483 nuper
3477 1412 3549 1466 de
3565 1427 3677 1465 sae-

2049 1509 2175 1565 culo
2206 1508 2591 1564 venientemin
2630 1506 2951 1577 episcOpum
2967 1505 3297 1561 Aurelianus
3328 1504 3676 1574 Lugdunen-

2049 1601 2125 1655 sis
2154 1598 2512 1664 ordinaverit,
2531 1598 2723 1668 eisque
2751 1595 2910 1649 illata
2938 1594 3013 1660 vi,
3073 1593 3441 1665 praeposuerit
3471 1593 3680 1648 nolen-

2046 1692 2209 1746 tibus.
2237 1691 2353 1754 Quo
2383 1687 2571 1743 divina
2598 1685 2886 1743 vocatione
2928 1683 3212 1739 hominem
3241 1682 3570 1751 excedente,
3600 1698 3678 1737 ne

2045 1781 2104 1835 in
2133 1780 2376 1850 idipsum
2431 1777 2800 1840 incurrerent,
2856 1771 3118 1829 concordi
3174 1777 3303 1827 voto
3356 1770 3560 1837 clerus,
3620 1779 3678 1825 et

2046 1867 2288 1940 populus
2311 1866 2679 1922 Teutboldum
2736 1864 2911 1936 ipsius
2959 1863 3214 1920 Ecclesiae
3245 1861 3538 1917 diaconem
3563 1860 3676 1914 eli-

2048 1968 2264 2033 gentes,
2295 1960 2499 2030 abipso
2519 1975 2662 2030 papa
2678 1957 2964 2012 sibimetin
2998 1955 3320 2026 episcopum
3352 1951 3675 2007 consecrari

2050 2052 2311 2123 petierint
2365 2050 2472 2105 Sed
2524 2048 2618 2102 ille
2669 2046 3105 2116 uniuscujusque
3154 2043 3412 2100 Ecclesiae
3440 2041 3678 2112 privile-

2049 2142 2202 2217 gium
2229 2140 2621 2195 inconcussum
2638 2152 2858 2191 servare
2879 2134 3095 2201 volens,
3120 2134 3177 2187 id
3198 2148 3362 2205 agere
3376 2130 3677 2195 distulerit,

2051 2245 2293 2301 eumque
2349 2226 2578 2299 praefato
2620 2225 2917 2281 Aureliano
2962 2222 3246 2289 direxerit,
3301 2220 3553 2277 scribens
3582 2218 3677 2285 ad

2051 2339 2201 2387 eum,
2228 2328 2290 2377 ut
2313 2321 2360 2376 si
2392 2319 2525 2376 cleri
2546 2317 2852 2389 populique
2865 2321 2993 2373 vota
3021 2315 3076 2369 in
3094 2330 3220 2370 eum
3247 2312 3677 2377 concordarent,

2051 2423 2107 2472 et
2132 2413 2272 2470 sacri
2292 2427 2536 2469 canones
2556 2410 2635 2464 illi
2654 2424 2765 2464 non
2786 2407 3094 2473 obviarent,
3142 2420 3337 2460 manus
3385 2403 3513 2457 huic
3566 2402 3679 2456 im-

2055 2518 2264 2576 ponere
2296 2517 2644 2573 nequaquam
2685 2498 2948 2555 differret.
2973 2496 3130 2561 Quod
3153 2495 3272 2550 fieri
3304 2495 3353 2550 si
3376 2494 3514 2549 ratio
3547 2508 3685 2564 pro-

2053 2594 2292 2659 hiberet,
2321 2597 2375 2647 et
2403 2590 2646 2661 idipsum
2675 2587 2780 2643 sibi
2824 2587 3153 2642 rescriberet
3186 2603 3199 2639 :
3231 2584 3452 2640 interim
3492 2589 3685 2637 tamen

2054 2683 2287 2739 alterum
2318 2680 2455 2735 inibi
2510 2678 2768 2734 ordinare
2825 2676 2979 2732 nullo
3029 2676 3216 2742 modo,
3249 2689 3309 2729 se
3340 2672 3682 2739 inconsulto,

2055 2776 2416 2843 praesumeret
2458 2768 2733 2837 simulque
2784 2772 2838 2820 et
2863 2764 3162 2820 Olrannum
3192 2761 3681 2833 Senogalliensem

2058 2866 2384 2936 episcopum
2412 2880 2443 2918 a
2468 2878 2568 2918 suo
2615 2862 2788 2916 latere
2838 2859 3037 2914 direxit
3074 2863 3477 2913 exsecutorem.
3506 2855 3683 2918 Quem

2060 2957 2336 3012 deludens
2392 2954 2722 3011 Aurelianus
2775 2952 2844 3006 ad
2899 2951 3304 3024 Lingonensem
3351 2948 3687 3018 praemiserit

2060 3051 2275 3117 urbem,
2331 3048 2716 3120 pollicitus.se
2766 3044 3029 3101 citissime
3079 3044 3523 3098 subsecuturum.
3566 3042 3686 3107 Quo

2061 3155 2185 3195 cum
2218 3138 2312 3193 diu
2343 3141 2778 3208 exspectaretur,
2801 3148 2905 3187 nec
2923 3132 3040 3203 ipse
3065 3128 3374 3195 advenerit,
3390 3143 3497 3182 nec
3514 3140 3689 3181 morae

2062 3247 2177 3287 suae
2202 3246 2423 3286 causam
2441 3230 2815 3293 innotescere,
2847 3224 2934 3279 vel
2993 3238 3151 3294 papae
3177 3221 3502 3277 remandare
3538 3234 3691 3289 prae-

2058 3323 2260 3379 viderit
2292 3323 2409 3393 [pro
2452 3318 2801 3392 providerit].
2851 3315 3118 3381 Quocirca
3166 3314 3361 3368 iterato
3417 3311 3603 3367 clerus
3632 3316 3693 3364 et

2060 3414 2301 3486 populus
2343 3429 2466 3469 cum
2522 3412 2743 3467 decreto
2797 3408 3044 3464 omnium
3074 3406 3353 3471 roborato,
3395 3401 3693 3474 praefatum

2060 3507 2299 3562 electum
2332 3505 2558 3559 Romam
2617 3502 2979 3566 remiserunt,
3048 3497 3250 3552 obnixe
3276 3495 3498 3550 sibimet
3529 3493 3693 3547 illum

2060 3596 2373 3655 consecrari
2404 3600 2683 3667 petentes.
2704 3592 2813 3647 Sed
2831 3607 2933 3646 nec
2964 3596 3097 3645 tunc
3121 3589 3179 3644 id
3208 3604 3374 3662 agere
3395 3584 3696 3656 acquieve-

2061 3690 2153 3757 rit,
2186 3688 2381 3745 volens
2411 3684 2765 3760 Lugdunensi
2786 3681 3041 3739 Ecclesiae
3057 3680 3317 3736 collatum
3332 3678 3693 3750 privilegium

2064 3780 2455 3835 immutilatum
2504 3776 2856 3841 consistere;
2905 3773 3147 3844 ideoque
3187 3772 3299 3840 jam
3338 3770 3484 3825 dicto
3512 3770 3694 3824 Aureo

2065 3872 2212 3927 liano
2270 3870 2464 3924 iterato
2519 3866 2829 3922 rescribens
2872 3862 3236 3929 mandaverit,
3290 3867 3350 3916 ut
3386 3858 3519 3931 quia
3549 3873 3693 3913 con-

2065 3962 2220 4017 cordi
2239 3967 2368 4017 voto
2400 3960 2582 4015 clerus
2612 3964 2665 4013 et
2712 3955 2951 4028 populus
2994 3954 3106 4022 jam
3153 3953 3361 4008 dictum
3391 3950 3687 4005 diaconem

2067 4053 2382 4124 expetebat,
2414 4057 2508 4106 aut
2538 4050 2719 4121 ipsum
2773 4052 3144 4112 consecraret,
3174 4050 3267 4099 aut
3320 4041 3453 4114 quid
3503 4041 3561 4095 in
3618 4056 3690 4095 eo

2067 4140 2507 4213 reprehensibile
2540 4138 2835 4207 judicarct,
2869 4135 3171 4191 rescribere
3228 4136 3543 4187 maturaret.
3577 4129 3691 4184 Sed

2067 4234 2113 4290 is
2140 4233 2311 4305 priori
2365 4230 2758 4287 inobedientiaa
2800 4226 3201 4284 contumaciam
3250 4223 3542 4292 adjicicns,
3571 4236 3688 4276 non

2065 4324 2243 4381 solum
2273 4323 2520 4379 oblatum
2546 4334 2893 4387 consecrare,
2934 4334 3035 4374 seu
3054 4316 3191 4389 quid
3216 4316 3274 4369 in
3296 4329 3363 4369 eo
3384 4313 3692 4384 reprehen-

2065 4415 2226 4471 sibile
2250 4414 2524 4483 judicaret
2543 4411 2651 4467 sibi
2682 4410 2989 4467 rescribere
3036 4405 3451 4478 contempserit,
3491 4420 3691 4460 verum

2068 4504 2235 4561 etiam
2259 4508 2453 4559 contra
2512 4501 2827 4567 interdicta,
2869 4506 2924 4554 et
2964 4511 3249 4553 sacrorum
3268 4509 3545 4551 canonum
3576 4500 3699 4548 sta-

2071 4604 2187 4653 tuta
2213 4595 2516 4667 quemdam
2542 4602 2887 4659 extraneum,
2937 4598 2992 4647 et
3021 4590 3206 4645 eidem
3246 4586 3504 4644 Ecclesiae
3525 4585 3698 4659 igno-

2070 4692 2209 4751 tum,
2235 4686 2289 4739 in
2340 4684 2546 4760 angulo
2594 4684 2933 4749 ordinatum,
2994 4681 3105 4736 illis
3133 4680 3390 4754 ingerere
3423 4677 3522 4732 niti
3550 4693 3695 4747 prae-

2071 4774 2387 4845 sumpserit.
2422 4776 2485 4829 At
2530 4773 2586 4828 hi
2638 4773 2822 4844 potius
2852 4772 3097 4827 laborem
3128 4770 3334 4835 subire,
3360 4783 3525 4839 quam
3558 4767 3699 4821 sub-

2066 4865 2163 4935 jici
2194 4866 2383 4940 ignoto
2411 4865 2703 4939 eligentes,
2735 4865 2802 4920 ad
2829 4880 2889 4919 se
2920 4862 3206 4927 redierint,
3237 4860 3601 4931 implorantes
3624 4874 3698 4913 ne

2071 4964 2354 5028 pateretur
2395 4957 2767 5012 ecclesiastica
2807 4956 2932 5024 jura
2976 4953 3190 5010 violari.
3237 4971 3262 5003 ι
3321 4951 3430 5005 Nos
3485 4956 3697 5015 autem,

2072 5049 2272 5121 inquit,
2294 5048 2390 5119 qui
2419 5048 2670 5103 omnium
2700 5046 3064 5103 Ecclesiarum
3093 5045 3151 5098 in
3180 5044 3342 5099 beato
3372 5042 3533 5096 Petro
3566 5056 3704 5111 apo-

2073 5142 2338 5199 stolorum
2384 5140 2637 5212 principe
2666 5155 2853 5194 curam
2880 5136 3247 5207 suscepimus,
3275 5133 3518 5188 scientes
3555 5132 3706 5186 inter

2076 5233 2369 5303 episcopos
2386 5246 2495 5287 non
2521 5230 2717 5285 haberi
2739 5245 2893 5296 eum,
2912 5228 3006 5300 qui
3028 5242 3209 5299 neque
3233 5243 3263 5280 a
3293 5225 3443 5280 clero
3463 5223 3701 5288 electus,

2077 5341 2259 5397 neque
2289 5341 2322 5380 a
2350 5323 2657 5395 populoest
2674 5321 2979 5392 expetitus,
3003 5334 3150 5392 saepe
3175 5317 3381 5373 dictum
3405 5314 3707 5370 Teuthbol-

2078 5415 2210 5470 dum
2240 5412 2614 5471 venerabilem
2646 5412 2962 5477 diaconum,
2986 5409 3231 5480 ipsorum
3248 5404 3707 5461 lamentabilibus

2080 5506 2342 5577 precibus
2370 5504 2647 5570 inclinati,
2708 5500 3044 5577 Lingonensi
3085 5497 3343 5554 Ecclesiae
3373 5497 3704 5567 episcopum

2080 5600 2550 5667 consecravimus,
2583 5598 2859 5671 condigna
2878 5595 3158 5652 sententia
3182 5591 3709 5665 przevaricatoribus

2081 5691 2256 5758 illata,
2292 5691 2493 5747 licetet
2516 5690 2640 5746 aliis
2678 5687 3223 5761 praevaricationibus
3266 5682 3472 5739 fuerint
3523 5683 3709 5753 impe-

2079 5779 2198 5836 diti.
2231 5780 2577 5852 Quapropter
2601 5785 2710 5835 tuae
2765 5777 3108 5851 iniungimus
3130 5773 3511 5833 sanctimoniae
3542 5778 3605 5827 ut
3623 5771 3709 5826 his
