3912 6422
172 383 285 440 265

834 394 1162 450 HISTORI/E
1202 397 1529 455 ECCLESI/E
1568 402 1897 459 REMENSIS
1940 407 2117 463 LIBRI
2159 407 2486 473 QUATUOR.
2521 441 2589 452 —
2621 410 2748 465 LIB.
2795 409 2879 464 IV.

3424 410 3530 466 266

174 516 386 615 nostris
414 520 740 615 apostolicis
772 522 970 579 litteris
997 529 1297 615 perceptis,
1333 534 1639 602 postposita
1669 536 1810 591 dila—
1829 543 1880 610 Α
1908 555 2125 595 necnon
2170 548 2225 595 et
2282 543 2538 599 eumdem
2599 542 2949 615 Adelgarium
3013 556 3307 595 occurrere
3356 541 3534 611 jusse-

174 601 330 657 tione
361 604 429 658 ad
478 606 887 681 Lingoncnsem
919 614 1152 669 accedas
1192 601 1509 687 Ecclesiam,
1569 629 1622 677 et
1650 640 1806 679 eum-

174 688 304 743 dem
334 690 747 751 Teuthboldum
794 715 825 753 a
856 701 1021 757 nobis
1065 704 1390 761 solemniter
1428 719 1806 766 consecratum

172 784 530 857 episcopum,
561 790 766 845 exinde
796 795 1085 862 revestias,
1127 797 1503 871 omnibusque
1533 803 1807 874 archiepi-

174 877 365 948 sc0pis
384 885 439 933 et
463 879 744 953 episc0pis
764 883 1100 954 innotescas,
1134 905 1233 959 pro
1254 896 1415 947 tanta:
1445 897 1806 951 contumacia:

174 967 392 1024 ultione
436 972 689 1040 ejusdem
724 975 980 1032 Ecclesim
1026 981 1324 1050 Specialem
1368 985 1801 1042 sollicitudinem

175 1059 516 1146 suscepisse,
548 1078 649 1131 pro
677 1066 811 1119 tanti
840 1066 1047 1122 laboris
1070 1072 1467 1139 maceratione,
1486 1083 1540 1129 et
1569 1091 1803 1146 Oppres-

175 1145 354 1201 sionis
381 1148 545 1204 illatae
574 1151 932 1210 relevatione.
956 1156 1232 1229 Quidquid
1252 1167 1433 1215 autem
1458 1145 1803 1219 idemivene-

175 1234 369 1288 rabilis
396 1238 697 1309 episcopus
732 1240 1108 1299 Teuthboldus
1142 1247 1298 1302 vobis
1338 1266 1403 1303 ex
1431 1258 1617 1306 nostra
1648 1259 1801 1323 parte

174 1327 429 1382 retulerit
454 1331 686 1398 credite,
734 1340 788 1386 et
819 1333 1039 1389 effectui
1070 1340 1390 1411 mancipare
1442 1344 1595 1397 nullo
1636 1345 1801 1399 modo

172 1419 440 1493 ambigite
469 1439 482 1475 :
514 1428 704 1493 utpote
738 1431 884 1480 tuam
916 1431 1282 1485 reverentiam
1317 1434 1464 1488 circa
1495 1450 1597 1490 nos
1626 1436 1800 1491 devo-

172 1517 283 1565 tam
319 1513 621 1569 consistere
651 1518 948 1573 credimus.
982 1540 1007 1569 ι)

243 1603 325 1657 Ad
358 1605 474 1660 haec
500 1606 648 1662 idem
680 1610 878 1679 praesul
902 1611 1066 1667 Fulco
1098 1615 1432 1684 rescriber‘is,
1455 1619 1660 1692 gratias
1689 1620 1800 1694 agit

168 1709 273 1763 pro
331 1698 715 1756 consolatione
770 1703 1070 1758 litterarum
1136 1706 1350 1777 ipsius,
1411 1725 1686 1777 asserens,
1742 1728 1801 1765 se

1907 638 2009 698 rat,
2050 639 2326 703 quatenus
2364 634 2497 705 quid
2556 634 2757 705 cuique
2817 634 3086 688 debeatur
3124 632 3365 707 diligens
3395 650 3530 687 exa-

1909 720 2135 775 minatio
2167 721 2491 777 declararet.
2526 723 2711 778 Monet
2741 722 2904 776 etiam
2928 720 3326 777 fraternitatem
3358 721 3532 792 ipsius

1911 812 2101 867 domni
2151 812 2428 879 Fulconis,
2472 829 2543 869 ne
2594 814 2699 869 sibi
2740 830 2894 868 suam
2930 813 3230 884 specialem
3286 829 3528 885 praesen-

1909 904 2061 971 tiam,
2116 905 2160 959 si
2198 905 2535 961 omnimodis
2583 906 2703 962 fieri
2732 907 2926 979 possit,
2978 907 3241 962 exhibere
3294 922 3416 960 cum
3450 905 3532 960 eis

1907 996 2302 1065 quoquomodo
2343 994 2593 1061 differat;
2623 997 2883 1068 quoniam
2916 1004 2970 1050 et
2999 997 3138 1064 hzec,
3172 1002 3228 1050 et
3256 995 3360 1050 alia
3406 1010 3530 1064 qua:

1906 1084 2271 1141 imminebant
2299 1087 2673 1143 ecclesiastica
2702 1088 2924 1163 negotia
2966 1104 3088 1177 cum
3127 1087 3246 1158 ipso
3286 1091 3529 1140 tractan-

1905 1176 1995 1243 da,
2057 1175 2288 1249 ejusque
2344 1180 2690 1235 terminanda
2737 1180 2990 1234 consultu
3036 1175 3401 1250 providerat:
3458 1176 3528 1231 de

1904 1281 2014 1336 quo
2036 1266 2251 1321 scilicet
2277 1267 2452 1337 ipsius
2482 1269 2723 1324 adventu
2756 1268 2886 1323 satis
2914 1267 3303 1341 gratularetur,
3335 1265 3528 1319 volens

1904 1353 1970 1407 ad
1995 1356 2371 1410 ecclesiastica
2393 1356 2753 1412 deliberanda
2766 1356 2984 1430 negotia
3010 1356 3131 1425 ejus
3152 1353 3355 1409 habere
3384 1367 3529 1425 prte-

1900 1445 2161 1499 sentiam.
2195 1447 2449 1519 Alioquin
2483 1456 2691 1515 monet,
2722 1455 2780 1501 ut
2810 1446 3114 1501 assertione
3153 1444 3397 1499 veridica
3428 1457 3530 1515 per

1901 1542 2186 1592 strenuum
2221 1540 2558 1611 episcopalis
2600 1539 2813 1595 ordinis
2856 1538 3034 1593 virum
3066 1553 3176 1591 una
3234 1553 3357 1591 cum
3390 1533 3527 1605 ipsis

1901 1627 2197 1682 abeuntem
2256 1629 2505 1684 notificet
2556 1627 2794 1700 qualiter
2846 1643 2906 1682 se
2956 1642 3125 1697 super
3166 1625 3273 1680 hoc
3325 1624 3526 1679 veritas

1905 1715 2121 1770 habeat.
2184 1717 2392 1781 Quibus
2422 1717 2466 1771 si
2494 1716 2759 1771 veniendi
2812 1714 3042 1770 facultas
3069 1712 3332 1781 defuerit,
3392 1728 3524 1769 suos

168 1793 427 1895 νεξεξξυιξξ
448 1789 854 1895 Γυίξεξὲνθῐοεξϐ
877 1812 1224 1895 quaecunque
1247 1800 1348 1853 sibi
1374 1800 1627 1871 abipsius
1644 1819 1798 1874 papa:
1827 1828 1876 1895 Β
1905 1824 2028 1863 cum
2086 1826 2152 1864 eo
2211 1809 2451 1883 dirigant
2498 1809 2732 1883 legatos,
2785 1809 2879 1881 qui
2922 1826 3112 1865 eorum
3165 1808 3521 1864 vicariationc

167 1873 502 1932 celsitudine
521 1879 773 1948 injuncta
785 1881 1341 1957 fuerintadimplere;
1367 1888 1653 1959 praefatum
1666 1873 1797 1945 vero

168 1968 603 2038 prmceptionem
633 1973 704 2026 de
724 1972 1110 2031 Theuthboldo
1136 1978 1400 2050 episc0po
1434 1980 1656 2052 explere
1676 1983 1797 2037 sine

166 2072 329 2112 more
376 2060 640 2129 voluisse,
701 2064 799 2118 sed
848 2064 1053 2121 Odonis
1105 2067 1252 2141 regis
1280 2069 1363 2123 sui
1421 2071 1675 2126 consultu
1707 2072 1796 2126 in-

161 2150 329 2204 terim
387 2152 761 2211 intermissum
794 2199 808 2224 ,
856 2158 987 2213 dum
1042 2175 1136 2213 rex
1191 2160 1338 2215 idem
1399 2177 1531 2217 suos
1586 2163 1797 2237 legatos

162 2239 235 2293 ad
290 2242 549 2297 eumdem
600 2262 798 2316 papam
845 2248 1130 2325 dirigeret,
1180 2267 1244 2304 ac
1298 2269 1399 2322 per
1443 2269 1541 2307 eos
1581 2252 1794 2321 jussio-

162 2345 296 2383 nem
328 2330 503 2401 ipsius
532 2335 836 2392 certissime
866 2347 1249 2414 cognosceret.
1291 2342 1469 2413 Super
1495 2342 1581 2396 his
1606 2350 1789 2397 autem

160 2437 289 2491 quae
320 2423 514 2479 littera:
570 2426 746 2497 ipsius
772 2446 929 2501 papte
977 2439 1288 2502 prosecutae
1332 2440 1479 2501 sunt,
1510 2434 1652 2488 velle
1682 2435 1789 2488 sci-

160 2512 293 2567 licet
346 2530 407 2569 se
467 2518 728 2573 omnibus
777 2519 1038 2577 Ecclesiis
1086 2540 1186 2578 sua
1217 2524 1465 2580 instituta
1520 2532 1574 2579 et
1624 2525 1794 2596 privi-

157 2601 309 2677 legia
350 2603 407 2658 in
459 2606 691 2663 confuso
739 2610 939 2665 ordine
976 2611 1302 2669 intemerata
1341 2630 1583 2681 servare,
1631 2614 1791 2669 valde

159 2693 385 2765 gavisos
431 2696 725 2753 universos
763 2700 1078 2771 episcOpos,
1134 2703 1190 2756 in
1228 2718 1465 2774 quorum
1497 2703 1791 2774 praesentia

160 2784 283 2839 haec
334 2785 553 2841 recitari
605 2787 829 2845 fecerat.
889 2792 1136 2847 Consulit
1182 2801 1366 2848 autem
1420 2795 1543 2862 ejus
1598 2802 1786 2849 aucto-

162 2878 379 2933 ritatem
414 2881 748 2951 deposcens,
798 2891 856 2938 ut
901 2886 1007 2939 sibi
1063 2887 1346 2957 rescriptis
1373 2888 1681 2953 remandet,
1742 2887 1786 2942 si

157 2970 327 3025 liceat
356 2973 706 3045 coepisc0pis
729 2976 1093 3052 suﬂ'raganeis
1114 2979 1249 3045 suis,
1281 2979 1377 3049 qui
1409 2979 1464 3032 in
1495 2981 1617 3049 ejus
1646 2979 1789 3033 dio:-

158 3064 275 3118 cesi
329 3066 659 3135 consistunt,
717 3070 1123 3126 ordinationem
1182 3072 1269 3126 vel
1323 3071 1491 3146 regis,
1544 3073 1630 3128 vel
1688 3072 1788 3126 ali-

158 3158 321 3227 cujus
369 3159 599 3215 alterius
627 3178 880 3232 personae
930 3164 1050 3218 sine
1100 3181 1198 3220 sua
1226 3164 1451 3243 licentia
1504 3172 1559 3220 et
1590 3165 1786 3219 conni-

1903 1900 2199 1970 perfuncti,
2217 1903 2565 1975 disceptandi
2588 1911 2643 1958 et
2670 1904 3018 1960 deliberandi
3049 1903 3357 1958 libertatem
3393 1919 3523 1974 pos-

1899 1989 2138 2058 sideant,
2180 1998 2240 2046 ut
2271 1991 2422 2047 nullo
2481 1993 2708 2047 ulterius
2754 2000 3026 2065 tempore,
3076 1998 3339 2063 percepta
3394 1990 3522 2046 fini-

1897 2078 2006 2133 tiva
2052 2081 2348 2149 sententia,
2396 2082 2464 2135 de
2522 2083 2623 2136 hac
2675 2097 2733 2135 re
2780 2080 3153 2137 necessarium
3186 2082 3259 2136 sit
3302 2087 3519 2135 vertere

1895 2167 2280 2237 quzestionem.

1964 2260 2144 2331 Super
2170 2261 2257 2315 his
2283 2276 2502 2332 quoque
2534 2262 2845 2318 successori
2869 2262 3032 2331 hujus
3062 2262 3328 2317 Formoso
3355 2262 3519 2333 (For-

1892 2368 2069 2407 mosus
2111 2357 2284 2422 papa)
2343 2353 2584 2407 domnus
2637 2354 2802 2409 Fulco
2834 2355 3046 2409 litteras
3076 2354 3320 2421 mittens,
3375 2370 3514 2425 qua-

1892 2443 2018 2497 liter
2045 2445 2163 2500 haec
2207 2462 2239 2499 a
2294 2446 2519 2517 praefato
2573 2446 2852 2517 Stephano
2902 2463 3042 2518 papa
3098 2446 3203 2499 sibi
3263 2446 3374 2499 sint
3430 2445 3513 2499 in-

1889 2532 2099 2600 juncta,
2131 2532 2481 2608 significavit,
2537 2542 2590 2588 et
2644 2541 2705 2590 ut
2732 2535 2837 2589 sibi
2892 2533 3235 2589 auctoritatis
3287 2550 3399 2588 suae
3459 2534 3515 2587 in

1894 2621 1980 2675 his
2039 2624 2411 2695 exsequendis
2463 2624 2669 2695 scripta
2722 2625 3003 2699 dirigeret,
3055 2623 3303 2695 expetiit.
3357 2622 3512 2677 Unde

1894 2719 1947 2766 et
1977 2713 2174 2769 iterum
2231 2715 2482 2769 scribens
2533 2717 2897 2772 vehementer
2948 2715 3207 2770 admirari
3239 2732 3297 2769 se
3358 2715 3511 2782 dicit,

1890 2799 1938 2854 si
1965 2801 2160 2856 litterae
2190 2820 2302 2858 suae
2333 2804 2402 2858 ad
2433 2804 2553 2872 ejus
2579 2805 2930 2875 praesentiam
2970 2803 3345 2875 pervenerint,
3378 2802 3513 2873 quid

1891 2903 2069 2943 causa:
2098 2889 2264 2945 fuerit
2310 2908 2408 2946 cur
2438 2892 2568 2949 hinc
2623 2908 2951 2964 responsum
2995 2892 3158 2962 hujus
3203 2906 3358 2963 papa:
3397 2905 3510 2945 non

1888 2982 2152 3036 meruerit
2182 2984 2449 3054 recipere.
2486 2985 2676 3039 Grates
2732 2985 2876 3040 inter
2904 2985 3023 3040 haec
3064 2982 3513 3054 referens,.quod

1887 3072 1971 3126 sui
2020 3075 2345 3129 memoriam
2405 3076 2665 3150 dignatus
2695 3076 2767 3131 sit
2809 3076 3036 3143 habere,
3088 3082 3143 3130 et
3197 3090 3298 3146 per
3342 3073 3513 3129 abba-

1885 3161 2075 3217 tissam
2129 3163 2390 3219 Bertham
2442 3165 2611 3219 verba
2684 3170 2887 3219 sanctae
2942 3162 3341 3219 consolationis
3403 3162 3509 3218 sibi

153 3249 346 3306 ventia
378 3250 520 3320 [ms.,
553 3268 625 3319 c.,
671 3253 1036 3323 cohibentia],
1068 3270 1168 3309 seu
1199 3255 1566 3324 pennissione
1593 3270 1780 3329 agere,
1806 3247 1857 3317 C
1885 3251 2171 3319 mandare,
2219 3269 2458 3324 eumque
2506 3270 2565 3309 se
2597 3253 2787 3310 videre
2831 3253 2996 3321 velle,
3053 3260 3107 3308 et
3137 3253 3335 3308 collato
3390 3268 3509 3308 scr-

153 3339 246 3394 vel
302 3338 453 3394 aliud
506 3341 740 3413 aliquid,
798 3343 1111 3399 inconsulto
1170 3360 1271 3399 suo
1330 3344 1783 3415 metr0politano,

155 3436 251 3482 aut
300 3435 492 3484 contra
541 3431 833 3486 interdicta
862 3433 950 3487 sui
988 3433 1238 3504 primatis
1263 3450 1625 3505 praisumere.
1660 3432 1782 3485 Pri-

151 3516 427 3591 vilegium
482 3518 724 3591 denique
755 3537 787 3575 a
836 3522 969 3576 sede
1002 3522 1247 3577 Romana
1298 3523 1589 3594 quaesitum
1637 3522 1786 3575 idem

154 3609 452 3680 papahuic
518 3613 813 3680 concessit,
869 3615 1244 3687 scriptumque
1298 3616 1603 3671 transmisit
1646 3633 1790 3687 prae-

154 3700 268 3756 suli
305 3718 477 3774 super
501 3704 668 3760 rebus
698 3705 1093 3762 ecclesiasticis
1146 3708 1276 3763 huic
1306 3709 1567 3764 Remensi
1599 3708 1789 3763 Eccle-

154 3792 254 3847 siae
309 3793 546 3863 collatis,
578 3795 666 3851 vel
720 3796 1099 3865 conferendis,
1143 3806 1204 3854 ut
1247 3816 1413 3855 nemo
1469 3815 1564 3855 eas
1621 3800 1784 3855 inva-

158 3883 317 3951 dere,
367 3885 455 3940 vel
512 3886 765 3942 detinere
830 3898 1213 3959 praesumeret,
1274 3898 1329 3945 et
1377 3898 1436 3945 ut
1483 3898 1607 3961 post
1666 3891 1787 3959 ejus

157 3972 455 4029 decessum
502 3976 656 4032 nullo
713 3979 879 4033 modo
932 3976 1133 4050 aliquis
1188 3981 1335 4035 hunc
1378 3981 1781 4052 epise0patum,

155 4067 245 4122 vel
265 4068 539 4141 episeOpii
564 4086 652 4124 res
673 4085 946 4142 occupare
974 4072 1164 4127 illicite
1186 4074 1437 4141 auderet,
1459 4089 1582 4127 cum
1610 4073 1786 4127 inter-

157 4157 464 4213 minatione
522 4160 640 4215 haec
670 4160 929 4216 inhibens
959 4163 1276 4234 apostolica:
1332 4162 1483 4217 sedis
1512 4178 1786 4216 censurae.

158 4251 297 4305 Item
354 4252 549 4306 scribit
600 4252 806 4321 eidem,
864 4271 965 4327 pro
1021 4257 1379 4311 altercatione
1430 4271 1552 4326 quae
1600 4271 1788 4310 versa-

157 4341 323 4397 batur
353 4341 499 4397 inter
548 4345 943 4402 Herimannum
980 4346 1371 4403 Coloniensem
1413 4346 1788 4418 archiepisco-

156 4454 316 4508 pum,
371 4445 426 4492 et
481 4439 835 4516 Adelgarium
900 4443 1403 4517 Amburgurensem
1460 4449 1514 4497 et
1582 4442 1789 4496 Brene-

155 4542 411 4582 mensem
479 4528 541 4600 [j,
620 4529 997 4602 Bremensem]
1063 4532 1416 4602 episc0pum,
1499 4546 1601 4602 pro
1680 4546 1789 4602 qua

1886 3363 2051 3402 mone
2101 3354 2293 3403 mutuo
2350 3347 2520 3404 verba
2576 3346 2829 3403 conferre
2917 3348 3084 3413 Quam
3136 3349 3251 3401 rem
3308 3345 3509 3402 fatetur

1887 3440 2218 3494 immensum
2275 3440 2378 3494 sibi
2410 3440 2696 3511 peperisse
2727 3441 3015 3516 gaudium,
3064 3447 3124 3495 ut
3150 3439 3326 3515 magis
3354 3439 3507 3494 desi-

1890 3528 2047 3583 deret
2076 3528 2197 3596 ejus
2239 3528 2428 3583 videre
2474 3529 2848 3599 praesentiam,
2893 3529 3163 3598 adjiciens
3193 3530 3300 3585 sibi
3332 3528 3401 3584 ab
3439 3543 3506 3584 eo

1890 3625 2108 3689 tempus
2150 3632 2260 3688 quo
2292 3617 2360 3672 ad
2405 3634 2530 3673 eum
2559 3618 2765 3686 veniat,
2799 3620 3134 3686 remandari,
3186 3606 3506 3690 loeumque,

1890 3718 1945 3766 et
1974 3711 2095 3780 ejus
2115 3716 2324 3785 sataget
2352 3710 2645 3781 praeceptis
2665 3710 3074 3782 obtemperare.
3109 3712 3382 3767 Praeterea
3407 3728 3510 3785 po-

1889 3802 2073 3867 stulat,
2106 3807 2165 3857 ut
2205 3800 2556 3875 privilegium
2586 3800 2842 3855 Ecclesiae
2896 3800 3158 3855 Remensi
3187 3800 3272 3855 sui
3326 3801 3509 3856 nomi-

1888 3891 1975 3945 nis
2025 3891 2351 3946 auctoritate
2383 3889 2501 3944 fieri
2528 3889 2743 3959 jubeat,
2793 3889 2934 3944 sicut
2963 3889 3126 3944 etiam
3179 3890 3504 3961 praedeces-

1885 3998 2041 4038 sores
2070 3996 2201 4036 suos
2232 3980 2427 4034 fecisse
2461 3986 2671 4035 constat
2707 3997 2720 4033 :
2765 3985 2820 4034 et
2846 3995 2937 4033 res
2967 3978 3098 4033 huic
3122 3978 3380 4034 Ecclesiae
3407 3996 3510 4051 per

1889 4088 2045 4127 suam
2075 4068 2443 4125 humilitatem
2456 4069 2754 4141 acquisitas
2778 4076 3044 4141 perpetua
3076 4065 3333 4124 firmitate
3362 4086 3506 4125 con-

1889 4167 1972 4216 tra
2002 4177 2199 4217 omnes
2240 4161 2592 4217 adversarios
2620 4160 2849 4215 muniat.
2883 4160 3119 4214 Adnotat
3147 4158 3336 4225 etiam,
3368 4175 3509 4230 qua-

1890 4250 2018 4304 liter
2058 4251 2328 4305 Evrardus
2358 4250 2603 4306 marchio
2645 4249 2821 4304 sancti
2847 4248 3037 4304 Calixti
3065 4264 3220 4321 papae
3272 4254 3327 4302 et
3357 4263 3506 4302 mar-

1891 4345 2026 4415 tyris
2056 4344 2376 4398 venerabile
2401 4360 2601 4416 corpus
2621 4359 2652 4398 a
2677 4344 2924 4398 Romana
2950 4343 3083 4397 sede
3110 4340 3507 4412 impetraverit,

1889 4439 2052 4504 atque
2074 4433 2129 4486 in
2154 4432 2276 4501 ejus
2303 4433 2514 4488 honore
2534 4430 2933 4485 monasterium
2958 4429 3067 4499 (21)
3095 4429 3153 4483 in
3181 4428 3388 4499 praedio
3407 4444 3509 4483 suo

1890 4520 2258 4575 constituerit.
2321 4520 2474 4584 Quod
2531 4519 2798 4589 praedium
2854 4523 2977 4588 post
3023 4518 3145 4586 ejus
3191 4518 3398 4572 obitum
3441 4517 3510 4571 ad

155 4617 535 4673 Herimannus
592 4619 773 4674 eidem
804 4637 961 4693 papa!
1016 4637 1170 4674 suam
1211 4621 1507 4686 direxerat,
1547 4626 1602 4673 et
1632 4626 1790 4689 post-
1815 4618 1873 4687 D
1896 4612 2069 4667 filium
2094 4612 2269 4683 ipsius
2294 4610 2590 4666 Rodulfum
2616 4612 2868 4665 abbatem
2892 4610 3242 4665 baareditario
3263 4610 3389 4679 jure
3413 4610 3509 4664 ad-

152 4711 387 4766 modum
419 4728 520 4783 per
558 4714 918 4784 semetipsum
959 4718 1288 4779 accesserat,
1338 4711 1688 4782 proclamans
1718 4711 1786 4765 ab

154 4805 499 4861 Herimanno
537 4806 796 4861 Ecclesia:
825 4823 938 4863 sua:
970 4806 1258 4880 privilegia
1294 4804 1510 4871 violari,
1543 4804 1783 4875 ideoque

150 4898 212 4952 in
271 4914 433 4952 suam
462 4898 817 4970 prazsentiam
863 4905 1281 4954 eommonuerat
1336 4904 1632 4968 utrumque
1689 4910 1787 4951 ve-

153 4988 301 5042 nire.
335 4987 445 5063 sed
476 4988 739 5059 quoniam
768 4985 1062 5062 Adelgario
1116 4987 1376 5042 veniente
1421 4985 1787 5040 Herimannus

151 5078 359 5150 defuit,
417 5086 583 5135 tantm
648 5079 729 5134 liti
785 5079 953 5134 finem
1004 5080 1290 5150 imponere
1357 5094 1502 5150 papa
1554 5076 1784 5143 distulit,

152 5191 226 5230 ne
258 5174 551 5248 quidpiam
589 5190 947 5247 prteprOpere
987 5174 1240 5244 judicare
1270 5171 1575 5240 videretur,
1631 5170 1782 5226 unde

153 5268 411 5323 rediviva
439 5266 726 5339 contentio
752 5266 950 5322 futuris
982 5265 1325 5338 temporibus
1353 5264 1609 5319 oriretur.
1642 5264 1788 5329 Quo-

151 5365 306 5421 circa
336 5361 580 5438 injungit
609 5360 741 5415 huic
769 5360 991 5432 praesuli
1041 5366 1254 5423 nostro,
1287 5373 1388 5412 sua
1415 5357 1592 5427 ipsius
1630 5370 1787 5427 papa}

145 5453 273 5509 vice
328 5454 607 5526 synodum
641 5465 949 5507 convocare
1005 5448 1152 5520 apud
1183 5446 1551 5524 Wangionem
1602 5444 1790 5500 civita-

146 5550 284 5614 tem,
346 5560 474 5598 eum
520 5540 720 5596 vicinis
763 5538 1145 5615 suffraganeis,
1205 5536 1616 5607 limitaneisque
1667 5534 1791 5606 epi-

148 5639 359 5711 scOpis,
393 5639 464 5694 ad
518 5652 688 5709 quam
728 5634 1123 5689 Herimannum
1161 5632 1478 5708 Agrippinae
1532 5629 1788 5697 coloniae,

149 5726 639 5795 etSonderoldum
666 5723 1047 5798 Moguntinum
1081 5738 1207 5778 cum
1234 5722 1352 5777 suis
1401 5717 1787 5795 suﬁ‘raganeis,

1886 4708 2101 4765 venerit
2133 4725 2145 4761 :
2175 4707 2270 4778 qui
2306 4722 2394 4760 res
2423 4705 2570 4775 ipsas
2591 4704 2754 4759 simul
2781 4720 2905 4759 cum
2937 4703 3226 4759 memorati
3258 4701 3514 4773 martyris

1887 4802 2048 4879 gleba
2077 4802 2202 4855 vitae
2232 4814 2346 4855 suae
2368 4798 2564 4854 diebus
2595 4798 2802 4870 absque
2827 4799 2939 4853 ulla
2969 4795 3408 4852 contradictione
3431 4801 3512 4849 te-

1888 4895 2094 4961 nuerit,
2152 4900 2207 4948 et
2252 4893 2322 4948 de
2365 4891 2571 4947 saeculo
2597 4892 2933 4968 migraturus
2981 4890 3204 4945 easdem
3254 4903 3341 4943 res
3386 4903 3510 4942 cum

1887 4987 2226 5044 monasterio
2283 4992 2337 5041 et
2370 5000 2601 5056 corpore
2654 4999 2812 5040 sacro
2843 4983 3104 5039 Remensi
3154 4986 3355 5036 sanctae
3413 4977 3511 5035 Dei

1889 5075 2184 5131 Genitricis
2227 5075 2479 5129 ecclesiae
2513 5073 2874 5149 delegaverit,
2925 5071 3289 5141 eamdemque
3331 5082 3512 5123 rerum

1888 5185 2110 5226 suarum
2164 5168 2444 5224 haeredem
2475 5166 2791 5221 instituerit.
2847 5165 2999 5220 Tunc
3025 5178 3157 5220 vero
3198 5159 3516 5216 Hucboldus

1888 5259 2114 5332 quidam
2145 5258 2355 5315 sororis
2384 5257 2550 5326 hujus
2580 5253 2796 5310 Rodulﬁ
2848 5253 3099 5319 maritus,
3130 5265 3335 5306 munus
3365 5249 3515 5318 ejus-

1889 5349 2016 5403 dem
2049 5347 2263 5401 abbatis
2294 5344 2752 5410 calomniabatur,
2786 5348 2842 5396 et
2883 5341 2951 5397 ab
2987 5339 3243 5396 ecclesiae
3267 5338 3365 5393 Dei
3410 5337 3516 5392 Ge-

1890 5438 2104 5495 nitricis
2127 5438 2253 5506 jure
2300 5436 2604 5491 conabatur
2661 5432 2903 5489 auferre.
2944 5431 3187 5487 Proinde
3236 5435 3515 5502 precatur,

1889 5539 1949 5588 ut
1978 5531 2112 5604 quid
2141 5528 2248 5584 sibi
2281 5527 2354 5582 sit
2385 5529 2441 5581 in
2463 5527 2670 5582 talibus
2698 5525 3003 5601 agendum,
3045 5524 3164 5581 suis
3190 5538 3320 5579 eum
3345 5521 3518 5578 sacris

1891 5623 2127 5677 instruat
2155 5618 2376 5686 litteris,
2410 5624 2467 5672 et
2494 5616 2689 5671 harum
2723 5614 3078 5672 collationem
3101 5626 3288 5668 rerum
3313 5616 3522 5667 interna

1890 5714 2187 5771 stabilitate
2243 5711 2587 5778 corroboret,
2636 5715 2802 5782 atque
2856 5707 3306 5766 contradicentes
3353 5702 3520 5775 digna

221 5836 336 5908 (2-1)
372 5810 671 5903 .Cisonium
699 5836 934 5886 monast.
970 5828 1026 5882 in
1056 5828 1242 5902 Belgio
1274 5827 1419 5883 inter
1443 5826 1751 5881 Tornacum
1784 5833 1841 5879 et
1873 5820 2106 5879 insulas.

382 5926 391 5933 κ
457 5936 768 5999 PATROL.
823 5930 1163 5997 CXXXV.

3189 5910 3229 5977 9
