3912 6404
378 411 480 468 267

1506 396 1876 453 FLODOARDI
1916 389 2221 448 CANONICI
2263 391 2591 446 REMENSIS

3621 392 3742 445 268

381 532 972 598 excommunicationis
999 531 1209 587 ultione
1239 526 1525 603 percellat.
1550 525 1879 614 Scrupulum
1913 524 2007 578 de-
2031 525 2080 590 A
2107 547 2161 595 ει
2191 557 2256 596 ea
2287 557 2410 614 quae
2443 543 2681 598 domnus
2736 543 2882 598 idem
2919 541 3084 596 Fulco
3141 555 3241 610 per
3279 540 3562 610 precarias
3595 542 3741 596 ob“-

386 630 556 700 nique
575 623 680 680 sibi
711 621 846 678 dixit
874 637 939 676 ac
963 621 1267 694 singultum
1298 633 1544 685 movere,
1575 613 1726 687 quod
1756 614 2006 669 audierat

385 739 417 777 a
445 719 800 792 quibusdam,
831 723 1075 772 sanctam
1108 715 1410 768 Romanam
1441 707 1742 765 Ecclesiam
1773 709 2002 774 turbari,

385 822 747 887 paratumque
770 830 828 866 se
857 813 986 867 totis
1014 807 1225 863 viribus
1253 819 1352 876 pro
1374 803 1550 874 ipsius
1581 803 1792 857 honore
1822 801 2006 856 omni-

387 907 569 962 modis
598 906 902 971 decertare,
953 907 1007 955 et
1045 900 1229 955 eidem
1286 913 1442 969 papae
1498 894 1670 950 veluti
1717 895 1923 948 domno
1954 898 2008 946 et

386 1001 651 1076 magistro
679 1002 733 1055 in
763 995 977 1054 cunctis
1003 988 1405 1049 obsecundare.
1430 986 1717 1042 Subnectit
1745 985 1912 1039 etiam
1941 983 2011 1038 de

387 1095 718 1166 quibusdam
775 1089 1056 1163 cpisc0pis
1111 1085 1427 1149 Galliarum,
1485 1082 1582 1153 qui
1636 1079 1742 1135 sibi
1781 1077 2008 1149 pallium

389 1185 634 1240 indebita
666 1202 696 1240 a
724 1185 970 1238 Romana
1016 1179 1323 1252 poscebant
1369 1177 1525 1243 sede,
1557 1174 2014 1244 metropolitanos

389 1289 521 1330 suos
537 1275 630 1328 tali
652 1278 984 1345 spernentes
1003 1277 1220 1336 tenore,
1241 1282 1496 1322 asserens
1517 1265 1666 1337 quod
1684 1279 1772 1319 res
1793 1262 2010 1328 eadem,

386 1366 496 1421 nisi
529 1363 790 1436 prudenti
816 1367 1093 1434 praecauta
1132 1359 1273 1415 foret
1303 1358 1704 1426 sollicitudine,
1738 1355 2017 1412 confusio-

386 1472 517 1512 nem
548 1471 659 1512 non
689 1454 1034 1510 mediocrem
1084 1459 1380 1528 generaret
1410 1452 1691 1520 Ecclesia,
1723 1467 2014 1526 magnum-

387 1563 499 1619 que
530 1546 783 1602 charitati
813 1544 1173 1616 dispendium
1213 1543 1423 1598 valeret
1461 1543 1688 1599 inferre.
1724 1542 1876 1597 Unde
1906 1549 2012 1597 tam

386 1659 448 1697 se
500 1659 664 1715 quam
687 1657 912 1697 omnem
960 1640 1174 1711 precari
1217 1640 1349 1694 dicit
1407 1639 1730 1706 Ecclesiam,
1761 1655 1829 1692 ne
1877 1637 2016 1692 scito

389 1734 626 1804 alicujus
657 1732 1020 1788 irrationabili
1049 1730 1334 1803 petitioni,
1367 1731 1486 1784 sine
1509 1729 1756 1805 generali
1785 1744 2016 1783 assensu

390 1831 661 1886 etlitteris
689 1831 1022 1898 consentiat,
1047 1847 1117 1884 ne
1150 1846 1250 1901 per
1279 1831 1386 1884 hoc
1416 1827 1808 1883 ecclesiasticae
1835 1826 2015 1899 digni-

390 1925 518 1981 tatis
548 1925 730 1978 honor
756 1921 1023 1976 vilescere
1070 1920 1321 1990 incipiat,
1371 1920 1417 1974 si
1467 1935 1555 1974 res
1586 1919 1853 1984 indebita,
1891 1934 2014 1990 qua:
2042 1940 2093 2009 Β

391 2024 604 2071 temere
630 2013 934 2079 affectatur,
966 2012 1277 2066 inconsulte
1312 2012 1573 2066 tradatur.

1042 2102 1257 2157 CAPUT
1289 2103 1353 2156 ΙΙ.

403 2178 532 2245 Qua
568 2178 850 2231 Formosus
896 2189 1046 2244 papa
1083 2175 1308 2229 Ἐπιιωηί
1350 2174 1432 2227 τρι
1469 2173 1667 2230 Karolo
1708 2175 1825 2240 regi
1857 2176 2017 2242 atque

970 2245 1148 2301 Odom'
1201 2247 1443 2316 scripsit.

467 2341 563 2398 Cui
597 2341 911 2396 rescribens
950 2341 1098 2395 idem
1141 2356 1285 2411 papa
1315 2341 1630 2406 Formosus,
1661 2345 1854 2393 monet
1889 2353 2016 2392 eum

396 2435 635 2505 compati
666 2433 870 2487 debere
903 2433 1161 2488 Romanae
1192 2432 1470 2499 Ecclesiae,
1513 2439 1676 2502 atque
1707 2428 2019 2484 imminenti

396 2525 520 2594 ejus
543 2525 840 2581 subvenire
889 2524 1083 2591 ruinae,
1117 2538 1224 2577 nec
1253 2523 1305 2577 ei
1336 2539 1490 2576 suam
1539 2521 1888 2591 praesentiam
1921 2518 2020 2574 de-

396 2631 602 2691 negare
639 2634 651 2669 :
711 2616 1024 2686 adjungcns
1053 2613 1297 2667 haereses
1342 2610 1591 2680 undique
1623 2625 1686 2663 ac
1729 2609 2022 2663 schismata

393 2707 691 2778 pullulare,
725 2723 831 2761 nec
857 2705 954 2778 qui
998 2704 1066 2759 ad
1098 2702 1468 2758 resistendum
1501 2707 1837 2768 occurreret,
1870 2715 2015 2754 esse.

395 2793 646 2866 Dicitque
677 2795 844 2868 longo
875 2799 1148 2847 retroacto
1179 2798 1429 2862 tempore
1462 2790 1806 2861 perniciosas
1848 2790 2020 2844 haere-

395 2905 488 2944 ses
517 2888 801 2944 Orientem
854 2887 1220 2954 confundere,
1253 2891 1306 2941 et
1355 2884 2018 2956 ConstantinOpolitanam

397 2977 696 3032 Ecclesiam
730 2978 926 3034 nociva
956 2976 1256 3031 schismata
1282 2975 1638 3045 perturbare;
1668 2973 1830 3028 simul
1852 2975 2016 3028 etiam

398 3065 646 3141 regionis
672 3065 940 3121 Africanae
967 3066 1181 3139 legatos
1213 3063 1492 3130 insistere,
1524 3079 1795 3134 responsa
1824 3070 2022 3134 peten-

399 3165 483 3212 tes
509 3169 611 3227 pro
641 3156 850 3212 dudum
892 3162 1087 3211 exorto
1117 3155 1262 3210 inter
1303 3155 1598 3226 episcopos
1631 3155 1873 3225 ipsarum
1899 3169 2024 3225 pro-

396 3247 705 3304 vinciarum
736 3247 1058 3301 schismate.
1114 3246 1461 3301 Diversarum
1511 3258 1734 3316 quoque
1781 3245 2019 3315 partium

397 3337 710 3411 legationes
756 3338 974 3392 diversa
1005 3352 1273 3408 reSponsa
1312 3312 1567 3407 petentes
1597 3312 1819 3390 instare.
1856 3334 2022 3405 Cujus
2050 3312 2100 3382 C

399 3429 482 3483 rei
546 3431 721 3504 gratia
767 3430 1087 3504 generalem
1137 3429 1409 3501 synodum
1458 3430 1665 3498 (concil.
1713 3432 1889 3497 Rom,
1928 3445 2017 3484 an.

399 3521 524 3592 893)
557 3522 647 3577 die
682 3523 1051 3580 Kalendarum
1109 3523 1446 3590 Martiarum,
1476 3524 1797 3579 indictionis
1851 3523 2026 3578 unde-

397 3609 554 3665 cimae
596 3628 654 3666 se
701 3613 965 3669 inchoare
997 3613 1366 3684 disposuisse,
1401 3613 1469 3668 ad
1520 3629 1684 3685 quam
1740 3613 2022 3682 eumdem,

395 3707 608 3755 remota
635 3703 785 3756 omni
819 3703 1107 3770 dilatione,
1139 3703 1403 3758 admonet
1428 3702 1714 3770 festinare,
1757 3709 1818 3757 ut
1846 3703 2019 3758 collo-

395 3796 620 3866 quendo
640 3796 846 3871 largius
863 3799 931 3853 de
952 3798 1037 3852 his
1061 3798 1281 3854 valeant
1307 3804 1667 3870 pertractare,
1699 3804 1755 3852 et
1784 3797 2020 3852 afﬂuen-

396 3889 509 3945 tius
549 3891 620 3944 ad
670 3895 923 3949 consulta
953 3893 1172 3968 singula
1224 3895 1584 3977 respondere.
1615 3893 2020 3949 Nortmannicae

395 3992 578 4063 gentis
627 3989 942 4061 procellas,
993 3989 1196 4060 quibus
1251 3989 1534 4044 asserebat
1587 4004 1646 4043 sc
1677 3989 2023 4060 perturbari,

396 4084 695 4153 plurimum
721 4081 932 4148 dolere,
957 4088 1011 4135 et
1039 4087 1099 4134 ut
1129 4096 1226 4135 eos
1248 4081 1459 4135 Excelsi
1493 4081 1718 4135 dextera
1740 4081 2024 4151 reprimat,

397 4173 774 4245 apostolorum
820 4172 1137 4244 principum
1169 4170 1447 4247 suffragiis
1501 4173 2023 4238 intervenientibus,

398 4268 723 4339 implorare.
761 4265 992 4319 Litteras
1017 4278 1148 4318 vero
1181 4279 1319 4334 quas
1349 4262 1759 4338 significaverat
1788 4264 1855 4318 ad
1895 4281 2021 4320 eum

399 4373 498 4427 per
545 4355 813 4428 quasdam
843 4368 1111 4425 personas
1143 4352 1378 4422 primum
1413 4369 1472 4406 se
1519 4353 1810 4420 direxisse,
1841 4353 1909 4408 ad
1940 4354 2025 4424 ip-

399 4465 521 4503 sum
550 4448 781 4504 minime
805 4446 1151 4519 pervenisse.
1175 4445 1395 4500 Miserat
1421 4445 1558 4501 alias
1582 4447 1768 4512 etiam,
1794 4463 1894 4517 pro
1925 4447 2027 4501 hac

398 4540 593 4594 eadem
653 4539 867 4611 synodo
925 4538 1300 4606 celebranda,
1357 4538 1572 4608 pridem
1632 4537 1759 4592 huic
1803 4553 2025 4610 quoque

397 4629 621 4700 praesuli
672 4636 862 4684 nostro
893 4629 1125 4697 litteras,
1169 4644 1332 4700 quam
1387 4628 1705 4685 decrevisse
1733 4644 1792 4683 se
1831 4627 2029 4683 asserit

395 4723 644 4793 incipere
705 4724 986 4778 mediante
1044 4723 1183 4778 Maio
1241 4739 1434 4778 mense
1467 4765 1481 4792 ,
1553 4721 1872 4777 indictionis
1925 4686 2101 4776 de-D

396 4813 576 4867 cimze.
626 4815 686 4867 In
741 4814 944 4884 quibus
998 4813 1196 4867 litteris
1253 4812 1456 4867 fatetur
1503 4813 1711 4868 Italiam
1767 4819 1897 4868 tunc
1942 4828 2026 4866 se-

394 4909 504 4965 mel
555 4916 612 4963 et
641 4910 886 4964 secundo
918 4909 1145 4964 horrida
1202 4908 1348 4964 bella
1403 4925 1750 4980 perpessam,
1784 4915 1839 4964 et
1880 4925 2025 4980 pene

395 5008 802 5072 consumptam.
871 5001 1228 5056 Orientalium
1305 5017 1435 5058 vero
1517 5001 1752 5072 partium
1812 5016 1871 5056 se
1926 5001 2024 5055 (le-

394 5093 529 5149 tlere
585 5111 846 5150 vesanam
883 5095 1142 5150 haeresim
1197 5096 1254 5150 in
1293 5094 1568 5150 Christum
1626 5095 1816 5150 Jesum
1874 5095 2025 5148 blas-

393 5189 672 5258 phemiam
755 5191 1131 5248 continentem
1214 5192 1278 5264 [j,
1365 5191 1803 5260 conjicientem].
1867 5188 2025 5244 Mittit

393 5286 446 5340 ei
495 5291 767 5354 praeterea
819 5289 1050 5359 petitum
1107 5305 1276 5361 super
1328 5289 1662 5360 quibusdam
1720 5285 2023 5358 praestariis

392 5378 766 5452 privilegium,
800 5398 1242 5440 commemorans
1271 5385 1492 5440 beatum
1527 5382 1836 5458 Remigium
1863 5379 2014 5455 genti

392 5467 749 5538 Francorum,
807 5473 1067 5529 Romanae
1123 5477 1274 5531 sedis
1327 5475 1670 5543 auctoritate,
1718 5490 1842 5528 cum
1888 5489 2014 5548 gra-

391 5561 467 5614 tia
494 5561 590 5616 Dei
619 5563 931 5632 apostolum
961 5568 1339 5623 constitutum.
1370 5569 1600 5622 Bernam
1659 5581 1881 5638 quoque
1913 5565 2014 5619 vil-

391 5651 523 5719 lam,
551 5671 676 5725 qute
708 5654 897 5725 inique
938 5657 1142 5712 dudum
1200 5661 1476 5714 subtracta
1505 5659 1700 5726 fuerat,
1750 5656 2011 5713 Remensi

389 5749 652 5809 Ecclesiae
709 5753 1036 5808 restitutam.
1111 5756 1518 5810 Duodeciacum
1575 5769 1820 5825 quoque,
1910 5749 2007 5804 sed

2107 645 2323 704 nuerat,
2354 638 2676 694 Rodemiam
2717 638 2978 692 videlicet
3009 644 3063 690 ct
3108 635 3455 710 Margolium,
3491 635 3740 689 Lastem-

2109 745 2257 795 nam,
2306 735 2360 782 et
2391 727 2722 800 Guigleium,
2755 733 2917 798 atque
2963 725 3267 792 Virtudem,
3317 740 3537 779 necnon
3579 725 3745 779 abba-

2109 821 2237 875 tiam
2269 835 2392 891 quae
2430 817 2631 873 dicitur
2656 817 2974 888 Campellis,
3007 816 3211 871 Atteias
3242 815 3407 870 etiam
3449 823 3503 870 et
3533 816 3744 870 Mania-

2112 927 2258 978 cum,
2290 911 2537 982 aliasque
2569 927 2659 966 res
2691 927 2813 982 quae
2843 909 3052 964 dudum
3085 907 3302 975 ablatae,
3344 913 3477 963 tunc
3506 907 3746 962 redditae

2113 1003 2331 1058 fuerant
2389 1002 2649 1058 Ecclesiae
2721 1001 3004 1068 Remensi,
3061 998 3343 1054 restitutas
3419 999 3746 1054 auctoritate

2114 1094 2404 1150 conﬁrmat
2434 1093 2759 1165 apostolica,
2813 1099 2873 1147 ut
2908 1108 3024 1159 eas,
3077 1091 3164 1146 vel
3197 1096 3426 1145 caeteras
3485 1089 3746 1159 ejusdem

2116 1187 2399 1253 Ecclesiae,
2434 1185 2826 1256 possessiones
2857 1199 3020 1239 nemo
3052 1188 3355 1254 praesumat
3383 1180 3623 1248 auferre,
3657 1179 3750 1234 vel

2116 1275 2398 1330 invadere.
2450 1274 2717 1328 Sanciens
2772 1273 3004 1343 insuper
3041 1270 3366 1326 auctoritate
3419 1269 3566 1324 beati
3600 1269 3748 1323 Petri

2117 1371 2175 1419 ut
2227 1379 2393 1420 nemo
2425 1380 2643 1436 regum,
2701 1363 2887 1418 nullus
2917 1363 3244 1428 antistitum,
3302 1377 3468 1416 nemo
3513 1358 3752 1430 quilibet

2117 1455 2480 1521 Christianus,
2531 1453 2840 1511 decedente
2889 1455 3184 1510 Remorum
3217 1439 3508 1522 episcopo,
3561 1451 3752 1520 ipsum

2118 1549 2522 1619 episcOpatum,
2555 1548 2640 1602 vel
2673 1564 2761 1603 res
2819 1547 2994 1618 ipsius
3033 1543 3293 1601 Ecclesiae
3323 1543 3438 1598 suis
3477 1559 3750 1612 compen-

2118 1637 2224 1691 diis
2278 1635 2536 1706 applicet,
2598 1651 2779 1708 neque
2836 1651 2936 1691 suo
2984 1633 3232 1690 dominio
3281 1638 3489 1699 teneat,
3541 1639 3755 1702 praeter

2118 1729 2294 1802 ipsius
2324 1729 2558 1784 civitatis
2583 1726 2926 1798 episcOpum.
2960 1725 3070 1779 Sed
3101 1730 3155 1778 et
3182 1721 3434 1776 eamdem
3467 1728 3755 1792 metr0po-

2118 1823 2211 1877 lim
2246 1838 2356 1876 non
2400 1820 2542 1874 ultra
2571 1817 3022 1873 constitutionem
3052 1813 3399 1879 canonicam,
3429 1812 3552 1866 sine
3585 1827 3752 1880 regu-

2118 1913 2184 1968 lis
2213 1909 2605 1968 ecclesiasticis
2631 1907 2997 1964 conveniente
3030 1910 3250 1975 pastore
3281 1917 3508 1956 mancre
3541 1907 3709 1976 cogat
3735 1919 3750 1954 :

2116 2022 2300 2078 neque
2330 2004 2489 2059 aliter
2534 2002 2741 2057 ibidem
2771 1993 3117 2072 episcopum,
3178 1996 3286 2051 nisi
3316 2003 3376 2051 ut
3402 1995 3544 2050 sacri
3574 2011 3753 2050 cano-

2117 2119 2219 2158 nes
2269 2101 2488 2170 jubent,
2521 2098 2781 2153 constitui
2827 2096 3008 2151 faciat.
3041 2092 3401 2167 Promulgans
3457 2091 3622 2146 etiam
3681 2108 3756 2146 ac

2118 2203 2386 2263 statuens,
2431 2200 2489 2248 ut
2518 2210 2582 2249 ea
2611 2209 2735 2264 quae
2779 2191 2928 2247 idem
2959 2188 3296 2246 venerabilis
3327 2186 3529 2259 praesul
3571 2186 3747 2241 Fulco

2120 2292 2190 2346 de
2211 2290 2358 2346 villis
2379 2289 2544 2358 hujus
2575 2285 2829 2342 Ecclesia;
2859 2300 2923 2339 ac
2951 2280 3300 2338 facultatibus
3322 2293 3533 2345 earum,
3557 2277 3762 2332 usibus

2120 2378 2623 2435 ecclesiasticorum
2675 2377 3161 2437 ornamentorum,
3215 2368 3301 2424 vel
3357 2365 3757 2432 luminarium,

2122 2487 2222 2526 seu
2274 2470 2377 2524 sub
2407 2467 2702 2539 stipendiis
2754 2463 3172 2528 canonicorum,
3205 2475 3270 2515 ac
3323 2457 3760 2523 monachorum,

2122 2574 2286 2638 atque
2342 2563 2869 2629 sanctimonialium,
2936 2574 3036 2614 seu
3088 2555 3614 2621 matriculariorum,
3701 2561 3761 2608 et

2123 2655 2425 2725 hospitum,
2457 2653 2544 2708 vel
2574 2667 2878 2723 pauperum
2927 2647 3306 2712 constituerat,
3336 2649 3606 2716 perpetuo
3664 2643 3753 2696 in-

2119 2747 2383 2802 convulsa
2424 2749 2805 2816 permaneant,
2838 2742 2981 2795 hanc
3028 2739 3376 2794 autoritatem
3407 2737 3494 2792 sui
3534 2735 3752 2790 decreti

2120 2840 2222 2893 sub
2297 2836 2662 2892 anathematis
2718 2833 2939 2888 vinculo
3021 2830 3381 2887 violatoribus
3464 2826 3758 2884 innodatis

2121 2931 2502 2987 corroborans.
2538 2929 2932 2998 Imperatorem
2986 2938 3208 2995 quoque
3237 2921 3538 2976 Widonem
3597 2934 3760 2974 coro-

2123 3028 2307 3076 natum
2339 3019 2538 3075 eodem
2587 3031 2734 3070 anno
2766 3011 3108 3086 signiﬁcans,
3168 3010 3474 3066 indictione
3506 3009 3753 3064 decima.

2125 3110 2258 3163 Item
2281 3107 2350 3161 ad
2371 3105 2548 3176 ipsius
2571 3102 2762 3158 domni
2791 3100 3052 3156 Fulconis
3078 3098 3403 3170 petitionem
3430 3097 3581 3152 misit
3607 3097 3763 3152 aliud

2122 3199 2304 3254 eidem
2337 3194 2709 3269 privilegium,
2744 3207 2844 3263 pro
2874 3188 3213 3246 monasterio
3241 3188 3556 3254 Avennaco,
3590 3193 3763 3259 atque

2124 3306 2223 3363 pro
2255 3305 2332 3346 eo
2363 3287 2724 3353 monasterio,
2759 3283 2912 3356 quod
2944 3279 3214 3337 Rodulfus
3243 3279 3415 3334 abbas
3444 3278 3501 3334 in
3541 3279 3762 3334 honore

2124 3380 2299 3436 sancti
2344 3377 2543 3434 Calixti
2596 3373 2850 3445 martyris
2929 3377 2984 3426 et
3035 3385 3194 3440 papae
3271 3384 3336 3423 ex
3396 3367 3758 3423 haereditario

2125 3468 2477 3542 pr0prietatis
2528 3480 2643 3520 suae
2695 3465 2821 3533 jure
2879 3463 3257 3516 constructum
3301 3455 3430 3510 huic
3485 3455 3758 3512 Remensi

2127 3565 2482 3618 concesserat
2533 3555 2815 3620 Ecclesiae,
2870 3559 2978 3607 tam
3033 3549 3228 3605 eadem
3279 3546 3536 3604 coenobia
3584 3562 3759 3620 quam

2124 3665 2320 3706 omnes
2347 3645 2732 3719 possessiones
2782 3640 3112 3696 liberalitate
3139 3636 3333 3713 regali,
3395 3635 3480 3692 vel
3512 3635 3757 3691 aliorum

2122 3739 2568 3796 Christicolarum
2597 3729 2978 3788 muniﬁcentia
3016 3726 3274 3783 Remensi
3303 3725 3533 3782 collatas
3561 3724 3756 3780 Eccle-

2122 3834 2243 3902 siae,
2275 3832 2390 3886 sive
2413 3844 2552 3901 quas
2582 3826 2728 3880 idem
2747 3821 2950 3894 praesul
2978 3817 3334 3892 acquisierat,
3360 3823 3454 3871 aut
3484 3815 3758 3888 deinceps

2123 3920 2492 3993 acquisiturus
2541 3921 2677 3982 erat,
2705 3911 2886 3968 eidem
2918 3908 3175 3964 Ecclesiae
3232 3905 3537 3978 apostolica
3567 3919 3756 3961 corro-

2126 4011 2330 4066 borans
2359 4014 2413 4062 et
2442 4003 2730 4061 stabiliens
2779 4004 3071 4071 potestate.
3105 3996 3202 4051 llic
3247 4009 3469 4066 quoque
3502 3993 3760 4050 Lamber-

2127 4109 2242 4157 tum
2270 4099 2560 4168 (Lambert.
2599 4095 2814 4164 imper.)
2843 4090 3018 4145 filium
3046 4087 3300 4142 Widonis
3325 4100 3472 4141 anno
3502 4086 3756 4142 secundo

2129 4187 2348 4256 imperii
2403 4185 2571 4257 patris
2598 4182 2776 4254 ipsius
2833 4194 3036 4235 novum
3094 4176 3488 4247 imperatorem
3545 4174 3753 4230 factum

2126 4284 2297 4340 fuisse
2349 4281 2620 4354 designat.
2680 4277 2814 4331 Item
2865 4289 2966 4345 pro
3023 4269 3391 4326 dicecesaneis
3444 4268 3750 4340 provincize

2127 4373 2418 4432 Remensis
2444 4369 2747 4443 episcopis,
2775 4365 2924 4438 quod
2955 4363 3224 4430 audierat,
3256 4376 3448 4418 eorum
3475 4360 3750 4432 quosdam

2128 4471 2293 4542 hujus
2346 4462 2748 4536 archiepiscOpi
2817 4460 2902 4515 sui
2959 4456 3299 4513 audientiam
3367 4461 3752 4519 contemnere,

2129 4562 2378 4618 scribens
2397 4559 2601 4625 eidem,
2625 4563 2686 4611 ut
2706 4568 2837 4610 suos
2857 4550 3152 4608 conveniat
3180 4547 3568 4619 coepiscOpos,
3593 4554 3756 4603 caete-

2129 4669 2316 4710 rorum
2342 4666 2566 4723 quoque
2592 4661 2735 4720 quos
2755 4645 2938 4716 ipsum
2964 4643 3140 4698 visum
3169 4639 3335 4707 fuerit
3357 4637 3751 4709 episcoporum

2127 4745 2419 4820 collegium
2454 4741 2752 4798 convenire
2783 4735 3094 4802 denuntiet,
3125 4738 3184 4787 ut
3217 4731 3286 4786 de
3314 4736 3467 4785 tanto
3491 4730 3758 4801 neglectu

2125 4836 2378 4910 synodali
2406 4833 2571 4889 simul
2592 4831 2810 4888 actione
2833 4826 3177 4900 perquirant,
3207 4830 3262 4878 et
3287 4820 3559 4894 quidquid
3586 4835 3755 4890 opor-

2124 4931 2291 4986 tuerit
2320 4928 2588 4984 canonica
2645 4931 2806 4996 atque
2841 4917 3142 4992 apostolica
3190 4913 3389 4970 muniti
3432 4912 3758 4967 auctoritate

2128 5023 2451 5087 decernant,
2486 5017 2811 5086 subjiciens,
2842 5021 2902 5068 ut
2931 5026 3095 5067 nemo
3141 5025 3173 5063 a
3202 5014 3311 5062 tam
3343 5007 3456 5061 Deo
3497 5004 3668 5079 digno
3698 5020 3758 5060 se

2128 5112 2415 5166 subtrahat
2468 5123 2663 5178 Opere,
2723 5103 2817 5176 qui
2884 5099 3205 5172 apostolicae
3261 5094 3434 5166 ipsius
3485 5093 3764 5165 particeps

2124 5203 2361 5264 voluerit
2420 5196 2829 5256 communionis
2878 5193 3132 5249 existere.
3185 5190 3318 5245 Item
3366 5203 3469 5258 pro
3523 5186 3762 5241 evectio-

2125 5314 2193 5352 ne
2220 5294 2400 5351 Karoli
2424 5292 2533 5364 {22)
2568 5291 2636 5344 ad
2659 5287 2909 5361 regimen
2941 5283 3120 5359 regni,
3150 5296 3315 5353 quem
3345 5277 3586 5332 domnus
3605 5276 3756 5332 idem

2116 5390 2281 5445 Fulco
2311 5388 2379 5443 ad
2418 5385 2630 5460 regium
2663 5382 2882 5437 culmen
2916 5377 3096 5431 adhuc
3137 5387 3368 5445 puerum
3398 5375 3749 5440 provexerat,

2117 5489 2171 5537 et
2199 5481 2266 5536 de
2291 5477 2615 5536 criminibus
2632 5472 2838 5530 Odonis
2862 5468 3031 5545 regis,
3059 5466 3144 5522 vel
3169 5461 3521 5534 correptione
3546 5461 3746 5532 ipsius,

2115 5569 2349 5640 qualiter
2373 5573 2520 5622 esset
2545 5562 2792 5638 agenda:
2824 5575 2928 5630 pro
2958 5555 3160 5629 quibus
3195 5552 3360 5607 rebus
3391 5550 3539 5604 idem
3570 5549 3748 5604 archi-

2117 5660 2415 5730 episcOpus
2447 5655 2574 5710 huic
2607 5670 2763 5725 papae
2794 5650 2997 5720 scripta
3027 5663 3146 5713 sua,
3180 5643 3471 5700 consilium
3505 5649 3561 5697 et
3591 5641 3746 5695 auxi-

2115 5751 2245 5804 lium
2280 5750 2347 5803 ab
2374 5765 2439 5804 eo
2471 5746 2734 5818 petendo,
2787 5742 3084 5798 direxerat.
3118 5737 3274 5795 Unde
3302 5741 3356 5791 et
3383 5733 3450 5787 ad
3483 5733 3744 5788 eumdem

461 5855 573 5928 (22)
614 5857 840 5914 Carolus
871 5858 1118 5930 Simplex
1152 5867 1507 5915 consecratus
1535 5873 1625 5913 an.
1658 5856 1791 5927 892,
1817 5853 1994 5909 aetatis
2024 5854 2111 5921 12,
2139 5854 2224 5910 vel
2256 5854 2346 5920 14,
2374 5853 2531 5921 juxta
2557 5851 2713 5907 alios.
