3912 6414
198 474 310 530 269

198 621 395 680 regem
434 604 682 660 Odonem
714 605 924 660 litteras
964 623 1093 663 suas
1113 608 1260 662 idem
1303 625 1444 679 papa
1470 610 1806 684 delegaverit

198 707 260 755 ut
288 701 360 754 ab
389 699 596 755 illicitis
626 699 937 768 recederet,
996 719 1099 758 nec
1126 705 1382 759 eumdem
1435 723 1620 781 regem
1654 707 1825 763 Karo-

199 795 339 862 lum,
371 795 460 850 vel
480 810 720 868 quaeque
760 796 934 867 ipsius
963 805 1168 864 essent,
1216 800 1519 870 infestaret,
1546 803 1827 860 inducias-

197 901 308 956 que
329 885 464 940 belli
492 885 802 942 differendo
838 887 1013 956 daret,
1046 889 1227 946 donec
1257 891 1403 947 idem
1431 896 1631 964 prmsul
1661 897 1824 954 Fulco

197 977 435 1047 scilicet,
463 980 824 1050 apostolicam
851 983 1043 1038 sedem
1059 985 1211 1040 adire
1234 989 1501 1044 studeret.

343 1144 474 1211 Qua
509 1145 753 1201 Francia:
782 1076 1445 1276 quagfggggnigrmsulibus
1477 1161 1684 1230 scripta

901 1237 1110 1276 eadem
1142 1265 1152 1276 .

901 1237 1152 1288 egerent.

268 1308 408 1362 Item
439 1307 507 1362 ad
535 1309 1007 1382 archiepiscOpos,
1037 1326 1093 1370 et
1119 1323 1348 1374 caeteros
1377 1322 1672 1395 episcOpos
1697 1326 1824 1382 Gal-

193 1399 421 1465 liarum,
463 1415 700 1454 monens
756 1410 816 1457 ut
863 1407 1198 1464 conveniant
1229 1421 1396 1483 atque
1429 1426 1820 1474 commoneant

195 1494 458 1548 eumdem
481 1511 667 1570 regem
700 1496 968 1569 Odonem,
999 1519 1067 1558 ne
1095 1505 1286 1562 illicite
1313 1520 1723 1581 perpetrentur,
1764 1521 1819 1569 et

193 1601 265 1640 ne
299 1586 479 1641 aliena
504 1597 860 1658 usurpentur,
892 1594 991 1647 sed
1043 1595 1248 1652 bellum
1276 1600 1523 1668 sedetur,
1553 1609 1608 1657 et
1637 1606 1819 1660 omnis

193 1679 415 1734 hostilis
439 1682 736 1737 commotio
763 1685 1030 1754 sepiatur,
1080 1689 1165 1743 vel
1199 1690 1436 1746 inducis:
1468 1694 1618 1761 belli,
1640 1697 1818 1752 donec

189 1775 362 1830 Fulco
394 1775 644 1844 Romam,
687 1795 791 1835 ceu
840 1782 1048 1837 dictum
1094 1796 1201 1852 est,
1264 1789 1446 1857 adeat,
1479 1791 1812 1860 edicantur;

187 1870 412 1941 ipsique
443 1873 703 1929 studeant
771 1877 988 1933 interim
1037 1888 1234 1937 cuncta
1263 1883 1506 1954 differre,
1541 1896 1595 1942 et
1623 1905 1812 1959 pacem

186 1981 255 2021 ac
311 1968 692 2025 unanimitatis
747 1975 1098 2030 concordiam
1141 1994 1412 2034 recreare.
1482 1983 1613 2037 Item
1681 1986 1890 2055 huicB

185 2074 415 2130 quoque
462 2062 577 2135 regi
609 2062 829 2131 Karolo,
861 2081 1162 2141 congruam
1200 2071 1448 2143 dirigens
1473 2073 1812 2132 admonitio-

187 2171 343 2223 nem,
395 2159 626 2230 ejusque
669 2163 1059 2236 congratulans
1104 2166 1422 2221 eminentia:
1453 2175 1618 2238 atque
1643 2171 1814 2227 devo-

184 2251 348 2317 tioni,
394 2267 560 2321 quam
593 2268 686 2306 rex
731 2252 878 2307 idem
911 2271 970 2309 se
1025 2256 1433 2331 significaverat
1463 2274 1593 2332 erga
1620 2262 1808 2317 sedem

180 2342 548 2413 apostolicam
576 2360 792 2419 gerere,
841 2348 1080 2418 qualiter
1121 2350 1170 2404 ei
1212 2351 1282 2405 sit
1327 2351 1381 2405 in
1413 2368 1586 2426 regno
1635 2370 1813 2426 agen-

178 2437 315 2491 dum
403 2437 722 2506 succincte,
812 2437 1112 2511 lucideque
1212 2441 1585 2508 demonstrat;
1641 2461 1806 2514 quem

175 2529 441 2600 petierat,
475 2529 525 2582 ei
553 2545 754 2599 panem
787 2530 1141 2606 benedictum
1175 2547 1273 2601 pro
1295 2533 1527 2605 pignore
1561 2535 1803 2602 mittens,

175 2628 233 2675 et
265 2619 338 2673 de
369 2619 568 2675 itinere
599 2620 811 2690 praefati
847 2621 1098 2692 praesulis
1131 2623 1304 2678 nostri
1335 2623 1404 2677 ad
1443 2625 1633 2678 sedem
1665 2641 1806 2696 apo-

171 2715 433 2770 stolicam
473 2730 730 2773 monens.

247 2806 440 2860 Eidem
470 2821 696 2877 quoque
755 2806 960 2862 domno
1009 2807 1235 2862 Fulconi
1280 2807 1493 2863 litteras
1515 2824 1644 2863 suas
1671 2809 1806 2863 diri-

170 2916 336 2974 gens,
403 2900 522 2954 hzec
565 2899 880 2970 supradicta
945 2900 1013 2954 ad
1073 2901 1385 2972 praemissas
1427 2918 1691 2972 personas
1743 2920 1802 2958 se

170 2991 484 3046 destinasse
542 2990 746 3060 scripta
818 2998 1234 3058 commemorat,
1320 2991 1495 3061 ipsius
1543 2993 1806 3048 videlicet

171 3081 556 3154 suggestione,
585 3081 652 3135 de
679 3096 813 3150 pace
838 3081 924 3136 vel
956 3081 1198 3136 induciis
1220 3081 1350 3136 belli
1382 3083 1527 3138 inter
1552 3082 1800 3138 Odonem

173 3186 231 3231 et
262 3176 526 3230 Karolum
575 3173 890 3230 diﬁ‘erendi.
927 3177 1062 3230 Item
1105 3177 1297 3232 scribit
1326 3177 1431 3247 ipsi
1456 3193 1555 3248 pro
1585 3177 1802 3233 discor-

170 3268 264 3322 dia
296 3267 566 3333 sedanda,
593 3281 758 3336 quam
783 3267 1031 3322 audierat
1079 3267 1443 3322 insurrexisse
1498 3285 1596 3339 pro
1628 3269 1800 3323 Mani-

169 3361 328 3436 guldi
352 3361 422 3414 ab
478 3359 734 3415 Alberico
781 3368 1095 3432 perpetrata
1128 3363 1607 3432 interremptione.
1665 3358 1869 3426 ltemC

170 3461 372 3522 petens
392 3451 653 3506 eumdem
699 3466 800 3520 pro
848 3453 1134 3520 cujusdam
1163 3452 1437 3508 Grimlaici
1469 3453 1658 3508 dilecti
1685 3453 1793 3508 sibi

168 3545 482 3600 sacerdotis
510 3545 580 3600 ad
626 3545 1027 3616 episc0patum,
1056 3548 1152 3602 ubi
1203 3564 1261 3602 se
1293 3548 1448 3603 locus
1477 3548 1792 3615 obtulisset,

168 3640 547 3712 promotione.
607 3640 760 3694 Idem
818 3657 1040 3713 quoque
1100 3645 1299 3714 praesul
1328 3643 1494 3698 Fulco
1526 3644 1796 3698 nonnulla

169 3731 404 3803 praefato
455 3746 614 3801 papae
644 3739 843 3800 praeter
891 3735 1176 3802 praemissa
1225 3733 1502 3804 reperitur
1526 3734 1797 3789 direxisse

170 3825 400 3893 scripta,
433 3829 546 3878 tam
577 3836 678 3891 pro
735 3837 836 3877 sua
889 3819 1202 3892 vocatione,
1257 3841 1368 3896 qua
1395 3825 1694 3880 vocabatur
1724 3825 1814 3880 ab-

169 3917 291 3987 ipso
313 3918 384 3972 ad
404 3917 596 3972 sedem
623 3919 1004 3988 apostolicam,
1037 3939 1202 3992 quam
1261 3936 1362 3991 pro
1433 3921 1792 3976 contentione

169 4024 292 4078 quae
325 4009 650 4064 versabatur
701 4010 846 4065 inter
885 4027 1043 4086 reges
1078 4013 1326 4069 Odonem
1392 4020 1448 4067 et
1509 4013 1791 4079 Karolum,

168 4121 392 4161 necnon
415 4120 516 4175 pro
547 4107 933 4175 oppressione,
974 4125 1137 4180 quam
1168 4109 1458 4164 Remensis
1479 4109 1797 4179 patiebatur

166 4198 443 4264 Ecclesia,
470 4205 667 4269 petens
686 4207 748 4255 ut
787 4217 950 4273 papa,
980 4205 1204 4278 regibus
1239 4204 1561 4271 scribendo,
1598 4220 1790 4274 pacem

161 4294 488 4364 imperaret.
510 4294 737 4351 Arnulfo
768 4313 990 4369 quoque
1011 4299 1445 4355 Transrhenensi
1469 4301 1794 4356 auctoritate

161 4389 474 4459 apostolica
505 4391 853 4462 praeciperet,
886 4409 956 4449 ne
983 4395 1410 4473 Karoliregnum
1436 4396 1790 4468 inquietaret,

161 4481 303 4553 quin
325 4481 514 4551 potius
542 4482 593 4536 ei
623 4483 826 4540 auxilio
853 4493 1019 4554 esset,
1065 4493 1124 4540 ut
1150 4487 1524 4558 propinquum
1559 4490 1792 4560 pr0pin-

161 4591 276 4647 quo
295 4576 542 4630 deceret.
585 4574 760 4632 Odoni
809 4596 940 4636 vero
973 4582 1260 4637 mandaret
1290 4599 1360 4638 ne
1387 4599 1618 4656 regnum
1641 4585 1790 4640 istud

160 4669 434 4725 invadere
465 4679 558 4726 aut
585 4671 894 4742 depraedari
923 4686 1283 4746 praesumeret
1315 4695 1329 4731 :
1362 4679 1511 4748 quod
1543 4679 1588 4733 si
1619 4681 1793 4736 aude-

863 473 1186 531 HISTORUE
1229 476 1564 533 ECCLESl/E
1606 479 1933 535 REMENSIS
1975 482 2152 536 LIBRI
2193 484 2612 549 QUATUOR.—
2655 487 2780 541 LIB.
2825 489 2908 542 IV.

3457 497 3563 553 270

1813 655 1827 681 ν
1854 616 1902 682 Α
1932 637 2083 692 rolus
2110 654 2232 691 cum
2262 637 2443 693 valido
2496 639 2770 693 exercitus
2801 648 3068 710 apparatu
3102 642 3408 699 adveniens
3430 661 3556 701 eum

1930 730 1998 782 ab
2054 730 2283 785 obsessa
2335 731 2552 786 civitate
2619 732 2948 802 depelleret.
3007 735 3338 806 Signiﬁcans
3392 739 3554 794 etiam

1929 825 2078 892 quod
2112 826 2382 880 Robertus
2413 826 2574 880 homo
2619 826 2826 880 Arnulﬁ
2853 843 2916 881 ex
2941 829 3202 897 parochia
3241 829 3554 886 Herimanni

1928 909 2274 967 Coloniensis
2326 913 2596 984 episc0pi,
2654 930 2744 968 res
2795 915 2959 983 hujus
2991 916 3251 972 Ecclesia:
3294 919 3557 975 invaserit

1927 1017 1991 1056 ac
2013 1003 2510 1074 diripuerit,donee
2564 1021 2689 1059 eum
2732 1006 2783 1059 vi
2833 1022 2898 1060 ac
2951 1007 2996 1061 si
3051 1024 3244 1064 canem
3299 1011 3552 1066 rabidum

1930 1094 1998 1148 ab
2053 1110 2242 1173 earum
2324 1095 2696 1150 devastatione
2773 1097 3056 1167 repulerit.
3137 1100 3210 1153 De
3270 1117 3380 1171 quo
3441 1120 3549 1173 pe-

1929 1189 2010 1256 tit,
2042 1171 2100 1242 ut
2130 1188 2235 1242 nisi
2266 1189 2582 1244 admonitus
2608 1189 2921 1259 resipuerit,
2953 1192 3294 1247 auctoritatis
3324 1203 3551 1264 aposto-

1926 1278 2044 1332 licae
2075 1279 2350 1333 sententia
2380 1278 2625 1340 feriatur,
2652 1279 2813 1332 Hisse
2848 1281 3358 1350 perturbationibus
3392 1285 3549 1358 regni

1923 1368 2233 1434 obsessum,
2258 1368 2602 1438 impossibile
2629 1367 2745 1423 fore
2774 1368 3097 1442 significans
3128 1372 3196 1424 ad
3231 1373 3355 1442 ejus
3413 1390 3550 1444 apo-

1921 1461 2170 1516 stolicam
2199 1479 2257 1517 se
2286 1478 2587 1533 properare
2643 1465 3013 1534 praesentiam,
3047 1465 3174 1518 dum
3199 1482 3426 1538 semper
3454 1486 3547 1522 ex-

1919 1561 2201 1624 spectetur
2221 1555 2450 1622 bellum,
2475 1572 2578 1610 nec
2601 1557 2760 1611 aliter
2789 1573 2952 1628 posse
2980 1574 3069 1612 res
3098 1559 3250 1632 regni
3284 1561 3545 1630 componi

1920 1650 2216 1704 credantur
2272 1650 2337 1720 [j,
2392 1651 2712 1722 credatur]:
2755 1653 2853 1706 sed
2914 1653 3034 1723 ipse
3083 1669 3305 1724 semper
3337 1655 3542 1710 bellum

1920 1737 2216 1806 distulerit,
2246 1755 2356 1795 non
2397 1741 2547 1811 quod
2595 1741 2908 1808 inferiores,
2938 1743 3024 1797 vel
3047 1743 3286 1814 impares
3317 1743 3540 1811 fuerint,

1917 1842 2011 1890 aut
2032 1835 2102 1890 de
2133 1836 2335 1902 injusta
2365 1853 2528 1891 causa
2563 1837 2953 1905 dubitaverint,
2977 1839 3076 1893 sed
3107 1855 3177 1893 ne
3207 1838 3352 1893 vires
3385 1840 3540 1913 regni

1915 1926 2076 1980 bellis
2103 1927 2318 1993 attritas,
2351 1942 2690 2000 paganorum
2749 1929 3118 1998 proderentur
3138 1929 3537 1985 invasionibus.

1916 2018 2071 2074 Unde
2102 2020 2228 2074 dato
2260 2019 2460 2089 placito
2519 2020 2662 2074 inter
2713 2036 2770 2074 se
2801 2021 3018 2074 dextras
3047 2021 3373 2076 securitatis.
3393 2021 3540 2076 invi-

1918 2127 2038 2166 cem
2069 2128 2246 2181 usque
2277 2111 2345 2165 ad
2403 2117 2623 2180 tempus
2667 2110 2995 2182 praeﬁnitum
3030 2113 3302 2178 dederint,
3337 2121 3391 2168 et
3422 2129 3538 2168 caa-

1915 2209 2048 2256 tera.
2083 2203 2213 2257 Item
2247 2218 2344 2273 pro
2399 2203 2594 2258 eodem
2647 2218 2774 2276 rege
2825 2203 3020 2259 Karolo
3084 2210 3137 2258 et
3201 2205 3538 2274 imperatore

1913 2292 2359 2363 Lantberto(23),
2416 2294 2712 2367 gratiarum
2758 2293 3008 2348 referens
3063 2294 3336 2361 actiones,
3386 2296 3536 2366 quod

1912 2383 2274 2438 notiticaverit
2301 2384 2403 2437 sibi
2461 2385 2529 2438 de
2560 2384 2679 2454 ipso
2710 2384 3026 2451 Lantberto,
3059 2385 3228 2454 patris
3255 2401 3314 2438 se
3346 2402 3534 2439 curam

1911 2473 2137 2540 habere,
2168 2472 2376 2544 filiique
2408 2473 2714 2526 cbarissimi
2747 2472 2871 2528 loco
2929 2490 3055 2527 eum
3087 2473 3342 2549 diligere,
3369 2482 3533 2546 atque

1907 2563 2282 2618 inviolabilem
2315 2581 2440 2618 cum
2495 2580 2561 2619 eo
2618 2567 2968 2620 concordiam
3027 2583 3086 2621 se
3114 2567 3256 2621 velle
3286 2584 3530 2634 servare,

1906 2671 2179 2723 asserens,
2203 2657 2351 2727 quod
2386 2673 2496 2712 non
2543 2657 2697 2711 illum
2729 2665 2941 2712 tantum
2973 2660 3228 2730 diligeret
3258 2677 3354 2730 pro
3393 2677 3530 2715 con-

1906 2748 2295 2823 sanguinitatis
2316 2748 2750 2814 necessitudine,
2781 2764 2890 2819 qua
2928 2748 3007 2802 illi
3037 2749 3327 2803 devinctus
3355 2749 3529 2803 habe-

1905 2844 2065 2898 batur
2097 2861 2112 2910 ;
2143 2859 2332 2898 verum
2364 2843 2537 2898 multo
2567 2843 2761 2917 magis,
2795 2844 2926 2915 quia
2965 2844 3129 2912 hujus
3162 2861 3316 2916 papa:
3348 2862 3525 2901 vene-

1905 2947 2054 2993 rator
2082 2945 2135 2994 et
2186 2945 2400 2994 amator
2455 2941 2734 2995 existeret.
2767 2939 3027 2994 Precatur
3053 2947 3260 3008 autem,
3294 2949 3350 2994 ut
3379 2941 3524 2995 idem

1906 3031 2136 3086 Karolus
2191 3047 2286 3084 rex
2335 3047 2459 3085 cum
2521 3031 2783 3100 praedicto
2834 3031 3129 3085 Lantberto
3178 3032 3234 3084 in
3276 3033 3521 3086 amicitia

1899 3120 2246 3194 jungeretur,
2294 3125 2349 3173 et
2402 3119 2599 3183 Odoni,
2670 3118 2758 3173 vel
2837 3118 3161 3187 proceribus
3206 3119 3362 3192 regni
3423 3135 3522 3189 pro

1903 3230 2067 3268 causa
2121 3213 2272 3283 pacis
2317 3229 2459 3282 papa
2513 3211 2799 3278 rescribat,
2852 3227 2961 3282 quo
3019 3211 3246 3266 Karolus
3296 3212 3363 3265 ad
3427 3228 3519 3266 re-

1900 3321 2070 3378 gnum
2153 3302 2499 3357 haereditario
2579 3302 2682 3355 sibi
2755 3301 2881 3372 jure
2945 3301 3187 3356 debitum
3248 3301 3518 3371 proficiat.

1896 3403 1958 3456 Et
2039 3399 2293 3471 quamvis
2373 3413 2522 3453 nunc
2593 3397 2710 3468 [ms.
2783 3398 2835 3467 j,
2913 3397 3064 3469 tunc]
3154 3404 3326 3453 totum
3405 3415 3517 3454 non

1896 3485 2084 3567 pesset
2139 3493 2420 3564 suscipere
2473 3509 2726 3568 regnum,
2786 3493 2978 3548 saltem
3035 3499 3242 3565 partem
3277 3495 3518 3566 aliquam

1897 3585 2093 3641 honori
2147 3599 2248 3639 suo
2304 3583 2660 3656 condignam,
2719 3583 3071 3638 concorditer
3135 3590 3189 3638 et
3235 3584 3383 3652 juste
3435 3601 3522 3640 re-

1897 3670 2065 3752 gnum
2098 3675 2421 3739 dividendo,
2478 3674 2558 3727 illi
2587 3682 2934 3729 conservent.
2968 3675 3324 3749 Subjungens
3356 3685 3518 3733 actu-

1896 3791 2020 3828 rum
2048 3775 2271 3844 sequod
2339 3773 2442 3828 sibi
2504 3772 2840 3843 apostolicus
2896 3772 3042 3828 idem
3100 3775 3346 3844 pontifex
3378 3793 3519 3846 prie-

1896 3873 2117 3936 eeperat
2170 3882 2338 3936 super
2399 3864 2898 3939 transgressoribus
2952 3870 3006 3917 et
3069 3881 3349 3920 sacrorum
3396 3867 3522 3921 vio-

1894 3954 2159 4010 latoribus
2230 3955 2498 4009 Richardo
2533 3996 2546 4021 ,
2607 3953 2854 4008 Manasse
2889 3995 2902 4019 ,
2960 3961 3124 4025 atque
3209 3955 3517 4026 Rampone,

1894 4059 2020 4098 mox
2047 4050 2107 4098 ut
2157 4043 2520 4114 coepiSCOpos
2575 4056 2708 4096 suos
2752 4042 2810 4096 in
2862 4059 3031 4098 unum
3090 4045 3328 4114 potuerit
3385 4061 3521 4101 con-

1895 4155 2146 4213 gregare.
2222 4139 2281 4193 Id
2355 4145 2566 4192 tantum
2649 4154 2792 4208 papa
2869 4142 3176 4213 remandet,
3251 4145 3516 4214 quoniam

1895 4235 2102 4284 aeterno
2130 4229 2254 4286 illos
2301 4231 2666 4285 anathematis
2706 4231 2925 4287 vinculo
2973 4233 3353 4303 innodaverat,
3379 4237 3424 4290 si
3450 4236 3520 4291 li-

1896 4329 2018 4377 ceat
2051 4325 2133 4379 eis
2163 4325 2231 4379 ad
2284 4325 2664 4395 paenitentiam
2709 4328 2996 4382 conversis
3029 4329 3237 4401 aliquid
3267 4330 3515 4400 impendi

1893 4416 2308 4484 misericordiae,
2365 4418 2452 4471 vel
2502 4433 2599 4472 eos
2627 4418 2695 4471 ad
2742 4419 3124 4488 paenitentiam
3158 4422 3385 4492 suscipi,
3417 4439 3517 4478 seu

1895 4507 2020 4577 quis
2045 4507 2246 4562 modus
2273 4507 2449 4577 ipsius
2479 4523 2600 4562 esse
2620 4507 2820 4563 debeat
2850 4510 3207 4580 paenitentiae.
3245 4513 3317 4568 De
3352 4513 3518 4569 Ram-

1893 4617 2038 4670 pone
2059 4618 2189 4656 vero
2220 4610 2514 4669 asseverat,
2544 4604 2674 4674 quia
2706 4604 2760 4657 in
2792 4605 2972 4660 solum
3008 4607 3378 4662 Teutboldum
3403 4610 3520 4680 epi-

1891 4710 2121 4763 scopum
2152 4709 2280 4748 reus
2310 4693 2588 4762 existeret,
2621 4695 2756 4749 nihil
2790 4695 2968 4767 culpae
3002 4697 3057 4751 in
3090 4698 3388 4754 Walterum
3418 4701 3518 4755 Se-

160 4772 268 4832 ret,
301 4761 622 4833 apostolicae
669 4763 818 4818 sedis
837 4767 1170 4822 sententiam
1214 4767 1618 4825 reformidaret.
1655 4773 1787 4827 Item
1812 4778 1870 4847 D
1898 4761 2203 4841 noﬁensem
2259 4785 2575 4851 admiserat,
2610 4787 2677 4841 ad
2732 4804 2896 4859 quem
2930 4791 3514 4860 comprehendendum

159 4859 296 4930 quia
327 4867 453 4929 post
480 4856 918 4914 admonitionem
957 4860 1134 4931 ipsius
1176 4878 1332 4934 papa;
1387 4879 1491 4919 nec
1535 4865 1794 4923 Arnulfus

158 4951 389 5008 orbitati
421 4950 602 5006 Karoli
652 4951 954 5008 subvenire
993 4955 1190 5023 voluit,
1247 4972 1350 5012 nec
1379 4957 1494 5013 Odo
1534 4975 1565 5013 a
1597 4976 1794 5031 perva-

157 5045 320 5100 sione
346 5043 530 5118 regni,
561 5042 792 5113 rapinis,
820 5060 884 5100 ac
930 5047 1362 5118 depOpulatione
1389 5053 1640 5108 cessavit.
1683 5054 1789 5110 Sed

159 5142 215 5190 et
242 5133 509 5188 Arnulfus
565 5147 654 5186 res
692 5131 954 5190 Ecclesiae
1003 5137 1293 5195 Remensis
1340 5147 1447 5196 tam
1507 5158 1624 5212 eas,
1652 5162 1791 5217 quas

158 5224 486 5295 aliquandiu
534 5222 738 5291 injuste
785 5224 1032 5282 sublatas
1086 5228 1191 5299 ipsi
1245 5231 1578 5302 restituerat,
1621 5252 1785 5308 quam

159 5335 256 5376 eas
284 5319 476 5385 etiam,
531 5333 657 5389 qua
715 5335 998 5393 nunquam
1050 5324 1204 5394 prius
1229 5326 1518 5383 subtractae
1550 5328 1787 5399 fuerant,

158 5414 408 5481 abstulit,
435 5413 508 5470 ob
539 5413 595 5466 id
643 5416 1048 5483 tantummodo,
1098 5419 1230 5490 quia
1285 5423 1636 5478 temerariam
1669 5427 1790 5495 ejus

157 5508 508 5564 invasionem
540 5506 774 5578 [Papir.,
820 5507 1150 5584 jussionem]
1185 5514 1272 5568 hic
1301 5517 1502 5585 praesul
1536 5519 1789 5590 recipere

158 5601 422 5659 noluerit.
457 5601 527 5657 Et
544 5601 694 5673 quod
728 5601 844 5656 Odo
879 5604 1150 5662 civitatem
1182 5609 1511 5666 Remensem
1546 5614 1787 5670 obsede-

155 5698 247 5766 rit,
275 5697 605 5753 innumeras
630 5697 794 5753 etiam
844 5700 1026 5755 caedes
1057 5707 1114 5756 et
1161 5703 1605 5774 depraedationes
1635 5725 1796 5766 exer-

157 5792 356 5858 cuerit,
385 5799 440 5848 et
508 5807 595 5848 res
649 5791 906 5849 Ecclesiae
962 5795 1252 5854 Remensis
1303 5801 1416 5857 suis
1469 5804 1797 5862 satellitibus

160 5886 401 5955 dederit,
435 5886 601 5957 hujus
630 5887 892 5945 Ecclesiae
921 5890 1184 5948 insistens
1213 5895 1444 5966 rapinis,
1476 5897 1658 5954 donec
1701 5899 1798 5955 Ka-

233 5989 351 6062 (23)
395 5989 569 6045 Fulco
604 5989 1056 6064 consanguineus
1081 5989 1354 6053 Lamberti
1383 5997 1581 6066 imper.

1893 4893 1997 4932 nec
2024 4895 2269 4948 praesens
2280 4877 2478 4946 fuerat,
2493 4881 2968 4950 neeadjutorium,
2987 4883 3071 4937 vel
3092 4898 3425 4938 consensum
3447 4885 3515 4937 ad

1891 4967 1945 5021 id
1979 4967 2255 5041 agendum
2316 4967 2640 5037 praebuerat.
2679 4970 2811 5024 Item
2853 4985 2950 5040 pro
2983 4971 3274 5025 Herilando
3299 4972 3515 5029 Tarwa-

1891 5056 2049 5110 neusi
2078 5055 2366 5127 episc0po,
2391 5058 2550 5127 cujus
2579 5057 2865 5129 episcopio
2893 5075 2924 5112 a
2953 5059 3305 5116 Norlmannis
3337 5063 3518 5133 depo-

1891 5149 2102 5218 pulato,
2150 5166 2277 5204 eum
2333 5151 2665 5206 necessitate
2694 5158 2928 5225 cogente
2978 5152 3046 5206 ad
3078 5169 3137 5208 se
3168 5155 3513 5224 venientem,

1894 5240 2037 5296 sicut
2081 5243 2390 5312 Oportebat,
2446 5252 2788 5316 susceperat,
2843 5261 3121 5318 quemque
3175 5249 3514 5306 visitatorem

1893 5335 2110 5391 cuidam
2138 5337 2376 5393 viduatae
2430 5339 2686 5396 Ecclesire
2741 5343 3120 5412 constituerat,
3151 5352 3210 5400 ut
3240 5347 3515 5404 visitando

1891 5426 2349 5482 sustentationem
2399 5429 2641 5496 interim,
2674 5431 2805 5486 dum
2856 5433 3154 5505 episeopus
3182 5437 3256 5490 ibi
3287 5439 3517 5495 ordina-

1891 5521 2060 5581 retur,
2092 5530 2157 5569 ex
2187 5515 2282 5570 illa
2312 5521 2635 5586 capereLAt
2662 5521 2792 5591 quia
2821 5523 3078 5580 homines
3107 5528 3346 5598 prmfatae
3388 5531 3520 5585 Tar—

1891 5605 2170 5659 wanensis
2211 5608 2485 5676 parochiae
2541 5609 2838 5668 barbarica;
2868 5614 3199 5672 videbantur
3235 5635 3357 5675 esse
3391 5619 3521 5675 feri-

1895 5697 2019 5751 tatis
2047 5703 2101 5752 et
2123 5699 2349 5774 lingua},
2377 5701 2652 5772 supplicat
2677 5710 2737 5758 ut
2758 5722 3028 5777 responso
3059 5726 3216 5781 papa:
3246 5719 3522 5767 mereatur

1897 5787 2208 5858 certificari,
2241 5792 2286 5847 si
2314 5793 2462 5848 hunc
2489 5794 2724 5852 viduatae
2756 5797 2958 5854 debeat
2997 5817 3319 5872 praeponere
3350 5802 3518 5872 plebi,

1898 5889 1952 5937 et
1981 5882 2212 5940 alterum
2236 5885 2288 5940 ei
2320 5885 2513 5942 liceret
2558 5888 2612 5942 in
2667 5900 3081 5960 praememorata
3119 5893 3294 5963 ipsius
3325 5891 3518 5947 Eccle-
