3912 6406
409 396 511 454 271

1527 396 1895 454 FLODOARDI
1938 397 2241 452 CANONlCl
2283 397 2618 453 REMENSIS

3655 403 3766 460 272

411 523 492 577 sia
522 524 846 599 subrogare,
876 524 970 596 qui
1001 524 1278 593 acceptior
1331 529 1553 594 prOpter
1605 523 1949 593 parentelam
1978 528 2032 577 et
2064 529 2113 595 Α
2139 522 2452 585 termiscrit.
2485 521 2805 578 canonicam
2850 522 2906 575 in
2938 537 3071 576 eum
3121 522 3262 577 ferre
3290 525 3627 580 sententiam
3655 526 3767 581 mi-

413 612 680 687 linguam,
711 613 768 667 in
799 613 995 668 eodem
1028 613 1150 667 loco
1206 618 1391 684 posset
1430 612 1681 667 existere.
1718 613 1873 667 Idem
1900 627 2031 668 vero

416 720 559 775 papa
610 704 922 759 rescribens
958 703 1031 770 ei,
1063 702 1319 757 laudibus
1369 700 1574 756 attullit
1602 702 1859 757 eumdem
1889 718 2031 757 con-

413 797 698 873 gratulans
751 796 871 865 ejus
918 793 1202 850 dilectioni
1246 802 1412 867 atque
1434 795 1815 862 sollicitudini,
1863 811 2034 866 quam

411 890 641 965 gerebat
690 906 818 963 erga
872 890 1221 943 Lantbertum
1285 889 1695 959 imperatorem,
1744 889 1814 943 de
1873 890 2033 957 cujus

410 979 674 1036 fidelitate
706 987 759 1035 et
784 979 1079 1034 stabilitate
1110 987 1300 1035 monet
1329 996 1457 1034 eum
1480 996 1704 1050 semper
1731 978 1851 1033 ﬁeri
1876 978 2034 1033 solli-

409 1078 601 1142 citum,
630 1074 797 1130 veluti
828 1074 1324 1150 consanguinitatis
1353 1077 1746 1150 pr0pinquum,
1780 1086 2034 1127 asserens

408 1186 467 1226 se
495 1186 620 1225 cum
653 1170 774 1240 ipso
798 1174 1001 1222 tantam
1051 1168 1204 1238 pacis
1231 1174 1284 1222 et
1314 1167 1627 1223 dilectionis
1654 1165 1858 1221 habere
1888 1178 2031 1219 con-

410 1262 677 1329 cordiam,
706 1267 766 1315 ut
790 1266 1075 1331 nequeant
1129 1260 1314 1331 aliqua
1350 1260 1464 1329 jam
1494 1262 1562 1315 ab
1590 1261 1825 1317 invicem
1853 1258 2035 1332 pravi-

404 1361 515 1409 tate
545 1354 783 1429 sejungi.
815 1352 1069 1409 Notiﬁcat
1093 1369 1317 1427 quoque
1346 1355 1696 1418 Richardum,
1721 1357 2024 1411 Manassem

404 1451 573 1515 atque
604 1443 944 1514 Ramponem
974 1444 1481 1501 excomr’nunicatos
1510 1462 1539 1500 a
1564 1462 1646 1513 se,
1698 1453 1861 1518 atque
1900 1463 2028 1518 per-

406 1539 574 1603 petuo
604 1532 802 1608 ligatos
841 1534 1209 1601 anathemate,
1266 1551 1364 1605 pro
1412 1551 1479 1592 eo
1510 1537 1661 1607 quod
1688 1542 1796 1591 tam
1831 1536 2027 1593 nefan-

403 1627 631 1682 dissima
689 1627 1144 1698 perpetraverint,
1185 1634 1246 1683 ut
1284 1629 1630 1685 Teutbboldo
1665 1630 1809 1701 [ms.,
1842 1631 2025 1685 'Iheo-

403 1717 612 1788 baldo],
648 1716 985 1792 Lingoncnsi
1014 1733 1298 1789 episcOpo,
1329 1719 1522 1774 oculos
1548 1720 2025 1788 eruerint,Walta-

401 1810 544 1865 rium
577 1810 983 1875 Senonensem,
1015 1810 1237 1880 propria
1263 1810 1556 1880 depulsum
1576 1810 1730 1881 sede,
1760 1812 2023 1868 custodiae

402 1902 860 1973 mancipaverint,
889 1904 1158 1958 mandans
1205 1910 1266 1958 ut
1291 1919 1480 1959 secum
1507 1904 1576 1959 de
1608 1904 1694 1959 his
1722 1906 1942 1970 sentiat,
1971 1912 2025 1960 et

404 1998 723 2055 convocatis
748 1999 1007 2054 omnibus
1027 1999 1389 2075 suifraganeis
1404 2002 1520 2055 suis
1542 2001 1839 2072 episcOpis,
1865 2016 2029 2056 cano-

403 2090 589 2145 nicum
619 2090 879 2161 supercis
909 2090 1059 2162 quod
1091 2094 1692 2163 exercueratjudicium
1712 2096 1827 2165 pari
1858 2097 2024 2151 modo

402 2180 754 2235 determinet.
804 2180 940 2234 Item
971 2180 1164 2235 scribit
1216 2182 1399 2237 eidem
1455 2184 1874 2255 archiepiscopo
1925 2202 2022 2256 pro

402 2270 684 2327 Berthario
706 2270 944 2341 quodam
1003 2272 1345 2342 presbytero,
1373 2289 1546 2343 quem
1575 2274 1756 2328 clerus
1786 2282 1839 2329 et
1866 2276 2023 2345 plebs

402 2366 663 2421 Ecclesiae
712 2364 1128 2420 Catalaunensis
1175 2381 1452 2423 consensu
1516 2367 1662 2443 regis
1716 2367 1922 2426 Odonis
1951 2373 2020 2426 ad

399 2461 781 2531 episc0patum
812 2459 1099 2515 dicebatur
1154 2461 1412 2537 elegisse,
1473 2476 1813 2518 succensens
1868 2464 2020 2537 quod

399 2554 548 2608 hunc
574 2561 827 2609 vocatum
855 2551 1124 2607 canonice
1185 2553 1425 2609 noluerit
1455 2569 1804 2621 consecrare,
1834 2557 1932 2610 sed
1961 2557 2016 2610 in

396 2642 624 2696 transitu
657 2640 901 2696 defuncti
925 2641 1171 2712 episcopi
1196 2641 1493 2696 Ecclesiam
1527 2643 1700 2713 ipsam
1727 2644 2018 2700 Herilando

393 2736 743 2791 Tarwanensi
772 2736 1035 2806 episcopo
1067 2734 1380 2790 beneficiali
1409 2752 1561 2791 more
1576 2738 1853 2794 ferebatur
1883 2755 2021 2796 con-

395 2827 605 2881 tulisse.
639 2826 834 2881 Postea
854 2826 1146 2896 quemdam
1194 2826 1537 2882 Mancionem
1598 2820 1882 2885 nonnullis
1913 2832 2021 2886 cri-

393 2923 638 2978 minibus
683 2922 950 2977 irretitum
984 2921 1040 2975 in
1095 2923 1289 2978 eadem
1322 2923 1582 2991 Ecclesia,
1611 2926 1768 2996 quasi
1799 2927 2018 2997 episco-

392 3033 525 3087 pum
556 3016 911 3082 ordinaverit,
944 3032 1182 3088 cumque
1232 3017 1665 3088 praenominatus
1698 3019 2013 3073 Bertharius

390 3113 750 3185 apostolicam
782 3115 1131 3187 praesentiam
1161 3116 1327 3171 vellet
1368 3118 1542 3185 adire,
1573 3116 2013 3187 comprehensus

2137 612 2286 668 nime
2318 613 2650 669 retractabit.
2686 613 3018 668 Rescribens
3084 621 3266 668 autem
3298 615 3387 669 hic
3423 618 3767 672 venerabilis

2137 708 2334 779 praesul
2361 708 2566 775 eidem,
2622 723 2789 779 quam
2836 723 3057 778 semper
3116 708 3369 764 habuerit
3399 710 3760 767 devotionem

2134 804 2278 859 circa
2299 804 2593 879 gloriosam
2628 803 2895 873 principis
2953 805 3328 876 apostolorum
3368 806 3580 862 sedem.
3607 807 3763 877 ejus-

2132 915 2240 971 que
2286 905 2508 954 sanctos
2558 898 2842 969 praesules,
2878 899 3119 969 pandere
3152 900 3363 968 nititur,
3417 917 3673 957 asserens
3701 917 3761 958 se

2132 1000 2265 1048 tunc
2294 992 2461 1047 variis
2505 992 2964 1064 oppressionibus
3022 1002 3399 1071 aggravatum,
3429 1011 3492 1052 ac
3522 996 3761 1052 diversis

2134 1086 2413 1142 astrictum
2484 1085 3033 1157 perturbationibus,
3117 1089 3417 1159 praesentia
3480 1092 3755 1163 corporali

2133 1181 2385 1236 eamdem
2413 1179 2568 1235 adire
2597 1179 2788 1234 sedem
2828 1196 2940 1236 non
2970 1180 3210 1237 valuisse
3243 1200 3258 1249 ;
3290 1183 3523 1240 dilectos
3563 1193 3759 1241 autem

2134 1272 2278 1330 filios
2304 1274 2471 1344 hujus
2521 1275 2780 1330 Ecclesiae
2836 1276 2973 1331 illud
3024 1277 3355 1345 destinasse,
3416 1280 3486 1333 ad
3540 1280 3761 1336 itineris

2129 1371 2212 1427 sui
2235 1372 2571 1428 enarrandas
2596 1373 3081 1430 incommoditates
3119 1375 3243 1430 viva
3269 1390 3422 1430 voce.
3450 1375 3759 1440 Quemdam

2129 1484 2352 1541 quoque
2379 1471 2832 1527 consacerdotem
2884 1487 3043 1525 suum
3098 1471 3167 1525 ad
3222 1471 3277 1525 id
3330 1473 3758 1543 exsequendum

2127 1581 2186 1620 se
2229 1564 2515 1621 direxisse.
2573 1566 2731 1621 Plura
2774 1582 2836 1620 se
2886 1566 3131 1621 scribere
3168 1581 3280 1621 non
3312 1569 3758 1639 praesumpsisse,

2127 1662 2257 1733 quia
2286 1663 2521 1717 senserit
2549 1662 2605 1717 in
2629 1662 2859 1733 epistola
2889 1662 2995 1717 sibi
3026 1663 3094 1716 ab
3137 1662 3258 1732 ipso
3292 1663 3498 1719 directa
3527 1663 3665 1718 dura
3692 1680 3759 1718 se

2126 1758 2258 1813 satis
2283 1758 2598 1813 invectione
2619 1758 2911 1813 multatum
2947 1775 2959 1812 :
2994 1765 3049 1813 et
3077 1759 3182 1813 hoc
3208 1758 3310 1812 sibi
3330 1773 3442 1813 non
3469 1759 3759 1814 modicum

2055 1854 2425 1937 Bincussissc
2452 1854 2802 1921 miraculum,
2862 1854 3011 1925 quod
3060 1852 3140 1909 ita
3189 1860 3324 1908 tunc
3354 1853 3761 1925 primze‘ipsius

2125 1945 2318 2001 litterae
2358 1945 2597 2020 graviter
2644 1960 2772 2000 eum
2818 1945 3173 2015 perculerint,
3230 1960 3354 2000 cum
3390 1951 3622 2000 eatenus
3679 1945 3756 1999 ab

2126 2038 2245 2109 ipsa
2265 2037 2402 2092 sede
2429 2037 2566 2092 nihil
2596 2037 2748 2092 aliud
2771 2036 2875 2091 nisi
2910 2036 3179 2092 mellitum
3228 2051 3292 2091 ac
3321 2035 3503 2102 dulce,
3532 2035 3758 2106 praede-

2126 2131 2442 2188 cessoribus
2472 2133 2587 2187 suis
2616 2130 2723 2187 sibi
2742 2130 3342 2199 scribentibus,venire
3372 2130 3751 2185 consueverit.

2124 2224 2279 2289 Quod
2312 2224 2551 2293 peccatis
2582 2230 2767 2279 tamen
2795 2223 2911 2278 suis
2960 2223 3261 2293 imputans,
3290 2228 3350 2277 ut
3376 2221 3444 2275 de
3475 2221 3619 2276 malo
3648 2237 3759 2276 suo

2122 2335 2181 2374 se
2210 2318 2405 2375 merito
2454 2318 2784 2385 contristari,
2835 2319 2916 2375 sic
2968 2318 3036 2374 de
3101 2316 3449 2389 correptione
3478 2316 3657 2387 ipsius
3687 2333 3755 2371 se

2124 2407 2324 2464 fatetur
2350 2408 2616 2464 faetiﬁcari
2646 2428 2659 2464 :
2695 2410 2986 2466 revolvens
3027 2408 3143 2465 ﬁeri
3178 2409 3449 2481 potuisse,
3477 2423 3580 2463 ceu
3610 2423 3759 2479 quo-

2122 2499 2246 2553 dam
2278 2499 2532 2573 designat
2558 2500 2627 2556 ad
2675 2517 2734 2556 se
2766 2502 3039 2571 perlatum
3084 2515 3325 2567 rumore,
3359 2506 3420 2555 ut
3450 2514 3481 2552 a
3510 2497 3757 2571 quibus-

2121 2590 2247 2644 dam
2279 2590 2463 2644 minus
2493 2589 2754 2649 charitate
2810 2591 3038 2663 repletis
3092 2591 3253 2647 aliter
3279 2590 3356 2646 de
3383 2607 3442 2645 se
3473 2590 3750 2656 audisset,

2121 2696 2286 2752 quam
2335 2681 2537 2737 veritas
2590 2696 2649 2734 sc
2728 2681 2975 2735 haberet.
3024 2682 3182 2737 Unde
3233 2681 3392 2752 petit,
3454 2696 3524 2734 ne
3581 2679 3752 2734 facile

2120 2774 2502 2842 hujuscemodi
2536 2775 2789 2845 personis
2803 2791 2998 2830 aurem
3020 2776 3423 2841 accommodet,
3454 2775 3633 2831 donec
3663 2776 3753 2845 (ut

2119 2864 2381 2934 scriptum
2412 2869 2509 2934 est)
2531 2882 2646 2920 rem
2678 2881 2842 2937 quam
2898 2865 3077 2920 nescit
3123 2864 3557 2936 diligentissime
3584 2865 3748 2921 inve-

2118 2957 2285 3031 stiget
2315 2958 2432 3021 (Job
2462 2957 2629 3027 xxnx).
2663 2955 2978 3010 Adnectens
3007 2955 3362 3025 simpliciter,
3410 2954 3488 3011 uti
3518 2956 3587 3009 ab
3609 2957 3751 3027 ipsis

2114 3068 2258 3125 pene
2279 3050 2574 3107 cunabulis
2600 3050 2868 3105 educatus
2886 3050 3173 3106 canonicis
3203 3049 3371 3104 fuerit
3404 3050 3747 3123 disciplinis,

2112 3146 2291 3200 donec
2348 3159 2379 3197 a
2417 3142 2661 3216 glorioso
2693 3156 2823 3215 rege
2853 3142 3047 3198 Karolo
3076 3141 3426 3213 imperatoris
3476 3141 3747 3198 Ludovici

388 3212 458 3312 Sft
487 3207 780 3312 ἶῳξοίξδπξ
812 3206 1445 3312 θοηηνθάοὴῗίυδδοξξξηί
1470 3207 1727 3263 Miconis
1748 3208 2005 3278 vassauot
2031 3243 2081 3312 ί]
2112 3238 2248 3305 tilio,
2278 3238 2335 3293 in
2373 3238 2631 3309 palatinis
2660 3255 2724 3294 ac
2754 3238 3074 3293 domesticis
3131 3238 3253 3307 ejus
3310 3238 3379 3292 sit
3423 3246 3747 3309 assumptus

389 3300 459 3356 de
491 3301 731 3357 Ecclesia
762 3309 983 3369 tractus,
1022 3310 1075 3359 et
1122 3304 1177 3359 in
1233 3304 1489 3359 exsilium
1523 3320 1621 3374 per
1648 3319 1820 3358 unum
1851 3320 2009 3360 men-

385 3408 502 3447 sem
534 3393 842 3469 delegatus.
880 3395 1032 3449 Unde
1054 3402 1108 3450 et
1134 3410 1374 3451 evocans
1404 3397 1554 3451 hunc
1582 3401 1828 3450 nostrum
1875 3413 2011 3467 prae-

384 3483 585 3548 sulem,
617 3484 841 3537 mandat
867 3500 1146 3555 expresse,
1205 3486 1304 3540 sed
1343 3484 1603 3553 fraterne,
1635 3495 1695 3543 ut
1723 3503 1877 3543 suam
1907 3488 2010 3542 de-

383 3573 667 3629 nominato
698 3581 946 3645 tempore
994 3591 1104 3630 non
1153 3575 1367 3631 differat
1398 3576 1448 3631 ei
1479 3577 1737 3633 exhibere
1764 3594 2010 3649 praesen-

381 3665 535 3734 tiam,
567 3668 777 3723 habens
830 3686 1019 3725 secum
1079 3670 1362 3741 prazfatum
1418 3672 1787 3742 Mancionem,
1821 3681 1875 3730 et
1890 3675 2005 3744 jam

381 3758 587 3814 dictum
643 3760 976 3829 Conradum,
1064 3779 1189 3818 cum
1245 3764 1579 3835 quibusdam
1632 3765 2006 3824 denominatis

379 3851 726 3923 coepisc0pis
754 3853 890 3921 suis,
915 3860 969 3910 et
998 3864 1215 3911 caetera.

446 4014 573 4080 Qum
602 4014 907 4085 Stephanus
918 3943 1352 4086 papgAFFigz‘orlz‘ii.
1367 4024 1421 4073 et
1441 4036 1562 4090 qua:
1580 4023 1735 4077 Fulco
1756 4024 1928 4079 eidem

908 4103 1072 4157 papae
1094 4093 1455 4159 rescripserit.

444 4175 724 4245 Stephano
754 4177 1046 4246 (Stephano
1096 4179 1215 4250 VII)
1271 4196 1498 4253 quoque
1550 4182 1715 4253 hujus
1741 4183 1996 4253 Formosi

370 4267 677 4322 successori
706 4268 956 4323 scribens
985 4269 1132 4325 idem
1164 4271 1605 4341 domnusFulco,
1638 4277 1992 4333 devotionem

370 4371 537 4427 quam
563 4373 694 4432 erga
724 4358 1026 4415 Romanam
1082 4362 1274 4417 sedem
1321 4364 1548 4439 gerebat
1577 4368 1879 4423 conabatur
1903 4385 1995 4426 os-

370 4452 620 4518 tendere,
652 4457 885 4527 etquod
938 4456 1130 4513 limina
1187 4458 1522 4517 creberrime
1554 4464 1824 4535 cupiverit
1852 4481 1993 4537 apo-

367 4545 633 4602 stolorum
673 4549 850 4617 adire,
903 4551 1003 4606 sed
1060 4552 1293 4609 diversis
1335 4555 1683 4615 obstantibus
1714 4560 1993 4617 discrimi-

2112 3330 2415 3402 obsequiis.
2443 3330 2646 3401 Sicque
2686 3329 2741 3384 in
2767 3329 2892 3385 aula
2921 3328 3109 3400 palatii
3163 3343 3528 3400 perseverans
3558 3344 3742 3400 usque

2111 3421 2180 3475 ad
2239 3428 2488 3492 tempora
2571 3420 2888 3476 Karlomani
2964 3420 3111 3495 regis
3166 3420 3429 3475 Ludovici
3488 3420 3740 3489 junioris

2110 3514 2207 3572 ﬁlii
2239 3517 2461 3587 nepotis
2511 3515 2758 3585 ejusdem
2818 3515 3018 3583 Karoli,
3050 3514 3275 3588 quando
3301 3531 3332 3569 a
3359 3515 3566 3570 sanctis
3608 3532 3746 3586 pro-

2106 3609 2303 3665 vinciae
2335 3610 2622 3665 Remensis
2648 3609 2946 3681 episcopis,
2990 3625 3209 3666 necnon
3237 3626 3269 3665 a
3301 3609 3448 3666 clero
3484 3619 3541 3665 et
3568 3611 3739 3683 plebe

2108 3701 2274 3770 hujus
2304 3699 2458 3754 urbis
2475 3700 2695 3781 electus
2715 3699 2805 3765 sit,
2862 3707 2922 3754 et
2968 3700 3266 3771 episcopus
3292 3700 3598 3757 ordinatus.
3630 3701 3737 3757 Ubi

2106 3791 2343 3864 qualiter
2372 3792 2516 3846 hanc
2563 3790 2862 3845 Ecclesiam
2894 3806 3235 3864 paganorum
3266 3790 3623 3847 infestatione
3653 3793 3739 3848 la-

2104 3889 2390 3944 borantem
2418 3887 2706 3957 repererit,
2749 3894 2803 3942 et
2843 3892 2905 3942 ut
2952 3902 3051 3959 pro
3082 3903 3219 3959 pace
3250 3887 3428 3960 ipsius
3459 3887 3528 3942 ad
3557 3903 3731 3959 posse

2103 3979 2478 4048 desudaverit,
2511 3978 2675 4053 legati
2709 3978 2817 4046 sui,
2886 3977 2977 4033 vel
2998 3978 3231 4035 aliorum
3282 3979 3399 4034 haec
3428 3979 3729 4036 scientium

2101 4075 2237 4144 petit
2269 4074 2539 4146 explorari
2564 4074 2900 4130 narratione.
2934 4074 3269 4131 Asseverans
3328 4074 3613 4146 praemissa
3669 4092 3730 4131 se

2100 4183 2211 4224 non
2232 4168 2544 4243 arrogantia
2592 4168 2892 4241 explicare,
2945 4169 3044 4224 sed
3076 4174 3136 4224 ut
3158 4168 3393 4237 noverit,
3415 4169 3732 4239 conjiciens

2099 4263 2231 4333 quia
2255 4262 2351 4335 qui
2374 4263 2456 4318 sic
2484 4263 2780 4332 enutritus,
2835 4270 2892 4319 et
2939 4264 3121 4320 taliter
3170 4262 3471 4319 fueritante
3500 4264 3729 4335 episco-

2096 4364 2283 4428 patum
2300 4365 2680 4427 convcrsatus,
2712 4360 2820 4415 hoc
2841 4359 2947 4413 sibi
2972 4359 3157 4430 potius
3172 4374 3313 4416 onus
3344 4375 3510 4432 quam
3548 4361 3725 4418 hono-

2095 4466 2232 4517 rem,
2258 4466 2368 4507 non
2428 4450 2684 4507 elationis
2735 4451 3187 4520 instrumentum,
3240 4451 3340 4507 sed
3387 4451 3721 4508 humilitatis

2095 4558 2217 4598 esse
2247 4543 2554 4599 servitium.
2632 4541 2923 4600 Subnectit
2971 4551 3178 4611 autem,
3234 4543 3383 4615 quod
3435 4543 3481 4598 si
3530 4543 3721 4615 aliqua

368 4655 503 4695 num
536 4642 735 4706 causis,
789 4645 906 4701 haec
950 4655 1075 4703 vota
1132 4649 1446 4721 nequiverit
1492 4653 1804 4726 adimplere
1839 4675 1852 4712 :
1895 4657 1990 4713 ubi
2015 4620 2261 4713 Drcgno
2286 4638 2446 4709 (Ιυίθδ
2475 4653 2742 4695 Concessa
2763 4638 2957 4705 fuerit,
2982 4645 3038 4693 ει
3068 4638 3136 4693 ab
3160 4637 3351 4694 Odone
3381 4653 3514 4713 rege
3541 4638 3723 4695 Ποθα-

365 4734 641 4809 significat
670 4738 916 4796 Odonem
942 4748 997 4797 et
1027 4743 1283 4800 Karolum
1312 4762 1475 4821 reges
1503 4748 1560 4804 in
1592 4752 1745 4821 pacis
1766 4754 1987 4809 tandem

364 4829 682 4897 concordia,
707 4848 768 4887 se
796 4835 1075 4905 studente,
1108 4853 1411 4895 connexos.
1443 4840 1538 4896 Cui
1578 4844 1867 4902 remittens
1901 4847 1990 4902 hic

362 4938 506 4994 papa
536 4924 745 4982 litteras
773 4945 923 4999 suas,
955 4947 987 4985 a
1017 4947 1076 4986 se
1107 4936 1419 5005 suscepisse
1440 4936 1856 5013 fatetur,ipsius
1873 4961 1986 5001 non

361 5015 682 5084 admittens,
718 5018 829 5074 imo
857 5022 1276 5093 reprehendens
1295 5029 1729 5099 excusationem,
1752 5048 1818 5088 eo
1836 5036 1986 5106 quod

358 5109 450 5163 alii
484 5111 741 5168 homines
769 5118 1021 5172 eamdem
1072 5120 1262 5176 sedem
1318 5123 1566 5192 adirent,
1616 5134 1671 5181 et
1699 5127 1817 5199 ipse
1844 5128 1986 5186 fate-

357 5208 508 5255 retur
530 5201 613 5256 fas
641 5202 744 5258 sibi
812 5208 1052 5266 adeundi
1108 5227 1220 5268 non
1268 5215 1440 5271 fuisse
1497 5232 1844 5277 concessum.
1878 5222 1983 5278 De-

356 5291 576 5347 nuntiat
629 5310 760 5368 ergo
830 5301 1105 5369 synodum
1155 5320 1215 5359 se
1270 5322 1371 5377 per
1424 5325 1674 5366 mensem
1728 5314 1982 5384 Septem-

354 5385 510 5443 brem
564 5387 906 5448 imminentis
963 5396 1283 5458 indictionis
1337 5404 1547 5476 quinta)
1598 5408 1828 5466 decimae
1857 5426 1979 5466 cer-

351 5477 563 5533 tissime
591 5479 875 5539 celebrare
931 5489 1190 5546 statuisse
1226 5511 1239 5547 :
1273 5496 1343 5549 ad
1370 5513 1535 5569 quam
1570 5503 1850 5559 censendo
1877 5519 1975 5561 vo-

347 5581 482 5624 cans
511 5570 661 5625 hunc
690 5571 1190 5649 archiepiscOpum,
1244 5594 1433 5641 monet
1461 5604 1742 5659 expresse,
1777 5602 1974 5665 quate-

347 5679 453 5721 nus
481 5666 635 5721 omni
660 5681 815 5721 mora
842 5673 1080 5739 repulsa,
1099 5679 1735 5750 omniqueexcusatione
1763 5697 1965 5757 amota,

344 5763 543 5816 eodem
570 5772 820 5831 tempore
848 5778 1002 5819 suam
1034 5771 1331 5836 specialem
1366 5780 1715 5844 praesentiam
1754 5782 1960 5852 eidem,

2093 4731 2225 4785 tiam
2266 4730 2564 4802 impetrare
2608 4732 2864 4800 valuerit,
2912 4733 2982 4788 ad
3034 4732 3211 4805 ipsius
3238 4733 3603 4790 beatitudinis
3622 4750 3720 4791 ve-

2091 4822 2255 4898 stigia
2286 4824 2511 4879 tandem
2568 4822 2869 4896 aliquando
2911 4840 3210 4896 pr0perare
3264 4824 3530 4892 studebit,
3582 4824 3716 4879 dum

2090 4917 2196 4973 sibi
2216 4919 2317 4974 viaa
2350 4920 2651 4991 patuerint,
2675 4936 2799 4991 quae
2827 4927 2960 4976 tunc
2994 4920 3063 4975 ab
3103 4920 3458 4975 Zendeboldo
3505 4918 3716 4975 Arnulti

2090 5015 2236 5090 regis
2286 5013 2400 5071 filio
2430 5024 2587 5072 erant
2635 5016 2976 5072 obstructae:
3025 5015 3120 5088 qui
3164 5016 3464 5072 Ecclesiam
3487 5031 3717 5089 quoque

2090 5106 2419 5163 Remensem
2467 5110 2657 5166 multis
2708 5109 2995 5185 afﬂigebat
3055 5109 3296 5179 injuriis,
3339 5127 3427 5165 res
3463 5110 3720 5180 ejusdem

2086 5196 2203 5252 suis
2224 5197 2552 5269 impertiens
2579 5199 2836 5255 subditis.
2889 5199 3058 5269 Cujus
3116 5200 3467 5272 tyrannidem
3497 5208 3720 5272 aposto-

2083 5288 2189 5345 lica
2217 5290 2356 5360 petit
2385 5291 2713 5348 auctoritate
2770 5292 3021 5363 reprimi,
3076 5293 3289 5361 dicens,
3342 5293 3472 5365 quia
3501 5293 3556 5349 in
3601 5302 3711 5348 tam

2082 5384 2395 5454 periculoso
2444 5394 2498 5441 et
2545 5386 3056 5443 necessitudinibus
3116 5389 3282 5459 pleno
3336 5395 3587 5459 tempore
3646 5405 3709 5444 se

2079 5491 2235 5531 suam
2267 5476 2569 5534 Ecclesiam
2600 5478 2828 5535 noxium
2854 5486 3003 5534 esset
3031 5480 3315 5535 deserere.

2737 5590 2947 5646 CAPUT
2977 5592 3037 5646 V.

2737 5592 2947 5647 CAPUT
2977 5592 3037 5647 V.

2145 5679 2272 5745 Quae
2293 5682 2511 5749 regibus
2540 5684 2874 5753 quibusdam
2901 5686 3063 5740 Fulco
3094 5686 3303 5754 scripta
3332 5683 3624 5740 direxerit.

2142 5790 2539 5865 Totiusitaque
2570 5797 2727 5871 regni
2780 5812 2967 5852 curam
3023 5814 3196 5873 agens
3250 5799 3397 5853 idem
3453 5799 3697 5853 domnus

340 5855 670 5927 Synodoque
697 5854 928 5912 οῐηηίηο
958 5860 1220 5919 exhibere
1250 5870 1505 5934 maturet,
1542 5871 1691 5941 quod
1721 5873 1764 5926 si
1817 5889 1961 5942 pre-
2063 5854 2518 5959 archiepiscoqus
2584 5854 2773 5960 Fd’lco,
2842 5854 3090 5949 litteraso
3120 5893 3311 5968 dirigit
3368 5892 3691 5963 imperatori
