3912 6418
240 432 356 486 2⁵73

902 425 1228 483 HISTORI/E
1267 425 1611 483 ECCLESIzE
1649 423 1981 481 REMENSIS
2021 429 2198 505 LIBRI
2241 433 2568 498 QUATUOR.
2595 466 2667 475 ——
2706 436 2832 491 LIB.
2875 438 2958 493 IV.

3495 448 3602 504 274

243 559 447 616 Karolo
477 557 610 629 (24),
652 554 800 629 regis
832 555 1090 611 Ludovici
1114 556 1581 612 Transrhenensis
1612 553 1746 622 filio,
1782 572 1879 627 pro
1907 562 1956 630 A
1984 564 2181 619 asserit
2207 571 2429 621 secutos
2469 546 2530 622 se
2558 565 2733 623 fuisse
2762 587 2775 635 ;
2806 572 3071 642 quoniam
3100 591 3220 631 mos
3250 580 3601 652 semperfue-

243 654 421 709 tutela
442 662 497 709 et
547 650 875 707 defensione
928 651 1082 725 regni
1124 653 1477 718 Francorum,
1531 652 1679 723 quod
1708 651 1764 706 in
1793 650 1880 705 his

242 748 501 819 partibus
531 764 561 802 a
588 745 942 802 Nortmannis
974 745 1360 817 multipliciter
1420 746 1836 817 opprimebatur
1862 763 1876 800 :

241 855 511 894 asserens
542 837 700 902 illud,
743 835 1039 891 auxiliante
1091 838 1223 903 Deo,
1253 838 1521 893 hactenus
1549 836 1719 892 fuisse
1752 853 1879 908 pro.-

240 930 473 998 fectum,
507 929 755 1003 quandiu
783 929 959 1002 patrui
993 935 1047 985 et
1073 929 1341 1001 aequivoci
1373 929 1514 1001 ejus,
1549 947 1611 985 ac
1639 928 1873 985 filiorum

240 1026 427 1096 ipsius
466 1018 762 1102 regebatur
814 1025 1214 1080 dominatione.
1256 1024 1408 1079 Tunc
1455 1040 1583 1079 vero
1616 1023 1726 1077 illis
1754 1022 1877 1076 feli-

237 1123 382 1177 citer
426 1124 671 1177 humana
719 1121 1140 1186 excedentibus,
1196 1125 1487 1190 postquam
1520 1135 1580 1173 se
1612 1131 1873 1189 proceres

238 1213 401 1285 regni
423 1214 546 1283 ejus
567 1212 840 1284 imperiali
868 1213 1261 1269 commiserant
1286 1210 1527 1276 tuitioni,
1565 1225 1662 1265 eos
1706 1207 1871 1263 undi-

237 1320 353 1377 que
380 1320 545 1359 secus
576 1302 733 1357 multi
766 1307 1236 1378 superaggravent
1265 1316 1449 1355 casus.
1493 1300 1870 1371 Memoratque

235 1400 521 1456 civitatem
548 1398 905 1465 Parisiorum,
962 1415 1124 1473 quam
1166 1403 1330 1467 caput
1358 1397 1557 1451 asserit
1588 1402 1642 1451 et
1673 1394 1871 1450 introi-

234 1500 355 1547 tum
384 1508 681 1568 regnorum
711 1492 976 1548 Neustrize
1007 1499 1173 1564 atque
1200 1491 1551 1565 Burgundize,
1584 1488 1869 1543 barbarica

233 1585 389 1659 cingi
420 1584 971 1656 obsidione,citoque
1001 1583 1348 1654 capiendam,
1370 1582 1476 1637 nisi
1504 1581 1597 1636 Dei
1629 1580 1865 1636 subven-

232 1689 353 1735 tum
396 1680 561 1736 fuerit
608 1682 925 1736 clementia.
959 1682 1089 1747 Quae
1143 1678 1189 1734 si
1249 1685 1407 1750 capta
1462 1677 1645 1744 fuerit,
1697 1677 1863 1731 totius

230 1773 593 1843 dispendium
623 1773 781 1849 regni
812 1789 870 1828 se
888 1788 1273 1845 perpessuros,
1299 1778 1518 1843 tamque
1551 1768 1862 1841 periculose

1982 656 2069 723 rit,
2103 661 2160 709 ut
2189 671 2317 730 rege
2370 657 2676 712 decedente
2737 660 2904 717 alium
2963 665 3030 719 de
3082 667 3234 739 regia
3289 670 3480 740 stirpe,
3514 672 3599 726 vel

1982 746 2363 813 successione,
2396 746 2519 815 sine,
2545 757 2799 819 respectu
2833 753 2919 808 vel
2952 753 3383 831 interrogatione
3413 759 3600 829 cujus-

1979 854 2143 909 quam
2174 836 2423 908 majoris,
2454 844 2545 891 aut
2600 841 2928 909 potentioris
2982 845 3131 917 regis
3161 847 3451 922 eligerent.
3486 849 3600 906 Hoc

1979 946 2133 985 more
2165 931 2313 983 hunc
2342 945 2528 1004 regem
2557 930 2755 986 factum
2786 934 2963 1005 ipsius
2992 934 3243 992 ﬁdelitati
3276 946 3329 994 et
3361 942 3597 998 consilio

1978 1020 2321 1077 committere
2350 1022 2643 1089 voluerint,
2676 1029 2733 1077 ut
2764 1024 2941 1096 ipsius
2961 1027 3236 1096 adjutorio
3274 1036 3329 1085 et
3359 1032 3595 1090 consilio

1976 1122 2219 1170 uteretur
2271 1113 2325 1166 in
2378 1115 2658 1181 omnibus,
2689 1123 2743 1169 et
2798 1118 2920 1186 ejus
2976 1118 3308 1175 subderetur
3337 1129 3446 1177 tam
3477 1140 3594 1192 rex,

1974 1230 2137 1286 quam
2168 1210 2489 1266 universum
2531 1227 2763 1285 regnum
2811 1214 3103 1284 praeceptis
3141 1221 3195 1270 et
3226 1218 3595 1285 ordinationi-

1973 1313 2095 1367 bus.
2129 1310 2397 1364 Praeterea
2426 1309 2575 1380 quod
2604 1310 2853 1364 audierat
2883 1310 3012 1363 huic
3068 1313 3184 1385 regi
3242 1322 3591 1389 suggestum,

1972 1407 2101 1480 quia
2131 1410 2320 1460 contra
2341 1401 2661 1459 fidelitatem
2718 1406 2917 1477 ipsius,
2950 1412 3003 1461 et
3058 1414 3281 1479 propter
3318 1412 3592 1482 privatum

1971 1508 2078 1563 hoc
2108 1504 2282 1579 egerit
2303 1502 2676 1571 commodum,
2707 1504 2869 1558 infert
2895 1504 3043 1576 quod
3073 1505 3413 1564 Aschericus
3445 1512 3585 1584 ipse,

1966 1600 2059 1672 qui
2102 1601 2219 1655 haec
2263 1602 2549 1670 jactitasse
2609 1606 2916 1674 videbatur,
2948 1612 3240 1678 antequam
3300 1612 3368 1668 de
3396 1631 3453 1669 re
3486 1615 3590 1671 hu-

1958 1694 2273 1764 juscemodi
2306 1695 2514 1768 aliquid
2551 1698 2700 1753 idem
2739 1699 3195 1772 archiepisc0pus
3225 1721 3389 1780 agere
3416 1726 3585 1765 cona-

1964 1794 2131 1853 retur,
2159 1787 2373 1841 venerit
2401 1789 2469 1842 ad
2520 1805 2602 1856 se,
2661 1791 3027 1861 praesentibus
3086 1793 3367 1855 Heriberto
3399 1809 3453 1856 et
3483 1802 3585 1857 Ec-

231 1868 494 1936 haecjam
525 1869 669 1923 mala
697 1870 958 1944 grassari.
1012 1875 1070 1923 ιιι
1099 1885 1129 1922 α
1180 1867 1445 1965 praedicta
1495 1866 1629 1965 urbe
1662 1865 1863 1920 Remos
1886 1897 1935 1965 Β
1962 1882 2103 1937 frido
2134 1884 2274 1953 (ms,
2311 1882 2549 1950 Exfrido,
2580 1884 2811 1958 Ertrido]
2844 1887 3158 1952 comitibus,
3179 1897 3232 1945 et
3262 1894 3581 1963 consilium,

230 1980 415 2036 usque
464 1965 603 2018 nihil
654 1970 829 2019 tutum
888 1963 1261 2022 remanserit:
1294 1962 1446 2017 nulla
1488 1961 1594 2015 nisi
1638 1975 1859 2031 perver-

228 2073 423 2112 sorum
481 2057 914 2114 Christianorum
977 2056 1337 2128 barbarisque
1390 2052 1856 2110 consentientium

222 2164 429 2203 secura
458 2148 530 2203 sit
556 2148 843 2217 habitatio,
896 2165 1133 2221 quorum
1180 2147 1360 2212 multi,
1392 2146 1729 2202 Chistianam
1761 2145 1859 2198 de-

222 2247 488 2295 serentes
531 2240 879 2316 religionem,
935 2254 1275 2315 paganorum
1320 2255 1378 2294 se
1435 2235 1685 2293 societati
1716 2252 1853 2290 con-

212 2333 543 2401 junxerant,
599 2347 664 2386 ac
720 2331 937 2386 tuitioni
989 2330 1368 2386 subdiderant.
1428 2329 1659 2401 Scripsit
1703 2336 1757 2383 et
1785 2328 1853 2382 ad

221 2422 491 2478 eumdem
525 2422 914 2492 imperatorem
965 2439 1062 2493 pro
1121 2422 1483 2493 percipiendo
1513 2438 1542 2476 a
1570 2421 1703 2475 sede
1735 2421 1851 2476 Ro-

219 2530 393 2568 mana
435 2513 625 2585 pallio,
676 2512 1117 2585 roborandisque
1170 2512 1313 2567 datis
1367 2512 1499 2567 olim
1529 2527 1558 2566 a
1592 2511 1853 2567 Romanis

216 2602 591 2676 pontiﬁcibus
618 2604 880 2659 Ecclesiae
911 2604 1171 2659 Remensi
1202 2603 1526 2676 privilegiis.

292 2700 526 2756 Arnulfo
557 2701 673 2773 regi
726 2700 1161 2756 Transrhenensi
1218 2701 1426 2755 litteras
1477 2701 1720 2767 mittens,
1754 2716 1851 2771 pro

214 2809 395 2847 causa
424 2792 573 2867 regis
602 2792 805 2859 Karoli,
856 2808 1020 2864 quem
1074 2793 1361 2862 parvulum
1411 2795 1593 2849 adhuc
1622 2799 1852 2848 unxerat

215 2891 275 2944 in
308 2906 525 2962 regem,
555 2890 737 2944 reddit
780 2906 976 2944 causas
1004 2890 1126 2959 ejus
1181 2890 1573 2960 provectionis,
1603 2906 1668 2944 eo
1700 2887 1849 2962 quod

215 2985 476 3040 audierat
505 2991 714 3040 motum
746 2983 920 3039 fuisse
942 2986 1186 3039 animum
1220 2985 1396 3055 ipsius
1422 2984 1629 3039 Arnulﬁ
1659 2991 1849 3039 contra

214 3092 277 3130 se
313 3091 413 3146 pro
455 3076 560 3131 hac
614 3076 1024 3147 perpetratione
1058 3094 1071 3130 :
1105 3091 1547 3132 commemorans
1571 3077 1718 3148 quod
1748 3075 1848 3130 de-

214 3167 457 3222 cedente
507 3166 705 3222 Karolo
745 3167 1095 3238 imperatore,
1133 3168 1296 3236 hujus
1322 3167 1526 3223 Arnulfi
1549 3168 1844 3235 avunculo,

214 3260 271 3313 in
309 3258 491 3329 ipsius
530 3255 737 3311 Arnulfi
771 3257 1052 3312 servitium
1087 3257 1249 3313 fuerit
1278 3259 1578 3329 profectus,
1613 3259 1846 3331 cupiens

214 3350 343 3419 ejus
371 3350 660 3419 suscipere
687 3348 993 3404 dominium
1023 3355 1077 3404 et
1106 3351 1566 3424 gubernationem
1596 3370 1611 3419 ;
1639 3353 1738 3407 sed
1762 3351 1847 3422 ip-

215 3460 280 3498 se
312 3460 408 3498 rex
438 3459 565 3498 eum
595 3443 718 3497 sine
747 3444 858 3498 ullo
890 3443 1125 3499 consilio
1157 3445 1243 3501 vel
1266 3446 1650 3503 consolatione
1682 3448 1846 3502 dimi-

214 3537 545 3595 serit.Unde
564 3554 688 3593 cum
719 3554 825 3593 nec
854 3538 910 3592 in
933 3553 1000 3593 eo
1033 3539 1137 3593 sibi
1169 3556 1299 3611 spes
1320 3541 1430 3596 ulla
1460 3545 1842 3614 remansisset,

213 3642 442 3689 coactus
469 3634 539 3687 sit
569 3634 693 3705 ejus
745 3633 1009 3702 hominis,
1038 3634 1295 3690 videlicet
1326 3637 1554 3706 Odonis,
1590 3638 1845 3694 domina-

214 3733 329 3780 tum
360 3726 672 3795 suseipere,
703 3724 797 3795 qui
835 3724 905 3777 ab
935 3724 1105 3796 stirpe
1136 3726 1288 3801 regia
1331 3728 1575 3784 existens
1604 3730 1840 3798 alienus,

213 3816 388 3891 regali
445 3815 734 3886 tyrannicc
788 3814 996 3869 abusus
1052 3814 1218 3871 fuerit
1258 3827 1551 3888 potestate,
1603 3823 1761 3891 cujus
1791 3829 1844 3878 et

208 3912 421 3968 invitus
450 3911 722 3965 hactenus
753 3910 1059 3966 dominium
1112 3912 1454 3969 sustinuerit.
1491 3917 1551 3971 Et
1579 3919 1841 3989 quoniam

208 4005 383 4074 hujus
427 4001 633 4057 Arnulfi
681 4003 1022 4058 dominatum
1077 3994 1494 4077 desideraverit,
1546 4010 1752 4067 idcirco
1784 4013 1841 4067 in

206 4098 394 4169 ipsius
426 4098 710 4153 servitium
742 4098 1022 4170 profectus
1076 4097 1258 4155 fuerit.
1292 4102 1357 4156 At
1397 4112 1687 4178 postquam
1718 4108 1843 4161 nul-

211 4189 328 4245 lum
360 4188 723 4244 consiliumin
755 4190 879 4260 ipso
907 4191 1149 4261 reperire
1161 4193 1350 4262 valuit,
1371 4196 1475 4251 hoc
1490 4197 1668 4252 solum
1691 4198 1841 4271 quod

208 4280 462 4336 restabat
489 4281 686 4355 egerit,
717 4282 935 4358 eligens
981 4298 1106 4337 eum
1158 4302 1345 4360 regem
1399 4289 1622 4357 habere,
1676 4308 1840 4362 quem

210 4374 398 4429 solum
422 4379 548 4442 post
572 4373 758 4443 ipsum
788 4375 856 4431 de
873 4375 1025 4450 regia
1045 4375 1223 4447 ipsius
1242 4379 1519 4435 habebant
1550 4385 1837 4458 progenie,

211 4475 267 4524 et
296 4468 459 4536 cujus
491 4469 934 4539 praadecessores
964 4490 1027 4528 ac
1057 4473 1254 4531 fratres
1307 4478 1629 4534 exstiterant
1656 4499 1835 4557 reges.

1963 1979 2239 2051 simulque
2268 1979 2530 2034 auxilium
2562 1982 2862 2052 quaesierit,
2888 1983 3021 2055 quid
3049 2001 3213 2060 agere
3254 1988 3483 2047 deberet
3513 1992 3584 2046 de

1955 2070 2306 2141 jussionibus
2337 2071 2564 2139 Odonis,
2600 2075 2693 2143 qui
2749 2090 2837 2127 res
2897 2073 3277 2144 importabiles
3307 2079 3355 2134 ei
3390 2082 3584 2151 przeci-

1959 2164 2164 2236 piebat.
2198 2164 2268 2218 Ex
2292 2173 2445 2235 parte
2475 2180 2697 2236 quoque
2727 2163 2965 2220 filiorum
2997 2165 3245 2229 Godfridi
3286 2173 3582 2229 consilium

1958 2256 2178 2327 petierit
2207 2256 2276 2310 de
2304 2256 2471 2323 malo,
2523 2256 2671 2326 quod
2729 2256 2811 2311 eis
2867 2255 2981 2311 Odo
3048 2256 3228 2315 facere
3256 2264 3580 2332 conabatur,

1957 2359 2399 2427 rogaveruntque
2425 2358 2483 2405 ut
2536 2350 2641 2406 tale
2664 2360 2828 2423 caput
2883 2356 3163 2410 communi
3203 2358 3438 2415 consilio
3466 2366 3580 2414 sta-

1956 2454 2219 2513 tueretur,
2253 2463 2351 2517 per
2378 2446 2526 2518 quod
2585 2448 2765 2501 securi
2817 2456 3048 2519 possent
3074 2466 3201 2505 esse
3233 2453 3463 2521 subditi,
3493 2454 3581 2508 in-

1954 2542 2247 2597 tendentes
2264 2541 2347 2595 vel
2382 2540 2437 2594 in
2466 2541 2777 2611 Widonem,
2809 2545 2893 2597 vel
2926 2543 2979 2596 in
3014 2543 3162 2599 hunc
3192 2546 3358 2620 regim
3391 2564 3578 2618 prosa-

1955 2632 2059 2702 piae
2092 2631 2369 2695 Karolum,
2398 2637 2452 2685 et
2481 2631 2648 2685 simul
2679 2632 3097 2688 considerantes
3138 2635 3233 2707 qui
3264 2638 3574 2706 adfuerant,

1954 2728 2021 2782 ad
2050 2743 2215 2798 quem
2247 2725 2448 2781 melius
2478 2727 2765 2781 attendere
2797 2728 3087 2799 deberent,
3119 2732 3297 2785 visum
3328 2733 3438 2787 illis
3468 2740 3573 2797 est,

1955 2826 2246 2890 prepterea
2303 2817 2698 2890 acquirendam
2757 2819 2912 2894 regni
2970 2820 3281 2889 utilitatem,
3315 2831 3369 2877 et
3400 2823 3578 2894 ipsius

1952 2912 2157 2967 Arnulfi
2205 2913 2506 2968 cavendam
2558 2914 3029 2982 contrarietatem,
3090 2923 3423 2988 prepterque
3481 2936 3572 2973 re-

1951 3016 2120 3075 ctum,
2152 3023 2572 3080 congruumque
2630 3008 2765 3078 regii
2820 3008 3013 3082 generi
3073 3004 3465 3081 principatum,
3517 3022 3577 3069 ut

1950 3099 2019 3154 ad
2049 3100 2195 3152 hunc
2224 3098 2480 3153 Karolum
2538 3114 2597 3152 se
2653 3104 3058 3163 converterent,
3092 3100 3385 3156 credentes
3424 3105 3574 3176 quod

1950 3193 2206 3248 Arnulfus
2235 3193 2342 3246 hoc
2373 3192 2440 3246 de
2473 3192 2785 3264 propinquo
2835 3207 2935 3246 suo
2958 3194 3172 3264 gratum
3206 3194 3454 3262 haberet,
3490 3199 3575 3270 ip-

1949 3287 2108 3360 sique
2139 3292 2192 3340 et
2221 3301 2394 3359 regno
2438 3285 2755 3356 praesidium
2805 3284 2987 3339 ferret.
3021 3285 3175 3349 Quod
3198 3295 3381 3344 autem
3404 3291 3572 3360 jacti-

1948 3388 2116 3436 tatum
2140 3379 2408 3446 audierat,
2465 3395 2631 3434 causa
2687 3379 2942 3434 Widonis
2969 3380 3077 3435 hoc
3103 3398 3230 3437 eum
3258 3382 3481 3455 fecisse,
3516 3397 3575 3443 ut

1947 3477 2049 3532 hac
2071 3482 2184 3529 arte
2233 3474 2393 3543 jllum
2453 3474 2935 3530 subintroduceret
2987 3475 3041 3529 in
3097 3494 3348 3553 regnum,
3405 3485 3575 3539 etdi-

1948 3567 2118 3622 misso
2152 3580 2322 3637 puero
2355 3565 2577 3629 Karolo,
2608 3582 2669 3620 se
2699 3573 2938 3622 verteret
2953 3568 3019 3621 ad
3049 3568 3335 3643 Widonem
3369 3592 3381 3628 :
3415 3593 3573 3631 assc-

1944 3662 2013 3717 rit
2038 3662 2207 3717 livore
2235 3659 2480 3727 invidize,
2513 3668 2703 3715 contra
2735 3677 2794 3716 se
2829 3661 3071 3718 scienter
3119 3665 3235 3721 hzec
3263 3666 3401 3723 falso
3434 3670 3571 3725 fuis-

1945 3773 2004 3811 se
2025 3757 2247 3825 jaetata,
2280 3755 2564 3809 autetiam
2596 3755 2746 3826 quod
2802 3758 2982 3827 qualis
3014 3767 3129 3814 erat
3160 3762 3280 3832 ipse
3313 3765 3405 3835 qui
3440 3767 3568 3822 talia

1945 3845 2277 3913 dilfamabat,
2329 3846 2492 3900 talem
2550 3845 2807 3901 eumdem
2860 3865 3028 3918 posse
3084 3850 3202 3906 fieri
3251 3856 3566 3923 sentiebat;

1944 3940 2065 4012 ipse
2096 3955 2223 3994 vero
2255 3956 2359 3993 nec
2387 3954 2447 3993 se
2476 3939 2639 3993 talem
2697 3937 2834 4007 fore,
2869 3956 2973 3995 nec
3012 3942 3213 3998 talibus
3243 3953 3423 4002 ortum
3458 3967 3563 4004 na-

1944 4032 2145 4086 talibus
2174 4032 2628 4105 recognoscebat,
2662 4031 3109 4089 Praedecessores
3137 4051 3358 4109 quoque
3388 4039 3566 4110 ipsius

1943 4130 2089 4205 regis
2143 4144 2495 4201 nequaquam
2554 4128 2681 4182 talia
2738 4128 2961 4201 ingenia
3019 4131 3072 4185 in
3115 4133 3563 4207 progenitoribus

1945 4225 2061 4278 suis
2114 4223 2322 4294 experti
2375 4220 2611 4285 fuerant,
2662 4237 2804 4291 quos
2858 4221 2913 4275 in
2970 4222 3119 4277 omni
3180 4222 3443 4280 fidelitate
3499 4243 3564 4282 ac

1943 4316 2099 4392 regni
2153 4316 2387 4369 utilitate
2442 4313 2702 4385 probatos
2756 4312 3093 4368 habuerint:
3147 4314 3385 4387 ideoque
3437 4318 3564 4374 illos

1942 4406 2250 4463 honorifice
2273 4404 2711 4460 sublimaverint.
2745 4403 3086 4476 Quapropter
3116 4407 3560 4465 erubescendum

1942 4499 2123 4553 eidem
2152 4498 2265 4573 regi
2298 4497 2515 4563 fuisset,
2548 4501 2607 4549 ut
2638 4496 2740 4550 hoc
2757 4496 2902 4549 dese
2931 4497 3190 4562 crederit,
3218 4498 3303 4553 vel
3336 4499 3564 4556 infamia

210 4564 291 4618 De
321 4563 431 4666 Ilo?
459 4562 643 4666 θίξδηξι
678 4566 1167 4666 ξῖυοάίάθῐη-Γξκίη
1201 4573 1363 4666 9MP?»
1394 4574 1910 4666 trahebata‘lual'cl)
1940 4609 2001 4647 se
2031 4592 2121 4646 tali
2147 4562 2380 4647 notaret.
2420 4589 2668 4660 Denique
2735 4589 2884 4660 quod
2926 4592 3175 4647 audierat
3205 4592 3300 4664 qui
3329 4594 3560 4652 Arnulfo

209 4671 329 4709 non
357 4654 414 4709 id
437 4661 563 4710 ante
592 4654 875 4723 fecissent,
910 4662 1089 4717 reddit
1119 4665 1412 4733 rationem,
1458 4668 1607 4739 quod
1652 4685 1838 4740 quan-

210 4748 283 4803 do
320 4747 551 4803 Karolus
583 4750 883 4820 imperator
911 4754 1173 4824 decessit,
1206 4765 1259 4812 et
1290 4759 1436 4814 idem
1464 4762 1723 4817 Arnulfus
1751 4778 1840 4817 re-

207 4839 400 4913 gimen
433 4840 597 4910 hujus
626 4844 782 4918 regni
814 4847 1099 4918 suscipere
1128 4851 1325 4918 noluit,
1360 4852 1450 4906 hic
1481 4853 1709 4909 Karolus
1730 4855 1835 4909 ad-

210 4932 653 5010 hucﬁdmodum
708 4950 941 5006 corpore
987 4939 1151 4994 simul
1206 4948 1259 4995 et
1317 4944 1549 4998 scientia
1581 4948 1838 5015 parvulus

209 5022 508 5089 existebat,
539 5038 647 5079 nec
699 5026 854 5098 regni
911 5028 1305 5101 gubernaculis
1354 5034 1590 5091 idoneus
1620 5046 1756 5105 erat,
1786 5047 1839 5093 et

208 5111 457 5167 instante
496 5112 901 5172 immanissima
927 5119 1389 5181 Nortmannorum
1422 5131 1835 5200 persecutione,

210 5208 589 5278 periculosum
615 5219 732 5267 erat
760 5220 892 5269 tunc
945 5234 1071 5273 eum
1104 5222 1329 5297 eligere.
1360 5224 1425 5280 Ut
1451 5243 1581 5283 vero
1610 5230 1677 5283 ad
1713 5245 1832 5283 eam

209 5300 472 5355 viderunt
527 5305 851 5376 perductum
907 5319 1147 5381 aetatem,
1204 5316 1259 5371 in
1322 5335 1431 5390 qua
1481 5322 1700 5377 salubre
1729 5322 1833 5377 sibi

210 5392 512 5450 consilium
544 5395 804 5455 dantibus
833 5416 1126 5461 assensum
1160 5409 1407 5478 praebere
1439 5422 1684 5483 noverat,
1711 5431 1837 5471 sus-

209 5492 482 5586 ceperunt
507 5503 635 5544 eum
688 5496 998 5552 secundum
1051 5499 1148 5554 Dei
1203 5503 1494 5572 honorem,
1550 5516 1609 5562 ut
1663 5526 1834 5586 regno

209 5576 553 5645 consuleret,
598 5583 853 5642 volentes
896 5605 1021 5645 eum
1080 5591 1152 5647 ita
1197 5593 1505 5667 instituere,
1566 5576 1839 5675 quatenus

210 5672 342 5727 huic
370 5690 569 5750 regno,
603 5686 657 5735 et
710 5682 817 5753 ipsi
848 5686 1072 5745 Arnulfo
1104 5690 1383 5763 proficuus
1409 5672 1616 5756 valeret
1642 5703 1838 5758 existe-

207 5779 289 5819 re.
323 5766 398 5821 De
431 5783 499 5824 eo
527 5787 751 5845 quoque
782 5781 932 5850 quod
988 5784 1110 5839 sine
1168 5787 1343 5857 ipsius
1366 5794 1570 5848 Arnulﬁ
1603 5796 1837 5854 consilio

207 5867 671 5934 praesumpserint
702 5872 809 5928 hoc
836 5890 1022 5950 agere,
1054 5897 1261 5938 morem
1296 5882 1624 5947 Francorum
1656 5896 1838 5968 gentis

280 5963 396 6033 (24)
439 5964 671 6027 Carolus
710 5974 935 6034 Crassus
961 5982 1031 6037 de
1060 6000 1170 6054 quo
1196 6002 1379 6058 supra.

1943 4684 2150 4739 dictum
2220 4684 2429 4748 fuisse,
2494 4681 2642 4753 quod
2726 4681 2813 4735 hic
2882 4681 3111 4739 Karolus
3168 4683 3313 4740 filius
3382 4687 3563 4742 Ludo-

1941 4782 2047 4837 vici
2079 4797 2188 4835 non
2220 4778 2399 4842 fuerit,
2439 4784 2719 4830 asseverat
2751 4778 3033 4834 neminem
3068 4797 3128 4834 se
3157 4797 3324 4851 posse
3356 4784 3556 4837 crede-

1941 4896 1999 4934 re
2033 4878 2169 4944 fore,
2197 4876 2288 4947 qui
2317 4891 2442 4930 eum
2476 4874 2520 4928 si
2549 4874 2768 4939 viderit,
2829 4882 2883 4929 et
2911 4883 3197 4947 parentum
3234 4877 3407 4948 ipsius
3438 4878 3561 4933 effi-

1939 4976 2086 5049 giem
2129 4972 2468 5045 cognoverit,
2512 4987 2621 5026 non
2673 4978 3035 5045 recognoscat
3085 4973 3236 5027 illum
3287 4975 3353 5029 de
3411 4976 3562 5049 regia

1941 5068 2283 5142 processisse
2336 5067 2600 5143 progenie
2634 5084 2646 5121 :
2679 5067 2930 5140 quaedam
2984 5084 3206 5139 quoque
3268 5071 3435 5140 patris
3476 5072 3562 5127 sui

1943 5159 2201 5217 Ludovici
2259 5159 2417 5233 signa
2474 5165 2712 5233 gestare,
2767 5158 2969 5228 quibus
3024 5168 3357 5235 agnoscatur
3413 5160 3563 5218 filius

1937 5255 2115 5325 ipsius
2144 5253 2339 5307 fuisse.
2377 5252 2557 5306 Poscit
2585 5267 2714 5326 ergo
2746 5250 2949 5306 Arnulti
2967 5254 3169 5328 regiam
3191 5255 3560 5325 majestatem,

1938 5354 1995 5404 ut
2019 5350 2134 5403 haec
2159 5362 2287 5401 vera
2323 5346 2385 5419 [j,
2440 5346 2623 5416 verba]
2656 5347 2949 5422 dignanter
2978 5349 3231 5420 accipiat,
3262 5352 3562 5424 nullusque

1937 5438 2181 5493 animum
2213 5436 2388 5506 ipsius
2412 5444 2601 5491 contra
2632 5437 2780 5491 hunc
2810 5454 2996 5512 regem
3021 5440 3399 5511 innocentem,
3434 5461 3561 5515 pro-

1942 5529 2211 5599 pinquum
2246 5542 2405 5579 suum
2465 5542 2816 5582 commovere
2846 5530 3045 5584 valeat.
3080 5531 3187 5586 Sed
3232 5539 3411 5588 utrum
3442 5534 3563 5590 hzec

1941 5637 2063 5691 qum
2087 5620 2283 5673 asserit
2312 5620 2383 5673 ita
2416 5638 2475 5675 se
2509 5622 2768 5688 habeant,
2820 5624 2875 5678 in
2926 5643 3027 5681 sua
3076 5630 3388 5698 praesentia,
3418 5629 3562 5686 tide-

1940 5709 2186 5780 liumque
2251 5726 2475 5765 suorum
2523 5712 2828 5768 examinari
2854 5720 2859 5728 '
2887 5715 3068 5783 faciat,
3103 5726 3156 5774 et
3208 5721 3277 5775 ad
3315 5719 3560 5776 debitum

1941 5804 2110 5859 tinem
2140 5804 2425 5875 perducat,
2488 5807 2738 5881 cogitans
2785 5811 3023 5881 qualiter
3059 5820 3443 5868 antecessores
3473 5815 3557 5867 sui

1939 5901 2096 5974 regni
2153 5908 2353 5959 statum
2405 5902 2858 5977 gubernaverint,
2916 5912 2971 5961 et
3017 5907 3297 5977 quomodo
3355 5906 3559 5975 regalis
