3912 6486
326 462 437 520 275

1474 466 1842 523 FLODOARDI
1884 466 2006 522 CAN
2013 466 2097 522 ON
2104 465 2188 522 lCl
2229 464 2558 520 REMENSIS

3579 460 3692 514 276

337 605 600 663 culminis
643 584 927 661 successio
954 621 1175 677 semper
1202 606 1312 660 huc
1331 620 1508 675 usque
1524 605 1776 679 viguerit.
1808 608 1959 662 Tunc
1984 611 2037 678 Α
2063 604 2319 662 Widonis
2359 618 2486 659 eum
2519 600 2820 672 conjungat
2856 595 3143 653 amicitiai.
3203 595 3387 652 Poscit
3406 594 3601 663 etiam,
3630 604 3693 651 ut

337 719 469 759 vero
500 702 593 757 ille
624 710 836 758 tantum
863 702 1147 774 princeps,
1178 708 1233 756 et
1270 701 1360 754 hic
1386 716 1586 771 parvus
1616 702 1961 773 pr0pinquus

340 796 464 865 ejus
512 795 765 861 Karolus,
820 796 889 850 de
946 801 1058 848 tota
1107 792 1277 867 regali
1322 792 1492 861 stirpe
1549 794 1959 860 remanserint;

342 889 765 960 perpendatque
811 885 946 957 quid
992 884 1314 956 contingere
1345 883 1542 952 possit,
1574 884 1621 938 si
1652 900 1779 939 eum
1801 885 1963 939 debi-

342 989 431 1036 tus
451 980 667 1035 cunctis
694 995 857 1033 casus
887 975 1285 1047 rep0poscerit,
1308 991 1431 1030 cum
1454 982 1533 1032 tot
1552 976 1666 1045 jam
1683 976 1754 1031 de
1784 976 1964 1032 aliena

344 1074 515 1143 stirpe
542 1086 704 1145 reges
742 1069 998 1129 existant,
1033 1073 1087 1120 et
1141 1066 1323 1120 adhuc
1353 1065 1465 1119 sint
1494 1065 1702 1137 plures,
1734 1066 1829 1137 qui
1858 1065 1963 1119 sibi

343 1164 558 1239 regium
589 1176 794 1217 nomen
826 1156 1101 1222 aﬂ‘ectent,
1135 1155 1260 1226 quis
1310 1161 1436 1225 post
1464 1155 1642 1227 ipsius
1669 1156 1964 1210 decessum

344 1253 627 1323 adjuvabit
657 1250 779 1319 ejus
811 1247 1005 1314 ﬁlium,
1038 1254 1097 1301 ut
1126 1246 1196 1300 ad
1225 1245 1471 1301 debitam
1501 1246 1605 1301 sibi
1637 1247 1792 1320 regni
1821 1262 1959 1302 con-

343 1343 999 1409 scendathasreditatem,
1059 1341 1106 1395 si
1158 1340 1456 1415 contigerit
1481 1341 1628 1396 hunc
1676 1341 1782 1397 sibi
1830 1357 1959 1413 pro-

344 1445 615 1516 pinquum
643 1441 841 1497 cadere
904 1437 1181 1494 Karolum.
1230 1437 1485 1493 Adnectit
1513 1439 1699 1505 etiam,
1727 1440 1877 1512 quod
1905 1440 1959 1495 in

340 1536 603 1592 omnibus
628 1549 773 1605 pene
800 1530 1059 1605 gentibus
1109 1535 1301 1584 notum
1330 1528 1513 1598 fuerit,
1543 1537 1765 1605 gentem
1796 1531 1965 1586 Fran-

343 1643 534 1683 corum
589 1641 751 1698 reges
804 1639 869 1678 ex
925 1619 1283 1676 successione
1315 1618 1520 1674 habere
1578 1620 1960 1687 consuevisse,

344 1720 635 1793 proferens
665 1734 834 1789 super
861 1718 966 1772 hoc
1008 1713 1388 1770 testimonium
1418 1714 1564 1769 beati
1597 1714 1842 1790 Gregorii
1867 1733 1964 1787 pa-

344 1834 427 1890 pa:
457 1816 628 1889 (hom.
660 1816 765 1881 10).
815 1812 1048 1881 Subjicit
1076 1810 1243 1865 etiam
1274 1826 1339 1865 ex
1365 1810 1521 1865 libris
1548 1804 1865 1867 Teutonicis
1894 1811 1964 1867 de

344 1927 473 1985 rege
502 1910 744 1980 quodam
773 1905 1128 1962 Hermenrico
1174 1904 1423 1973 nomine,
1452 1906 1548 1977 qui
1579 1923 1801 1962 omnem
1832 1923 1963 1979 pro—

343 2006 566 2082 geniem
594 2021 750 2060 suam
779 2003 943 2058 morti
975 2001 1338 2056 destinaverit
1367 2002 1555 2073 impiis
1590 2003 1842 2058 consiliis
1869 2019 1967 2057 cu-

339 2098 561 2167 jusdam
594 2093 897 2151 consiliarii
926 2093 1034 2160 sui,
1059 2091 1446 2164 supplicatque
1488 2110 1555 2149 ne
1579 2094 1862 2150 sceleratis
1876 2095 1967 2150 hic

346 2187 785 2258 rexfacquiescat
815 2183 1064 2239 consiliis
1088 2182 1302 2254 (GREG.,
1330 2186 1389 2239 in
1403 2187 1660 2258 Evang.),
1683 2185 1782 2240 sed
1804 2186 1968 2240 mise-

294 2322 305 2327 ρ
346 2289 531 2336 reatur
549 2280 733 2356 gentis
764 2279 949 2349 hujus,
995 2285 1048 2333 et
1089 2277 1242 2352 regio
1264 2279 1455 2353 generi
1486 2281 1777 2336 subveniat
1807 2280 1964 2336 deci-

347 2375 520 2443 denti,
555 2381 811 2449 satagens
841 2381 901 2429 ut
930 2373 987 2427 in
1015 2372 1213 2427 diebus
1242 2373 1359 2428 suis
1387 2374 1630 2449 dignitas
1660 2376 1968 2432 successio-

349 2466 437 2519 nis
469 2480 580 2519 suae
609 2463 916 2535 roboretur,
939 2470 993 2518 et
1049 2462 1103 2517 hi
1132 2463 1228 2533 qui
1260 2479 1325 2518 ex
1361 2464 1542 2520 alieno
1572 2482 1775 2539 genere
1806 2484 1967 2541 reges

348 2560 657 2629 exstabant,
687 2559 774 2613 vel
812 2559 1047 2614 existere
1100 2559 1416 2631 cupiebant,
1468 2576 1579 2616 non
1609 2563 1969 2633 praevalerent

349 2658 539 2706 contra
570 2666 690 2718 eos,
709 2649 914 2720 quibus
944 2666 1012 2704 ex
1057 2665 1263 2721 genere
1311 2650 1489 2706 honor
1515 2652 1701 2726 regius
1732 2653 1970 2709 debeba-

348 2754 456 2803 tur.
492 2747 811 2817 Asseritque
837 2762 897 2800 se
946 2745 1169 2801 misisse
1200 2747 1573 2803 Aledrannum
1609 2749 1725 2820 [ms.
1751 2751 1964 2820 Papir.,

350 2842 711 2911 Alerannum]
739 2840 808 2894 ad
879 2840 1139 2895 eumdem
1191 2839 1500 2905 Arnulfum,
1541 2843 1892 2918 suggerendo
1909 2850 1969 2898 ut

350 2947 718 3003 quoscunque
750 2930 856 2984 sibi
906 2931 1169 3001 placeret,
1225 2947 1291 2986 ex
1343 2932 1428 2987 his
1467 2933 1563 3004 qui
1594 2933 1848 2989 Karolum
1879 2950 1969 2990 re-

350 3043 477 3103 gem
524 3025 947 3092 eonstituerant,
1003 3026 1059 3079 in
1118 3043 1281 3083 suum
1363 3045 1595 3104 pergere
1680 3029 1965 3086 servitium

350 3122 694 3194 praeciperet,
732 3122 826 3193 qui
884 3137 1069 3177 coram
1126 3122 1464 3179 sublimitate
1510 3124 1688 3196 ipsius
1729 3126 1845 3180 haec
1896 3124 1968 3179 ita

350 3234 478 3273 esse
508 3216 909 3273 rationabiliter
933 3218 1309 3273 ostenderent.
1335 3219 1611 3294 Flagitans
1630 3221 1796 3277 etiam
1827 3227 1965 3287 orat,

2062 701 2245 757 eidem
2278 697 2393 770 regi
2424 697 2494 751 de
2524 694 2764 750 amicitia
2818 708 2917 747 sua
2973 707 3073 764 per
3118 706 3278 746 suum
3310 690 3562 758 missum,
3595 699 3692 745 aut

2064 809 2164 863 per
2192 807 2293 845 sua
2343 788 2549 859 scripta
2602 785 2764 841 Wido
2822 784 3131 840 remandet.
3171 782 3279 837 Sed
3339 789 3395 836 et
3424 782 3563 845 suis,
3601 781 3691 836 vel

2065 887 2319 944 Ecclesiae
2350 885 2456 940 sibi
2486 882 2794 939 commissae
2853 879 3226 951 compatiatur
3270 877 3515 947 injuriis,
3548 894 3693 951 quas

2066 976 2346 1033 ﬁdelitatis
2392 975 2566 1047 ipsius
2620 987 2785 1028 causa
2852 970 3144 1028 tolerabat.
3215 967 3468 1025 Notiﬁcat
3518 969 3692 1024 etiam

2066 1068 2346 1124 abhatiam
2373 1062 2791 1121 sancti‘Martini
2819 1077 2852 1117 a
2891 1077 3021 1134 rege
3045 1060 3152 1116 sibi
3185 1075 3504 1115 concessam
3541 1060 3690 1132 [ms.,

2066 1162 2463 1233 commissam],
2499 1174 2698 1232 rogans
2725 1164 2890 1213 utres
2917 1156 3059 1225 ejus,
3080 1172 3204 1228 quae
3236 1155 3289 1209 in
3318 1171 3493 1230 regno
3514 1154 3695 1226 ipsius

2064 1261 2240 1320 erant,
2274 1253 2331 1308 in
2363 1269 2463 1308 sua
2494 1249 2669 1306 tutela
2689 1249 2850 1304 Wido
2875 1248 3126 1320 recipiat.

2136 1345 2311 1401 Odoni
2342 1343 2460 1420 regi
2488 1343 2699 1398 litteras
2730 1340 3000 1416 dirigens,
3023 1347 3296 1413 rogatpro
3320 1340 3688 1397 concedenda

2064 1440 2319 1498 Ecclesiae
2371 1437 2722 1494 Laudunensi
2772 1443 2896 1508 post
2948 1436 3242 1492 decessum
3304 1436 3534 1492 Didonis
3565 1435 3698 1506 epi-

2061 1538 2239 1609 sc0pi,
2267 1536 2539 1592 electione
2566 1535 2766 1602 libera,
2799 1534 3105 1589 ostendens
3134 1549 3245 1588 non
3275 1538 3533 1603 oportere
3562 1531 3693 1587 vio-

2061 1635 2239 1690 lenter
2255 1647 2351 1687 eos
2388 1631 2458 1686 ad
2497 1646 2646 1697 eum,
2680 1645 2843 1701 quem
2875 1628 3513 1701 nolint,suscipiendum
3536 1643 3697 1683 com-

2066 1724 2221 1797 pelli.
2254 1724 2515 1777 Precatur
2551 1721 2741 1785 etiam,
2770 1729 2832 1775 ut
2859 1720 3112 1775 eamdem
3145 1721 3443 1776 Ecclesiam
3477 1720 3699 1792 absque

2065 1813 2453 1887 inquietudine
2480 1812 2685 1886 degere
2712 1812 2929 1882 jubeat,
2962 1828 3149 1884 neque
3181 1828 3267 1867 res
3307 1812 3483 1884 ipsius
3505 1827 3535 1865 a
3559 1827 3699 1882 per-

1992 1929 2040 1997 Β
2064 1909 2352 1967 vasoribus
2370 1906 2679 1979 depraedari
2722 1907 2888 1975 sinat,
2920 1922 2993 1961 ne
3010 1907 3286 1978 particeps
3303 1905 3698 1977 diripientium

2067 2006 2180 2073 ﬁat,
2210 2006 2255 2060 si
2295 2004 2424 2059 talia
2476 2001 2596 2057 ﬁeri
2656 2003 2955 2073 permittat.
3007 2002 3206 2058 Karolo
3260 2003 3379 2078 regi
3407 2018 3507 2057 suo
3539 1999 3694 2055 scri-

2066 2101 2226 2165 bens,
2283 2097 2774 2173 indignaturvalde
2827 2097 2935 2152 sibi
2993 2097 3288 2169 perlatum.
3325 2097 3470 2169 quod
3502 2094 3697 2168 pravis

2066 2191 2434 2264 quorumdam
2472 2187 2722 2245 consiliis
2778 2188 2946 2243 vellet
3004 2187 3151 2242 idem
3206 2204 3300 2243 rex
3358 2204 3417 2242 se
3477 2187 3699 2242 sociare

2064 2282 2437 2348 Nortmannis,
2470 2288 2529 2335 ut
2568 2279 2786 2335 illorum
2818 2277 3026 2334 auxilio
3057 2278 3126 2332 ad
3159 2279 3311 2353 regni
3344 2278 3515 2333 decus
3536 2275 3697 2332 obti-

2067 2371 2507 2442 nendumjuvari
2539 2377 2744 2441 posset.
2774 2390 2799 2421 α
2825 2369 2957 2434 Quis
2986 2368 3157 2435 enim,
3177 2368 3381 2440 inquit,
3413 2368 3506 2440 qui
3532 2366 3703 2423 vobis

2067 2467 2208 2521 sicut
2237 2470 2457 2536 Oportet
2475 2461 2655 2518 ﬁdelis
2694 2468 2796 2528 est,
2830 2476 2941 2517 non
2981 2468 3331 2532 expavescat,
3375 2476 3473 2516 vos
3504 2458 3702 2514 inimi-

2069 2578 2258 2618 corum
2287 2560 2384 2614 Dei
2408 2557 2706 2614 amicitiam
2738 2556 2904 2623 velle,
2949 2563 3005 2612 et
3061 2556 3119 2609 in
3142 2555 3354 2610 cladem
3382 2571 3445 2610 ac
3477 2554 3696 2610 ruinam

2069 2654 2311 2710 nominis
2340 2652 2631 2709 Christiani
2699 2667 2914 2727 pagana
2975 2658 3147 2716 arma,
3206 2658 3260 2705 et
3300 2650 3509 2705 hedera
3532 2650 3700 2705 dcte-

2067 2749 2261 2806 standa
2290 2748 2577 2819 suscipere
2609 2746 2637 2800 τ
2666 2747 2813 2802 Nihil
2840 2746 2990 2802 enim
3036 2746 3222 2812 distat,
3253 2754 3435 2799 utrum
3467 2744 3593 2817 quis
3632 2761 3698 2801 se

2067 2842 2299 2914 paganis
2329 2841 2523 2909 societ,
2555 2857 2625 2897 an
2665 2841 2943 2916 abnegato
2983 2841 3096 2896 Deo
3130 2840 3278 2895 idola
3306 2840 3518 2901 adoret.
3555 2840 3692 2895 Nam

2067 2937 2113 2992 si
2153 2939 2236 3005 (ut
2266 2936 2695 3008 ait'Apostolus)
2757 2950 2940 2991 mores
2998 2935 3176 2991 bonos
3214 2934 3492 3006 colloquia
3525 2952 3699 3006 prava

2069 3038 2438 3101 corrumpunt
2461 3032 2506 3099 (I
2541 3032 2642 3088 Cor
2690 3033 2800 3096 xv),
2833 3038 3040 3101 quanto
3100 3030 3276 3104 magis
3314 3030 3700 3101 corrumpitur

2068 3122 2291 3178 castitas
2344 3122 2542 3177 animae
2592 3122 2913 3179 Christianae
2960 3122 3307 3179 ethnicorum
3358 3122 3611 3178 consiliis
3642 3134 3701 3180 et

2068 3217 2334 3274 societate
2364 3216 2392 3270 ἶ)
2423 3217 2613 3288 Neque
2643 3217 2790 3273 enim
2821 3217 3027 3288 poterit
3058 3232 3168 3273 non
3201 3217 3398 3272 imitari
3418 3218 3568 3288 quod
3599 3235 3700 3273 as-

347 3316 408 3364 ut
424 3309 543 3364 haec
560 3308 847 3380 praemissa
872 3308 1115 3382 benigno
1148 3326 1240 3364 rex
1269 3316 1462 3366 tractet
1492 3312 1700 3375 animo,
1732 3320 1786 3368 et
1825 3313 1969 3367 hanc
1991 3298 2040 3368 C
2063 3308 2222 3363 sidue
2279 3307 2498 3376 viderit,
2550 3307 2685 3379 quin
2745 3307 2931 3378 potius
2985 3317 3272 3363 assuescet
3313 3308 3598 3379 paulatim,
3642 3317 3701 3365 et

349 3407 489 3463 sciat
517 3404 696 3477 ipsius
736 3420 864 3459 esse
913 3403 1289 3472 devotionem,
1314 3406 1401 3461 vel
1441 3407 1807 3463 intentionem
1838 3424 1969 3482 erga

350 3502 529 3573 ipsius
558 3498 900 3564 ﬁdelitatem,
932 3504 992 3552 ut
1012 3498 1101 3553 hic
1127 3499 1353 3557 Karolus
1370 3501 1441 3556 ad
1463 3502 1641 3572 ipsius
1672 3502 1966 3558 consilium

350 3591 405 3644 in
445 3589 728 3653 omnibus,
759 3603 882 3658 qua:
940 3595 1162 3644 acturus
1210 3598 1315 3657 est,
1370 3592 1656 3663 respiciat,
1686 3601 1740 3649 et
1789 3594 1969 3664 ipsius

2070 3403 2227 3474 quasi
2245 3403 2465 3459 vinculo
2523 3403 2681 3458 malae
2738 3404 3160 3460 consuetudinis
3189 3405 3439 3459 trahetur
3456 3405 3525 3459 ad
3560 3404 3700 3462 faci-

2069 3514 2190 3553 nus.
2225 3495 2381 3552 Certe
2412 3498 2797 3571 progenitores
2852 3498 3016 3554 vestri
3050 3515 3229 3573 reges,
3262 3497 3516 3569 deposito
3552 3515 3697 3573 gen-

2071 3588 2230 3644 tilitio
2253 3603 2457 3653 errore,
2487 3588 2677 3645 divino
2698 3589 2947 3646 cultuise
2966 3589 3280 3645 sublimiter
3296 3589 3695 3659 subdiderunt,

350 3682 553 3754 pietate
579 3685 732 3735 tutus
759 3678 1047 3747 consistat,
1077 3686 1130 3735 et
1172 3688 1232 3737 ut
1286 3700 1451 3740 nemo
1480 3685 1649 3754 hujus
1669 3685 1817 3759 regis
1848 3688 1970 3742 ani-
2069 3690 2123 3739 et
2153 3685 2311 3740 aDco
2341 3699 2563 3756 semper
2587 3685 2850 3741 auxilium
2880 3685 3269 3757 expetiverunt
3298 3692 3528 3756 propter
3569 3702 3698 3758 quin

348 3792 501 3831 mum
529 3775 597 3830 ab
630 3773 834 3829 auxilio
863 3773 1024 3830 istius
1051 3778 1228 3852 regni,
1259 3780 1347 3835 vel
1376 3780 1629 3851 ejusdem
1662 3782 1842 3839 Karoli
1861 3786 1963 3842 de-

350 3866 572 3921 ﬂectere
593 3865 791 3922 valeat.
823 3865 958 3920 ltem
990 3867 1057 3921 ad
1088 3870 1347 3927 eumdem
1399 3888 1608 3947 regem,
1641 3874 1964 3950 signiﬁcans

349 3957 401 4012 ei
429 3959 498 4013 de
527 3955 789 4013 ﬁdelitate
820 3963 876 4013 et
928 3959 1242 4028 devotione,
1294 3981 1457 4036 quam
1500 3981 1629 4039 erga
1662 3967 1843 4039 ipsum
1868 3970 1964 4024 ha-

348 4051 532 4114 bebat,
565 4055 619 4105 et
647 4049 778 4121 quia
803 4050 859 4104 in
892 4050 1012 4120 ejus
1041 4053 1328 4110 servitium
1344 4056 1412 4111 ad
1444 4057 1621 4128 ipsius
1648 4060 1962 4129 jussionem

346 4158 642 4216 properare
672 4143 1046 4200 desiderabat.
1066 4145 1497 4205 Promissionem
1519 4167 1762 4224 quoque,
1800 4170 1962 4227 quam

348 4254 441 4292 rex
480 4252 613 4291 suus
642 4234 869 4291 Karolus
924 4237 1105 4292 eidem
1162 4240 1409 4307 Arnulfo,
1453 4244 1547 4315 qui
1600 4260 1828 4320 regnum
1857 4246 1963 4301 sibi

345 4328 772 4396 contradiderat,
824 4330 1187 4400 promisisset,
1271 4351 1497 4390 manere
1559 4336 1961 4405 inconvulsam,

346 4431 453 4479 tam
501 4423 554 4477 in
605 4423 724 4493 ipso
794 4437 947 4494 rege,
995 4439 1161 4493 quam
1220 4425 1273 4480 in
1335 4428 1572 4485 subditis
1598 4429 1731 4484 sibi.
1764 4431 1965 4503 thuia

345 4520 685 4586 pr0poneret
740 4512 889 4568 idem
948 4513 1179 4573 Karolus
1244 4517 1489 4576 Odonem
1531 4518 1817 4578 inimicum
1858 4524 1964 4578 sibi

344 4626 555 4684 regem,
588 4619 642 4663 et
667 4609 897 4665 insidias
921 4610 1026 4666 sibi
1097 4631 1435 4690 magnopere
1475 4623 1766 4690 parantem
1797 4619 1964 4674 armis

2065 3787 2121 3833 et
2141 3778 2376 3834 feliciter
2404 3764 2797 3851 regnaverunt,
2864 3788 2919 3836 et
2987 3780 3146 3856 regni
3206 3779 3591 3835 haereditatem
3628 3781 3700 3836 ad

2065 3888 2196 3930 suos
2252 3879 2507 3945 posteros
2562 3875 3008 3932 transmiserunt.
3088 3875 3193 3930 Vos
3247 3882 3476 3930 econtra
3547 3892 3702 3934 nunc

2066 3969 2237 4027 Deum
2268 3969 2600 4042 relinquitis.
2651 3971 2837 4027 Dicam
2892 3978 3064 4037 certe,
3116 3972 3245 4027 licet
3303 3972 3521 4037 nolens,
3564 3973 3700 4044 quia

2066 4062 2237 4118 Deum
2286 4060 2622 4133 relinquitis,
2662 4078 2787 4119 cum
2840 4078 2939 4120 vos
2978 4062 3101 4131 ejus
3154 4062 3408 4119 hostibus
3449 4063 3696 4120 sociatis.

2067 4152 2221 4209 Unde
2249 4160 2304 4208 et
2332 4152 2528 4208 merito
2560 4154 2886 4224 prophetica
2940 4154 3036 4208 illa
3064 4168 3169 4211 vox
3199 4154 3269 4209 ad
3289 4168 3387 4209 vos
3413 4153 3697 4229 dirigitur,

2067 4261 2189 4316 quae
2212 4234 2489 4316 quondam
2511 4245 2585 4299 ad
2612 4260 2800 4320 regem
2825 4245 2932 4317 (25)
2967 4246 3135 4302 Israel
3167 4244 3370 4302 similia
3401 4245 3699 4303 facientem

2067 4341 2279 4396 directa
2306 4347 2428 4396 est:
2458 4343 2628 4409 Impio
2656 4343 2863 4412 pmch
2895 4344 3193 4408 auxilium,
3219 4347 3270 4397 et
3298 4344 3384 4398 his
3439 4346 3543 4413 qui
3574 4345 3705 4400 ode-

2067 4437 2194 4488 rant
2217 4436 2385 4488 Deum
2422 4435 2666 4488 amicitia
2712 4433 2969 4502 jungeris
3017 4435 3089 4503 (II
3119 4435 3242 4489 Par.
3279 4433 3414 4504 χιχ).
3452 4434 3516 4489 Et
3546 4446 3701 4491 certe

2066 4523 2507 4601 cumdeberetis
2558 4525 2745 4580 multis
2803 4525 3096 4595 praeteritis
3127 4526 3426 4583 terminum
3461 4546 3701 4600 ponere,

2065 4622 2120 4670 et
2145 4614 2356 4686 rapinis
2381 4620 2437 4669 et
2467 4613 2979 4685 depmdationibus
3004 4630 3311 4686 pauperum
3345 4617 3695 4683 renuntiare,

342 4701 883 4778 aggredi.Wmonau
945 4704 1336 4776 imperatorem
1392 4706 1672 4783 legatione
1736 4726 1960 4765 suarum
1995 4722 2132 4790 Dac
2163 4725 2262 4781 pro
2294 4709 2378 4764 his
2417 4708 2682 4765 omnibus
2737 4708 3124 4780 pmnitentiam
3173 4726 3363 4785 agere,
3424 4728 3576 4768 nunc
3627 4713 3701 4768 ad

342 4793 919 4860 visitanslitterarum,
977 4797 1275 4853 admodum
1333 4799 1466 4854 sede
1517 4799 1690 4870 ipsius
1718 4800 1961 4874 gaudere

342 4886 540 4942 fatetur
576 4885 753 4958 gloria
783 4892 837 4941 et
855 4887 1230 4957 exaltatione;
1266 4890 1449 4945 mirari
1493 4907 1621 4947 vero
1645 4900 1813 4964 atque
1847 4901 1962 4946 tur-

341 4978 482 5044 bari,
514 4975 645 5049 quia
666 4976 857 5031 multis
899 4978 1107 5034 nuntiis
1142 4980 1256 5050 jam
1299 4983 1466 5057 longo
1505 4989 1753 5054 tempore
1785 4990 1961 5038 trans-

341 5082 463 5128 acto
493 5072 601 5128 sibi
629 5072 843 5144 aliquid
864 5074 934 5128 de
994 5081 1137 5129 statu
1180 5082 1233 5130 et
1282 5077 1650 5148 prosperitate
1680 5093 1779 5132 sua
1808 5077 1957 5134 noti-

342 5161 607 5219 ﬁcaverit.
668 5166 861 5220 Exorat
912 5174 1117 5233 autem,
1165 5173 1225 5221 ut
1253 5168 1368 5242 regi
1400 5184 1501 5223 suo
1535 5167 1731 5224 Karolo
1762 5166 1960 5223 suffra-

338 5254 489 5326 gium
520 5254 827 5325 impendat,
870 5265 928 5309 et
957 5255 1082 5310 talis
1111 5271 1241 5332 erga
1271 5258 1451 5329 ipsum
1484 5259 1705 5324 cxistat,
1735 5260 1955 5331 qualem

341 5364 465 5403 eum
492 5364 623 5423 erga
653 5350 1027 5422 pr0pinquum
1059 5353 1296 5409 existere
1327 5354 1509 5420 decet,
1539 5363 1594 5411 et
1633 5362 1694 5410 ut
1723 5354 1960 5410 celerius

339 5443 492 5497 illum
522 5442 665 5497 scire
724 5441 906 5509 faciat,
967 5446 1188 5515 qualem
1231 5447 1574 5505 voluntatem
1605 5449 1957 5521 circaipsum

338 5532 558 5589 habeat.
590 5534 662 5588 De
694 5534 920 5591 Arnulfo
978 5552 1202 5610 quoque
1271 5553 1400 5613 rege
1450 5538 1749 5616 signiﬁcat,
1805 5540 1957 5612 quod

339 5643 449 5684 non
480 5629 614 5683 velit
655 5627 840 5683 eidem
896 5630 1117 5688 Widoni
1176 5651 1366 5707 pacem
1415 5652 1654 5692 servare.
1698 5626 1965 5692 Karolum

334 5719 579 5794 denique
609 5721 728 5776 sedi
782 5723 1095 5792 apostolicae
1151 5743 1305 5782 suam
1374 5729 1662 5800 epistolam
1690 5727 1950 5801 dirigere,

332 5811 680 5869 orationibus
717 5828 777 5867 se
839 5817 1280 5872 commendando
1326 5836 1506 5891 papze,
1553 5828 1719 5892 atque
1778 5821 1953 5892 ipsius

332 5908 528 5968 petens
560 5901 809 5959 roborari
835 5901 1247 5971 benedictione,
1277 5914 1332 5961 et
1354 5914 1413 5962 ut
1448 5907 1595 5962 idem
1620 5925 1764 5979 papa
1787 5910 1951 5980 hujus

402 6000 515 6071 (25)
556 6001 694 6057 Sunt
721 5999 887 6057 verba
914 5999 1054 6055 Jchu
1078 6001 1147 6055 ad
1179 6000 1443 6072 Josaphat
1474 6018 1662 6076 regem
1690 6005 1855 6062 Juda.

1296 6470 1309 6474 “
1398 6472 1431 6476 α
1516 6472 1559 6478 -
1638 6475 1693 6482 4—
1774 6477 1825 6484 Δ
1884 6481 1911 6486 _
2000 6483 2029 6486 _

2061 4806 2327 4876 majorem
2381 4805 2516 4860 iram
2570 4806 2665 4860 Dei
2734 4805 3162 4876 provocandam,
3224 4806 3311 4862 his
3364 4808 3458 4878 qui
3519 4809 3694 4865 Deum

2061 4901 2342 4976 ignorant,
2366 4906 2423 4956 et
2476 4900 2531 4955 in
2582 4917 2680 4956 sua
2716 4899 2933 4956 feritate
2981 4898 3291 4965 conﬁdunt,
3323 4917 3424 4957 vos
3452 4903 3701 4972 conjun-

2060 4997 2211 5072 gitis.
2246 4995 2465 5052 Credite
2523 4995 2682 5063 mihi,
2730 4996 2862 5068 quia
2914 5011 3195 5068 nunquam
3241 4996 3324 5054 sic
3371 4998 3593 5073 agendo
3620 4998 3696 5057 ad

2061 5109 2297 5169 regnum
2350 5092 2711 5163 pervenietis,
2771 5092 2882 5148 imo
2940 5092 3206 5148 velociter
3250 5092 3540 5165 disperdet
3592 5110 3696 5151 vos

2060 5185 2227 5251 Deus,
2285 5199 2449 5256 quem
2514 5183 2760 5239 irritatis.
2808 5184 3086 5239 Hactenus
3135 5184 3363 5256 quidem
3418 5185 3491 5241 de
3531 5184 3698 5242 vobis

2059 5275 2291 5331 meliora
2338 5275 2672 5346 sperabam:
2735 5291 2883 5332 nunc
2912 5276 3076 5333 video
3113 5292 3212 5334 vos
3270 5295 3396 5334 cum
3428 5278 3695 5335 omnibus

2059 5364 2490 5439 consanguineis
2538 5366 2657 5438 [ms.
2674 5365 2728 5435 j,
2782 5368 3000 5437 Papir.,
3055 5368 3463 5440 consentaneis]
3491 5373 3698 5429 vestris

2062 5458 2390 5528 periturum,
2420 5457 2465 5533 si
2499 5464 2682 5513 tamen
2713 5457 2817 5513 hoc
2832 5473 2962 5512 vere
2988 5457 3158 5513 vultis
3188 5474 3376 5533 agere,
3403 5466 3459 5514 et
3484 5460 3697 5519 talibus

2057 5548 2306 5604 consiliis
2333 5548 2710 5621 acquiescere.
2769 5549 2981 5604 Revera
3038 5548 3132 5621 qui
3183 5550 3293 5605 tale
3343 5549 3504 5606 vobis
3555 5551 3696 5610 dant

2055 5640 2369 5709 consilium,
2404 5656 2515 5697 non
2548 5639 2763 5710 ﬁdeles,
2796 5642 2895 5697 sed
2928 5658 3028 5715 per
3055 5642 3243 5699 omnia
3273 5644 3532 5701 inﬁdeles
3562 5662 3693 5704 esse

2054 5735 2508 5805 comprobantur,
2542 5752 2684 5809 quos
2722 5737 2768 5791 si
2829 5737 3023 5792 audire
3062 5736 3370 5805 volueritis,
3403 5746 3691 5799 terrenum

2052 5813 2215 5878 simul
2246 5832 2302 5880 et
2328 5827 2550 5882 cceleste
2583 5843 2812 5903 regnum
2867 5828 3151 5883 amittetis.
3188 5828 3465 5901 Deprecor
3496 5830 3690 5904 itaque

2052 5928 2150 5970 vos
2170 5931 2269 5986 per
2324 5917 2519 5985 Deum,
2553 5924 2612 5974 ut
2659 5919 2768 5975 tale
2828 5920 3100 5976 deseratis
3150 5920 3468 5991 consilium,
3498 5940 3687 5997 neque
