3912 6420
175 370 291 427 277

841 363 1171 420 HISTORUE
1210 364 1545 420 ECCLESUE
1584 365 1917 421 REMENSIS
1958 367 2135 423 LIBRI
2178 369 2512 433 QUATUOR.
2539 403 2610 413 —
2649 372 2774 427 LIB.
2817 374 2903 428 ιν.

3442 376 3548 432 278

174 524 370 581 velitis
398 538 499 580 vos
562 521 621 575 in
671 524 943 575 aeternum
1007 517 1358 588 praecipitare
1413 517 1719 586 interitum,
1774 525 1829 573 et
1856 520 2188 595 Adeneget,
2221 537 2325 577 nec
2355 538 2482 578 eum
2511 530 2781 595 perpetuo
2833 525 3183 581 anathemate
3223 525 3549 581 innodatum

176 616 321 671 mihi
352 612 705 683 caeterisque,
754 608 849 681 qui
880 608 1187 664 secundum
1244 608 1417 662 Deum
1446 607 1605 664 vobis
1630 605 1826 663 fideles

179 714 335 774 sunt,
360 704 554 761 aeterni
586 701 801 758 doloris
821 698 1021 754 afferre
1053 698 1429 769 dispendium.
1456 698 1651 753 Melius
1673 699 1822 754 enim

180 800 362 855 fuerat
385 814 488 854 vos
515 811 629 851 non
677 792 853 861 nasci,
885 806 1051 863 quam
1080 789 1287 845 diaboli
1337 791 1644 861 patrocinio
1677 791 1819 846 velle

180 910 443 969 regnare,
492 898 547 947 et
594 890 722 946 illos
742 890 964 959 juvare,
1007 904 1148 961 quos
1177 887 1460 943 deberetis
1502 901 1604 958 per
1632 887 1820 942 omnia

179 988 535 1060 impugnare.
589 984 790 1040 Sciatis
842 983 1016 1049 enim,
1048 982 1181 1055 quia
1210 982 1257 1037 si
1308 982 1417 1037 hoc
1446 979 1715 1047 feceritis,
1767 986 1822 1035 et

180 1081 385 1136 talibus
422 1077 675 1134 consiliis
704 1075 1117 1149 acquieveritis,
1150 1089 1434 1146 nunquam
1475 1089 1566 1128 me
1596 1071 1818 1127 fidelem

179 1168 479 1236 habebitis,
509 1167 611 1223 sed
643 1172 707 1222 et
728 1180 1092 1238 quoscunque
1134 1169 1366 1235 potuero
1396 1179 1428 1216 a
1455 1169 1640 1217 vestra
1680 1159 1819 1216 fide-

178 1259 335 1313 litate
368 1256 668 1323 revocabo,
716 1262 922 1310 etcum
980 1252 1242 1307 omnibus
1275 1249 1627 1321 coepiscOpis
1681 1249 1822 1305 meis

177 1363 279 1402 vos
322 1353 377 1401 et
407 1361 607 1402 omnes
640 1350 859 1398 vestros
889 1340 1401 1407 excommunicans,
1444 1346 1652 1393 aeterno
1683 1354 1816 1392 ana-

180 1441 429 1494 themate
482 1436 893 1493 condemnabo.
964 1435 1068 1490 Pro
1125 1432 1393 1488 fidelitate
1445 1448 1609 1503 quam
1657 1431 1818 1487 vobis

175 1544 361 1595 servo,
392 1529 514 1583 haec
544 1524 933 1602 gemebundus
960 1523 1166 1589 scribo,
1208 1521 1471 1594 quoniam
1502 1521 1667 1592 cupio
1713 1537 1813 1577 vos

172 1620 484 1676 secundum
532 1618 707 1672 Deum
738 1624 794 1672 et
848 1615 1112 1671 saeculum
1143 1629 1367 1685 semper
1417 1628 1538 1667 esse
1570 1613 1809 1668 honora-

175 1721 313 1779 tum,
347 1718 403 1767 et
433 1727 547 1766 non
576 1710 816 1776 Satanae,
851 1708 951 1763 sed
981 1707 1180 1763 Christi
1208 1705 1505 1775 adjutorio,
1538 1705 1607 1759 ad
1651 1704 1808 1759 debi-

175 1813 289 1859 tum
343 1803 504 1859 vobis
555 1801 934 1858 conscendere
991 1798 1151 1875 regni
1200 1797 1498 1870 fastigium.
1558 1797 1808 1870 Regnum

178 1898 330 1952 enim
366 1896 517 1968 quod
557 1896 707 1951 Deus
735 1894 847 1959 dat,
879 1892 1097 1949 ﬁrmum
1143 1893 1308 1948 habet
1340 1892 1763 1947 fundamentum
1797 1909 1813 1957 ;

170 1987 321 2058 quod
376 2000 507 2041 vero
569 2000 671 2056 per
727 1982 1054 2053 injustitiam
1111 1989 1167 2037 et
1226 1982 1452 2054 rapinas
1509 1981 1818 2053 acquiritur

169 2075 440 2129 caducum
469 2078 575 2138 est,
606 2078 662 2126 et
692 2072 801 2127 cito
831 2070 1170 2138 decidivum,
1203 2086 1309 2125 nec
1340 2070 1543 2141 poterit
1571 2070 1666 2125 diu
1695 2085 1818 2140 per-

170 2184 421 2223 manere.
468 2186 495 2217 ι)

240 2262 532 2319 Lamberto
580 2260 903 2332 imperatori
935 2258 1428 2335 congratulationis
1456 2256 1807 2328 apices'diri-

170 2368 329 2428 gens,
360 2350 609 2407 notificat
640 2351 773 2422 quid
821 2349 926 2405 sibi
959 2349 1030 2404 de
1060 2349 1180 2420 ipso
1239 2348 1478 2402 domnus
1508 2363 1651 2417 papa
1683 2346 1810 2401 For-

170 2456 358 2496 mosus
384 2440 504 2495 suis
558 2438 759 2494 litteris
796 2437 1134 2493 intimaverit
1165 2454 1179 2490 :
1218 2436 1369 2507 quod
1408 2435 1622 2490 scilicet
1651 2450 1806 2489 eum-

171 2533 295 2588 dem
326 2532 727 2603 imperatorem
759 2531 993 2586 multum
1040 2530 1325 2603 dirigeret,
1355 2534 1411 2582 et
1449 2528 1506 2582 in
1546 2527 1807 2583 omnibus

170 2628 218 2682 ei
248 2627 573 2694 consulere,
598 2626 723 2682 loco
762 2624 1071 2681 charissimi
1102 2621 1224 2689 ﬁlii,
1270 2628 1438 2692 atque
1484 2620 1807 2675 indissocia-

169 2717 334 2773 bilem
364 2717 535 2773 vellet
574 2716 645 2771 ad
696 2732 824 2772 eum
862 2730 1085 2770 servare
1138 2711 1515 2770 concordiam.
1550 2711 1807 2767 Hortatur

172 2825 301 2881 ergo
360 2809 513 2864 hunc
556 2808 891 2880 principem,
950 2813 1005 2862 et
1059 2804 1414 2861 admonendo
1473 2803 1704 2878 ﬂagitat,
1748 2810 1805 2857 ut

170 2907 328 2956 tantae
350 2899 684 2973 benignitati
713 2898 964 2968 ejusdem
996 2912 1153 2968 papae
1182 2902 1371 2971 gratus
1395 2894 1613 2961 existat,
1644 2893 1801 2949 illum

172 3003 226 3049 ut
252 3002 470 3066 patrem
519 2994 830 3066 piissimum
887 2992 1102 3066 diligat,
1142 3005 1479 3060 omnemque
1527 2990 1608 3044 illi
1661 2988 1799 3043 fide-

169 3089 400 3157 litatem,
457 3095 513 3146 et
569 3089 947 3147 obedientiam
1001 3093 1203 3156 servet,
1263 3085 1496 3157 ejusque
1551 3084 1798 3149 monitis,

1925 614 2430 687 irrecuperabiliter
2461 618 2641 688 perire
2671 620 2856 687 sinat;
2886 620 2986 675 sed
3039 638 3203 692 quam
3232 625 3309 681 illi
3347 628 3547 699 placet,

1926 709 2308 778 paenitentiam
2332 717 2385 766 et
2406 711 2798 768 satisfactionis
2817 730 3133 771 mensuram
3164 718 3243 773 illi
3275 720 3545 796 injungat.

1923 796 2091 852 Nobis
2119 798 2284 853 etiam
2316 805 2371 853 et
2398 799 2671 856 universis
2702 802 2889 866 Italiae,
2925 804 3011 858 vel
3041 804 3226 861 Galliae
3248 808 3547 881 episcopis,

1921 886 2124 957 quibus
2153 887 2224 942 de
2249 889 2371 958 ejus
2394 889 2751 946 damnatione
2792 892 3030 964 scripsit,
3064 894 3306 951 vicissim
3335 899 3405 953 de
3450 915 3550 954 sua

1920 975 2304 1032 misericordia
2331 979 2467 1049 quid
2496 980 2650 1034 illum
2683 996 2869 1053 agere,
2903 990 2958 1037 et
2995 984 3232 1056 qualiter
3260 1002 3385 1044 esse
3415 1003 3548 1045 con—

1920 1066 2126 1132 veniat,
2147 1068 2377 1123 rescribi
2402 1070 2615 1138 jubeat.
2663 1096 2688 1120 ιο

1990 1203 2228 1259 Albrado
2259 1205 2375 1277 regi
2415 1205 2805 1264 Transmarino
2836 1209 3159 1266 amicabiles
3184 1210 3395 1267 litteras
3425 1212 3548 1269 mit-

1920 1298 2063 1360 tens,
2096 1299 2279 1366 grates
2307 1293 2494 1362 refert,
2525 1296 2655 1367 quia
2686 1304 2795 1352 tam
2836 1299 3043 1354 bonum
3074 1300 3249 1356 virum
3284 1309 3339 1357 et
3374 1303 3546 1359 devo-

1919 1387 2035 1435 tum
2063 1383 2566 1456 ecclesiasticisque
2596 1386 2803 1459 regulis
2851 1396 3249 1462 congruentem
3303 1392 3547 1447 destina-

1915 1471 2053 1525 verit
2106 1473 2432 1543 episcopum
2510 1475 2566 1529 in
2625 1475 2846 1531 civitate
2922 1478 3233 1552 Cantaburg
3288 1481 3538 1537 nomine.

1913 1560 2172 1616 Audierat
2221 1562 2391 1630 enim,
2423 1565 2574 1635 quod
2626 1567 3101 1636 perversissimam
3147 1571 3287 1642 [ms.,
3325 1586 3545 1641 perver-

1912 1653 2199 1725 tissimam]
2229 1666 2435 1711 sectam
2465 1657 2749 1730 paganicis
2777 1661 3061 1717 erroribus
3087 1670 3354 1731 exortam,
3386 1670 3441 1718 et
3483 1664 3539 1719 in

1914 1745 2007 1800 illa
2035 1753 2201 1819 gente
2228 1753 2361 1802 tunc
2387 1764 2563 1820 usque
2593 1749 2864 1817 relictam,
2915 1754 3069 1809 verbi
3100 1771 3367 1811 mucrone
3395 1763 3540 1812 sata-

1843 1843 2069 1917 Bgeret
2114 1846 2422 1910 amputare.
2481 1842 2612 1907 Quae
2655 1850 2806 1898 secta
2851 1860 3154 1919 suggerere
3209 1848 3542 1905 videbatur:

1917 1933 2196 2003 episcOpis
2242 1939 2297 1987 et
2326 1934 2665 2005 presbyteris
2703 1936 3152 1994 subintroductas
3190 1941 3393 1996 habere
3429 1955 3572 1997 mu-'
3610 1984 3615 1987 -

1917 2022 2085 2077 lieres
2116 2039 2130 2086 ;
2190 2022 2261 2076 ad
2288 2022 2633 2095 prepinquas
2662 2040 2884 2097 quoque
2913 2027 3137 2098 generis
3166 2028 3272 2091 sui,
3304 2029 3545 2103 quisque

1915 2112 2104 2174 vellet,
2137 2112 2403 2166 accedere
2433 2112 2664 2184 insuper
2693 2120 2748 2169 et
2772 2122 3015 2171 sacratas
3054 2117 3166 2173 Deo
3200 2118 3434 2175 feminas
3463 2120 3545 2175 in-

1912 2206 2150 2267 cestare,
2189 2206 2244 2254 et
2282 2215 2508 2255 uxorem
2562 2202 2775 2257 habens
2829 2206 3196 2261 concubinam
3227 2209 3390 2264 simul
3442 2210 3537 2264 ha-

1911 2293 2042 2347 bere
2110 2292 2237 2357 Quae
2293 2293 2501 2356 omnia,
2562 2310 2725 2364 quam
2769 2311 2920 2351 sanae
2972 2296 3103 2353 ﬁdei
3153 2300 3263 2355 sint
3308 2302 3536 2358 adversa

1909 2381 2261 2436 documentis
2285 2381 2600 2437 manifestat
2638 2384 3092 2455 evidentissimis,
3127 2404 3191 2443 ex
3221 2395 3536 2445 sanctorum

1909 2470 2130 2525 Patrum
2184 2470 2428 2541 probatis
2486 2471 2601 2542 [ηις.
2653 2473 2707 2542 j,
2790 2473 3035 2546 prolatis]
3096 2477 3538 2532 auctoritatibus.

1909 2558 2200 2613 Richildim
2232 2560 2502 2633 reginam,
2519 2560 2606 2615 vel
2624 2560 3034 2631 imperatricem
3060 2563 3262 2619 litteris
3288 2580 3538 2620 commo-

1907 2667 2048 2706 nens
2076 2658 2239 2722 atque
2270 2653 2632 2725 redarguens,
2665 2653 2858 2708 dolore
2889 2654 3063 2710 multo
3092 2671 3153 2710 se
3181 2655 3381 2711 fatetur
3409 2672 3537 2713 esse

1907 2750 2246 2814 correptum,
2300 2760 2400 2814 pro
2427 2742 2571 2798 fama
2601 2760 2712 2801 non
2752 2745 2920 2812 bona,
2969 2763 3093 2818 quae
3124 2748 3193 2802 ad
3225 2748 3405 2819 ipsum
3466 2749 3538 2805 de

1905 2831 2036 2896 vita,
2066 2832 2153 2888 vel
2198 2833 2413 2888 actibus
2442 2833 2695 2902 ejusdem
2731 2834 2939 2907 reginae
2985 2844 3312 2905 pervenerat
3340 2855 3354 2893 :
3386 2839 3536 2910 quod

1904 2921 2124 2977 scilicet
2148 2929 2296 2977 esset
2336 2922 2615 2990 diabolus,
2662 2923 2755 2978 ubi
2796 2923 2992 2980 fuisset
3038 2924 3131 2980 illa
3160 2927 3339 2999 magis
3377 2944 3541 2999 quam

1902 3014 2070 3080 Deus,
2121 3029 2247 3068 cum
2294 3013 2475 3069 forent
2521 3015 2666 3070 circa
2696 3015 2845 3070 illam
2890 3024 3014 3087 qna;
3069 3023 3259 3073 contra
3302 3020 3537 3074 salutem

1902 3102 2145 3157 militant
2190 3104 2408 3167 animae,
2464 3104 2519 3158 id
2587 3110 2692 3170 est,
2750 3104 2864 3171 irae,
2923 3104 3073 3171 rixae,
3129 3105 3533 3171 dissensiones,

172 3191 226 3238 ut
252 3201 418 3241 verus
430 3184 601 3251 ﬁlius,
619 3185 987 3255 obtemperet,
1010 3190 1065 3239 et
1089 3184 1281 3239 sedem
1305 3182 1607 3238 Romanam
1630 3182 1800 3257 digna
1831 3167 1881 3237 C
1901 3191 2182 3257 incendia,
2215 3191 2533 3258 homicidia,
2559 3167 2810 3259 luxﬁrim,
2836 3167 3041 3262 papinm
3061 3167 3289 3265 quoque
3322 3167 3536 3266 paupe;

171 3274 527 3330 veneratione
577 3275 834 3329 honoret.
868 3293 898 3324 α
932 3273 1011 3326 lta
1065 3271 1217 3327 enim
1271 3276 1538 3337 vestrum,
1595 3270 1797 3341 inquit,

173 3367 398 3437 perenni
451 3364 732 3421 soliditate
761 3365 1072 3421 stabilietur
1126 3363 1444 3435 imperium,
1504 3369 1560 3417 et
1609 3369 1800 3418 contra

172 3474 359 3514 omnes
408 3457 691 3523 inimicos,
744 3463 800 3511 et
853 3457 1041 3513 hostes
1077 3460 1291 3512 vestros
1347 3454 1595 3510 divinum
1640 3454 1800 3509 vobis

172 3550 431 3605 auxilium
462 3547 873 3624 suffragabitur,
924 3548 1132 3621 fietque
1160 3554 1220 3602 ut
1257 3547 1520 3603 omnibus
1548 3546 1803 3602 adversa-

172 3638 282 3703 riis,
354 3638 550 3695 divino
581 3638 878 3707 adjutorio,
937 3652 1160 3709 semper
1196 3636 1451 3708 superior
1499 3641 1555 3690 et
1609 3633 1805 3690 fortior

170 3727 301 3781 sitis.
322 3725 739 3794 Recordamini,
758 3741 969 3798 quaeso,
998 3725 1253 3781 avunculi
1266 3724 1434 3779 vestri
1450 3731 1504 3780 et
1531 3723 1801 3796 aequivoci

172 3817 441 3874 Lamberti
494 3817 871 3885 illustrissimi,
902 3818 1084 3889 qualis
1135 3832 1266 3889 erga
1297 3824 1542 3872 sanctam
1600 3816 1798 3872 Roma-

173 3922 289 3963 nam
319 3908 517 3964 sedem
574 3906 762 3975 fuerit,
817 3907 1151 3980 qualemque
1203 3909 1409 3964 exitum
1466 3914 1801 3964 consecutus

170 4000 255 4067 sit,
278 4007 332 4055 et
387 4004 554 4056 caute
585 4015 655 4054 ne
711 3999 767 4055 in
814 3999 962 4055 idem
994 4000 1311 4071 exemplum
1366 3999 1698 4067 deveniatis,
1750 3998 1798 4054 si

174 4091 376 4163 aliquid
405 4090 596 4147 simile
626 4106 790 4166 agere
818 4090 1126 4147 volueritis.
1161 4093 1433 4148 Domuum
1465 4090 1630 4146 etiam
1662 4107 1797 4161 apo-

176 4182 426 4238 stolicum
448 4181 854 4252 deprecamini,
881 4188 941 4237 ut
970 4199 1096 4237 eum
1128 4183 1386 4257 dignetur
1409 4182 1720 4245 absolvere,
1744 4189 1799 4236 et

177 4288 269 4341 pro
319 4272 414 4328 illo
456 4272 609 4343 apud
655 4272 829 4327 Deum
869 4271 1232 4327 intervenire.
1296 4271 1397 4326 Pro
1455 4287 1541 4325 me
1573 4287 1796 4343 quoque

176 4362 433 4418 attentius
464 4362 706 4433 postulo,
738 4369 799 4417 ut
827 4362 948 4432 ejus
971 4362 1106 4417 mihi
1137 4362 1584 4418 benevolentiam
1611 4362 1796 4417 conci-

178 4451 338 4524 lictis,
384 4458 668 4527 quatenus
696 4459 807 4507 tam
838 4452 906 4507 de
952 4468 1064 4517 me,
1105 4467 1272 4523 quam
1329 4452 1495 4506 etiam
1546 4452 1616 4506 de
1665 4452 1800 4507 sede

1900 3299 2044 3349 rum,
2092 3283 2453 3352 pervasiones
2492 3283 2875 3338 ecclesiarum.
2908 3284 2985 3339 De
3031 3285 3238 3356 quibus
3277 3287 3538 3343 omnibus

1900 3374 2087 3429 debita
2114 3373 2495 3429 sollicitudine
2542 3380 2598 3428 et
2653 3374 2913 3443 pastorali
2965 3375 3254 3449 diligentia
3285 3393 3531 3434 commo-

1903 3472 2031 3521 neat
2062 3482 2206 3529 eam,
2240 3472 2297 3520 ut
2327 3465 2591 3521 tranferat
2617 3482 2677 3522 se
2709 3467 2780 3524 de
2810 3469 2979 3525 tantis
3004 3470 3165 3526 malis
3194 3472 3261 3527 ad
3295 3471 3533 3527 fructum

1901 3565 2123 3612 aeternae
2154 3557 2384 3612 salutis:
2420 3573 2739 3629 proponens
2777 3559 2828 3615 ei
2874 3562 3244 3632 quadrivium,
3279 3564 3364 3619 vel
3394 3581 3532 3637 qua—

1903 3645 2116 3719 drigam
2164 3647 2451 3716 virtutum,
2482 3662 2646 3718 quam
2706 3663 2998 3705 assumens
3028 3656 3083 3705 et
3110 3653 3414 3708 ascendere
3447 3652 3532 3707 ni-

1904 3746 2046 3805 tens,
2106 3740 2490 3811 apprehendat
2542 3755 2609 3795 ea
2664 3757 2789 3812 quae
2842 3748 2973 3796 sunt
3023 3743 3334 3813 sapientiae,
3371 3752 3535 3816 atque

1901 3830 2305 3897 sanctimoniae,
2347 3845 2411 3884 ac
2440 3828 2720 3885 felicitatis
2748 3836 2987 3885 eterna.
3019 3831 3278 3887 Velamen
3308 3849 3532 3905 quoque

1902 3918 2120 3987 Christi,
2162 3920 2312 3991 quod
2359 3926 2733 3990 assumpserat
2777 3919 3082 3985 viduitatis,
3145 3920 3529 3993 incorruptum

1896 4030 2117 4069 servare
2145 4013 2416 4081 studeret,
2444 4019 2503 4068 ut
2543 4013 2679 4068 illud
2708 4014 3032 4070 inviolatum
3080 4015 3192 4071 Deo
3222 4032 3530 4087 repraesen-

1898 4113 2014 4161 tare
2046 4112 2252 4176 posset,
2286 4122 2390 4161 nec
2421 4121 2722 4177 properare
2747 4106 2880 4163 velit
2930 4107 2999 4162 ad
3027 4106 3254 4174 inferos,
3288 4114 3347 4163 ut
3373 4107 3531 4164 inve-

1898 4194 2015 4248 niat
2044 4194 2436 4251 inaestimabile
2470 4195 2673 4249 malum
2730 4196 3047 4263 multarum,
3081 4213 3217 4268 quas
3248 4197 3297 4252 ei
3329 4212 3531 4268 propa-

1900 4284 2015 4339 lare
2073 4284 2289 4353 nititur,
2338 4285 2708 4342 miseriarum.
2754 4286 3181 4357 Perpendat,‘si
3235 4293 3317 4341 est
3356 4287 3533 4342 amica

1899 4377 2018 4442 Dei,
2051 4378 2136 4432 vel
2190 4392 2369 4434 soror.
2404 4378 2558 4443 Quod
2616 4378 2660 4432 si
2693 4393 2804 4433 non
2836 4385 2919 4433 est
2966 4379 3088 4434 sine
3116 4378 3532 4435 intermissione

1901 4466 1993 4520 det
2017 4482 2248 4536 operam
2271 4468 2404 4537 (Tit.
2431 4468 2508 4536 ιι),
2534 4474 2595 4521 ιιι
2624 4483 2747 4523 esse
2774 4468 2969 4538 possit,
2994 4473 3049 4522 et
3075 4468 3123 4523 si
3150 4484 3262 4524 non
3289 4468 3531 4523 candore

178 4539 432 4598 RemenSi
460 4542 784 4598 mercedem
812 4541 1073 4616 dignetur
1100 4541 1326 4606 habere:
1359 4547 1414 4596 θί
1444 4556 1545 4596 sua
1574 4540 1654 4596 ίῙῙί
1687 4541 1800 4611 Ρΐί·
1829 4541 1882 4609 D
1906 4554 2257 4626 virginitatis,
2312 4555 2495 4610 studio
2568 4562 2751 4611 tamen
2822 4556 3180 4613 continentiae
3253 4557 3528 4623 salutaris,

177 4636 371 4712 vilegia
415 4636 816 4693 inviolabiliter
862 4636 1164 4700 custodire,
1220 4636 1364 4692 sicut
1399 4650 1596 4691 omnes
1626 4635 1800 4690 sancti

179 4729 617 4796 przedecessores
646 4728 822 4799 ipsius
850 4743 1074 4798 semper
1121 4726 1320 4783 fecisse
1354 4733 1695 4782 noscuntur:
1747 4732 1802 4780 et

180 4815 221 4867 si
250 4816 450 4889 aliquis
496 4831 743 4888 unquam
775 4815 840 4887 [j,
872 4815 1244 4887 nequaquam]
1286 4830 1450 4870 aures
1489 4815 1800 4870 clementiae

181 4904 346 4975 ipsius
371 4908 708 4981 inquietare,
743 4914 799 4962 et
827 4907 896 4961 de
940 4907 1104 4963 nobis
1133 4905 1575 4980 sinistrizaliquid
1615 4907 1800 4962 dicere

185 4999 610 5072 prazsumpserit,
644 5014 756 5056 non
788 4999 944 5070 prius
965 4999 1398 5071 obloquentibus
1419 4999 1670 5063 credere,
1700 4998 1801 5054 do-

184 5109 281 5149 nec
308 5111 408 5166 per
432 5112 546 5163 me,
576 5100 670 5150 aut
695 5100 843 5150 certe
876 5110 975 5166 per
1001 5110 1186 5161 suum,
1216 5094 1305 5149 vel
1332 5109 1516 5148 meum
1546 5093 1798 5160 missum,

183 5189 322 5258 quod
373 5205 566 5246 verum
607 5189 700 5256 sit,
750 5189 924 5260 possit
969 5205 1293 5263 agnoscere.
1348 5190 1423 5245 De
1454 5197 1656 5246 caetero
1713 5206 1803 5245 co-

183 5284 404 5350 gnoscat
454 5277 761 5349 imperialis
790 5277 1031 5354 dignitas
1060 5284 1262 5346 vestra,
1296 5278 1637 5349 Ramponem
1670 5294 1799 5350 pro-

186 5367 442 5441 pinquum
472 5376 738 5435 vestrum,
768 5376 823 5426 et
847 5386 1057 5438 meum,
1089 5370 1159 5424 ab
1188 5370 1388 5426 eodem
1419 5370 1625 5427 domno
1664 5385 1799 5442 apo-

184 5462 369 5520 stolico
399 5465 965 5534 excommunicatum,
996 5465 1140 5520 sicut
1158 5482 1225 5520 ex
1254 5466 1376 5536 ejus
1403 5465 1598 5520 litteris
1628 5481 1801 5541 agno-

185 5552 371 5613 vimus.
422 5557 528 5613 Pro
555 5574 668 5630 quo
698 5558 929 5614 obsecro
984 5558 1469 5615 mansuetudinem
1509 5559 1652 5630 [ms.,
1685 5574 1799 5613 ma-

187 5647 545 5723 gnitudinem]
577 5657 838 5720 vestram,
867 5657 926 5706 ut
947 5668 1074 5707 eum
1094 5651 1497 5722 deprecemini,
1528 5658 1804 5724 quatenus

189 5734 260 5792 illi
278 5739 455 5798 locum
480 5742 812 5815 paenitendi,
829 5749 888 5798 et
911 5742 1062 5815 quod
1087 5742 1311 5798 admisit
1335 5742 1670 5800 emendandi
1690 5760 1800 5801 non

1904 4652 2055 4701 recte
2080 4647 2385 4712 credendo,
2419 4647 2589 4702 Deum
2619 4663 2685 4703 ac
2731 4648 3043 4720 proximum
3075 4649 3382 4725 diligendo,
3413 4649 3531 4721 pie-

1904 4739 2027 4794 tatis
2070 4754 2241 4810 Opera
2271 4738 2549 4809 faciendo,
2577 4739 2763 4796 sobrie
2793 4747 2849 4796 et
2894 4740 3043 4810 juste
3071 4747 3125 4796 et
3170 4741 3259 4812 pie
3289 4741 3529 4796 vivendo

1907 4831 2086 4894 (Hebr.
2119 4831 2196 4898 ιιι)
2225 4850 2239 4897 ;
2293 4832 2540 4887 attendat
2568 4838 2627 4886 ut
2655 4832 2822 4887 vitam
2878 4833 3117 4908 corrigat
3146 4834 3329 4888 donec
3360 4833 3526 4888 hodie

1903 4925 2345 4997 cognominatur,
2406 4941 2478 4980 ne
2520 4924 2730 4981 incidat
2783 4926 2837 4981 in
2879 4926 3137 4997 laqueum
3185 4923 3533 4980 confusionis

1901 5020 2143 5080 aeternae,
2178 5014 2308 5069 dum
2343 5030 2453 5070 non
2496 5015 2763 5089 rec0gitat
2785 5031 2951 5088 quam
2991 5014 3257 5070 velociter
3285 5029 3533 5084 praesens

1902 5103 2068 5159 hodie
2097 5111 2354 5159 transeat.
2418 5104 2836 5160 Parcatanimaa
2891 5120 3024 5171 suae,
3082 5110 3137 5157 et
3194 5103 3443 5158 attendat
3472 5110 3533 5159 ut

1901 5197 2015 5252 Deo
2046 5197 2295 5267 proxima
2325 5195 2438 5262 fiat,
2469 5205 2523 5253 et
2555 5197 2825 5252 habeatur
2854 5196 3107 5252 columba
3140 5212 3240 5267 per
3265 5196 3533 5267 simplici-

1900 5293 2069 5341 tatem
2104 5286 2249 5357 [ms.,
2293 5286 2491 5341 habeat
2521 5287 2790 5342 columbae
2811 5284 3245 5357 simplicitatem]
3280 5292 3335 5341 et
3366 5284 3525 5341 inno-

1902 5382 2162 5452 centiam,
2194 5386 2254 5435 ut
2304 5380 2498 5435 audire
2528 5386 2806 5435 mereatur
2840 5396 2872 5435 a
2914 5377 3131 5437 Christo
3177 5397 3303 5436 cum
3336 5379 3535 5437 exierit

1903 5488 1934 5526 e
1961 5488 2214 5544 corpore.
2248 5472 2432 5526 Hiems
2465 5471 2702 5537 transiit,
2755 5479 2809 5527 et
2840 5473 3091 5539 recessit,
3126 5472 3384 5529 columba
3409 5487 3533 5527 mea

1902 5560 2054 5629 veni,
2081 5576 2412 5632 mecumque
2441 5559 2733 5632 requiesce
2761 5561 2943 5633 (Cant.
2974 5563 3059 5630 ιι),
3089 5562 3293 5618 sedens
3319 5560 3376 5615 in
3405 5561 3534 5616 dex-

1904 5661 2019 5710 tera
2071 5655 2246 5710 Patris
2282 5655 2413 5710 mei.
2448 5654 2808 5728 Multumque.
2863 5673 2924 5713 se
2954 5658 3083 5714 ideo
3109 5656 3261 5730 loqui
3309 5655 3528 5717 asserit,

1903 5744 2049 5816 quod
2078 5744 2148 5800 de
2166 5744 2346 5817 ipsius
2374 5744 2550 5801 salute
2576 5744 2880 5816 plurimum
2907 5746 3181 5803 sollicitus
3211 5744 3303 5811 sit,
3329 5750 3528 5814 optans
