3912 6452
349 452 457 506 279

1480 432 1847 491 FLODOARDI
1892 430 2195 486 CANONICI
2236 429 2565 485 REMENSIS

3597 432 3723 489 280

354 596 415 645 ut
462 602 589 641 vere
620 585 713 639 fiat
743 583 957 657 regina,
1013 580 1263 637 ornando
1307 576 1596 633 virtutibus
1652 573 2009 640 viduitatem,

2131 632 2134 639 _
2167 595 2350 641 tamen
2390 585 2807 661 insurgentibus
2851 585 3253 642 Nortmannicze
3292 589 3726 658 persecutionis

356 696 536 744 suam,
599 692 709 748 prie
739 674 916 730 oculis
946 674 1157 727 habens
1187 671 1331 724 diem
1365 666 1580 730 mortis,
1623 664 1708 719 vel
1741 678 1978 717 resurre-

359 771 559 827 ctionis
605 785 738 830 sua),
777 765 1075 836 audiatque
1127 760 1442 832 Apostolum
1496 758 1810 811 dicentem:
1856 755 1977 809 Evi-

359 862 525 933 gilate
578 857 733 927 justi,
762 863 816 910 et
861 855 1034 908 nolite
1066 866 1295 923 peccare
1328 852 1374 919 (Ι
1425 850 1523 905 Cor
1571 848 1672 913 xv).
1706 847 1805 899 Det
1857 851 1978 897 tan-

361 954 489 1007 dem
543 952 651 1004 Deo
701 963 802 1002 suo
855 945 1109 1017 gloriam,
1151 950 1205 997 et
1258 947 1519 1012 oneretur
1570 939 1801 993 salutem
1850 952 1979 1008 pro-

363 1043 560 1115 priam,
584 1041 815 1093 divertat
835 1053 867 1092 a
887 1036 1050 1098 malo,
1068 1041 1121 1088 et
1150 1033 1313 1088 faciat
1342 1032 1549 1087 bonum
1582 1031 1747 1098 (Psai.
1775 1031 1976 1095 χχχιιι).

363 1136 600 1203 Oratque
641 1136 908 1199 exeptans
936 1134 994 1181 ut
1025 1125 1297 1195 correptio
1324 1140 1422 1178 sua
1452 1131 1507 1178 et
1535 1123 1849 1177 emendatio
1882 1138 1981 1176 ne-

364 1228 601 1286 cessaria
648 1224 996 1294 salubrisque
1054 1222 1405 1292 compunctio
1462 1225 1646 1290 tangat
1690 1234 1784 1273 cor
1839 1217 1982 1285 ejus,

367 1327 425 1376 ut
457 1319 678 1373 tandem
709 1313 1011 1386 aliquando
1045 1311 1334 1382 resipiscat
1363 1310 1568 1366 diaboli
1601 1310 1839 1381 laqueis:
1873 1326 1992 1382 gra-

366 1417 441 1471 tia
472 1428 696 1485 quoque
727 1410 823 1465 Dei
856 1409 1150 1465 resuscitat
1181 1424 1301 1462 eam
1335 1408 1403 1462 de
1434 1406 1708 1478 sepulcris
1735 1405 1991 1461 vitiorum

368 1513 446 1577 (II
499 1511 634 1563 Tim.
693 1506 772 1575 ιι),
806 1512 860 1560 et
909 1510 1124 1558 caetera.
1183 1502 1608 1559 Febricitantem
1666 1518 1889 1575 quoque
1936 1503 1990 1556 in

370 1600 549 1665 malis,
590 1598 755 1652 faciat
802 1611 925 1651 eam
960 1594 1173 1648 firmam
1217 1601 1270 1648 et
1301 1595 1553 1649 stabilem
1604 1594 1767 1660 Deus,
1799 1594 1991 1647 titiam-

369 1707 479 1763 que
508 1690 562 1744 in
592 1690 774 1756 bonis,
804 1695 863 1742 ut
892 1688 983 1742 hic
1010 1687 1141 1741 etin
1172 1693 1377 1740 aeterna
1410 1686 1520 1742 vita
1550 1686 1721 1756 possit
1750 1687 1994 1760 gaudere

371 1795 496 1835 cum
537 1778 764 1833 sanctis.
821 1777 974 1843 Quod
1026 1778 1076 1830 si
1132 1776 1413 1831 consilium
1469 1781 1734 1845 nostrum,
1793 1777 1992 1847 inquit,

2081 677 2398 733 turbinibus
2425 652 2702 749 impediri.
2745 678 2810 733 Ut
2836 684 3021 733 autem
3062 652 3444 749 opportunitas
3473 697 3533 735 se
3563 688 3721 736 tem—
3776 652 3791 667 ’

2083 771 2232 841 poris
2269 769 2564 841 aperuerit.
2589 775 2861 824 maturata
2890 769 3152 826 facilitate
3183 771 3491 843 adimplere
3530 789 3722 828 cona-

2081 864 2147 917 ri.
2191 862 2409 916 lntimat
2430 869 2695 932 praiterea
2728 877 2814 916 res
2847 863 3113 932 quasdam
3143 862 3401 919 Remensi
3444 864 3722 920 Ecclesia:

2083 955 2138 1009 in
2162 954 2336 1025 ipsius
2363 954 2624 1024 parochia
2656 969 2912 1024 perverso
2939 955 3059 1023 jure
3088 971 3120 1009 a
3148 956 3476 1026 quibusdam
3509 973 3722 1027 perva-

2083 1043 2303 1099 soribus
2327 1042 2616 1113 possideri.
2651 1041 2767 1107 Qua
2799 1042 2868 1096 de
2898 1058 3063 1097 causa
3087 1044 3389 1114 expetierat
3421 1044 3722 1099 Arnulfum

2086 1153 2270 1210 regem
2299 1136 2443 1206 apud
2472 1135 2853 1202 Warmaciam,
2895 1142 2954 1189 ut
2991 1134 3110 1206 ipse
3139 1136 3462 1192 Willeberto
3486 1137 3726 1208 praesuli

2092 1228 2258 1296 hujus
2289 1225 2682 1297 praedecessori
2728 1226 3072 1298 praeciperet,
3104 1236 3376 1299 quatenus
3401 1229 3518 1299 ipse
3540 1244 3729 1298 super

2093 1318 2199 1371 hoc
2247 1314 2492 1389 negotio,
2537 1314 2842 1369 secundum
2893 1315 3072 1369 edicta
3112 1332 3382 1371 canonum
3426 1323 3641 1390 ageret.
3682 1315 3728 1368 Α

2095 1428 2204 1483 quo
2227 1411 2439 1466 scilicet
2463 1426 2614 1485 rege,
2646 1410 2791 1465 idem
2830 1412 2993 1466 etiam
3027 1411 3390 1466 Herimannus
3411 1428 3582 1482 super
3613 1412 3729 1466 hoc

2097 1503 2216 1574 ipso
2249 1501 2479 1577 legatus,
2506 1502 2570 1555 ad
2608 1502 2951 1572 praemissum
2976 1504 3297 1573 episeOpum
3330 1502 3506 1557 fuerat
3538 1503 3729 1557 desti-

2095 1599 2272 1646 natus.
2306 1592 2412 1645 Sed
2462 1591 2592 1662 quia
2623 1591 2767 1646 idem
2821 1592 3165 1647 Willebertus
3199 1601 3533 1664 praeceptum
3569 1593 3734 1667 regis

2096 1681 2151 1735 in
2185 1681 2286 1735 hoc
2317 1680 2619 1751 adimplere
2643 1696 2752 1736 non
2783 1681 2979 1751 potuit,
3012 1682 3158 1735 hunc
3186 1698 3417 1736 monens
3450 1690 3629 1757 rogat,
3670 1692 3734 1737 ut

2098 1776 2326 1829 eosdem
2358 1790 2707 1844 pervaseres,
2736 1773 2823 1827 vel
2853 1774 2946 1845 qui
2977 1790 3065 1828 res
3096 1774 3246 1844 ipsas
3279 1774 3589 1846 inquietare
3627 1790 3735 1828 co-

373 1873 683 1936 uudieritis,
708 1870 840 1924 tales
870 1870 1017 1924 vobis
1034 1871 1255 1929 erimus,
1290 1871 1475 1938 quales
1503 1884 1611 1923 esse
1640 1868 1909 1935 debemus,
1932 1871 1991 1923 in
2021 1895 2071 1964 Β
2098 1875 2316 1933 nantur,
2376 1866 2858 1921 animadversione
2934 1867 3201 1922 canonica
3287 1867 3463 1933 feriat,
3528 1866 3635 1921 nisi
3700 1884 3733 1919 a

373 1967 522 2021 omni
547 1966 806 2034 ﬁdelitate
844 1968 893 2018 et
921 1966 1219 2019 reverentia
1255 1968 1418 2033 atque
1446 1964 1625 2019 debito
1662 1967 1902 2028 servitio,
1943 1969 1991 2019 et

375 2056 518 2125 quod
538 2054 622 2107 his
646 2054 892 2107 omnibus
922 2053 1102 2121 majus
1131 2058 1229 2119 est,
1248 2056 1350 2107 erit
1368 2054 1516 2108 vobis
1534 2057 1673 2108 Deus
1700 2056 1993 2123 propitius,

376 2148 519 2200 sicut
541 2148 809 2212 optumus,
842 2147 892 2197 et
916 2159 1154 2198 oramus.
1187 2144 1451 2212 Alioquin
1478 2145 1743 2210 volumus,
1772 2149 1831 2199 ut
1855 2146 1997 2198 scia-

378 2239 449 2292 tis
479 2251 667 2289 revera
704 2236 849 2304 quod
871 2251 977 2305 pro
997 2237 1144 2289 vobis
1166 2236 1417 2291 nolumus
1445 2239 1725 2290 incurrere
1762 2238 2000 2305 oﬂ'ensio—

379 2348 499 2387 nem
547 2332 660 2393 Dei,
693 2331 788 2383 sed
815 2331 1107 2384 secundum
1136 2332 1500 2385 ministerium
1534 2336 1800 2401 nostrum,
1830 2334 2003 2399 facie-

381 2437 500 2475 mus
525 2420 590 2473 de
631 2420 800 2484 vobis,
834 2421 976 2489 quod
1018 2421 1278 2473 canonica
1310 2421 1462 2473 nobis
1498 2420 1655 2489 jubet
1683 2423 1997 2475 auctoritas.

384 2510 538 2576 Quod
551 2525 715 2578 quum
746 2511 948 2563 invitus
966 2511 1249 2576 faciemus,
1283 2512 1417 2565 Deus
1445 2513 1596 2566 testis
1619 2516 1715 2576 est,
1746 2527 1853 2564 non
1866 2513 2006 2564 enim

379 2620 665 2675 possumus
694 2606 963 2659 discedere
1000 2607 1069 2659 ab
1099 2607 1376 2675 Apostolo,
1418 2609 1515 2675 qui
1542 2608 1713 2660 dicit:
1750 2607 2009 2672 Quandiu

388 2695 681 2764 Apostolus
708 2710 827 2748 sum
855 2697 1116 2761 gentium,
1147 2697 1509 2749 ministerium
1538 2711 1720 2750 meum
1748 2698 2009 2765 honoriﬁ-

387 2791 519 2843 cubo
546 2792 719 2856 (Rom.
748 2792 856 2855 x1);
887 2795 980 2842 et:
1010 2790 1107 2842 Dei
1136 2790 1412 2857 adjutores
1439 2805 1626 2844 sumus
1660 2792 1705 2861 (1
1737 2793 1857 2846 Cor.
1894 2790 2006 2860 in);

391 2888 474 2936 et:
529 2885 664 2936 Deus
717 2884 814 2942 est,
862 2880 960 2948 qui
1009 2885 1263 2947 operatur
1312 2884 1377 2935 in
1427 2883 1579 2936 nobis
1630 2883 1855 2952 (Philip.
1902 2884 2006 2953 ii);

391 2978 448 3025 et
477 2988 489 3023 :
523 2972 615 3024 An
643 2971 1066 3038 experimentum
1097 2971 1341 3038 quaeritis
1367 2970 1504 3039 ejus,
1538 2975 1635 3041 qui
1659 2975 1718 3027 in
1736 2990 1819 3028 me
1839 2976 2008 3044 loqui-

393 3064 488 3113 tur
533 3059 824 3115 Christus?
866 3059 921 3112 ΙΙ
970 3060 1089 3113 Cor.
1138 3058 1278 3127 xui.)
1341 3061 1491 3114 Unde
1508 3077 1694 3130 precor
1728 3066 1895 3118 Deum
1950 3066 2009 3118 in

394 3155 723 3209 conscientia
750 3169 887 3219 mea,
943 3158 1004 3207 ut
1056 3154 1368 3209 adhazreunt
1419 3159 1572 3212 cordi
1620 3165 1795 3213 vestro
1847 3160 2009 3213 verba

394 3262 532 3311 mea,
588 3251 641 3300 et
688 3249 803 3316 ipse
847 3247 945 3316 qui
973 3262 1069 3315 per
1126 3262 1207 3300 me
1247 3250 1507 3317 loquitur,
1547 3252 1656 3305 huc
1693 3255 1749 3306 in
1788 3255 2011 3308 auribus
2035 3267 2085 3336 ρ

396 3339 589 3390 vestris
626 3351 728 3404 per
763 3337 996 3403 scipsum
1037 3336 1293 3404 loquatur
1333 3338 1392 3390 in
1428 3339 1585 3392 corde
1635 3345 1828 3394 vestro.
1872 3345 2010 3396 Deus

395 3429 727 3495 omnipotens
783 3426 856 3481 ad
893 3431 1016 3479 vota
1062 3433 1251 3481 nostra
1294 3444 1517 3484 manum
1569 3447 1724 3485 suam
1778 3435 1842 3487 de
1880 3436 2009 3500 ulto,

398 3523 449 3571 et
503 3519 691 3572 liberet
767 3533 859 3571 vos
914 3518 979 3571 de
1050 3518 1348 3573 cccnulento
1400 3520 1563 3589 hujus
1628 3525 1814 3578 saeculi
1879 3541 2014 3594 pro-

397 3610 591 3678 fundo.
1788 3612 1809 3617 “

1047 3680 1258 3736 CAPUT
1282 3682 1367 3736 VI.

710 3754 837 3819 Qua:
864 3753 1094 3807 diversis
1122 3756 1397 3823 scripserit
1428 3758 1711 3825 episcopis.

476 3844 712 3899 Diversis
741 3844 903 3898 etiam
950 3845 1282 3915 praesulibus
1313 3847 1531 3903 diversa
1558 3850 1832 3919 reperitur
1853 3851 2019 3925 idim-

402 3939 547 3993 xissc
578 3938 801 4008 scripta,
834 3937 924 4008 pio
953 3938 1067 3993 sale
1100 3954 1373 4009 respersa,
1405 3947 1459 3994 et
1495 3941 1696 3997 divinis
1724 3948 2025 4004 auctorita-

406 4034 552 4088 tibus
587 4033 809 4099 referta,
852 4033 1109 4087 Flothero
1146 4034 1567 4106 archiepiscopo
1595 4054 1694 4108 pro
1728 4041 1892 4097 rebus
1921 4044 2026 4100 Re-

404 4125 612 4180 mensis
654 4125 912 4181 Ecelesize
944 4125 998 4179 in
1035 4141 1133 4179 sua
1158 4126 1578 4195 conjacentibus
1618 4130 1864 4200 dioecesi,
1900 4152 2024 4206 quae

404 4222 473 4276 ab
525 4221 875 4275 invasoribus
914 4235 1025 4275 non
1070 4221 1347 4276 modicum
1397 4223 1753 4292 patiebantur
1791 4228 2025 4300 dispen—

406 4317 558 4370 dium
587 4332 599 4367 :
633 4329 867 4368 monens
887 4321 942 4366 et
969 4330 1190 4387 rogans,
1220 4323 1279 4370 ut
1309 4332 1520 4371 memor
1541 4318 1834 4376 ministerii
1866 4324 1971 4378 sibi
1995 4342 2025 4379 a

405 4407 515 4460 Deo
547 4403 754 4469 collati,
783 4410 837 4458 et
867 4403 1295 4473 apostolicorum
1333 4414 1756 4477 praeceptorum,
1789 4428 2024 4482 quorum

407 4495 565 4565 plura
595 4492 881 4565 subjungit
908 4492 1180 4563 exempla,
1224 4494 1311 4547 bis
1342 4499 1767 4565 persuasoribus
1787 4503 2029 4559 auctori-

408 4598 515 4645 tate
542 4588 809 4643 canonica
838 4588 1153 4655 interdicat,
1179 4606 1249 4645 ne
1277 4591 1345 4646 de
1374 4596 1540 4647 rebus
1573 4594 1737 4663 hujus
1773 4597 2027 4653 Ecclesia),

2099 1962 2279 2026 erepta
2313 1955 2745 2027 praesumptione
2773 1954 3128 2025 resipiscant.
3164 1957 3451 2010 Decretum
3494 1971 3735 2026 quoque

2099 2048 2407 2120 Symmachi
2437 2064 2595 2118 papae
2638 2047 2819 2101 eidem
2853 2046 3184 2101 Herimanno
3217 2047 3426 2122 dirigit,
3467 2048 3559 2101 ubi
3589 2046 3734 2118 quid

2100 2141 2168 2195 de
2201 2140 2401 2194 talibus
2428 2139 2500 2193 sit
2536 2140 2812 2210 agendum
2842 2137 3293 2193 manifestissima
3327 2138 3501 2208 possit
3539 2155 3733 2192 asser-

2102 2233 2253 2287 tione
2283 2247 2640 2305 cOgnoscere.
2673 2231 2804 2285 [tem
2836 2230 3041 2294 eidem,
3071 2246 3169 2301 pro
3202 2229 3530 2302 quibusdam
3559 2230 3740 2283 rebus

2102 2326 2270 2394 hujus
2292 2324 2551 2379 Ecclesiae
2584 2339 2752 2393 super
2781 2322 3033 2377 Rhenum
3059 2323 3199 2387 sitis,
3224 2323 3279 2376 in
3309 2323 3429 2376 loco
3462 2321 3555 2393 qui
3587 2321 3737 2397 dici-

2105 2422 2193 2469 tur
2248 2413 2476 2468 Bothert
2530 2412 2597 2483 ]j,
2652 2411 2894 2482 Bobert],
2944 2427 3083 2482 quas
3142 2410 3487 2482 Maingaudio
3531 2411 3739 2482 [j,Ma-

2105 2501 2403 2576 gnigaudo]
2458 2500 2942 2555 commendaverat
2976 2516 2988 2552 :
3033 2515 3142 2570 quo
3182 2499 3461 2565 defuncto,
3497 2500 3635 2569 petit
3677 2506 3738 2552 ut

2108 2593 2254 2647 idem
2308 2591 2511 2661 praisul
2569 2590 2935 2645 llerimannus
2976 2605 3069 2643 eas
3123 2590 3380 2644 tutandas
3438 2590 3734 2661 suscipiat.

2109 2686 2408 2752 Quemdam
2463 2684 2626 2739 etiam
2655 2683 2983 2747 Wibertum,
3014 2682 3107 2753 qui
3152 2698 3239 2736 res
3266 2683 3401 2736 alias
3440 2682 3738 2737 Remensis

2111 2777 2373 2833 Ecclesiae
2423 2783 2613 2830 tenere
2661 2774 2972 2839 videbatur,
3025 2774 3435 2840 admoneat,.ut
3483 2790 3577 2828 eas
3608 2791 3736 2829 cum

2112 2868 2350 2922 amicitia
2381 2868 2485 2922 sibi
2526 2865 2795 2921 restituat.
2827 2864 2902 2917 De
2945 2864 3106 2917 rebus
3163 2879 3385 2935 quoque
3444 2864 3734 2934 cujusdam

2109 2958 2342 3021 abbatia:
2374 2955 2479 3009 sibi
2504 2971 2534 3008 a
2564 2969 2695 3027 rege
2719 2967 3022 3014 concessze,
3048 2966 3171 3021 quae
3204 2951 3256 3004 in
3290 2952 3537 3020 partibus
3561 2952 3739 3022 ipsius

2113 3047 2429 3109 Herimanni
2479 3041 2859 3111 eonjacebant,
2920 3046 3072 3112 rogat
3119 3045 3177 3093 ut
3221 3055 3314 3094 eas
3345 3041 3412 3094 ab
3443 3050 3739 3099 extraneo-

2111 3162 2233 3201 rum
2265 3139 2591 3213 pervasione
2623 3134 2909 3201 defendat,
2944 3140 2998 3186 et
3036 3140 3257 3186 cii-tera.
3290 3131 3531 3188 Waltero
3562 3134 3740 3190 Seno-

2115 3233 2302 3290 nensis
2332 3228 2592 3284 Ecclesiae
2623 3222 3065 3293 archiepiscopo,
3118 3237 3218 3291 pro
3254 3238 3416 3276 causa
3458 3222 3743 3297 llildegar-

2114 3324 2201 3379 dis
2241 3318 2555 3382 abbatissae,
2598 3316 2665 3369 de
2697 3328 2803 3385 qua
2832 3310 3034 3381 placita
3064 3310 3318 3381 quzedam
3352 3312 3738 3380 constituerat,

2114 3412 2211 3467 sed
2243 3410 2311 3465 ad
2352 3406 2565 3462 nullum
2604 3404 2750 3458 idem
2781 3401 3074 3465 Walterus,
3106 3401 3306 3471 partim
3348 3403 3740 3472 occupatione,

2118 3504 2315 3576 partim
2338 3498 2655 3554 infirmitate
2688 3510 2934 3567 pressus,
2963 3494 3286 3549 attenderat.
3309 3494 3462 3549 Unde
3494 3498 3745 3565 pnescri-

2120 3596 2198 3649 bit
2224 3593 2430 3657 eidem,
2461 3604 2585 3661 quae
2620 3602 2707 3640 res
2744 3586 2867 3655 ipsa
2894 3583 3059 3638 finem
3093 3583 3395 3657 legitimum
3431 3585 3503 3640 sit
3531 3586 3747 3642 habitu-

2122 3706 2180 3743 ra
2212 3706 2226 3753 ;
2287 3696 2632 3757 precansque
2662 3685 2850 3734 monet
2888 3687 2945 3733 ut
2995 3678 3311 3732 nullatenus
3342 3676 3573 3745 omittat,
3607 3680 3742 3749 quin

2122 3782 2190 3837 ad
2237 3781 2291 3835 id
2323 3779 2582 3851 placitum
2632 3774 2837 3832 veniat.
2894 3773 2948 3827 Si
3006 3786 3138 3827 vero
3188 3786 3296 3825 non
3329 3770 3566 3836 venerit,
3624 3773 3748 3841 ipsa

2121 3882 2328 3937 tamen,
2358 3871 2507 3925 salva
2546 3867 2830 3933 charitate,
2861 3865 3009 3937 quod
3064 3863 3335 3938 agendum
3372 3872 3474 3929 est,
3518 3870 3747 3919 auctore

2127 3965 2258 4029 Deo,
2286 3962 2416 4016 inde
2448 3959 2715 4032 perficere
2746 3955 3039 4011 conabitur
3066 3972 3079 4007 :
3112 3960 3167 4007 et
3195 3952 3341 4023 quod
3391 3951 3660 4006 hactenus
3690 3954 3747 4007 id

2128 4053 2438 4115 distulerat,
2489 4065 2599 4104 non
2626 4046 2784 4120 quasi
2836 4044 3233 4106 auctoritatem,
3265 4049 3359 4097 aut
3391 4040 3746 4115 privilegium

2127 4147 2231 4201 hoc
2264 4143 2464 4217 agendi
2495 4158 2605 4197 non
2637 4139 2883 4204 haberet,
2917 4143 3103 4212 egerat
3136 4153 3150 4201 ;
3210 4135 3308 4189 sed
3340 4134 3527 4204 potius
3582 4150 3748 4189 causa

2126 4233 2443 4288 dilectionis
2480 4231 2678 4302 ipsius,
2707 4244 2872 4300 quam
2900 4244 3000 4299 per
3026 4225 3214 4282 omnia
3239 4223 3558 4281 inviolatam
3575 4239 3756 4279 serva-

2129 4344 2184 4382 re
2224 4326 2500 4396 cupiebat.
2559 4324 2697 4377 Petit
2742 4321 2907 4377 etiam
2967 4327 3024 4375 ut
3080 4318 3363 4390 praefatam
3414 4316 3747 4371 abbatissam

2128 4419 2274 4474 idem
2321 4417 2612 4483 Walterus,
2642 4422 2834 4484 utpote
2883 4414 3284 4467 diaecesaneam
3317 4424 3496 4474 suam,
3523 4425 3752 4480 praemo-

2131 4507 2249 4561 neri
2333 4506 2512 4571 faciat,
2567 4520 2676 4575 quo
2744 4520 2814 4558 ne
2860 4501 3008 4557 velut
3065 4502 3338 4574 ignaram,
3414 4512 3476 4551 se
3533 4513 3563 4550 a
3617 4513 3751 4552 con-

2129 4607 2297 4653 ventu
2351 4598 2526 4668 ipsius
2557 4595 2902 4661 subtrahere,
2962 4594 3059 4649 sed
3104 4594 3290 4664 potius
3333 4590 3424 4644 die
3456 4591 3747 4658 praenomi-

408 4678 647 4748 amplius
681 4693 1015 4748 praesumere
1045 4686 1302 4746 audeant,
1336 4680 1477 4736 sicut
1510 4682 1724 4752 [rectius
1754 4686 1819 4756 si]
1854 4686 2009 4742 oﬂ‘en

2135 4699 2260 4746 nata
2322 4698 2649 4761 praesentem
2708 4690 2928 4744 studeat
3001 4688 3285 4743 exhibere.
3346 4691 3476 4744 Item
3553 4703 3746 4743 conso-

407 4792 524 4831 sam
564 4774 777 4829 domini
828 4780 1255 4846 sanctorumque
1296 4776 1471 4847 ipsius
1521 4779 1806 4836 incurrere
1836 4784 2028 4839 nolint.

410 4866 687 4937 Rostagno
749 4864 1150 4919 Arelatensium
1201 4866 1444 4935 praesuli,
1518 4876 1704 4942 grates
1760 4873 2031 4941 referens,

409 4961 559 5033 quod
608 4976 735 5013 eum
792 4960 861 5013 de
895 4958 1061 5013 rebus
1097 4959 1352 5015 Ecclesiae
1405 4962 1692 5018 ltemensis
1733 4966 2031 5024 sollicitum

411 5072 535 5111 esse
562 5060 926 5124 compererat,
959 5070 1095 5124 quas
1124 5053 1230 5108 sub
1263 5055 1437 5124 ipsius
1467 5058 1838 5127 providentia,
1870 5070 1923 5117 et
1945 5070 2028 5118 tu-

412 5144 519 5200 tela
572 5142 972 5207 eonstitucrat;
1031 5142 1130 5196 sed
1170 5143 1435 5199 audiebat
1489 5162 1583 5200 eas
1621 5165 1651 5202 a
1698 5150 2030 5220 quibusdam

413 5240 598 5310 pravis
652 5240 1004 5294 invasoribus
1078 5240 1348 5307 infestari,
1400 5243 1485 5296 vel
1542 5248 1815 5317 usurpari.
1880 5249 2031 5305 Unde

414 5335 682 5400 hortatur,
738 5342 797 5389 ut
839 5337 1068 5392 eosdem
1125 5353 1470 5408 pervaseres,
1524 5340 1629 5394 nisi
1680 5341 2030 5411 resipiscam,

411 5423 659 5478 districta
689 5428 950 5495 percellat
985 5430 1577 5497 excommunicatione,
1610 5432 1653 5486 si
1687 5448 1796 5487 non
1818 5433 2032 5501 judieet

414 5531 527 5570 rem
554 5515 869 5583 hujusmodi
899 5518 965 5571 ad
993 5520 1349 5590 apostolicam
1383 5523 1571 5577 sedem
1604 5522 1828 5577 deferri.
1876 5525 2030 5579 Heri-

412 5624 617 5663 manno
650 5609 1179 5682 Aggrippinensium
1234 5617 1659 5687 arcliiepiseOpo
1704 5618 2029 5691 significans

410 5716 470 5754 se
499 5698 818 5754 desiderare
849 5714 971 5754 cum
1011 5702 1131 5771 ipso
1154 5705 1481 5776 caeterisque
1512 5706 1823 5762 dioeceseos
1860 5708 2039 5780 ipsius

409 5791 689 5863 epiSCOpis
719 5789 893 5861 loqui,
922 5801 977 5847 et.
1023 5794 1093 5848 de
1124 5798 1456 5852 necessariis
1500 5799 1866 5854 Ecclesiarum
1900 5816 2037 5855 cau-

411 5884 507 5951 sis,
541 5892 599 5938 ut
627 5886 695 5939 ab
727 5881 923 5938 eodem
952 5884 1056 5938 sibi
1086 5894 1402 5957 suggestum
1424 5888 1617 5957 fuerat,
1654 5896 1993 5959 pertractare
2021 5909 2034 5945 :

2135 4779 2359 4834 latorias
2388 4778 2567 4833 eidem
2627 4778 2876 4853 dirigens
2933 4794 3104 4847 super
3161 4778 3336 4849 ipsius
3395 4778 3751 4853 aegrotatione

2136 4868 2365 4935 litteras,
2412 4876 2465 4923 et
2495 4868 2563 4921 de
2589 4868 2944 4923 absolutione
2973 4883 3136 4938 quam
3195 4867 3299 4921 sibi
3348 4868 3581 4938 petierat
3606 4868 3750 4922 idem

2134 4960 2427 5029 Walterus,
2466 4970 2575 5017 tam
2626 4961 2695 5014 ab
2731 4976 2819 5026 eo,
2865 4976 3026 5031 quam
3060 4976 3090 5014 a
3138 4958 3399 5015 fratribus
3434 4960 3608 5031 ipsius
3634 4959 3750 5015 fieri

2131 5052 2409 5124 simulque
2455 5052 2526 5106 de
2555 5052 2797 5122 ipsorum
2837 5052 3183 5122 providendo
3213 5053 3281 5106 ab
3312 5054 3510 5107 eodem
3550 5051 3747 5107 domno

2134 5141 2396 5209 Fulcone,
2427 5141 2647 5212 quando
2694 5140 2813 5195 fieri
2872 5151 3083 5211 posset.
3137 5140 3438 5211 colloquio.
3496 5140 3747 5195 Pleonico

2133 5231 2556 5301 archiepiscopo
2579 5229 2992 5295 Transmarino,
3019 5229 3411 5303 congratularis
3437 5228 3601 5283 bonis
3631 5228 3747 5295 ejus

2132 5324 2351 5388 studiis,
2381 5323 2582 5395 quibus
2595 5339 2720 5377 eum
2750 5322 3002 5377 laborare
3030 5328 3397 5392 compererat,
3420 5336 3517 5391 pro
3540 5321 3747 5375 abscin-

2132 5417 2330 5471 dendis
2355 5421 2410 5471 et
2438 5416 2806 5486 exstirpandis
2846 5415 3183 5470 incestuosis
3209 5414 3438 5469 luxuriae
3471 5413 3745 5477 fomentis,

2131 5525 2299 5580 supra
2358 5509 2412 5562 iu
2444 5508 2532 5563 his
2564 5508 2780 5574 litteris,
2826 5522 2949 5578 quia
2999 5506 3237 5561 Albrado
3288 5505 3403 5578 regi
3436 5505 3746 5575 scripserat,

2138 5600 2586 5656 commemoratis
2640 5600 2779 5669 (cap.
2825 5598 2899 5665 5l,
2929 5615 3055 5669 quae
3089 5599 3145 5652 in
3192 5614 3259 5652 ea
3287 5604 3455 5673 gente
3487 5597 3747 5653 videban-

2142 5696 2229 5743 tur
2277 5690 2579 5757 inoluisse;
2616 5690 2787 5744 sacris
2817 5705 2942 5745 eum
2989 5689 3271 5744 instruens
3306 5697 3362 5743 et
3406 5704 3627 5742 armans
3654 5704 3747 5743 au-

2140 5781 2487 5837 ctoritatibus
2533 5798 2783 5836 censurae
2862 5782 3142 5837 canonieae
3207 5782 3357 5853 [for.,
3416 5779 3745 5851 Scriptura‘],

2141 5870 2420 5939 particeps
2468 5871 2726 5926 nimirum
2796 5870 2903 5940 piis
2950 5870 3128 5941 ipsius
3196 5869 3479 5925 laboribus
3524 5870 3748 5940 cupiens
