3912 6404
170 397 281 452 281

835 394 1162 451 ΗίδΤΟΒΙΑΞ
1200 394 1540 450 ECCLESl/E
1580 396 1910 452 REMENSIS
1951 397 2127 452 LIBRI
2169 397 2380 463 QUATU

1339 394 1540 450 liESl/E
1580 396 1910 452 REMENSIS
1951 397 2127 452 LIBRI
2169 397 2494 463 QUATUOR.
2522 429 2594 437 —
2633 396 2738 451 LIB
2804 396 2884 450 IV.

3421 392 3529 448 282

179 523 442 577 existere.
476 521 681 577 Joanni
723 521 943 576 cuidam
1004 521 1251 577 Romano
1293 522 1533 593 praesuli,
1567 538 1814 578 comme-
1840 528 1889 595 Α
1914 524 2126 579 Dodillo
2170 524 2233 595 [j,
2268 521 2566 592 Doddoni],
2599 520 2901 576 admonere
2934 519 3111 586 illum,
3148 526 3206 573 ut
3237 517 3530 589 resipisce-

179 627 408 667 morans
436 609 787 666 affectionem
849 611 1180 674 dilectionis,
1224 627 1388 682 quam
1422 611 1663 666 habebat
1683 628 1813 685 erga

180 718 336 767 eum,
376 702 450 757 ita
481 709 544 759 ut
573 701 801 767 diceret,
850 701 1062 755 nullum
1111 716 1171 755 se
1204 700 1481 756 invenisse
1511 701 1806 769 recordari,

181 812 313 851 cum
344 810 454 868 quo
482 795 563 848 sic
585 794 936 849 concorditer
974 801 1167 849 mutuo
1223 795 1657 869 conjungeretur
1685 798 1811 851 cha-

185 885 366 941 ritatis
411 882 651 939 affectu:
715 900 1096 941 rememorans
1162 901 1361 958 magna
1412 903 1470 941 se
1530 888 1810 959 quondam

185 975 584 1031 benevolentia
624 984 941 1047 susceptum
977 978 1044 1030 ab
1072 991 1139 1031 eo
1168 975 1360 1044 fuisse,
1395 977 1811 1033 liberalissima-

142 1110 159 1117 -
188 1083 302 1137 que
325 1067 672 1120 humanitate
704 1074 1016 1135 tractatum,
1051 1069 1379 1140 magnisque
1410 1068 1809 1122 beneficiorum

190 1159 492 1229 impendiis
536 1160 965 1214 accumulatum.
1024 1159 1339 1231 Asseritque
1370 1175 1430 1213 se
1463 1160 1814 1231 quantocius,

190 1264 329 1318 pace
357 1248 595 1314 reddita,
630 1248 813 1322 dignis
842 1249 1085 1304 servitiis
1114 1256 1490 1313 ostensurum,
1542 1254 1651 1303 tam
1684 1264 1817 1323 erga

192 1354 345 1406 eum,
378 1354 544 1410 quam
585 1353 716 1411 erga
766 1338 1029 1393 domuum
1091 1354 1288 1408 papam
1320 1338 1658 1408 Stephanum
1690 1353 1819 1409 gra-

191 1439 307 1486 tam
347 1430 519 1485 animi
587 1430 961 1494 devotionem,
1021 1438 1392 1502 precaturque
1436 1436 1497 1484 ut
1554 1445 1678 1484 eum
1720 1446 1818 1484 suo

188 1521 377 1575 favore
407 1528 630 1575 tueatur
652 1520 800 1591 apud
854 1520 1029 1591 ipsius
1059 1520 1444 1574 excellentiam
1482 1535 1659 1590 papae,
1685 1526 1739 1572 et
1763 1519 1819 1572 in

193 1610 623 1682 quibuscunque
677 1609 1047 1664 necessarium
1089 1608 1306 1673 viderit,
1362 1608 1411 1662 ei
1440 1608 1581 1663 sicut
1609 1607 1819 1678 optime

191 1700 250 1752 in
280 1699 401 1769 ipso
433 1697 685 1763 confidit,
729 1699 968 1753 assistat.
1021 1696 1279 1753 Dodiloni
1341 1698 1819 1753 Cameracensium

194 1788 448 1859 praesuli,
474 1803 573 1859 pro
603 1788 818 1860 placitis
836 1787 942 1842 sibi
975 1787 1044 1841 ab
1073 1802 1139 1842 eo
1162 1787 1323 1849 datis.
1349 1788 1416 1841 ad
1445 1803 1567 1859 qua:
1591 1786 1820 1841 minime

1915 624 1995 671 ret
2035 632 2067 670 a
2109 630 2277 687 pravo
2334 614 2661 670 temeritatis
2718 629 2831 668 sua:
2883 611 3048 666 fastu.
3102 609 3209 665 Sed
3268 610 3529 681 quoniam

1915 706 2063 760 idem
2105 705 2301 776 praesul
2338 706 2713 778 rescripserat,
2739 701 3259 758 occurrereeisdem
3291 698 3535 771 praesuli-

1914 796 2017 851 bus
2047 812 2107 850 se
2139 795 2479 868 nequivisse,
2537 796 2665 869 quia
2712 811 2873 851 suum
2933 795 3036 850 iter
3075 793 3534 847 Nortmannorum

1913 889 2444 962 praeripuitgladius,
2475 905 2574 943 ceu
2591 889 2659 944 dc
2681 886 2963 944 communi
2984 887 3318 957 compatitur
3345 886 3532 941 exitio.

1913 978 2179 1032 Czeterum
2197 978 2346 1049 quod
2362 977 2680 1048 petieratde
2711 976 3004 1043 Balduino,
3037 975 3214 1030 inhoc
3230 973 3538 1047 acquiescit

1914 1069 1988 1136 ei,
2014 1078 2073 1125 ut
2104 1068 2854 1135 admonendo,exhortando,
2881 1067 3309 1138 etincrepando,
3339 1066 3536 1122 sedulo

1916 1153 2049 1216 eum.
2077 1160 2357 1231 corripiat,
2390 1168 2492 1215 uta
2515 1176 2613 1214 sua
2667 1159 2969 1234 corrigatur
2998 1159 3285 1229 pravitate,
3321 1156 3538 1212 divinas

1919 1254 1970 1309 ei
1993 1268 2312 1324 proponens
2341 1257 2656 1306 sanctorum
2695 1248 2999 1305 sententias
3028 1248 3243 1303 Patrum
3276 1266 3292 1302 :
3327 1247 3536 1301 litteras

1919 1343 2083 1397 etiam
2129 1341 2311 1396 eidem
2378 1340 2644 1395 Balduino
2703 1339 2770 1393 ad
2840 1339 3082 1409 ipsorum
3145 1337 3536 1409 episcoporum

1922 1441 2077 1503 parte
2128 1430 2293 1504 dirigi
2343 1429 2640 1503 signiﬁcat.
2680 1429 2755 1482 De
2806 1427 3009 1499 quibus
3070 1427 3338 1491 hortatur,
3372 1436 3431 1481 ut
3490 1429 3537 1483 si

1922 1527 2085 1581 fuerit
2114 1541 2380 1596 pnes-ens,
2429 1523 2482 1579 ei
2532 1521 2867 1587 recitentur;
2903 1520 2948 1576 si
2972 1520 3172 1574 absens
3212 1519 3399 1586 fuerit,
3442 1538 3541 1593 per

1922 1633 2082 1672 suum
2115 1614 2564 1670 archidiaconum
2624 1611 2731 1682 ipsi
2808 1609 3157 1676 transmittat,
3224 1608 3319 1681 qui
3374 1609 3538 1663 etiam

1923 1709 2044 1763 illas
2075 1724 2199 1761 eum
2250 1704 2564 1777 intelligere
2623 1702 2804 1756 faciat.
2875 1701 3029 1767 Quod
3073 1700 3118 1754 si
3166 1706 3221 1754 et
3268 1715 3395 1753 eum
3448 1697 3540 1754 ille

1924 1796 2233 1868 nequiverit
2282 1794 2454 1860 adire,
2516 1793 2724 1847 litteras
2765 1790 2914 1857 ipsas
2981 1787 3202 1859 publice
3256 1803 3438 1842 coram
3480 1801 3540 1841 se

195 1847 516 1934 attenderat
550 1896 563 1933 :
594 1847 830 1934 monens
856 1886 909 1933 et
941 1894 1164 1953 rogans,
1198 1884 1259 1933 ut
1305 1847 1515 1953 satagat
1535 1878 1724 1932 venire
1755 1879 1822 1932 ad
1851 1847 1902 1915 Β
2252 1847 2564 1938 inloco’ubi
2590 1847 2892 1934 Balduinus
2933 1847 3260 1950 religionem
3282 1876 3538 1948 pervasit,

198 1971 516 2040 proximum
552 1971 813 2042 placitum
855 1971 1179 2043 ubicunque
1213 1986 1305 2024 rex
1344 1970 1459 2025 Odo
1502 1969 1667 2024 fuerit
1699 1985 1822 2024 cum

197 2059 507 2131 episcopis,
540 2061 801 2131 quoniam
836 2078 950 2115 rem
993 2060 1062 2115 de
1094 2076 1205 2131 qua
1236 2068 1368 2114 tunc
1425 2059 1694 2129 agebatur
1756 2060 1825 2113 de

200 2149 533 2223 Ilildegarde
559 2158 615 2204 et
639 2148 1022 2223 Hirmingarde
1069 2149 1368 2203 terminare
1399 2147 1684 2202 deberent.
1723 2147 1826 2201 Ac-

118 2302 125 2309 .
190 2246 484 2293 cusatores
521 2253 745 2310 quoque
804 2238 982 2309 ipsius
1039 2237 1462 2312 Hirmingardis,
1491 2252 1698 2308 eosque
1730 2237 1825 2308 qui

194 2332 588 2402 presbyterum
620 2331 925 2387 luminibus
980 2331 1202 2402 privari,
1236 2347 1299 2385 ac
1355 2331 1624 2401 suspendi
1646 2330 1824 2398 jusse-

194 2433 347 2489 runt,
382 2440 508 2479 cum
534 2424 794 2478 omnibus
825 2424 919 2495 qui
960 2423 1142 2478 eidem
1177 2422 1430 2477 nefanda;
1456 2422 1694 2492 jussioni
1727 2437 1827 2492 pa-

195 2520 454 2577 ruerunt,
510 2512 901 2568 vel'fautores
955 2512 1121 2581 hujus
1190 2511 1419 2566 sceleris
1474 2511 1821 2577 exstiterunt,

190 2605 540 2661 commoneri
586 2605 770 2673 faciat,
826 2614 882 2661 et
934 2604 1202 2660 canonice
1257 2604 1655 2671 convocari,ut
1694 2604 1824 2658 huic

190 2694 497 2749 conventui
526 2709 587 2748 se
626 2695 887 2750 studeant
943 2703 1299 2764 praesentare.
1336 2695 1470 2748 Item
1504 2707 1603 2762 pro
1626 2692 1821 2746 eadem

192 2798 392 2847 causa,
446 2782 653 2855 gratias
709 2783 959 2838 referens
1025 2782 1153 2853 quia
1209 2782 1412 2836 devote
1465 2781 1641 2851 ipsius
1669 2795 1823 2835 com-

197 2876 572 2932 monitionem
600 2876 928 2946 susceperit,
961 2884 1015 2931 et
1046 2877 1113 2929 ad
1146 2876 1503 2930 constitutam
1555 2863 1705 2928 (lieni
1727 2891 1826 2945 pa-

196 2968 515 3023 ratissimus
568 2968 889 3023 occurrerit.
956 2969 1097 3022 Illud
1163 2982 1293 3021 vero
1352 2981 1683 3021 succensere
1741 2966 1827 3018 vi-

198 3061 387 3122 detur,
420 3076 521 3115 cur
548 3076 673 3115 cum
730 3062 799 3115 de
858 3061 1095 3134 negotiis
1125 3059 1520 3115 ecclesiasticis
1548 3067 1825 3133 ageretur,

200 3168 397 3218 causa,
430 3168 543 3207 non
577 3169 676 3225 per
695 3154 977 3218 clericum,
1002 3154 1101 3207 sed
1128 3170 1229 3224 per
1254 3152 1463 3208 laicalis
1494 3152 1708 3207 ordinis
1732 3153 1825 3207 ho-

200 3242 411 3295 minem
438 3242 545 3296 sibi
564 3243 829 3297 mandare
842 3242 1125 3297 voluisset.
1145 3244 1268 3313 Ipse
1300 3258 1428 3297 vero
1445 3242 1686 3296 domnus
1697 3240 1827 3295 Ful-

197 3346 287 3396 co,
305 3331 504 3400 partim
521 3331 761 3386 senioris
782 3332 1006 3387 servitio
1025 3332 1305 3397 detentus,
1328 3332 1524 3402 partim
1544 3346 1827 3401 corporea:

201 3423 682 3478 incommoditatis
734 3423 993 3479 molestia
1036 3424 1396 3495 praepeditus,
1443 3424 1599 3491 juxta
1628 3425 1826 3480 condi—

203 3522 359 3567 ctum
392 3513 581 3567 venire
604 3512 949 3585 nequiverat.
975 3512 1449 3577 Admonetetiam,
1480 3528 1607 3568 eum
1631 3513 1830 3568 memi-

205 3605 361 3660 nisse
395 3605 624 3672 debere,
655 3606 835 3677 qualis
858 3606 975 3675 ipse
1006 3622 1138 3681 erga
1155 3622 1281 3660 eum
1296 3606 1575 3678 quondam
1604 3607 1832 3661 exstite-

203 3696 295 3760 rit,
325 3694 572 3765 qualiter
600 3695 721 3748 sine
752 3711 904 3770 rege,
936 3695 1057 3749 sine
1079 3695 1193 3750 ullo
1225 3695 1402 3766 ipsius
1432 3696 1574 3766 parti
1622 3710 1831 3750 consu-

207 3785 356 3837 lente
387 3783 570 3838 modis
600 3783 860 3838 omnibus
916 3783 1198 3850 institerit,
1240 3790 1301 3837 ut
1339 3784 1407 3837 ad
1441 3783 1588 3838 hunc
1618 3784 1838 3854 episco-

203 3873 390 3945 palem
411 3872 730 3942 perveniret
761 3873 1049 3939 honorem,
1100 3888 1225 3927 cum
1255 3871 1436 3926 adhuc
1464 3871 1571 3925 sibi
1590 3872 1834 3943 perfecte

200 3974 374 4022 notus
403 3980 517 4020 non
577 3970 743 4019 esset.
798 3964 877 4017 Ita
917 3968 1101 4016 tamen
1158 3977 1260 4033 pro
1317 3976 1383 4017 eo
1433 3961 1633 4037 egerit,
1664 3961 1833 4018 veluti

197 4072 305 4128 pro
334 4056 507 4109 fratre
554 4053 899 4118 charissima,
955 4052 1084 4123 quia
1116 4051 1432 4106 crediderat
1460 4061 1515 4105 et
1572 4051 1837 4105 credebat

194 4147 256 4200 in
287 4160 359 4200 eo
390 4143 701 4214 simplicem
750 4143 1129 4214 prudentiam,
1171 4142 1339 4196 ﬁdem
1397 4156 1511 4196 non
1543 4141 1747 4208 ﬁctam,
1780 4149 1837 4197 et

196 4233 419 4289 firmam
452 4244 505 4287 et
546 4232 678 4288 inde
728 4231 1056 4287 mutabilem
1125 4232 1488 4287 stabilitatem
1524 4250 1538 4285 :
1572 4247 1836 4303 sperave-

201 4336 287 4382 rat
343 4326 512 4380 etiam
567 4325 621 4379 iu
665 4324 927 4380 omnibus
973 4325 1083 4380 sibi
1140 4332 1560 4395 c00peratorem
1592 4331 1649 4380 et
1677 4324 1836 4393 adju—

206 4429 389 4476 torem
420 4419 559 4475 fore.
594 4420 697 4474 Per
728 4419 880 4474 illam
940 4435 1075 4492 ergo
1144 4420 1416 4473 sinceram
1455 4417 1838 4486 dilectionem,

1925 1986 1980 2032 et
2002 1978 2293 2047 deinceps;
2321 1974 2424 2028 nisi
2456 1973 2753 2044 resipuerit
2778 1988 2886 2028 non
2919 1971 2967 2025 ei
2997 1969 3082 2025 vel
3105 1968 3428 2033 monachus,
3453 1967 3540 2021 vel

1927 2072 2163 2145 quilibet
2194 2069 2299 2125 rite
2328 2067 2670 2121 Christianus
2722 2065 3074 2135 adjungatur,
3096 2061 3138 2116 si
3169 2076 3281 2116 non
3311 2060 3543 2114 anathe-

1926 2165 2089 2220 matis
2142 2160 2362 2217 vinculo
2404 2158 2674 2231 implicari
2730 2157 2983 2212 voluerit.
3028 2155 3080 2208 Si
3115 2155 3289 2209 IIetilo
3321 2168 3541 2225 quoque

1925 2253 1992 2308 ad
2051 2250 2329 2306 civitatem
2377 2248 2828 2303 Atrabantensem
2912 2243 3151 2309 venerit,
3209 2241 3401 2296 Dodilo
3463 2238 3542 2293 illi

1926 2348 2197 2406 occurrat,
2231 2347 2291 2395 ut
2318 2339 2387 2393 de
2420 2340 2524 2393 hac
2556 2352 2612 2391 re
2635 2334 2783 2408 quod
2832 2333 3109 2406 agendum
3144 2338 3246 2397 est,
3280 2327 3547 2385 canonice

1930 2449 2192 2508 peragere
2228 2431 2460 2504 possint,
2495 2436 2549 2484 et
2576 2426 2849 2500 quidquid
2880 2425 3011 2480 inde
3042 2423 3295 2487 fecerint,
3350 2419 3548 2474 litteris

1925 2523 2348 2600 sibisigniﬁcet.
2406 2521 2642 2577 Hetiloni
2697 2517 2916 2591 praesuli
2968 2515 3167 2571 litteris
3218 2513 3460 2577 mandat,
3488 2518 3549 2565 ut

1927 2615 2307 2689 proﬁciscatur
2327 2630 2451 2668 cum
2485 2610 2747 2665 ﬁdelibus
2768 2608 2914 2682 regis
2929 2607 2996 2662 ad
3013 2605 3549 2677 Attrabatem,agens

1928 2721 2029 2779 pro
2060 2720 2222 2776 posse
2257 2703 2404 2774 quod
2440 2701 2495 2755 in
2523 2699 2630 2755 alio
2650 2697 2857 2770 scripto
2886 2695 3161 2771 agendum
3187 2693 3294 2748 sibi
3320 2706 3548 2763 reperc-

1928 2799 1997 2852 rit
2018 2796 2409 2872 signiﬁcatum.
2456 2793 2587 2848 Item
2612 2805 2712 2862 pro
2741 2789 2826 2845 his
2853 2805 2975 2861 quae
3000 2804 3028 2843 a
3054 2786 3320 2842 Dodilone
3362 2784 3553 2839 Came-

1928 2889 2142 2944 racensi
2176 2886 2499 2959 patiebatur
2529 2883 2821 2954 episcopo,
2853 2896 3107 2936 asserens
3137 2877 3418 2950 quomodo
3453 2890 3551 2949 pro

1926 2978 2252 3043 benefactis,
2296 2975 2365 3030 ab
2426 2990 2491 3029 eo
2544 2972 2650 3027 sibi
2699 2970 3100 3027 contumeliosa
3130 2967 3550 3024 retribuantur:

1928 3068 2353 3136 adsciscensque
2383 3065 2534 3118 hunc
2589 3061 2695 3116 sibi
2752 3065 2969 3122 testem,
3005 3056 3244 3128 qualiter
3290 3056 3551 3111 eumdem

1859 3160 2253 3239 CDodilonem
2297 3165 2549 3226 paterno,
2583 3149 2930 3222 simplicique
2974 3145 3550 3239 benignitatisaﬂ'ectu

1928 3253 1994 3308 ad
2019 3249 2231 3323 potiora
2262 3243 2593 3319 provexerit.
2636 3241 2740 3297 Sed
2775 3248 2830 3295 et
2859 3238 3135 3311 quomodo
3170 3235 3443 3291 Rodulfus
3468 3235 3552 3289 vir

1929 3346 2161 3399 devotus
2187 3338 2467 3394 abbatiam
2495 3335 2790 3408 quamdam
2816 3330 2873 3386 in
2901 3332 3066 3401 hujus
3099 3329 3366 3384 Hetilonis
3398 3343 3554 3398 paro-

1929 3435 2054 3491 chia
2081 3435 2243 3489 sitam
2269 3429 2529 3486 Remensi
2551 3425 2896 3501 delegaverit
2929 3423 3186 3481 Ecclesia:
3204 3422 3555 3478 committens

1930 3527 2095 3584 simul
2121 3524 2300 3580 eidem
2320 3536 2522 3592 corpus
2571 3519 2722 3574 beati
2776 3517 2966 3573 Calixti
3015 3531 3172 3588 papa:
3203 3512 3552 3585 etmartyris,

1933 3617 2082 3689 quod
2110 3616 2462 3685 impetratum
2502 3626 2533 3663 a
2562 3608 2810 3663 Romana
2841 3606 3115 3660 detulerat
3145 3604 3300 3659 urbe.
3335 3602 3558 3657 Intimat

1936 3718 2067 3780 ergo
2127 3702 2363 3775 qualiter
2419 3703 2676 3770 precatus
2724 3694 2795 3750 sit
2844 3693 3208 3749 amicabiliter
3269 3690 3556 3763 praefatum

1940 3795 2292 3859 Dodilonem,
2312 3790 2380 3843 ad
2399 3787 2759 3843 Atrabateuse
2815 3782 3101 3838 castellum
3118 3782 3331 3848 venire,
3357 3780 3554 3836 etinde

1939 3884 2174 3955 pignora
2217 3876 2426 3950 pmefati
2478 3873 2730 3945 martyris
2770 3868 3076 3927 honorifice
3144 3871 3349 3935 levare,
3389 3878 3558 3942 atque

1937 3987 2113 4042 usque
2140 3970 2208 4024 ad
2240 3967 2556 4023 coenobium
2586 3962 2763 4017 sancti
2796 3961 3044 4027 Quintini
3074 3962 3373 4016 deducere.
3406 3960 3561 4015 IIunc

1939 4064 2104 4120 etiam
2138 4060 2443 4116 Iletilonem
2475 4056 2800 4127 expetierat,
2836 4062 2895 4109 ut
2918 4054 2985 4108 ad
3022 4054 3199 4125 ipsum
3242 4052 3558 4108 coenobium

1936 4158 2270 4216 occurreret,
2296 4156 2350 4205 et
2373 4147 2563 4205 tandiu
2579 4162 2702 4201 cum
2732 4159 2889 4199 sacro
2919 4144 3277 4199 comitaretur
3304 4157 3558 4214 corpore,

1937 4248 2118 4302 donec
2149 4244 2268 4316 ipsc
2319 4244 2518 4299 domus
2569 4241 2735 4297 Fulco
2791 4238 3025 4303 veniret,
3060 4244 3113 4291 et
3141 4235 3274 4290 illud
3300 4235 3564 4291 decenter

1944 4340 2222 4410 excipere,
2248 4344 2303 4393 et
2333 4352 2511 4408 usque
2530 4335 2597 4390 ad
2620 4336 2768 4389 hanc
2802 4333 3127 4387 Remensem
3145 4328 3561 4384 valereturbem

1942 4433 2223 4487 deducere
2256 4429 2390 4485 :ubi
2430 4428 2619 4484 tandiu
2681 4432 3008 4485 servaretur,
3063 4437 3375 4493 quousque,
3430 4437 3564 4492 pace
3638 4446 3643 4451 -

207 4528 382 4584 quam
444 4511 503 4565 ίη
552 4512 673 4582 ipso
737 4512 1019 4577 credebat,
1073 4528 1198 4567 eum
1253 4527 1312 4566 se
1366 4510 1501 4567 dicit
1552 4525 1778 4566 ῐηοῐιθΐθ
1821 4525 2174 4610 =Dreddita,
2208 4522 2330 4578 loco
2384 4521 2608 4593 proprio
2641 4518 2815 4589 ipsius
2844 4514 3111 4571 Hetilouis
3161 4514 3423 4586 parochia
3457 4513 3564 4569 sito

204 4602 486 4658 mandans
513 4611 573 4657 ut
600 4603 917 4674 posthabita
967 4604 1119 4658 omni
1165 4602 1455 4669 dilatione,
1486 4603 1572 4656 vel
1597 4618 1840 4672 occupa-

203 4695 386 4757 tione,
419 4693 487 4747 ad
525 4692 845 4749 condictum
899 4702 1231 4747 conventum
1276 4691 1664 4762 episc0porum
1700 4708 1841 4763 prae-

200 4802 344 4842 seus
372 4785 569 4840 adesse
609 4786 850 4852 studeat,
905 4786 1056 4841 nulla
1106 4801 1273 4842 causa
1294 4793 1548 4855 excepta,
1579 4784 1683 4839 nisi
1717 4792 1839 4839 tan-

205 4887 325 4933 tum
385 4875 708 4932 infirmitate
763 4892 1049 4948 corporea.
1142 4878 1415 4932 Personas
1472 4876 1640 4932 etiam
1696 4892 1842 4947 prae-

202 4984 429 5032 missas,
466 4984 606 5039 quas
648 4984 746 5038 per
793 4969 1020 5024 alteram
1067 4968 1476 5043 significaverat
1523 4968 1840 5039 epistolam,

206 5058 552 5114 commoneri
569 5057 840 5113 canonice
882 5057 1065 5124 faciat,
1112 5066 1172 5112 ut
1200 5064 1523 5129 praeparatae
1554 5055 1844 5111 adsolem-

214 5165 347 5204 nem
379 5156 583 5202 cretum
630 5147 1019 5218 episcoporum
1081 5147 1171 5217 pie
1227 5145 1447 5218 praeﬁxa
1502 5162 1561 5201 se
1591 5152 1843 5220 satagant

215 5248 581 5314 praesentare.
612 5242 748 5296 Item
777 5256 904 5297 cum
963 5244 1180 5298 caeteris
1227 5243 1601 5314 coepiscopis,
1634 5244 1845 5301 Didone

215 5334 434 5389 scilicet
454 5332 832 5400 Lauduneusi,
894 5333 1147 5389 Hetiloae
1193 5334 1574 5404 lVoviomensi,
1631 5335 1845 5391 Riculfo

214 5425 569 5489 Suessorum,
622 5422 938 5479 Herinando
969 5428 1179 5494 (supra,
1234 5439 1357 5493 cap.
1407 5425 1463 5491 3)
1508 5423 1844 5496 (Herilando)

213 5515 516 5570 Mariuensi
582 5514 835 5570 scribens
870 5532 882 5567 :
918 5515 1047 5571 huic
1100 5515 1322 5587 praesuli
1375 5516 1631 5572 Dodiloni
1662 5515 1842 5588 signi-

210 5607 361 5673 ﬁcat,
398 5608 500 5663 hos
529 5607 922 5678 praemissosin
945 5607 1139 5663 urbem
1171 5608 1499 5663 Remensem
1521 5607 1847 5664 convenisse

210 5702 507 5774 praesules,
567 5701 636 5757 ad
686 5702 1029 5757 tractandum
1081 5703 1151 5757 de
1201 5703 1530 5773 pervasione
1588 5701 1847 5756 Balduini

210 5795 357 5850 Bald
387 5796 611 5853 Calvus.
640 5794 841 5850 Fland.
868 5795 1084 5865 comes),
1111 5794 1181 5849 de
1212 5808 1323 5865 quo
1345 5792 1843 5863 scripserateidem

1941 4613 2157 4670 restitui
2191 4618 2394 4684 posset.
2430 4610 2491 4663 At
2517 4606 2713 4663 Dodilo
2748 4622 2873 4661 cum
2915 4604 3200 4659 debuisset
3224 4619 3388 4671 agere
3417 4603 3565 4674 quod

1941 4708 2252 4781 petebatur,
2279 4720 2308 4760 e
2339 4710 2550 4768 contra,
2607 4697 2890 4754 ﬁliationis
2928 4714 2990 4753 ac
3021 4696 3378 4752 fraternitatis
3413 4702 3566 4767 post-

1944 4799 2130 4856 habita
2182 4796 2510 4863 reverentia,
2566 4793 2624 4847 in
2654 4792 2837 4847 medio
2882 4806 3180 4847 occurrens
3234 4790 3357 4856 viae,
3413 4787 3564 4843 etde

1945 4892 2205 4947 manibus
2235 4887 2568 4965 gestantium
2593 4897 2843 4943 sanctum
2868 4885 3068 4958 pignus
3089 4881 3392 4953 abripiens,
3417 4881 3564 4951 apud

1946 4999 2007 5037 se
2039 4980 2306 5052 reposuit,
2340 4978 2533 5033 dicens
2567 4997 2582 5031 :
2614 4976 2733 5032 Non
2765 4975 2900 5030 illud
2933 4973 3192 5043 cuiquam
3221 4986 3279 5025 se
3312 4968 3566 5024 redditu-

1945 5087 2088 5138 rum,
2125 5070 2231 5124 nisi
2279 5068 2463 5123 eidem
2532 5063 2793 5130 IIetiloni,
2855 5064 2908 5117 in
2941 5062 3098 5129 cujus
3136 5058 3569 5133 dignoscebatur

1944 5159 2116 5215 fuisse
2140 5158 2401 5229 parochia
2429 5156 2744 5228 depositum
2775 5172 2789 5208 :
2814 5162 2868 5209 et
2898 5155 3004 5208 hoc
3033 5152 3215 5222 ipsum
3240 5165 3397 5205 novae
3419 5150 3567 5205 frau-

1946 5249 2034 5303 dis
2066 5253 2394 5321 argumento
2423 5245 2681 5317 gessisse,
2714 5259 2826 5314 quo
2840 5240 3346 5312 valeretprsefatum
3365 5254 3568 5310 corpus

1945 5352 2161 5393 sacrum
2195 5335 2415 5391 cuidam
2443 5332 2729 5389 Hucboldo
2753 5332 2895 5403 [ms.,
2926 5329 3226 5400 Bucholdo]
3252 5327 3441 5384 comiti
3463 5335 3563 5382 tra~

1947 5429 2098 5484 dere.
2153 5426 2417 5492 Quocirca
2460 5424 2597 5496 petit
2660 5425 2806 5479 hunc
2853 5422 3192 5488 Hetilonem,
3225 5427 3285 5476 ut
3338 5420 3565 5475 missum

1948 5536 2109 5576 suum
2140 5518 2209 5575 ad
2241 5534 2369 5574 eum
2400 5517 2619 5593 dirigat,
2662 5525 2717 5572 et
2740 5522 2974 5587 paterno
3011 5532 3075 5570 ac
3104 5514 3349 5570 fraterno
3380 5528 3566 5569 amore

1949 5614 2134 5684 ipsum
2162 5610 2524 5685 redarguens,
2565 5608 2823 5681 corrigat,
2864 5616 2919 5664 et
2948 5608 3002 5662 in
3035 5608 3358 5664 memoriam
3385 5606 3436 5661 ei
3467 5620 3562 5660 re-

1946 5707 2124 5767 vocet,
2152 5698 2433 5772 quomodo
2457 5697 2743 5773 religionis
2773 5698 2945 5753 solius
2967 5706 3023 5754 et
3048 5697 3204 5765 ﬁdei,
3232 5712 3394 5769 quam
3418 5696 3475 5748 in
3496 5708 3562 5748 eo

1948 5790 2090 5847 forte
2110 5788 2394 5855 credebat,
2424 5787 2651 5856 intuitu,
2682 5787 2836 5844 illum
2864 5788 3076 5859 absque
3107 5786 3256 5858 regis
3283 5792 3377 5840 aut
3408 5783 3562 5854 prin-
