3912 6466
336 445 446 503 283

1473 439 1842 494 FLODOARDI
1881 438 2188 494 CANONICI
2228 437 2552 493 REMENSIS

3573 436 3682 490 284

339 574 480 646 cipis
507 572 1168 644 alicujusexspectatione
1191 571 1246 625 in
1264 570 1397 625 sede
1421 567 1722 639 pontiﬁcali
1741 568 1954 624 locave-
1981 575 2028 640 Α
2057 567 2304 623 cordiam
2333 583 2520 623 secum
2550 567 2847 622 tenendam
2896 566 3105 622 redeat.
3139 567 3326 621 Monet
3357 565 3525 639 igitur
3551 581 3676 620 cum

339 668 428 735 rit,
460 672 795 738 moneatque
827 675 886 720 ut
910 682 940 720 e
969 671 1143 735 caepta
1190 661 1495 717 temeritate
1565 661 1762 731 pedem
1799 678 1955 717 revo—

339 765 447 822 cet,
468 771 536 809 ne
567 754 776 826 aliquid
797 755 944 809 hunc
974 753 1229 808 eumdem
1262 751 1748 821 archiepiscopum
1766 758 1957 806 contra

341 864 419 912 se,
451 847 597 918 quod
630 847 776 901 idem
809 845 964 907 nolit,
995 859 1158 919 agere
1200 841 1514 912 compellat.
1551 841 1703 896 Hunc
1733 857 1955 913 quoque

341 948 596 1012 precatur
627 939 932 995 lletilonem
993 937 1218 1004 obnixe,
1265 954 1336 991 ne
1381 936 1459 990 illi
1500 952 1788 990 assensum
1818 935 1873 989 in
1898 953 1955 991 re

340 1027 430 1082 tali
465 1027 731 1099 praebeat,
762 1027 859 1083 sed
914 1026 1076 1096 justae
1105 1025 1246 1096 parti
1298 1025 1351 1079 in
1385 1025 1642 1080 omnibus
1673 1023 1872 1086 faveat,
1903 1030 1957 1077 et

339 1121 654 1175 thesaurum
689 1120 990 1184 cmlestem,
1026 1117 1280 1172 Remensi
1307 1116 1558 1171 ecclesiae
1582 1129 1958 1186 apraememo-

338 1219 452 1268 rato
481 1211 599 1265 viro
645 1210 928 1274 traditum,
983 1209 1108 1264 urbi
1151 1225 1214 1264 ac
1244 1208 1486 1263 basilicae
1536 1206 1714 1278 ipsius
1743 1205 1955 1260 restitui

337 1319 447 1358 non
477 1303 654 1358 solum
689 1301 1020 1368 consentiat,
1077 1300 1176 1354 sed
1208 1300 1371 1354 etiam
1403 1299 1531 1354 totis
1559 1297 1768 1352 viribus
1794 1297 1955 1365 adju-

335 1404 442 1451 vet.
481 1395 678 1450 Didoni
729 1393 1081 1449 Laudunensi
1141 1393 1428 1463 episcOpo,
1481 1407 1578 1462 pro
1626 1391 1956 1448 reconcilia-

335 1483 485 1537 tione
519 1482 718 1536 animae
749 1481 1039 1552 cujusdam
1059 1481 1328 1542 Valcheri,
1365 1480 1458 1552 qui
1489 1495 1617 1534 reus
1653 1479 1959 1547 majestatis

337 1577 616 1641 inventus,
670 1573 1002 1646 supplicium
1053 1574 1245 1628 mortis
1296 1573 1547 1628 incurrit.
1601 1573 1674 1627 De
1702 1588 1810 1644 quo
1850 1588 1954 1627 au-

336 1664 531 1729 dierat,
551 1663 698 1734 quod
735 1662 789 1716 in
813 1661 1041 1717 articulo
1065 1662 1254 1716 mortis
1281 1661 1662 1732 paenitentiam
1705 1677 1953 1731 percon-

336 1752 632 1807 fessionem
663 1757 904 1805 etsacraa
958 1751 1369 1806 communionis
1420 1751 1678 1805 viaticum
1715 1752 1782 1804 ab
1839 1751 1957 1822 ipso

335 1844 656 1915 expetierat.
713 1858 817 1898 nec
865 1843 1160 1912 impetrare
1219 1843 1485 1897 valuerat.
1517 1845 1747 1914 Insuper
1776 1851 1951 1898 etse-

337 1936 572 2005 pulturze
604 1929 942 1986 beneficium
966 1931 1204 1986 fueratei
1231 1932 1585 2007 denegatum,
1606 1939 1661 1986 et
1692 1932 1834 1987 orari
1856 1949 1954 2002 pro

335 2040 402 2078 eo
432 2021 788 2093 prohibitum.
822 2020 1121 2076 Succenset
1177 2036 1308 2092 ergo
1342 2021 1602 2075 eumdem
1634 2022 1952 2092 praesulem,

336 2116 566 2168 horrens
597 2131 693 2169 cur
721 2115 801 2169 sic
847 2114 1082 2170 voluerit
1140 2128 1328 2185 agere,
1386 2129 1509 2166 cum
1540 2111 1707 2166 sciret
1747 2113 1953 2182 optime

335 2205 484 2274 quod
533 2205 832 2260 auctoritas
880 2219 1036 2258 sacra
1085 2202 1155 2256 de
1213 2217 1321 2257 non
1366 2202 1619 2274 neganda
1663 2201 1718 2255 in
1748 2201 1955 2256 ultimis

334 2298 585 2353 statuerit
613 2297 968 2368 poenitentia;
999 2297 1337 2367 adhibetque
1357 2295 1954 2350 nonnullasanctorum

336 2390 552 2444 Patrum
596 2405 766 2460 super
796 2390 899 2444 hac
957 2405 1014 2443 re
1064 2388 1396 2453 testimonia,
1429 2404 1664 2442 monens
1686 2396 1746 2442 ut
1772 2387 1958 2442 consi-

338 2481 530 2536 derato
559 2480 839 2537 communi
894 2479 1162 2551 periculo,
1209 2479 1458 2534 imitetur
1515 2479 1824 2534 communis
1853 2479 1959 2541 Do-

336 2573 471 2627 mini
507 2573 788 2643 pietatem,
819 2582 874 2627 et
897 2571 1025 2626 huic
1044 2571 1322 2642 peccatori
1353 2571 1658 2626 remedium
1687 2573 1959 2641 paeniten-

336 2669 423 2724 tiae
476 2669 530 2722 in
573 2668 783 2723 ultimis
816 2669 1112 2738 deprecato
1160 2668 1443 2737 impendat
1494 2667 1956 2734 misericordiam,

337 2765 471 2814 utet
501 2759 643 2813 orari
679 2774 778 2829 pro
811 2774 878 2812 eo
911 2756 1092 2818 faciat,
1126 2764 1178 2811 et
1212 2773 1310 2826 per
1349 2755 1600 2825 seipsum
1629 2756 1957 2811 reconcilia-

340 2848 572 2917 tionem,
604 2850 915 2919 animzeque
932 2847 1466 2902 commendationem
1484 2861 1635 2902 more
1649 2846 1958 2904 Christiano

339 2940 652 3011 persolvat;
682 2953 924 3007 eumque
980 2935 1049 2991 de
1099 2934 1220 2991 loco
1287 2935 1475 3006 pervio
1508 2935 1563 2989 in
1596 2951 1706 3006 quo
1737 2951 1847 2991 non
1870 2952 1958 2991 se-

341 3027 528 3099 pultus
553 3026 649 3081 sed
681 3026 959 3096 projectus
989 3032 1127 3087 erat.
1182 3025 1253 3078 ad
1293 3023 1673 3079 coemeterium
1708 3022 1955 3078 fidelium

341 3117 649 3173 transferat.
691 3118 820 3171 Item
856 3132 954 3187 pro
995 3116 1098 3170 hac
1127 3115 1322 3170 eadem
1377 3130 1562 3182 causa,
1593 3115 1879 3185 postulans
1905 3124 1960 3169 et

342 3207 620 3261 adhibens
650 3205 1125 3276 exemplumbeati
1157 3205 1406 3280 Gregorii
1439 3205 1498 3276 (l.
1525 3222 1576 3259 ιν
1600 3207 1770 3272 Βίαι.,
1796 3222 1844 3260 c.
1867 3207 1958 3273 55)

340 3300 410 3353 de
446 3298 686 3370 quodam
719 3298 1012 3364 monacho,
1042 3313 1208 3369 quem
1245 3297 1484 3365 jusserat
1525 3312 1627 3352 nec
1657 3297 1959 3367 sepultura:

342 3392 617 3447 communi
653 3390 816 3457 tradi,
850 3405 955 3444 nec
983 3387 1332 3444 orationibus
1350 3389 1618 3457 adjuvari,
1669 3395 1790 3459 post
1821 3389 1961 3463 legi-

342 3484 532 3538 timum
569 3483 682 3554 [ms
720 3499 790 3548 c.,
823 3482 1070 3556 longum]
1097 3481 1332 3551 spatium
1360 3477 1865 3536 reconciliationem
1888 3481 1964 3536 ei-

342 3573 468 3626 dem
526 3573 790 3644 praécepit
832 3571 1078 3643 impendi
1135 3589 1149 3636 ;
1211 3571 1528 3626 adsciscens
1593 3571 1757 3625 etiam
1827 3570 1962 3624 illud

340 3660 723 3736 evangelicum
755 3679 771 3716 :
803 3661 934 3732 quia
961 3660 1129 3714 Filius
1161 3661 1401 3716 hominis
1429 3660 1578 3717 venit
1607 3677 1878 3731 quaerere,
1911 3667 1965 3714 et

337 3751 548 3806 salvum
578 3748 762 3804 facere
788 3749 936 3820 quod
988 3749 1230 3820 perierat
1281 3751 1426 3817 (Luc.
1481 3749 1610 3820 XIX).
1644 3748 1752 3802 Sed
1785 3755 1841 3803 et
1868 3748 1964 3801 Ni-

339 3837 476 3893 caeni
505 3839 727 3893 concilii
794 3839 938 3910 (cap,
1002 3838 1088 3906 13,
1144 3839 1218 3892 al.
1279 3838 1362 3906 12)
1410 3837 1808 3899 testimonium,
1852 3853 1962 3908 quo

339 3926 920 4001 generalitercuilibet
951 3928 1005 3981 in
1044 3928 1196 3982 exitu
1236 3927 1438 3998 posito,
1466 3936 1521 3982 et
1553 3926 1803 3997 poscenti
1835 3942 1959 4001 gra-

342 4021 472 4076 tiam
491 4021 900 4077 communionis
930 4021 1100 4076 tribui
1141 4021 1477 4092 praecipitur.

417 4111 575 4168 Petro
602 4113 821 4168 cuidam
862 4113 1109 4169 Romano
1135 4112 1326 4168 scribit
1357 4110 1851 4183 episcopo,prohis
1891 4110 1961 4164 de

345 4206 551 4278 quibus
579 4205 897 4261 Formosum
958 4220 1156 4275 papam
1219 4203 1572 4258 consuluerat
1598 4219 1766 4274 super
1808 4203 1962 4257 Heri-

346 4300 529 4354 nando
561 4299 858 4356 Morinensi
888 4299 1169 4369 episcopo.
1195 4315 1361 4369 quem
1385 4297 1752 4353 Catalaunicze
1784 4295 1964 4367 praeﬁ-

345 4407 469 4446 cere
507 4391 846 4447 decernebat
886 4390 1122 4446 viduatae
1140 4389 1440 4458 lEcclesiw,
1471 4390 1721 4461 petitque
1744 4399 1802 4444 ut
1831 4406 1964 4464 sug-

342 4489 498 4557 gerat
524 4500 679 4555 papze
701 4499 800 4555 pro
831 4484 932 4538 hoc
960 4499 1061 4538 suo
1087 4483 1360 4550 consultu,
1395 4490 1670 4556 quatenus
1712 4489 1958 4552 Optatum

341 4587 510 4643 super
534 4587 600 4627 eo
630 4571 790 4626 citius
812 4571 1048 4643 adipisci
1082 4581 1356 4626 mereatur
1387 4585 1714 4642 responsum
1753 4587 1765 4624 :
1803 4586 1958 4625 com-

344 4675 660 4715 memorans
690 4661 838 4732 quod
867 4670 1085 4734 gestum
1127 4660 1510 4716 reminiscatur
1538 4674 1704 4729 super
1729 4659 1962 4715 Actardo

347 4752 679 4808 Namneticae
719 4753 876 4808 urbis
901 4753 1187 4825 episcopo,
1218 4753 1368 4825 quod
1401 4769 1528 4808 eum
1555 4752 1809 4807 Nicolaus
1823 4767 1965 4823 papa

348 4846 922 4903 MorinensiEcclesim
964 4857 1155 4919 postea
1208 4848 1490 4903 censuerit
1521 4845 1962 4917 praeficiendum,

344 4955 408 4994 ac
427 4939 649 4994 demum
693 4941 746 4994 in
789 4939 1267 5014 archiepiscopatu
1306 4939 1753 4995 sedisTuronicaa
1773 4939 1962 4994 decre-

344 5032 482 5087 verit
511 5031 990 5087 incardinandum.
1028 5031 1288 5086 Precatur
1315 5031 1483 5086 etiam
1506 5038 1564 5086 ut
1592 5031 1850 5087 idoneam
1863 5047 1958 5086 su-

345 5143 444 5198 per
470 5129 574 5184 hoc
603 5127 1282 5198 exquiratauctoritatem,
1312 5134 1700 5198 repertamque
1725 5126 1831 5180 sibi
1855 5126 1958 5180 de-

345 5220 958 5292 stinetexsequendam.
999 5220 1274 5276 Honorato
1297 5219 1712 5275 Belvacensium
1742 5221 1960 5291 praesuli

343 5312 558 5380 scribit,
585 5313 781 5368 asserit
809 5329 868 5367 se
900 5313 1082 5368 mirari
1126 5312 1635 5377 vehementissime,
1681 5314 1960 5383 quomodo

351 5401 404 5455 id
438 5403 680 5471 potuerit
707 5403 1128 5476 contingere,ut
1151 5403 1372 5458 animus
1402 5402 1574 5474 ipsius
1602 5410 1708 5458 tam
1741 5410 1963 5459 contra-

348 5502 469 5550 ctus
497 5495 835 5551 etadversus
892 5498 998 5551 sibi
1057 5499 1336 5565 existeret,
1396 5514 1520 5554 cum
1575 5498 1743 5554 sciret
1783 5498 1962 5570 qualis

350 5601 481 5657 erga
508 5601 634 5640 eum
667 5585 856 5652 fuerit,
888 5595 942 5642 et
970 5589 1203 5659 qualiter
1245 5606 1373 5645 eum
1405 5589 1526 5645 loco
1565 5589 1748 5645 fratris
1769 5606 1833 5643 ac
1863 5588 1963 5643 filii

352 5690 575 5745 semper
604 5674 882 5743 habuerit,
948 5678 1211 5748 qualique
1265 5677 1484 5745 affectu,
1516 5687 1576 5733 ut
1607 5679 1672 5733 ad
1705 5678 1963 5733 eumdem

355 5771 620 5828 honorem
662 5768 996 5841 perveniret,
1047 5771 1433 5827 decertaverit.
1481 5773 1590 5827 Nec
1622 5781 1805 5828 tamen
1840 5772 1964 5828 ideo

359 5863 655 5935 desperare
687 5861 913 5929 debeat,
932 5864 1029 5918 sed
1053 5863 1382 5935 quantocius
1409 5866 1477 5921 ad
1501 5881 1691 5935 pacem
1724 5875 1779 5920 et
1828 5881 1964 5920 con-

2057 669 2315 733 tanquam
2348 661 2525 715 filium
2553 662 2959 728 charissimum,
2991 662 3169 716 redire
3201 661 3267 714 ad
3293 660 3677 730 semetipsum,

2057 762 2112 809 et
2150 755 2394 827 cogitare
2415 753 2574 822 cujus
2604 753 2673 806 sit
2721 750 2952 812 ordinis,
2985 749 3254 820 cujusque
3287 748 3676 819 professionis,

2056 848 2478 919 perpendatque
2508 847 2657 918 quod
2688 847 2744 900 in
2779 846 2930 900 nullo
2962 843 3030 898 ab
3065 844 3184 914 ipso
3217 843 3381 898 Iasus
3397 843 3680 908 existat,et

2055 942 2100 996 si
2133 940 2397 1011 possibile
2428 939 2520 1006 sit,
2542 937 2610 993 ad
2634 955 2695 993 se
2723 938 2930 1004 veniat,
2965 943 3239 1008 quatenus
3271 935 3341 989 de
3381 935 3678 1003 hiscollato

2057 1043 2314 1083 sermone
2342 1027 2544 1082 melius
2571 1026 2860 1083 conferant
2935 1025 2988 1079 Si
3021 1040 3152 1080 vero
3211 1024 3264 1078 id
3297 1023 3418 1078 ﬁeri
3456 1024 3676 1094 nequit,

2057 1119 2350 1192 quemdam
2385 1117 2710 1173 familiarem
2769 1117 2875 1172 sibi
2937 1117 3156 1190 dirigat,
3192 1131 3289 1186 per
3354 1130 3519 1186 quem
3551 1129 3678 1185 quae

2057 1211 2164 1266 fert
2189 1210 2600 1266 animuseidem
2628 1209 2954 1264 remandare
2984 1209 3182 1263 valeat.
3224 1205 3479 1264 Notiﬁcat
3505 1206 3676 1261 etiam

2055 1317 2116 1356 se
2143 1301 2363 1356 audisse
2386 1300 2641 1372 quaedam
2672 1299 2742 1353 de
2764 1299 2906 1368 ipso,
2940 1313 3063 1368 qua:
3103 1311 3215 1351 non
3249 1295 3411 1350 facile
3446 1295 3679 1350 credere

2060 1389 2320 1460 potuerit,
2351 1391 2560 1445 scilicet
2620 1389 2768 1462 quod
2836 1387 3043 1458 rapinis
3109 1385 3412 1453 insisteret,
3467 1385 3680 1440 alienas

2060 1482 2445 1552 possessiones
2474 1481 2779 1547 invaderet,
2832 1489 2887 1535 et
2936 1478 3202 1550 pecunias
3231 1477 3497 1548 diriperet
3525 1493 3542 1533 :
3575 1492 3680 1532 no—

2060 1574 2425 1646 minatimque
2448 1573 2704 1648 designat
2745 1573 3068 1628 Rotbertum
3119 1571 3416 1644 quemdam
3447 1570 3598 1640 apud
3615 1585 3679 1625 se

2033 1663 2227 1718 .fuisse
2261 1671 2651 1734 conquestum,
2713 1662 2863 1734 quod
2921 1661 3180 1716 universa
3217 1660 3446 1716 mobilia
3470 1676 3571 1714 sua
3611 1675 3679 1714 ea

2061 1756 2372 1812 abstulerit.
2418 1779 2442 1802 ι
2472 1756 2584 1828 Ego
2629 1762 2836 1820 autem,
2892 1753 3092 1824 inquit,
3150 1768 3260 1808 non
3290 1753 3392 1807 hoc
3421 1751 3489 1807 de
3516 1750 3680 1807 vobis

2060 1846 2287 1900 credere
2311 1861 2559 1916 possum,
2601 1845 2698 1900 sed
2731 1851 2860 1916 puto
2917 1859 3038 1898 esse
3093 1843 3355 1914 aliquem,
3388 1841 3682 1914 quivestra

2060 1937 2236 2010 gratia
2259 1945 2314 1990 et
2342 1937 2665 1993 auctoritate
2694 1936 2881 2002 fretus,
2916 1937 3034 1990 haec
3053 1949 3216 2007 agere
3240 1932 3676 2005 praesumpserit,

2056 2035 2112 2084 et
2177 2027 2383 2083 idcirco
2439 2027 2599 2084 vobis
2654 2027 2946 2082 ascribitur
2977 2027 3123 2098 quod
3190 2025 3262 2081 ab
3291 2023 3401 2080 alio
3457 2030 3676 2097 gestum

2057 2128 2159 2176 est.
2211 2120 2264 2174 Si
2313 2135 2444 2194 ergo
2493 2136 2522 2174 a
2575 2135 2906 2191 quocunque
2963 2126 3147 2173 vestro
3200 2117 3256 2171 id
3305 2115 3507 2172 factum
3568 2123 3674 2181 est,

2058 2211 2291 2266 obsecro
2358 2216 2418 2264 ut
2460 2216 2740 2265 auctorem
2805 2210 2970 2277 hujus
3015 2208 3142 2263 mali
3195 2207 3361 2282 digne
3408 2219 3673 2264 coercea-

2057 2303 2150 2369 tis,
2176 2310 2232 2358 et
2259 2303 2520 2356 damnum
2591 2317 2756 2356 omne
2814 2302 3109 2356 emendare
3159 2299 3422 2369 jubeatis.
3476 2299 3532 2354 Si
3565 2313 3674 2354 au-

2061 2398 2171 2446 tem
2198 2406 2388 2446 verum
2430 2397 2533 2456 est,
2567 2390 2713 2462 quod
2743 2405 2839 2445 vos
2889 2389 2993 2460 ipsi
3048 2390 3155 2446 hoc
3192 2387 3440 2464 egeritis,
3479 2401 3678 2458 precor

2060 2486 2179 2535 uta
2223 2480 2317 2534 tali
2369 2479 2675 2535 intentione
2722 2479 2988 2534 desinatis
3049 2484 3102 2532 et
3157 2477 3208 2532 ei
3261 2475 3356 2550 qui
3412 2475 3678 2531 damnum

2061 2589 2257 2645 passus
2279 2580 2381 2639 est,
2442 2588 2540 2628 sua
2590 2590 2656 2627 ex
2706 2573 2917 2646 integro
2980 2570 3191 2625 restitui
3221 2569 3448 2625 faciatis.
3486 2588 3511 2617 »
3549 2568 3680 2622 Item

2063 2665 2402 2738 redarguens
2419 2680 2544 2718 eum
2572 2665 2639 2718 de
2671 2662 2974 2727 nonnullis,
3006 2660 3208 2732 quaead
3231 2676 3291 2715 se
3310 2675 3421 2714 non
3444 2656 3685 2727 simplici

2063 2754 2408 2825 professione
2439 2754 2728 2824 scripsisse
2756 2751 3229 2822 videbatur,quasi
3247 2749 3487 2806 domnus
3517 2746 3686 2802 Fulco

2062 2861 2253 2916 pacem
2309 2852 2362 2899 et
2400 2845 2750 2900 concordiam
2818 2841 3211 2913 perturbasset.
3266 2837 3686 2913 Signiﬁcaverat

2061 2935 2227 2990 etiam
2248 2952 2279 2990 a
2301 2935 2482 3006 pravis
2511 2934 2844 3005 quibusdam
2877 2949 3032 2986 suam
3069 2929 3252 2986 vexari
3280 2929 3607 2993 Ecclesiam,
3630 2933 3687 2981 et

2060 3044 2226 3100 super
2247 3029 2352 3083 hac
2381 3045 2440 3082 re
2471 3027 2678 3081 nullum
2714 3027 2781 3080 ad
2815 3027 2920 3080 hoc
2946 3022 3365 3092 archiepiscopo
3397 3026 3684 3091 petentem

2061 3139 2121 3177 se
2145 3122 2458 3192 suscepisse
2470 3135 2798 3190 responsum
2855 3117 3007 3171 Unde
3020 3113 3317 3169 revocatad
3332 3113 3686 3175 memoriam,

1994 3246 2042 3313 Ο
2064 3214 2197 3286 quia
2220 3220 2466 3285 precatu,
2500 3228 2662 3283 quam
2696 3208 2994 3281 praeceptio
3020 3207 3165 3277 apud
3216 3205 3398 3275 ipsum
3430 3204 3693 3259 maluerit

2065 3307 2320 3362 obtinere
2353 3304 2460 3359 illis
2481 3303 2801 3359 hominibus
2819 3298 3074 3356 inducias
3099 3297 3316 3352 interim
3331 3296 3694 3367 dari,quous-

2063 3413 2174 3469 que
2206 3394 2369 3450 simul
2403 3394 2707 3466 quivissent
2738 3391 2842 3461 ipsi
2875 3389 3137 3461 praesules
3156 3386 3323 3458 loqui.
3349 3386 3422 3440 De
3443 3385 3691 3458 quodam

2065 3502 2290 3560 quoque
2322 3486 2678 3550 Alcdramno,
2711 3497 2876 3553 quem
2908 3489 3040 3533 tunc
3069 3475 3546 3531 excommunicare
3580 3473 3691 3528 mi-

2066 3577 2319 3639 nabatur,
2362 3583 2418 3628 et
2461 3571 2883 3643 archiepiscopo
2937 3585 3090 3623 suam
3122 3567 3352 3638 exsequi
3390 3581 3687 3621 censuram

2066 3665 2372 3738 praecipere
2401 3662 2694 3717 videbatur
2729 3679 2741 3717 :
2781 3660 3085 3731 asseritque
3107 3675 3167 3712 se
3195 3671 3478 3728 nunquam
3511 3655 3692 3710 desti-

2066 3772 2230 3810 nasse
2256 3753 2647 3809 communibus
2689 3757 2745 3805 et
2791 3749 3006 3806 collatis
3035 3748 3509 3818 gcoepiscoporum
3540 3761 3691 3815 prae-

2065 3848 2416 3921 ceptionibus
2444 3861 2507 3900 ac
2563 3841 3020 3918 suggestionibus
3051 3855 3160 3894 non
3214 3853 3407 3909 parere
3440 3855 3454 3902 ;
3485 3837 3688 3892 Belva-

2063 3938 2215 3995 censi
2239 3943 2424 3991 tamen
2454 3933 2712 3988 Ecclesiae
2742 3930 3096 4005 singulariter
3124 3927 3365 3982 Ecclesia
3397 3927 3688 3982 Remensis

2066 4045 2259 4103 parere
2283 4027 2540 4083 nesciret.
2578 4025 2639 4080 Et
2690 4023 2820 4095 quia
2850 4024 2904 4078 in
2956 4023 3060 4076 hac
3111 4020 3690 4077 excommunicatione

2063 4138 2176 4178 non
2199 4118 2569 4176 ecclesiastica
2625 4117 2814 4189 vigere
2863 4130 3119 4180 censura,
3145 4113 3242 4167 sed
3270 4127 3516 4186 przeceps
3541 4127 3687 4181 prte-

2063 4215 2246 4270 valere
2275 4210 2606 4268 cernebatur
2623 4207 2962 4264 animositas.
2998 4205 3165 4274 Cujus
3218 4207 3292 4260 rei
3316 4210 3433 4260 erat
3463 4204 3689 4258 initium

2063 4307 2308 4365 desertio
2341 4305 2489 4379 regis
2521 4303 2744 4367 Odonis,
2779 4309 2834 4356 et
2863 4300 3137 4354 institutio
3168 4298 3367 4353 Caroli.
3401 4297 3688 4351 Annectit-

2062 4417 2170 4473 que
2196 4408 2325 4473 post
2354 4398 2656 4468 aliquanta,
2688 4394 2758 4448 de
2789 4391 3109 4447 viduatione
3140 4390 3528 4445 Ecclesiarum.
3575 4390 3687 4444 Sil-

2060 4493 2409 4552 vanectensis
2437 4490 2698 4545 videlicet
2751 4495 2916 4561 atque
2968 4485 3402 4551 Catalaunensis,
3443 4501 3682 4556 quarum

1983 4616 2042 4684 D
2064 4586 2490 4647 Silvanectensis
2520 4593 2652 4639 tunc
2696 4583 2940 4654 elegerat
2964 4579 3270 4684 Otfredum,
3300 4593 3580 4678 quemque
3610 4578 3682 4632 ad

2067 4681 2396 4735 Remensem
2420 4673 2708 4746 praesulem
2762 4669 3381 4743 perduxerant,sibiquc
3405 4669 3687 4739 petierant

2065 4770 2433 4828 ordinandum
2468 4763 2808 4838 pontificem.
2835 4763 2909 4816 Ad
2943 4777 3104 4833 quam
3131 4761 3268 4830 petit
3288 4761 3432 4815 hanc
3456 4760 3689 4815 ordina-

2065 4867 2271 4924 tionem
2303 4863 2512 4927 venire,
2547 4868 2780 4923 remota,
2803 4866 2873 4912 ut
2901 4853 3343 4923 canonicajubet
3365 4853 3687 4920 auctoritas,

2065 4955 2214 5011 omni
2247 4951 2620 5010 excusatione.
2673 4946 2970 5020 Subjungit
3021 4959 3241 5016 quoque
3311 4957 3544 4996 monens
3617 4957 3689 4996 ne

2059 5047 2313 5107 intendat
2339 5047 2461 5115 ejus
2482 5046 2700 5100 animus
2728 5043 2930 5099 h2ecita
2948 5040 3116 5106 dicta,
3141 5047 3400 5110 tanquam
3424 5035 3687 5090 eumdem

2060 5156 2171 5197 non
2211 5140 2373 5193 liceat
2401 5137 2724 5207 episcOpum
2756 5135 2898 5189 ultra
2927 5133 2980 5186 in
3033 5131 3208 5202 ipsius
3237 5143 3462 5199 sperare
3489 5126 3687 5182 amici-

2062 5231 2216 5293 tiam,
2248 5243 2412 5299 quam
2443 5226 2549 5280 sibi
2590 5231 2781 5279 mutuo
2830 5222 3251 5290 conjunxerant,
3286 5232 3569 5289 quamque
3599 5217 3690 5270 in-

2063 5319 2382 5376 convulsam
2407 5315 2558 5372 omni
2595 5322 2847 5385 tempore
2885 5311 3338 5381 archiepiscopus
3370 5316 3564 5362 tenere
3587 5323 3676 5362 cu-

2067 5411 2274 5482 piebat,
2305 5416 2361 5464 et
2383 5408 2448 5462 ad
2487 5408 2755 5468 honorem
2795 5419 2907 5458 suae
2959 5402 3129 5466 sedis,
3161 5400 3354 5456 sedem
3381 5398 3555 5469 ipsius
3583 5399 3691 5454 ho-

2066 5520 2264 5562 norare
2293 5519 2358 5559 ac
2383 5501 2684 5557 sublimare
2744 5496 3118 5554 desiderabat.
3153 5495 3260 5549 Sed
3294 5493 3426 5565 quia
3452 5508 3512 5547 se
3545 5508 3691 5549 mor-

2065 5599 2187 5654 daci
2210 5594 2645 5668 reprehensione
2693 5593 2905 5647 viderat
2937 5589 3057 5658 ejus
3087 5589 3328 5643 latenter
3356 5585 3575 5640 corrodi
3600 5585 3691 5639 lit-

2066 5687 2220 5751 teris,
2253 5692 2454 5740 atanta
2497 5681 2855 5752 subreptione
2912 5694 2969 5733 se
3020 5675 3258 5732 voluerit
3314 5673 3689 5729 excusabilem

2070 5775 2323 5839 reddere,
2358 5790 2428 5828 ne
2456 5772 2739 5827 videretur
2755 5771 2809 5824 in
2824 5769 2926 5824 hoc
2948 5767 2997 5822 ei
3013 5766 3229 5822 silendo
3252 5763 3687 5818 assentire.ltem

2067 5880 2166 5935 pro
2195 5863 2550 5920 ordinatione
2603 5859 2903 5917 Maucionis
2957 5852 3373 5913 Catalaunensis
3411 5851 3685 5922 episc0pi,
