3912 6442
167 381 282 434 285

827 387 1154 444 ΗΙδΤΟΒΙΑΞ
1194 392 1528 448 ECCLESII‘E
1567 397 1901 452 REMENSIS
1943 399 2122 452 LIBRI
2162 396 2492 462 QUATUOR.
2523 427 2595 438 —
2637 397 2760 452 LIB.
2793 397 2878 452 IV.

3426 398 3528 452 ‘286

167 515 240 568 ad
284 529 447 584 quam
481 515 740 571 eumdem
794 517 1128 576 Honoratum
1182 524 1370 580 venire
1403 529 1758 584 mandaverat
1793 547 1806 594 ;
1833 535 1886 602 Α
1912 531 2152 600 rejectus
2179 531 2265 587 vel
2298 532 2644 602 reprobatus,
2671 530 3068 586 consolatorias
3091 529 3276 602 dirigit
3303 530 3528 596 litteras,

169 605 273 659 sed
304 604 397 658 ille
432 621 543 659 non
577 608 832 676 veniens,
869 611 1033 665 etiam
1070 614 1244 683 ipsam
1269 616 1675 674 ordinationem
1714 637 1806 675 re-

171 695 570 764 prehensionis
590 697 774 770 elogio
797 707 1050 755 notarat:
1084 719 1246 773 quam
1282 713 1461 760 tamen
1497 709 1807 778 reprehen-

171 788 388 842 sionem
451 790 908 863 archiepiscOpus
967 797 1248 852 charitatis
1307 801 1490 856 studio
1539 803 1812 874 patienter

174 877 413 946 ferebat,
472 881 746 937 mandans
794 889 847 938 et
879 899 1136 955 poscens,
1179 895 1236 941 ut
1289 889 1356 943 ad
1403 892 1807 949 ordinationem

123 1010 138 1017 -
176 968 452 1037 praemissi
489 969 686 1024 Otfridi
723 986 984 1027 occurere
1017 975 1255 1043 studeat,
1290 985 1393 1032 etc.
1426 981 1559 1034 Item
1589 998 1687 1052 pro
1718 983 1807 1038 lit-

176 1056 312 1110 teris
337 1057 405 1138 ab
441 1073 508 1112 eo
549 1058 658 1112 sibi
687 1060 930 1128 directis,
985 1063 1040 1116 in
1069 1065 1272 1135 quibus
1303 1067 1551 1124 hortatus
1609 1070 1805 1138 fuerat,

175 1151 234 1197 ut
261 1145 454 1212 statui,
491 1155 546 1201 et
595 1147 849 1221 religioni
883 1160 1087 1206 sanctae
1129 1151 1388 1210 Ecclesiae
1420 1157 1654 1214 labentis
1683 1177 1806 1216 suc-

171 1250 396 1288 currere
441 1235 690 1290 deberet.
740 1237 894 1292 Unde
925 1239 1224 1312 gratiarum
1264 1251 1388 1298 vota
1419 1245 1529 1300 Deo
1567 1263 1627 1301 se
1677 1264 1810 1318 per-

173 1325 393 1380 solvere
435 1327 795 1398 archipraesul
835 1331 1052 1398 asserit,
1081 1333 1177 1404 qui
1207 1334 1275 1388 ad
1330 1336 1434 1391 hoc
1463 1339 1806 1396 suadendum

173 1415 299 1484 ejus
328 1415 653 1472 excitaverit
673 1417 941 1483 animum,
967 1435 1089 1474 cum
1115 1422 1328 1492 priores
1362 1425 1536 1495 ipsius
1558 1429 1807 1502 episcopi

171 1505 430 1575 epistolae
474 1507 746 1561 tumidum
819 1509 1140 1566 viderentur
1192 1514 1426 1583 praefero
1468 1533 1754 1574 rancorem
1792 1539 1804 1574 :

173 1595 296 1649 haec
351 1611 482 1650 vero
537 1603 651 1651 tota
711 1597 1012 1653 fraternum
1079 1609 1374 1659 testaretur
1425 1623 1687 1663 amorem.
1751 1611 1805 1665 Si

172 1703 306 1741 vero
351 1689 502 1760 quod
544 1690 715 1745 verba
746 1693 1104 1762 resonabant,
1163 1697 1473 1754 Honoratus
1503 1701 1668 1757 corde
1722 1713 1805 1758 te-

173 1788 356 1844 neret,
391 1791 642 1850 paratum
701 1799 761 1837 se
794 1783 930 1839 dicit
982 1786 1103 1854 ejus
1135 1789 1385 1844 charitati
1440 1794 1800 1863 respondere,

171 1886 415 1941 eamque
470 1871 867 1929 inviolabiliter
920 1891 1275 1934 conservare.
1337 1882 1443 1936 Sed
1493 1885 1621 1954 quia
1675 1893 1807 1940 tunc

169 1971 551 2034 Opportunum
595 1972 838 2037 tempus,
869 1984 981 2039 quo
1010 1970 1171 2025 simul
1205 1973 1504 2028 convenire
1533 1975 1803 2042 valerent,

169 2071 287 2110 non
318 2055 635 2123 videbatur,
686 2075 812 2113 cum
853 2060 1089 2117 Domino
1120 2062 1368 2131 juvante,
1407 2073 1625 2137 tempus
1663 2069 1804 2122 arri-

168 2150 360 2214 sisset,
437 2149 489 2202 id
539 2159 924 2221 competenter
1000 2162 1107 2208 tam
1169 2155 1298 2226 ipsi,
1375 2175 1538 2229 quam
1589 2159 1802 2214 caeteris

164 2241 536 2316 suffraganeis
572 2246 947 2315 praenuntiare
979 2258 1212 2304 curaret.
1258 2253 1390 2306 Item
1419 2269 1518 2324 pro
1545 2254 1799 2322 jussione

163 2335 437 2404 Stephani
473 2353 652 2407 papae,
709 2338 840 2410 quia
891 2341 1243 2396 mandaverat
1301 2344 1506 2399 domno
1549 2345 1798 2411 Fulconi,

161 2427 294 2481 data
324 2426 509 2482 eidem
544 2427 768 2484 licentia
819 2431 1064 2499 interim,
1098 2442 1156 2488 ut
1196 2435 1448 2504 petierat,
1484 2439 1798 2493 remorandi

160 2525 446 2589 quatenus
480 2521 628 2576 hunc
657 2522 993 2578 Honoratum
1027 2524 1371 2596 episc0pum,
1407 2536 1573 2600 atque
1602 2531 1802 2586 Rodul-

160 2607 280 2662 fum
328 2608 752 2665 Laudunensem
791 2612 1107 2667 Ravennam
1144 2615 1387 2670 mitteret
1425 2617 1493 2671 ad
1525 2620 1796 2688 synodum

161 2698 374 2753 ibidem
415 2700 808 2756 celebrandam
895 2703 1047 2758 Unde
1089 2713 1296 2772 monet,
1351 2714 1410 2761 ut
1457 2707 1600 2763 sicut
1658 2726 1799 2780 papa

156 2787 343 2855 jubet,
399 2788 523 2856 ejus
590 2791 953 2861 praeceptioni
1021 2794 1390 2865 obtemperet.
1453 2796 1797 2854 Teuthbaldo

165 2876 506 2948 Lingonensi
555 2879 821 2950 episcopo
875 2880 1196 2937 amicabiles
1222 2892 1276 2937 et
1306 2884 1589 2940 charitatis
1620 2887 1799 2941 utrin-

163 2989 274 3042 que
305 2973 720 3041 conjunctrices
756 2974 896 3044 [ms.,
932 2977 1346 3050 continctrices]
1376 2980 1562 3054 dirigit
1587 2981 1797 3037 litteras

165 3062 494 3138 signiﬁcans
522 3065 591 3119 de
622 3065 852 3138 privatis
884 3066 1027 3122 inter
1051 3084 1111 3123 se
1136 3069 1320 3136 rebus,
1354 3088 1491 3142 quas
1521 3073 1569 3126 ei
1602 3074 1799 3128 Teuth-

161 3159 369 3213 baldus
399 3176 499 3230 per
528 3177 686 3215 suum
722 3161 1132 3235 signiﬁcaverat
1172 3165 1425 3228 missum,
1458 3174 1512 3220 et
1541 3167 1608 3222 de
1639 3183 1795 3223 com-

1910 622 2229 689 amicitiam,
2264 639 2427 694 quam
2468 623 2516 676 ei
2553 623 2902 694 promiserat,
2935 637 3190 675 asserens
3221 638 3282 676 se
3333 638 3530 692 perpe-

1911 719 2004 766 tuo
2037 720 2398 768 servaturum.
2448 713 2652 767 Dolens
2683 729 2812 768 vero
2843 718 2896 767 et
2955 711 3350 785 ingemiscens,
3384 714 3531 783 quod

1912 820 2058 869 eum,
2092 821 2253 876 quem
2288 804 2636 875 praeelectum
2677 803 2932 876 regimini
2965 803 3244 877 gaudebat
3275 803 3532 859 Ecclesiae

1911 892 2015 947 hoc
2044 892 2264 947 videbat
2291 901 2421 948 tunc
2442 893 2640 949 effectu
2665 891 3018 947 frustratum:
3050 893 3298 946 hortatur
3323 899 3529 958 tamen,

1911 991 1970 1039 ut
2010 985 2138 1040 licet
2169 985 2341 1040 elisus
2367 985 2436 1040 sit
2467 985 2680 1040 fortiter
2717 984 2952 1038 validius
2983 990 3252 1052 resurgat,
3299 983 3532 1053 cupiens

1910 1077 2090 1132 eidem
2122 1093 2316 1132 omnes
2350 1077 2696 1149 pr0pinquos
2725 1085 2779 1131 et
2814 1076 3020 1130 amicos
3050 1090 3200 1139 suos,
3231 1075 3314 1128 vel
3361 1090 3527 1146 quos-

1910 1183 2130 1242 cunque
2157 1171 2296 1226 alios
2329 1179 2518 1241 posset
2559 1169 2623 1223 ad
2657 1184 2846 1239 pacem
2889 1174 2944 1221 et
2974 1167 3325 1221 concordiam
3369 1181 3530 1221 revo-

1910 1280 2054 1326 care,
2089 1271 2194 1317 etc.
2224 1262 2492 1318 Balduino
2521 1261 2708 1317 comiti
2740 1260 3084 1326 Flandrensi,
3118 1274 3217 1331 pro
3249 1258 3526 1319 admissis.

1911 1354 2112 1425 ipsius,
2144 1355 2214 1408 de
2267 1355 2471 1426 quibus
2505 1371 2627 1409 cum
2669 1352 3017 1424 coepiscopis
3056 1352 3361 1406 diceceseos
3391 1367 3526 1416 suae,

1911 1463 2032 1517 quae
2065 1446 2248 1502 forent
2297 1447 2511 1521 agenda
2543 1452 2890 1501 tractaverat.
2924 1445 3024 1509 Qui
3056 1443 3356 1499 Balduinus
3387 1444 3531 1498 inter

1908 1536 2016 1590 alia
2041 1537 2307 1608 quaelibet
2326 1554 2511 1608 prava,
2531 1537 2696 1591 etiam
2728 1535 3109 1606 presbyterum
3140 1533 3526 1608 ﬂagellaverat,

1909 1625 2060 1690 Quod
2094 1624 2297 1680 factum
2332 1626 2520 1698 quanti
2555 1626 2627 1680 sit
2657 1625 2902 1690 sceleris,
2933 1640 2997 1678 ex
3055 1623 3257 1677 divinis
3286 1621 3529 1678 ostendit

1907 1717 2345 1772 auctoritatibus.
2394 1717 2653 1772 Basilicas
2680 1717 2842 1772 etiam
2873 1715 3136 1787 quasdam
3171 1715 3470 1770 abstulerat
3496 1730 3527 1767 a

1907 1805 2246 1876 presbyteris
2271 1805 2407 1860 inibi
2439 1806 2727 1871 ordinatis,
2759 1813 2813 1859 et
2872 1804 2992 1858 aliis
3021 1804 3270 1870 dederat,
3329 1804 3526 1858 incon-

1905 1898 2050 1954 sulto
2074 1898 2316 1969 ipsorum
2336 1899 2620 1969 episcopo.
2649 1898 3062 1953 Possessionem
3083 1913 3304 1969 quoque
3326 1911 3525 1968 quam-

1906 1987 2054 2054 dam,
2105 2003 2268 2058 quam
2333 2003 2426 2040 rex
2476 1986 2729 2041 Ecclesiae
2782 1986 3132 2041 Noviomensi
3202 1985 3524 2051 tradiderat,

1906 2079 2053 2134 idem
2085 2079 2390 2134 Balduinus
2422 2078 2709 2146 invadens,
2752 2094 2851 2149 per
2874 2078 3190 2133 violentiam
3226 2076 3523 2132 retinebat.

1902 2170 2133 2226 Adnecti
2165 2187 2298 2246 ergo
2327 2171 2592 2227 canonica
2642 2180 2696 2226 et
2733 2171 2931 2246 Iegalia
2979 2187 3146 2241 super
3207 2169 3523 2240 hujusmodi

1903 2259 2240 2314 facinoribus
2278 2260 2537 2330 capitula.
2574 2261 2873 2334 Redarguit
2923 2260 3088 2314 etiam
3137 2259 3392 2314 eumdem
3425 2275 3524 2330 pro

1901 2364 1968 2404 eo
1992 2349 2138 2420 quod
2161 2350 2558 2404 monasterium
2584 2349 2982 2405 monachorum
3005 2348 3111 2402 sibi
3141 2353 3524 2419 usurpaverat,

1899 2445 1954 2490 et
1981 2437 2352 2492 insurrexerat
2381 2444 2570 2492 contra
2601 2453 2786 2510 regem
2817 2453 2942 2491 cum
2973 2435 3298 2490 inﬁdelitate
3316 2444 3370 2490 et
3396 2451 3526 2505 per-

1895 2528 2062 2596 jurio.
2097 2528 2273 2599 Super
2302 2529 2504 2600 quibus
2522 2529 2690 2583 rebus
2711 2529 2824 2597 jam
2857 2529 3067 2583 dudum
3100 2528 3224 2582 data
3251 2527 3358 2582 sibi
3379 2527 3525 2580 dila-

1900 2616 2074 2681 tione,
2108 2623 2163 2669 et
2201 2616 2453 2670 adhibita
2486 2616 2789 2687 episcOpali
2822 2616 3224 2676 admonitione,
3283 2616 3428 2669 hanc
3454 2616 3524 2669 de

1900 2705 2020 2759 loco
2050 2706 2119 2760 ad
2140 2705 2318 2760 locum
2353 2721 2473 2760 sese
2507 2705 2885 2760 convertenda
2915 2705 3209 2759 videbatur
3238 2703 3520 2759 subterfu-

1899 2813 2051 2871 gere.
2085 2798 2241 2853 Unde
2269 2807 2323 2852 et
2345 2798 2431 2851 his
2461 2814 2586 2852 eum
2618 2797 2817 2852 litteris
2847 2805 3072 2868 paterna
3102 2812 3308 2852 vocans
3337 2796 3524 2850 admo-

1900 2889 2134 2956 nitione,
2168 2892 2417 2946 hortatur
2473 2890 2924 2946 emendationem
2967 2889 3234 2962 profiteri.
3289 2888 3445 2954 Quod
3476 2888 3518 2942 si

1900 2999 2010 3038 non
2044 2982 2267 3048 faceret,
2304 2993 2575 3038 extorrem
2603 2999 2662 3038 se
2707 2984 2873 3038 sciret
2915 2999 3039 3037 esse
3062 2999 3092 3036 a
3127 2983 3269 3053 [ms.,
3301 2982 3445 3035 deest
3468 2980 3517 3050 a]

1899 3069 2204 3125 Christiana
2254 3071 2669 3136 communione,
2703 3081 2808 3126 etc.
2845 3073 2978 3126 Item
3009 3070 3075 3123 ad
3103 3070 3359 3124 eumdem
3394 3084 3518 3123 cum

1897 3159 2246 3230 coepiscopis
2273 3159 2390 3214 suis
2430 3161 2684 3215 scribens
2719 3175 2783 3214 ex
2841 3158 3054 3229 synodo
3109 3157 3294 3211 Remis
3325 3156 3518 3210 habita

157 3252 315 3305 muni
371 3252 653 3323 colloquio
685 3234 896 3321 secum,
950 3255 1019 3309 de
1061 3257 1210 3332 regis
1240 3273 1464 3329 quoque
1514 3265 1569 3313 et
1621 3259 1794 3330 ipsius
1821 3234 1870 3302 C
1895 3250 2193 3306 Dominicae
2222 3251 2622 3306 Incarnationis
2653 3267 2798 3306 anno
2830 3251 2955 3316 892,
2998 3248 3176 3320 arguit
3206 3264 3332 3302 eum
3367 3247 3514 3318 quod

153 3341 500 3396 Teuthbaldi
543 3344 1042 3418 consanguinitate,
1101 3355 1267 3418 atque
1325 3348 1564 3404 amicitia
1616 3350 1792 3420 ipsius

153 3433 407 3503 episcOpi
446 3433 562 3506 regi
598 3433 796 3490 Karolo
828 3445 1002 3510 grata.
1036 3437 1208 3513 Rogat
1235 3439 1400 3494 etiam
1437 3441 1543 3495 sibi
1579 3458 1792 3497 reman-

155 3523 278 3575 dari
295 3521 364 3576 de
399 3522 675 3576 Richardo
704 3523 1158 3598 Burgundionum
1179 3527 1606 3598 principe,etde
1631 3531 1792 3601 Aqui-

160 3614 329 3679 tanis,
357 3614 506 3685 quod
540 3631 666 3668 eum
699 3615 993 3687 contigerit
1045 3617 1210 3684 scire,
1243 3628 1349 3673 etc.
1411 3620 1644 3675 Rodulfo
1677 3621 1790 3690 jam

155 3705 294 3760 dicti
327 3704 558 3759 Didonis
588 3706 836 3778 episcopi
869 3707 1202 3774 successori,
1243 3708 1572 3780 gratulando
1600 3711 1667 3765 de
1699 3713 1792 3768 ho-

157 3817 297 3855 nore
322 3801 517 3871 ipsius,
545 3807 598 3855 et
627 3800 879 3871 profectu
915 3802 968 3855 in
991 3803 1242 3858 Domino.
1269 3804 1400 3857 Item
1433 3820 1530 3874 pro
1549 3806 1788 3876 quodam

155 3895 339 3965 ipsius
372 3894 590 3949 Rodulli
624 3895 904 3964 subjecto,
951 3897 1050 3952 sed
1081 3897 1148 3952 ab
1183 3898 1378 3952 eodem
1411 3899 1646 3966 abjecto,
1678 3917 1791 3957 mo-

151 3999 301 4038 nens
321 3983 628 4038 cavendum
659 4000 727 4038 ne
749 3984 978 4039 laedatur
1003 3985 1058 4038 in
1087 3986 1194 4040 hoc
1221 3987 1555 4058 epiSCOpalis
1576 3988 1786 4058 opinio,

147 4077 286 4129 dum
328 4075 478 4147 quod
511 4077 696 4151 agitur
726 4076 844 4130 zelo
877 4077 1247 4144 rectitudinis,
1280 4078 1487 4134 feratur
1518 4079 1636 4134 fieri
1668 4081 1788 4136 zelo

147 4170 483 4225 exercendm
515 4170 780 4225 ultionis:
843 4170 1088 4226 inferens
1125 4171 1425 4228 Ecclesiam
1460 4173 1786 4231 Remensem

148 4264 260 4317 hoc
278 4279 345 4317 ex
359 4263 589 4334 antiquo
605 4263 1243 4334 privilegiumhabuisse,
1261 4267 1790 4339 utquicunquedite~

152 4367 520 4407 cesaneorum
549 4353 804 4423 proprios
845 4353 1141 4424 episcopos
1171 4354 1453 4425 quoslibet
1491 4354 1788 4412 offendisse

154 4463 218 4500 se
281 4446 448 4500 modo
505 4446 834 4512 sensissent,
894 4447 962 4501 ad
1012 4447 1150 4501 hanc
1198 4455 1516 4503 caeterarum
1558 4457 1785 4504 matrem

153 4537 527 4610 confugerent
560 4537 954 4604 Ecclesiarum,
987 4538 1252 4593 auxilium
1283 4538 1389 4593 sibi
1423 4539 1602 4595 veniae
1629 4539 1784 4615 ﬂagi-

1893 3340 2262 3396 ecclesiastica
2292 3340 2453 3394 simul
2487 3347 2542 3394 et
2595 3340 2793 3413 Iegalia
2818 3339 2943 3408 jura
2991 3343 3394 3402 contemneret,
3429 3352 3520 3390 res

1891 3432 2314 3496 ecclesiasticas,
2348 3440 2403 3486 et
2453 3432 2692 3486 honores
2723 3431 2829 3486 sibi
2865 3447 2974 3486 non
3033 3444 3332 3484 concessus
3363 3428 3520 3482 inva-

1895 3523 2072 3588 deret,
2107 3520 2200 3574 Dei
2225 3521 2474 3574 timorem
2498 3537 2528 3574 a
2549 3535 2606 3574 se
2639 3519 2958 3590 projiciens,
2982 3528 3037 3573 et
3068 3517 3231 3573 ﬁdem
3266 3533 3431 3588 quam
3461 3516 3516 3571 in

1895 3610 2226 3681 baptismate
2245 3610 2353 3664 Deo
2373 3607 2724 3678 promiserat,
2750 3608 3018 3678 Operibus
3029 3607 3316 3672 abdicans,
3337 3604 3516 3660 locum

1893 3701 2033 3756 sacri
2087 3701 2372 3756 monastici
2406 3700 2620 3755 ordinis
2664 3700 2994 3769 pervadens,
3052 3707 3106 3754 et
3159 3697 3376 3754 abbatis
3414 3696 3518 3751 sibi

1892 3807 2098 3846 nomen
2124 3807 2402 3860 usurpans
2454 3789 2608 3845 Unde
2641 3789 2919 3845 communi
2951 3789 3179 3844 decreto
3210 3787 3518 3858 episcopo-

1893 3897 2011 3935 rum
2060 3881 2369 3950 judicatum
2425 3880 2620 3948 fuerat,
2671 3895 2798 3933 eum
2839 3876 3184 3932 auctoritatis
3237 3873 3518 3930 canonica:

1889 3971 2238 4026 anathemate
2268 3970 2600 4026 feriendum.
2631 3969 2737 4024 Sed
2770 3968 3030 4040 quoniam
3065 3972 3118 4021 et
3151 3965 3430 4031 Ecclesiae,
3463 3973 3520 4020 et

1890 4063 2128 4134 publicis
2180 4063 2334 4135 regni
2401 4062 2727 4117 utilitatibus
2769 4059 3060 4114 videbatur
3098 4056 3515 4122 accommodus,

1891 4171 2127 4210 censura
2147 4153 2506 4225 suspenditur
2526 4153 2709 4209 adhuc
2738 4149 3234 4206 animadversionis
3253 4148 3519 4203 ecclesia-

1890 4245 2060 4313 sticae,
2105 4246 2553 4318 recogitandique
2583 4245 2689 4301 sibi
2723 4252 2776 4300 et
2805 4241 3138 4298 emendandi
3169 4239 3403 4311 spatium
3438 4255 3519 4294 re-

1890 4346 2157 4406 servatur,
2183 4346 2238 4394 et
2265 4338 2587 4394 obsecratur
2626 4355 2726 4410 per
2750 4335 3186 4392 misericordiam
3212 4333 3328 4398 Dei,
3361 4338 3420 4386 ut
3446 4332 3516 4386 ab

1892 4429 1993 4483 hac
2046 4427 2481 4500 praesumptione
2521 4428 2764 4482 animum
2829 4431 3071 4490 revocet,
3125 4437 3229 4476 nec
3280 4420 3520 4492 amplius

1890 4517 2025 4572 iram
2057 4518 2154 4573 Dei
2181 4527 2374 4573 contra
2403 4532 2464 4571 se
2494 4522 2780 4588 provocet,
2815 4529 2918 4568 nec
2953 4513 3098 4584 [ms.,
3131 4510 3220 4581 ne]
3269 4509 3348 4564 illi
3379 4526 3517 4582 quo-

150 4601 434 4684 tantesvab
459 4630 596 4700 ipsa.
624 4655 649 4676 «
685 4632 777 4684 Ast
801 4601 1148 4705 ego,inquit,
1177 4632 1326 4686 nulla
1355 4631 1411 4685 in
1433 4631 1541 4686 hoc
1555 4601 1857 4706 negotioD
1883 4606 2178 4662 dammOdo
2215 4606 2464 4706 gladi?“
2488 4603 2758 4706 Pmbeaﬁ’
2800 4610 2904 4703 etc:
2957 4601 3390 4706 DiYmamque
3423 4615 3519 4706 se-

147 4725 229 4778 uti
279 4724 428 4778 volui
460 4723 835 4779 auctoritate:
888 4725 988 4780 sed
1032 4725 1177 4780 sicut
1219 4725 1430 4780 amicus
1472 4724 1540 4778 ab
1577 4726 1774 4792 amico,

149 4815 264 4868 imo
283 4814 426 4868 sicut
444 4813 803 4882 aSpecialiter
830 4813 1032 4869 dilecto
1055 4811 1170 4868 filio
1190 4814 1469 4884 postulare
1493 4831 1508 4876 ;
1538 4829 1606 4869 eo
1629 4815 1778 4885 quod

149 4920 238 4957 mc
271 4903 419 4974 apud
477 4919 598 4968 vos,
631 4918 744 4957 non
804 4903 981 4958 dicam
1029 4902 1262 4974 aliquid,
1297 4920 1358 4958 se
1390 4903 1534 4958 bene
1593 4919 1780 4975 posse,

147 4992 521 5048 conlidebam.
563 5013 588 5043 α
617 4992 973 5067 Subjungens
999 5008 1220 5064 quoque
1267 5001 1390 5063 post
1414 4993 1618 5064 aliqua,
1652 4993 1782 5065 quia

151 5079 436 5135 miseratio
463 5095 575 5134 non
607 5087 693 5133 est
726 5081 1100 5150 praevaricatio
1129 5098 1142 5134 :
1175 5097 1299 5136 cum
1332 5082 1478 5136 Deus
1508 5081 1779 5153 quotidie,

154 5180 278 5243 post
296 5171 476 5226 minas
503 5171 764 5226 districtae
785 5171 1036 5236 ultionis,
1066 5172 1134 5227 ad
1147 5189 1207 5227 se
1240 5173 1523 5228 conversis
1541 5183 1782 5244 paternae

150 5265 504 5319 consueverit
535 5263 863 5332 impendere
880 5264 1090 5319 viscera
1124 5264 1370 5335 pietatis;
1397 5265 1596 5337 etquia
1619 5281 1782 5322 nemo

145 5357 227 5411 sic
256 5373 504 5428 unquam
543 5354 712 5420 cadit,
747 5362 805 5410 ut
835 5356 884 5410 ei
921 5357 1250 5430 resurgendi
1276 5356 1435 5427 c0pia
1455 5356 1656 5412 debeat
1681 5357 1778 5413 de-

145 5444 358 5518 negari,
395 5451 507 5500 etc.

790 5515 1001 5571 CAPUT
1033 5517 1144 5571 VII.

209 5610 340 5676 Quae
369 5605 686 5672 abbatibus,
713 5608 796 5661 uel
834 5607 1142 5662 illustribus
1188 5609 1324 5662 viris
1357 5608 1705 5678 quibusdam.

203 5715 495 5787 Stephano
531 5710 755 5766 cuidam
788 5712 975 5768 abbati
1008 5728 1072 5767 ac
1120 5711 1474 5768 nobilissimo
1504 5713 1644 5780 viro,
1680 5714 1773 5786 qui

132 5811 197 5866 ad
231 5811 630 5883 episc0patum
659 5807 871 5864 electus
910 5807 1226 5880 videbatur,
1253 5817 1384 5866 tunc
1416 5816 1599 5866 autem
1631 5808 1773 5866 forte

1882 4705 2127 4770 quuntur
2179 4697 2568 4752 auctoritatum
2623 4694 2946 4751 testimonia
2984 4693 3052 4747 ad
3110 4690 3515 4761 correptionem

1883 4791 2054 4861 ipsius
2083 4806 2305 4862 quoque
2336 4789 2572 4861 prolata.
2614 4787 2824 4854 Quibus
2855 4801 2916 4841 se
2957 4784 3279 4856 acquiscere
3323 4782 3514 4849 nollet,

1883 4885 1952 4938 ab
1973 4883 2122 4938 omni
2145 4899 2205 4938 se
2222 4890 2413 4939 nosset
2437 4882 2694 4938 Ecclesiae
2726 4880 3007 4937 consortio
3030 4875 3512 4948 sequestrandum.

1883 4981 2266 5045 perpetuoque
2306 4975 2656 5028 anathemate
2688 4971 3020 5028 feriendum.
3059 4970 3237 5042 Ipsius
3293 4984 3514 5040 quoque

1886 5067 2136 5138 propalat
2164 5067 2754 5123 excommunicationis
2778 5065 3109 5122 sententiam
3143 5064 3199 5118 in
3232 5063 3510 5124 eumdem.

1883 5161 1928 5216 si
1956 5177 2018 5216 se
2047 5160 2329 5236 corrigere
2360 5161 2558 5229 noluit,
2591 5158 2923 5232 quantocius
2947 5156 3321 5227 jaculandam.
3355 5155 3514 5212 Clero

1888 5259 1943 5307 et
2000 5253 2149 5324 plebi
2182 5252 2612 5308 Silvanectensis
2671 5250 2947 5314 Ecclesia,
2980 5264 3079 5320 pro
3119 5247 3356 5320 pastoris
3409 5247 3514 5302 sibi
3607 5307 3613 5317 ‘

1887 5346 2220 5417 prmferendi
2253 5347 2446 5401 scribit
2477 5346 2771 5412 electione,
2820 5360 3174 5410 succensens,
3217 5359 3316 5400 cur
3355 5344 3423 5398 ad
3453 5359 3513 5399 se

1885 5438 2078 5493 venire
2097 5437 2436 5504 distulerint,
2469 5437 2554 5493 vel
2588 5436 2843 5508 apicibus
2861 5437 3068 5509 alloqui
3090 5452 3176 5504 se,
3198 5451 3362 5508 quam
3389 5434 3514 5490 viva

1883 5542 2016 5582 voce
2029 5527 2356 5582 maluerint:
2389 5525 2661 5582 mandans
2679 5533 2740 5582 ut
2756 5526 2934 5582 electa
2949 5542 3009 5581 se
3024 5525 3260 5601 collegio
3275 5541 3376 5581 suo
3395 5540 3512 5596 per-

1879 5635 2068 5686 sonas,
2103 5625 2207 5674 tam
2227 5626 2385 5674 aetate
2417 5635 2583 5691 quam
2614 5618 2888 5690 sapientia
2914 5627 3156 5675 maturas
3171 5625 3226 5674 et
3256 5619 3505 5685 idoneas,

1875 5712 1943 5767 ad
1965 5728 2025 5767 se
2053 5710 2275 5767 mittere
2307 5718 2606 5778 maturent,
2633 5712 2726 5784 qui
2761 5729 2866 5768 nec
2881 5712 3079 5789 gratia,
3111 5728 3214 5768 nec
3238 5710 3388 5776 odio,
3411 5717 3507 5764 aut

1873 5809 2061 5864 ulllius
2072 5807 2314 5863 avaritiae
2333 5806 2590 5874 obtentu,
2614 5825 2645 5862 a
2669 5809 2888 5864 tramite
2910 5815 3063 5865 recto
3084 5805 3395 5864 exorbitare
3417 5803 3503 5858 ul-
