3912 6474
383 488 488 544 287

1491 488 1864 546 FLODOARDI
1941 490 2247 548 CANONICI
2288 492 2640 551 REMENSIS.

3625 505 3729 560 288

388 624 1860 699 latenusappareaut[j.,appetant].Ministrisqnoque
1879 626 2011 681 Lau-
2036 633 2252 698 Anovo
2302 629 2559 698 instituit,
2592 630 2945 688 Altimontem
3004 634 3233 702 scilicet,
3288 644 3344 691 et
3371 637 3526 693 aliud
3583 641 3725 711 apud

389 717 659 772 dunensis
673 718 951 786 Ecclesiae,
967 734 1065 789 pro
1090 734 1155 771 eo
1173 718 1320 788 quod
1343 716 1594 771 audierat
1610 716 1862 771 intereos
1877 733 2011 772 con-

386 807 669 862 tentiones
690 824 831 873 esse,
866 817 920 862 et
940 805 1321 862 conventicula
1359 822 1608 860 seorsum
1635 806 1836 862 facere.
1868 810 2008 873 Qua—

391 906 617 968 propter
647 906 835 953 monet
862 913 957 952 eos
986 906 1047 952 ut
1100 894 1262 961 filios,
1295 895 1441 968 quod
1471 897 1517 950 si
1554 897 1674 952 haec
1702 896 1777 951 ita
1804 896 2009 953 fuerint

389 990 727 1046 omnimodis
752 996 1133 1061 amputentur:
1190 995 1494 1045 conventus
1522 996 1706 1044 autem
1761 989 2002 1061 ipsorum

390 1082 483 1139 ﬁat
510 1084 826 1139 moderatus
864 1091 1030 1155 atque
1085 1082 1383 1151 jocundus,
1434 1099 1491 1137 in
1531 1099 1641 1156 quo
1697 1086 2004 1141 secundum

385 1184 624 1245 aetatem,
669 1177 755 1232 vel
786 1178 968 1232 datam
995 1178 1099 1232 sibi
1123 1195 1153 1232 a
1183 1178 1295 1234 Deo
1326 1179 1677 1250 probitatem,
1723 1180 1875 1236 omni
1907 1181 2005 1236 de-

385 1271 567 1342 posito
596 1271 915 1341 supercilio,
948 1272 1184 1344 quisque
1219 1273 1496 1345 loquatur,
1530 1281 1636 1330 etc.
1663 1274 1739 1329 De
1766 1290 2003 1331 concor-

386 1365 477 1421 dia
509 1374 562 1421 ct
588 1368 855 1423 charitate
906 1384 1034 1424 vera
1066 1370 1458 1425 constituenda
1508 1378 1671 1443 atque
1710 1373 2002 1441 servanda,

385 1462 611 1516 mittens
642 1463 723 1518 eis
743 1464 1025 1535 exemplar
1051 1466 1297 1535 epistola:
1329 1467 1396 1519 ad
1415 1465 1659 1522 Odonem
1692 1485 1876 1543 regem
1905 1484 2005 1540 pro

384 1550 686 1606 obtinenda
728 1553 862 1623 ipsis
912 1554 1180 1609 canonica
1213 1555 1486 1611 electione
1542 1573 1571 1611 a
1602 1572 1663 1611 se
1693 1558 1896 1625 missee,
1954 1565 2007 1613 et

386 1643 705 1711 exhortans,
740 1652 799 1700 ut
842 1646 1137 1700 unanimes
1174 1664 1299 1702 cum
1331 1649 1472 1704 santi
1502 1648 1738 1719 Spiritus
1789 1650 2011 1719 adjuto-‘

385 1733 469 1789 rio
495 1737 839 1810 congregati,
879 1753 1218 1812 magnOpere
1252 1745 1525 1814 satagant,
1553 1746 1609 1795 et
1639 1741 1733 1795 Dei
1763 1742 2005 1796 clemen-

385 1829 515 1883 tiam
567 1832 936 1887 attentissime
962 1833 1280 1903 implorent,
1312 1843 1372 1890 ut
1401 1850 1592 1892 eorum
1637 1837 1901 1906 pastorali
1932 1838 2011 1891 di-

2110 718 2378 788 oppidnm
2405 719 2765 790 Spernacum,
2794 723 2943 793 quod
2971 723 3085 780 Odo
3121 740 3234 792 rex,
3267 726 3396 797 quia
3424 726 3731 783 desciverat

2108 806 2177 858 ab
2208 822 2274 862 eo
2309 817 2536 880 propter
2564 810 2908 866 evectionem
2959 812 3159 876 Karoli,
3203 813 3495 871 subvertit.
3548 817 3731 872 Vene-

2109 898 2284 954 rabile
2324 916 2545 973 quoque
2575 902 2879 958 beatissimi
2926 905 3162 979 Remigii
3209 922 3410 979 corpus
3450 909 3519 962 ab
3560 909 3732 964 Orba-

2107 993 2261 1046 censi
2314 995 2543 1067 (Omont)
2596 998 2932 1054 monasterio
2981 999 3310 1055 Remensem
3356 1004 3631 1059 revocavit
3659 1006 3727 1059 ad

2106 1086 2320 1142 urbem.
2357 1089 2416 1142 In
2463 1105 2572 1160 qua
2602 1089 2871 1145 relatione
2921 1093 3038 1160 (lib.
3072 1109 3109 1155 ι,
3166 1109 3287 1163 cup.
3319 1094 3405 1164 21)
3463 1096 3639 1150 multa
3677 1105 3734 1150 et

2105 1193 2304 1250 magna
2334 1191 2464 1238 sunt
2492 1190 2718 1239 ostensa
2746 1185 3010 1240 miracula
3042 1186 3296 1257 superius
3341 1204 3373 1241 a
3401 1187 3566 1243 nobis
3595 1206 3731 1259 par-

2107 1268 2204 1324 tim
2261 1271 2554 1326 declarata.
2590 1273 2663 1328 Eo
2694 1281 2943 1341 tempore
2990 1274 3342 1331 Nortmannis
3392 1277 3731 1333 Francorum

2107 1371 2283 1419 terras
2314 1364 2724 1434 infestantibus,
2756 1377 2811 1423 et
2839 1368 3053 1423 diversa
3087 1368 3206 1423 loca
3236 1369 3731 1440 depOpulantibus,

2108 1456 2197 1511 hic
2227 1455 2474 1527 pontifex
2519 1458 2724 1528 plures,
2757 1465 2865 1514 tam
2897 1459 3232 1526 sacerdotes,
3278 1478 3442 1532 quam
3499 1469 3734 1518 caeteros

2108 1548 2343 1604 clericos
2366 1556 2420 1603 et
2439 1551 2761 1618 monachos,
2791 1553 2859 1606 ad
2887 1570 2947 1607 se
2970 1555 3359 1624 undecumque
3381 1553 3736 1609 conﬂuentes

2109 1640 2351 1715 benigne
2382 1642 2646 1712 suscepit,
2674 1649 2729 1697 et
2760 1650 2989 1714 paterne
3019 1645 3168 1701 fovit.
3215 1646 3362 1701 inter
3388 1661 3529 1717 quos
3561 1646 3729 1702 etiam

2110 1731 2415 1785 monachos
2454 1731 2508 1786 S.
2542 1731 2789 1803 Dionysii
2819 1750 2943 1788 cum
2979 1734 3156 1804 ipsius
3203 1735 3454 1806 martyris
3484 1735 3733 1804 pretioso

2110 1836 2364 1893 corpore,
2394 1822 2741 1895 aliorumque
2770 1832 3088 1880 sanctorum
3135 1825 3458 1900 pignoribus
3497 1825 3733 1895 recepit,

384 1929 585 1994 gnetur
614 1924 809 1978 adesse
863 1925 1144 1981 elcctioni.
1178 1927 1395 1982 Fratres
1442 1927 1861 1983 Corbeiacensis
1890 1946 2004 1985 cae-
2033 1959 2088 2030 Β
2113 1916 2362 2030 “‘31:”;
2408 1916 2618 2030 (ξονρξε
2660 1918 2827 2019 eum?
2860 1919 3019 2030 Ῑίῗδῑί.
3043 1919 3254 2030 calix“:
3312 1935 3577 2020 οοηοοδδξι
3623 1918 3733 2030 sibi

384 2011 538 2065 nobii
579 2012 776 2068 litteris
831 2031 943 2069 suae
973 2016 1204 2071 visitans
1254 2017 1670 2082 admonitionis,
1728 2020 2007 2095 redarguit

384 2112 441 2160 et
466 2107 829 2163 vehementer
875 2111 1121 2182 increpat
1152 2128 1320 2182 super
1371 2112 1682 2181 abjectione
1721 2114 1807 2168 sui
1837 2115 2005 2169 abba-

386 2201 475 2269 tis,
508 2219 671 2274 quem
713 2206 863 2278 gravi
914 2216 1226 2279 correptum
1254 2207 1598 2278 infirmitate,
1639 2211 1852 2267 crudeli
1910 2213 2006 2267 ab-

387 2294 707 2350 dicaverant
735 2299 1064 2365 temeritate,
1094 2316 1199 2354 nec
1229 2316 1353 2354 eum
1378 2301 1446 2355 ad
1489 2302 1641 2372 ipsos
1665 2303 2006 2373 venientem,

385 2385 582 2440 saltem
616 2397 674 2442 ut
698 2390 1058 2462 peregrinum
1086 2400 1468 2462 susceperant,
1497 2401 1591 2447 aut
1626 2393 1677 2447 ei
1709 2392 1874 2448 ullam
1902 2394 2008 2448 hu-

386 2475 705 2531 manitatem
738 2478 1149 2549 impenderant:
1193 2482 1291 2535 sed
1313 2498 1438 2536 eum
1459 2482 1527 2536 de
1554 2483 1837 2537 communi
1858 2483 2012 2539 habi-

385 2568 593 2623 tatione
652 2572 1061 2639 perturbantes,
1118 2573 1173 2627 in
1230 2572 1500 2629 vilissimo
1568 2584 1717 2630 extra
1773 2575 2009 2630 claustra

387 2660 709 2714 monasterii
743 2660 862 2716 loco
893 2669 1251 2729 retruserant,
1292 2671 1347 2717 et
1376 2664 1657 2717 communi
1688 2672 1891 2719 statuto
1922 2664 2011 2718 ﬁr-

386 2758 668 2805 maverant
698 2760 758 2807 ut
801 2752 870 2806 ad
903 2754 1160 2808 eumdem
1208 2753 1544 2808 visitandum
1578 2754 1662 2810 vel
1717 2755 2012 2809 consolan-

383 2841 514 2893 dum
570 2840 759 2895 venire
807 2841 993 2895 nullus
1049 2843 1313 2897 auderet:
1372 2843 1469 2897 sed
1528 2858 1711 2914 neque
1764 2844 2010 2900 moriens

386 2931 667 2986 communi
696 2931 982 3001 sepultura
1011 2933 1213 3005 dignus
1264 2934 1575 2989 haberetur.
1611 2934 1779 2991 Unde
1830 2937 2005 2991 admi-

388 3039 515 3076 rans
546 3024 710 3078 talem
732 3024 990 3079 sensibus
1016 3040 1206 3080 eorum
1236 3026 1505 3096 obrepere
1537 3026 1786 3097 potuisse
1811 3028 2012 3100 impro-

387 3115 640 3181 bitatem,
673 3124 728 3171 et
758 3117 1088 3186 apostolicas
1132 3124 1296 3189 atque
1324 3119 1626 3190 regulares,
1675 3136 1844 3190 super
1875 3122 2013 3177 obe-

386 3210 597 3264 dientia
670 3211 983 3281 praepositis
1058 3210 1394 3278 exhibenda,
1472 3228 1801 3283 praeponens
1871 3230 2013 3285 prae-

387 3302 699 3372 ceptiones,
732 3303 974 3357 ostendit
1005 3317 1116 3357 non
1150 3303 1231 3357 eis
1255 3302 1476 3358 licuisse
1513 3305 1767 3360 abbatem
1799 3309 2090 3396 regula—'C

392 3393 526 3447 riter
553 3393 812 3460 electum,
838 3402 893 3448 et
916 3394 1321 3465 archiepiscopi
1343 3395 1691 3451 ordinatione
1714 3396 2012 3453 rationabi-

388 3485 515 3539 liter
546 3485 879 3551 institntum,
912 3487 987 3541 ita
1018 3495 1211 3542 contra
1250 3488 1331 3541 fas
1358 3503 1525 3543 omne
1555 3490 1924 3560 dehonorare,
1957 3500 2013 3548 et

388 3572 575 3628 divina
602 3577 956 3647 humanaque
988 3575 1043 3629 in
1067 3591 1133 3630 eo
1154 3577 1282 3647 jura
1306 3576 1393 3631 vel
1419 3577 1671 3633 instituta
1702 3580 2011 3635 convellere

387 3668 553 3732 atque
604 3663 990 3719 confundere:
1043 3681 1165 3720 cum
1201 3680 1313 3721 non
1344 3666 1416 3720 sit
1446 3667 1502 3720 in
1549 3682 1739 3722 eorum
1784 3668 2012 3727 arbitrio

384 3754 471 3808 vel
522 3762 819 3825 potestate,
861 3773 983 3812 cum
1037 3758 1337 3827 voluerint,
1397 3759 1656 3815 abbatem
1695 3762 2009 3832 deponere,

386 3853 442 3901 et
497 3847 665 3902 alium
714 3850 785 3903 ad
840 3850 1130 3906 libidinem
1179 3867 1292 3906 suae
1349 3853 1652 3908 voluntatis
1693 3854 2007 3910 instituere.

386 3936 650 4007 Proponit
679 3938 842 3993 etiam
899 3941 1346 3997 maledictionem
1383 3941 1571 4010 Cham,
1626 3945 1721 4015 qui
1748 3945 2010 4014 pudenda

391 4030 561 4100 patris
586 4029 776 4097 irrisit,
805 4040 859 4086 et
889 4034 1137 4101 ejusdem
1170 4034 1470 4105 compiices
1500 4049 1597 4091 eos
1627 4036 1869 4090 ostendit
1889 4051 2011 4092 esse

391 4122 797 4177 maledictionis
828 4124 980 4193 (Gen.
1028 4129 1140 4194 1x):
1181 4141 1245 4179 ac
1288 4126 1524 4196 proinde
1566 4127 1890 4198 interposito
1921 4143 2013 4184 or-

392 4211 540 4266 dinis
571 4212 816 4283 ipsorum
850 4214 1119 4285 periculo,
1154 4225 1366 4283 monet,
1395 4216 1720 4271 auctoritate
1752 4226 1806 4272 et
1853 4218 2013 4272 mini-

391 4305 557 4359 sterio
609 4305 718 4359 sibi
751 4321 782 4359 a
818 4306 928 4361 Deo
987 4306 1239 4375 injuncto
1288 4308 1641 4379 praecipiens,
1681 4316 1741 4364 ut
1797 4309 1866 4363 ab
1911 4311 2013 4366 hac

392 4394 695 4463 pertinacia
754 4395 1103 4467 resipiscant,
1168 4397 1541 4469 enmdemque
1598 4399 1683 4453 sui
1740 4400 1847 4455 loci
1904 4417 2008 4470 pa-

390 4490 551 4551 trem,
592 4485 733 4540 sicut
763 4484 1019 4540 abbatem
1053 4486 1330 4542 honorent
1354 4502 1419 4542 ac
1470 4486 1725 4562 diligant,
1757 4489 1939 4544 donec
1964 4490 2009 4544 si

391 4573 752 4640 convaluerit,
797 4583 854 4628 et
893 4575 1014 4646 ipse
1065 4575 1173 4629 tale
1221 4589 1364 4630 onus
1416 4575 1558 4631 ferre
1590 4592 1702 4633 non
1742 4579 2005 4650 potuerit,

392 4665 508 4736 ipse
541 4666 607 4720 ad
662 4683 847 4739 regem
909 4678 1270 4723 excusaturus
1316 4669 1559 4737 accedat,
1616 4678 1677 4726 ut
1707 4671 1827 4740 ejus
1864 4688 2008 4742 prae-

2112 2006 2197 2061 vel
2241 2006 2498 2063 Ecclesia:
2550 2009 2808 2063 Remensi
2840 2010 3059 2066 abbatia
3098 2009 3349 2078 ejusdem
3379 2011 3577 2077 sancti,
3628 2010 3737 2065 ite-

2108 2111 2227 2151 mos
2257 2096 2453 2153 deduci
2486 2096 2634 2163 fecit,
2668 2106 2723 2152 et
2748 2108 2874 2168 post
2913 2099 3089 2154 altare
3116 2106 3323 2154 sanctae
3344 2099 3526 2154 Mariae
3555 2114 3735 2153 vene—

2110 2187 2357 2243 rabiliter
2384 2189 2692 2255 collocavit,
2725 2191 2991 2261 juxtaque
3022 2191 3156 2246 illud
3184 2192 3418 2266 pignora
3447 2190 3599 2245 beati
3644 2190 3735 2243 Ni-

2110 2275 2262 2342 casii,
2304 2283 2359 2331 et
2387 2284 2590 2331 sanctae
2634 2278 2839 2332 sororis
2868 2279 2990 2348 ejus
3035 2278 3330 2349 Eutropiae,
3380 2278 3449 2333 ab
3483 2277 3733 2333 Ecclesia

2110 2363 2251 2418 tituli
2308 2366 2482 2420 sancti
2545 2366 2810 2441 Agricola)
2877 2366 3181 2423 honoriﬁce
3257 2368 3458 2435 delata,
3517 2366 3733 2423 consti-

2111 2456 2233 2512 tuit.

2754 2529 2963 2585 CAPUT
2999 2530 3086 2584 IX.

2358 2624 2434 2675 De
2462 2626 2646 2677 sancto
2679 2623 2942 2679 Gibriano
2972 2627 3020 2677 et
3048 2623 3322 2689 fratribus
3346 2621 3480 2691 ejus.

2191 2732 2379 2786 Delata
2425 2740 2555 2788 sunt
2599 2734 2762 2788 etiam
2817 2741 2949 2788 tunc
2996 2734 3261 2804 temporis
3314 2734 3383 2789 ad
3430 2732 3740 2789 Ecclesiam

2110 2826 2258 2882 beati
2289 2824 2527 2897 Remigii
2557 2825 2806 2879 membra
2859 2826 2912 2878 S.
2947 2824 3191 2878 Gibriani
3223 2841 3255 2879 a
3296 2840 3437 2898 pago
3482 2824 3742 2880 Catalau-

2111 2916 2293 2982 nensi,
2322 2913 2419 2969 ubi
2463 2913 2846 2985 peregrinatus
2875 2913 3043 2968 fuisse
3076 2915 3321 2970 noscitur
3368 2923 3423 2971 et
3452 2917 3738 2971 humatus.

2113 3006 2462 3061 Advenerant
2508 3001 2784 3073 siquidem
2834 3002 2889 3055 in
2936 3002 3083 3056 hanc
3123 3003 3463 3072 provinciam
3523 3013 3738 3074 septem

2114 3098 2312 3153 fratres
2364 3094 2433 3149 ab
2494 3092 2775 3160 Hibernia,
2829 3093 3297 3168 peregrinationis
3361 3095 3432 3148 ob
3491 3111 3738 3150 amorem

2114 3190 2313 3247 Christi
2340 3188 2554 3263 gratia:
2588 3186 2643 3240 hi
2680 3186 2913 3253 scilicet,
2943 3185 3254 3254 Gibrianus,
3298 3187 3561 3253 lielanus,
3605 3188 3741 3243 Tre-

2112 3298 2301 3348 sanus,
2323 3280 2647 3344 Germanus,
2678 3277 2958 3343 Veranus,
2992 3278 3262 3347 Abranus,
3294 3278 3587 3345 Petranus,
3612 3295 3740 3334 cum

2116 3373 2289 3428 tribus
2318 3369 2604 3426 sororibus
2657 3367 2772 3421 suis
2815 3367 3060 3433 Francia,
3105 3367 3404 3439 Promptia,
3455 3366 3745 3422 Possenna

2114 3467 2221 3522 sibi
2243 3465 2514 3539 eligentes
2562 3478 2729 3534 super
2756 3461 2978 3518 llnvium
3013 3461 3239 3516 nomine
3270 3461 3594 3527 Maternam,
3626 3476 3741 3532 0p-

2114 3567 2352 3630 portuna
2391 3556 2633 3631 degendi
2665 3556 2804 3610 loca.
2859 3554 3099 3619 Quorum
3132 3554 3263 3608 hinc
3292 3552 3580 3608 Gibrianns
3608 3569 3741 3608 san-

2111 3659 2232 3708 ctus
2262 3650 2523 3705 sacerdos
2553 3648 2847 3721 quemdam
2875 3648 3055 3703 vicum
3080 3646 3249 3720 elegit
3278 3646 3346 3701 ad
3372 3645 3735 3701 habitandum

2112 3745 2276 3801 Cossa
2322 3751 2598 3810 vocatum,
2652 3741 2747 3795 ubi
2820 3740 3072 3812 plurimis
3123 3754 3397 3795 annorum
3447 3739 3742 3794 curriculis

2112 3838 2318 3903 sobrie,
2345 3838 2515 3906 juste,
2552 3842 2606 3889 et
2644 3834 2735 3906 pie
2777 3834 2988 3901 vivens,
3036 3849 3213 3904 usque
3242 3832 3309 3887 ad
3357 3832 3562 3887 exitum
3609 3833 3738 3887 vitta

2112 3933 2321 3987 bonum
2348 3928 2559 3984 studuit
2575 3934 2851 3983 certamen
2877 3933 3109 3981 certare.
3133 3924 3299 3994 Cujus
3324 3938 3525 3993 corpus
3554 3921 3738 3992 primo

2111 4021 2268 4090 juxta
2300 4017 2584 4090 publicum
2614 4016 2787 4071 fertur
2815 4031 3071 4089 aggerem
3105 4012 3380 4084 sepultum
3415 4010 3607 4076 fuisse,
3638 4009 3739 4063 ubi

2114 4120 2305 4183 postea
2359 4125 2527 4181 supra
2578 4108 2821 4163 tumbam
2876 4108 3050 4179 ipsius
3104 4114 3186 4161 est
3231 4104 3455 4161 oratorii
3503 4102 3738 4157 aedicula

2115 4209 2449 4264 constructa,
2483 4198 2554 4255 ob
2594 4197 2835 4269 insignia
2886 4196 3098 4264 scilicet
3146 4194 3396 4267 quaedam
3438 4192 3740 4247 miraculo-

2116 4310 2233 4348 rum
2268 4292 2476 4346 ibidem
2506 4288 2877 4344 manifestata.
2911 4285 2992 4340 Ad
3039 4300 3204 4356 quam
3234 4281 3518 4339 conﬂuere
3546 4280 3737 4352 populi

2112 4381 2270 4437 solita
2313 4380 2490 4435 fuerat
2538 4375 2871 4448 frequentia,
2922 4373 3160 4428 maxime
3190 4388 3311 4426 cum
3366 4370 3738 4441 depositionis

2114 4473 2363 4542 ejusdem
2421 4468 2838 4526 celebrarentur
2890 4466 3048 4521 festa.
3100 4464 3266 4519 Multa
3322 4478 3563 4532 namque
3598 4461 3736 4514 inibi

2112 4567 2407 4623 sanitatum
2435 4562 2823 4619 tribuebantur
2848 4558 3115 4624 remedia,
3147 4573 3213 4613 ex
3243 4555 3445 4628 quibus
3475 4554 3731 4624 quaedam

2111 4661 2383 4716 habentur
2423 4657 2721 4726 descripta,
2781 4652 2879 4709 sed
2937 4650 3175 4722 plurima
3213 4649 3465 4704 celantur
3521 4647 3732 4721 ignota.

390 4756 665 4825 captione,
721 4738 776 4811 et
831 4757 1287 4829 archiepiscopali
1342 4759 1666 4816 auctoritate
1724 4738 1897 4832 ipsius
1949 4744 2242 4816 inDTrcs
2290 4760 2475 4809 tamen
2524 4748 2787 4803 mulieres
2843 4743 3163 4800 nominibus
3214 4739 3470 4832 ascriptis
3514 4738 3735 4832 ibidem

394 4844 515 4900 loco
540 4844 680 4899 alius
709 4846 1073 4901 substituatur
1100 4844 1295 4903 abbas.

999 4953 1205 5011 CAPUT
1262 4954 1401 5010 V111.

389 5042 466 5098 De
507 5043 666 5098 rebus
698 5044 895 5115 quibus
924 5046 1251 5114 episcopium
1280 5047 1462 5109 aumit,
1498 5047 1548 5098 et
1575 5045 1779 5099 caeteris
1838 5043 2008 5113 bonis,

853 5131 974 5185 qua
999 5118 1059 5170 in
1081 5118 1395 5185 episcopatu
1422 5117 1546 5184 egit.

464 5206 627 5262 Multa
668 5206 911 5279 denique
941 5208 1090 5263 bona
1120 5207 1176 5261 in
1208 5208 1308 5262 hac
1359 5207 1492 5262 sede
1524 5207 1782 5263 Remensi
1812 5208 2013 5279 pmsul

392 5300 482 5353 hic
521 5308 778 5369 operatus
825 5310 927 5356 est.
961 5302 1093 5355 Nam
1147 5307 1202 5356 et
1230 5298 1575 5370 episc0pium
1607 5300 1774 5355 rebus
1835 5300 2014 5370 impe-

397 5390 548 5445 tratis
596 5393 867 5462 pluribus,
931 5401 1038 5448 tam
1094 5391 1429 5448 monasterio
1475 5393 1792 5457 Avennaco,
1847 5409 2010 5463 quam

394 5483 681 5537 nonnullis
710 5484 850 5551 aliis,
880 5502 910 5539 a
941 5487 1183 5560 regibus,
1208 5502 1273 5541 ac
1289 5484 1522 5543 diversis
1547 5486 1802 5556 personis
1821 5486 2013 5541 obten-

395 5572 465 5626 tis
482 5574 947 5643 possessionibus,
970 5576 1343 5647 ampliﬁcavit,
1373 5585 1536 5648 atque
1555 5576 1786 5632 diversis
1814 5593 2014 5632 mune-

397 5665 549 5718 ribus
580 5672 635 5720 et
660 5668 998 5723 ornamentis
1028 5669 1168 5724 hanc
1195 5670 1525 5725 Remensem
1580 5669 1871 5725 ecclesiam
1903 5668 2009 5724 de-

393 5758 620 5815 coravit.
657 5759 855 5815 Urbem
910 5777 1133 5833 quoque
1164 5761 1339 5832 (cujus
1383 5779 1624 5829 murum,
1664 5762 1736 5817 ob
1765 5760 2011 5817 aediﬁca-

398 5849 607 5905 tionem
640 5846 880 5903 basilica;
909 5849 1002 5905 Dei
1046 5849 1339 5905 Genitricis
1368 5849 1484 5905 Ebo
1514 5850 1878 5919 destruxerat)
1911 5850 2012 5904 iste

399 5954 541 5995 novo
580 5940 945 5997 circumdedit
1001 5956 1177 5995 muro.
1213 5940 1468 6002 Quaedam
1502 5940 1666 5995 etiam
1727 5940 1952 5994 castella
1982 5956 2013 5993 a

2114 4849 2374 4901 notantur
2429 4839 2771 4894 illuminatag.
2842 4835 3066 4892 Cnidam
3120 4840 3384 4905 praeterea
3437 4829 3737 4884 Grimoaraa

2116 4938 2176 5007 [i,
2210 4934 2436 4991 nomine
2468 4931 2755 5000 Grimoart]
2814 4944 3011 4983 manus
3049 4942 3173 4981 cum
3225 4925 3438 4998 integra
3466 4930 3553 4977 est
3582 4922 3737 4977 sani-

2114 5033 2223 5081 tate
2255 5023 2522 5080 restituta.
2568 5021 2841 5089 Tempore
2871 5016 3113 5087 denique
3140 5013 3285 5088 regis
3315 5010 3543 5078 Odonis,
3574 5027 3737 5085 gras-

2114 5121 2272 5171 sante
2304 5114 2763 5169 Nortmannorum
2791 5106 3135 5171 crudelitate,
3180 5109 3466 5172 terrasque
3497 5098 3743 5155 Franco-

2116 5224 2234 5263 rum
2290 5209 2559 5265 vastante,
2591 5198 2757 5267 hujus
2803 5195 2978 5250 saneti
3016 5192 3307 5249 ecclesiola
3335 5190 3462 5262 igne
3494 5195 3737 5243 cremata

2114 5309 2197 5359 est
2227 5315 2349 5357 cum
2379 5296 2501 5352 aliis
2545 5291 2733 5347 multis
2759 5289 3009 5360 ejusdem
3043 5285 3188 5360 pagi.
3225 5284 3352 5338 Post
3382 5282 3543 5350 cujus
3576 5296 3737 5335 com-

2113 5390 2423 5447 bnstionem
2456 5382 2659 5454 saepius
2689 5379 2886 5434 audita:
2935 5376 3182 5430 feruntur
3207 5388 3371 5427 voces
3426 5370 3565 5423 inihi
3598 5369 3740 5439 psal-

2114 5482 2344 5538 lentium
2392 5488 2752 5549 personarum
2791 5484 2902 5525 non
2951 5464 3380 5538 apparentium:
3442 5460 3737 5515 luminaria

2112 5584 2297 5631 tamen
2337 5569 2589 5644 quaedam
2630 5564 2885 5620 noctibus
2923 5559 3059 5615 inibi
3101 5557 3432 5613 videbantur
3458 5553 3733 5607 ardentia.

2116 5666 2359 5735 Cumque
2403 5660 2547 5715 fama
2577 5650 2961 5724 hujuscemodi
3009 5650 3269 5703 virtutum
3301 5644 3736 5740 circumquaque

2114 5750 2539 5826 percrebuisset,
2581 5757 2826 5814 superno
2850 5740 3046 5795 ductus
3075 5751 3284 5827 amore,
3317 5737 3610 5827 sanctique
3648 5747 3739 5785 vc-

2115 5818 2402 5898 neratione
2459 5833 2760 5891 Hadcricns
2829 5829 2973 5899 [ms,
3032 5821 3377 5890 llaidericus]
3448 5818 3740 5892 religiosus

2116 5948 2319 5996 comes,
2350 5924 2579 5984 accessit
2608 5922 2676 5976 ad
2726 5916 3077 5976 Rodoardum
3105 5911 3427 5981 episCOpum
3463 5906 3737 5980 {Ecclesiae
