3912 6462
154 437 269 495 289

806 436 1133 493 HISTORUE
1172 437 1502 493 ECCLESIKE
1541 439 1871 495 REMENSIS
1911 441 2089 501 LIBRI
2129 439 2456 506 QUATUOR.
2499 470 2569 480 —
2610 438 2734 494 LIB.
2779 439 2864 493 IV.

3400 440 3507 495 290

155 574 530 633 Catelaunicze
561 573 767 628 obnixe
789 572 1068 647 ﬂagitans,
1101 580 1162 628 ut
1210 575 1342 645 quia
1371 573 1526 629 locus
1553 574 1666 641 ille,
1699 574 1794 629 ubi
1822 582 1873 649 Α
1896 576 2205 631 liberalium
2224 576 2423 631 artium
2453 574 2655 629 studiis
2682 572 3064 627 adolescentes
3094 572 3324 627 clericos
3351 588 3508 627 exer-

161 664 268 718 hoc
301 678 521 718 sacrum
552 677 756 733 corpus
794 661 896 715 sub
930 662 1021 717 dio
1067 662 1306 731 jacebat,
1368 662 1619 717 funditus
1676 673 1794 718 erat

158 757 499 819 destructus,
544 754 703 808 daret
735 754 786 808 ei
815 753 1095 808 licentiam
1129 754 1263 809 illud
1293 754 1788 818 transferendi,ubi

160 843 420 900 devotius
440 851 496 897 et
526 842 905 898 venerabilius
943 842 1148 897 servari
1197 842 1482 899 valuisset.
1517 842 1615 908 Qui
1659 843 1789 897 dum

157 936 257 990 diu
289 935 594 1007 persistens
624 934 681 987 in
716 933 977 1005 precibus
993 933 1214 988 tandem
1246 950 1359 988 suae
1390 933 1677 1005 petitionis
1696 933 1792 989 ob-

160 1027 417 1083 tinuisset
447 1024 703 1082 effectum
737 1033 931 1082 vocato
964 1032 1131 1080 nauta
1163 1025 1336 1081 fertur
1360 1026 1410 1080 ei
1441 1033 1670 1080 nautum
1698 1025 1791 1080 de-

159 1121 328 1185 disse,
371 1135 439 1175 eo
470 1126 686 1180 tenore,
717 1126 778 1173 ut
804 1126 970 1173 noctu
1000 1118 1271 1193 antegalli
1299 1124 1523 1173 cantum
1547 1117 1613 1172 ad
1639 1133 1789 1173 oram

162 1211 409 1267 fluminis
447 1211 567 1279 ejus
598 1211 1011 1281 przestolaretur
1051 1209 1375 1264 adventum.
1409 1209 1656 1279 Cumque
1679 1218 1793 1262 sta-

163 1307 279 1356 tuto
304 1300 481 1355 noctis
512 1306 762 1371 tempore
794 1298 893 1354 viri
924 1307 1035 1353 tres
1059 1314 1183 1353 cum
1219 1299 1461 1371 quodam
1502 1297 1791 1352 sacerdote

162 1382 424 1446 adessent
452 1391 605 1446 ﬂuvii
631 1391 789 1462 rip-ce,
823 1390 976 1445 missi
1004 1390 1072 1444 ab
1106 1391 1213 1445 hoc
1242 1391 1466 1454 comite,
1488 1400 1654 1444 nauta
1693 1389 1793 1443 de-

160 1484 283 1551 luit,
313 1500 456 1539 nave
484 1483 736 1538 ulteriori
765 1484 942 1537 defixa
1006 1482 1252 1538 fluminis
1282 1499 1413 1538 one.
1451 1483 1541 1536 llis
1571 1497 1793 1554 quoque

159 1573 292 1628 viris
323 1573 626 1627 adventum
687 1571 932 1646 navigeri
975 1571 1071 1627 diu
1136 1571 1604 1643 praestolantibus,
1630 1571 1789 1626 etvi-

161 1668 351 1723 cissim
384 1667 754 1723 clamantibus
787 1682 911 1720 cum
971 1681 1135 1720 nemo
1167 1665 1249 1719 eis
1278 1665 1664 1734 responderet,
1698 1664 1791 1718 do-

164 1762 281 1816 lore
303 1760 545 1831 perculsi
597 1764 866 1814 corruunt
914 1757 970 1811 in
999 1766 1200 1812 terram
1234 1756 1418 1828 proni,
1443 1756 1641 1811 devote
1676 1772 1799 1825 pre-

163 1859 356 1907 cantes
382 1861 443 1907 ut
471 1852 516 1906 si
546 1851 663 1906 Deo
711 1850 971 1921 placitum
1019 1849 1160 1904 foret
1191 1864 1396 1920 corpus
1442 1848 1590 1903 illius
1620 1848 1794 1902 sancti

1895 665 2006 720 ceri
2036 664 2186 731 fecit,
2218 664 2447 735 ipseque
2499 679 2624 717 eum
2692 662 2772 715 eis
2803 660 3028 715 lectioni
3070 677 3133 715 ac
3160 661 3505 716 meditationi

1894 756 2182 827 sapientiae
2218 768 2451 826 Operam
2493 754 2666 809 dedit.
2721 752 2828 807 Sed
2860 764 2914 807 et
2962 751 3303 806 llucbaldum
3334 753 3507 807 sancti

1894 849 2121 904 Amandi
2146 850 2498 915 monachum,
2530 847 2705 902 virum
2724 862 2947 919 quoque
2985 845 3293 915 disciplinis
3326 847 3514 916 scphi-

1892 943 1970 997 cis
1992 941 2256 997 nobiliter
2280 940 2561 997 eruditum
2613 938 2919 1004 accersivit,
2970 947 3023 992 et
3074 938 3371 993 Ecclesiam
3407 939 3514 993 Rc-

1893 1051 2142 1113 mensem
2166 1033 2443 1105 praeclaris
2478 1032 2767 1088 illustravit
2795 1030 3080 1087 doctrinis.

2553 1123 2761 1179 CAPUT
2786 1124 2847 1177 X.

2113 1218 2182 1271 De
2210 1217 2618 1285 interemptionc
2646 1216 2895 1269 Fulcouis
2923 1214 3334 1284 archiepiscopi.

1965 1307 2175 1364 Accidit
2222 1314 2409 1362 autem
2441 1313 2499 1361 ut
2552 1306 2832 1361 abbatiam
2860 1305 3032 1361 sancti
3067 1306 3308 1371 Vedasti,
3350 1322 3516 1377 quam

1897 1400 2197 1454 Balduinus
2226 1414 2412 1454 comes
2463 1398 2689 1453 tenebat
2733 1414 2858 1452 cum
2913 1397 3264 1452 Atrabatensi
3314 1408 3516 1464 castro,

1898 1506 1990 1544 rex
2020 1489 2251 1543 Karolus
2284 1504 2384 1558 pro
2414 1487 2741 1542 inﬁdelitate
2774 1487 3026 1541 Balduini
3069 1487 3137 1541 ab
3157 1503 3222 1541 eo
3252 1486 3517 1549 auferret,

1893 1585 2058 1648 atque
2090 1577 2220 1632 huic
2279 1578 2500 1648 [)I‘EBStlll
2541 1594 2660 1632 eam
2693 1578 3042 1643 concederet,
3086 1578 3324 1632 Altmaro
3373 1592 3516 1648 quo-

1895 1667 2019 1721 dam
2051 1668 2254 1723 comite
2285 1667 2563 1722 abbatiam
2595 1668 2767 1722 sancti
2794 1667 3035 1722 Medardi
3066 1674 3326 1722 tenente:
3353 1682 3516 1738 quam

1904 1759 2208 1814 sibivisum
2240 1766 2342 1824 est,
2397 1759 2830 1830 opportunitatis
2884 1758 3081 1833 gratia,
3141 1774 3266 1813 cum
3322 1759 3519 1814 eodem

1904 1849 2105 1904 comite
2148 1858 2486 1904 commutare
2539 1849 2768 1915 debere,
2830 1849 2977 1920 quod
3023 1856 3078 1903 et
3135 1849 3267 1922 egit.
3301 1850 3522 1920 Accepit

165 1943 234 1996 de
267 1942 390 1997 loco
412 1940 610 1997 eodem
636 1938 941 2004 transferri,
975 1936 1255 2009 aliquibus
1280 1937 1335 1991 id
1358 1937 1438 1991 eis
1469 1937 1794 2011 dignaretur
1823 1961 1868 2027 Β
1899 1940 2087 2012 itaque
2120 1941 2187 1996 ab
2225 1942 2420 1996 eodem
2452 1942 2693 1996 Altmaro
2734 1941 3012 1997 abbatiam
3045 1943 3218 1996 sancti
3254 1942 3520 2009 Medardi,

165 2033 469 2089 ostendere
500 2031 943 2107 signis.Moxque
975 2030 1131 2085 navis
1151 2031 1335 2086 soluta
1364 2029 1551 2083 divina
1573 2030 1791 2094 virtute,

163 2138 314 2177 nexu
347 2136 459 2193 quo
490 2120 788 2175 tenebatur
826 2117 1010 2184 affixa,
1046 2118 1179 2189 ripae
1230 2134 1338 2190 qua
1370 2117 1796 2188 exspectabatur

164 2215 507 2271 mirabiliter
535 2214 753 2269 accedit
773 2212 1025 2284 appulsa.
1057 2212 1211 2276 Quod
1234 2212 1559 2267 admirando
1582 2212 1800 2283 perspi-

163 2307 399 2371 cientes,
433 2312 488 2359 et
526 2303 795 2358 maximas
832 2303 944 2357 Deo
1001 2303 1208 2375 gratias
1238 2300 1562 2367 referentes,
1596 2317 1797 2355 ascen-

164 2401 305 2455 dunt
347 2415 567 2464 navem,
610 2398 681 2452 de
722 2397 1007 2452 voluntate
1068 2397 1164 2451 Dei
1222 2396 1533 2451 securiores
1593 2394 1795 2451 effecti.

168 2495 627 2565 .tccedentesque
659 2492 729 2547 ad
751 2492 934 2548 locum
965 2491 1229 2563 sepulcri,
1257 2498 1312 2546 et
1341 2498 1535 2561 aperto
1565 2492 1800 2547 saxeoin

169 2599 281 2655 quo
312 2599 468 2638 sacra
497 2581 1025 2649 membrajacebant
1078 2579 1444 2651 sarc0phago,
1478 2587 1798 2635 reverenter

168 2677 412 2740 elevant,
448 2680 881 2744 transponentes
904 2672 1022 2726 haec
1043 2671 1099 2725 in
1132 2677 1439 2742 praeparato
1472 2669 1539 2725 ad
1570 2668 1623 2722 id
1653 2683 1792 2738 Opus

169 2769 389 2825 noviter
424 2767 685 2823 scriniolo
718 2784 731 2821 :
763 2766 956 2837 sicque
987 2780 1111 2820 cum
1144 2765 1356 2837 ingenti
1396 2764 1601 2837 gaudio
1615 2778 1796 2818 reme-

171 2871 329 2916 antes
383 2860 453 2915 ad
510 2874 732 2923 navem,
790 2864 1081 2912 transeunt
1137 2854 1391 2911 celeriter
1428 2855 1659 2919 flumen,
1693 2853 1800 2908 hoc

173 2953 377 3027 pignus
403 2966 527 3005 cum
552 2949 810 3004 laudibus
848 2948 1168 3004 deferentes
1236 2947 1304 3002 ad
1335 2947 1518 3002 vicum
1579 2946 1801 3001 Balbia-

172 3060 293 3099 cum
324 3043 565 3113 (Balby),
597 3042 697 3096 ubi
760 3056 860 3111 per
897 3039 1199 3095 triennium
1253 3046 1470 3095 constat
1500 3037 1799 3094 venerabi-

174 3138 300 3191 liter
357 3140 767 3189 conservatum.
830 3132 957 3188 Post
1010 3132 1125 3187 haec
1193 3131 1261 3185 ad
1320 3131 1612 3187 ecclesiam
1654 3130 1801 3186 beati

178 3225 412 3298 Remigii
434 3222 742 3280 honoriﬁce
793 3230 876 3277 est
925 3222 1191 3287 delatum,
1220 3229 1276 3277 et
1304 3221 1521 3276 custodi
1552 3219 1801 3275 ecclesiae

1897 2042 1951 2087 et
1974 2033 2127 2087 dedit
2158 2033 2237 2087 illi
2289 2032 2573 2088 abbatiam
2627 2035 2801 2089 sancti
2857 2034 3097 2097 Vedasti,
3152 2044 3375 2104 recepto
3424 2051 3523 2105 per

1897 2125 2008 2178 vim
2036 2124 2396 2180 obsidionisa
2428 2124 2693 2179 Balduino
2724 2123 3095 2179 Attrabatensi
3128 2135 3329 2180 castro.
3354 2125 3519 2192 Cujus

1901 2213 2192 2268 anxietatis
2236 2213 2428 2269 dolore
2475 2228 2774 2268 succensus
2830 2219 2939 2269 tam
2995 2213 3320 2280 Halduinus,
3356 2231 3522 2285 quam

1903 2302 2086 2357 omnis
2116 2302 2238 2371 ejus
2278 2302 2590 2370 comitatus,
2625 2303 2755 2357 dum
2778 2310 3035 2373 quaerunt
3064 2302 3303 2373 qualiter
3334 2302 3522 2357 ulcisci

1902 2413 1960 2452 se
1990 2397 2227 2468 possint,
2259 2398 2559 2452 amicitiam
2584 2413 2708 2452 cum
2732 2398 2927 2452 eodem
2962 2397 3197 2468 praesule
3225 2415 3284 2452 se
3313 2397 3529 2471 fingunt

1907 2493 2196 2558 resarcire,
2222 2501 2536 2564 quaerentes
2564 2492 2799 2548 ultionis
2830 2493 3036 2561 locum,
3061 2494 3530 2564 explorantesque

1904 2585 2183 2656 quomodo
2209 2601 2242 2639 a
2263 2592 2465 2640 metatu
2506 2601 2607 2641 suo
2628 2585 2694 2640 ad
2735 2585 2883 2659 regis
2905 2585 3248 2656 colloquium
3280 2585 3525 2655 stipato-

1897 2675 2049 2730 ribus
2078 2676 2311 2731 vallatus
2351 2675 2628 2748 proticisci
2684 2677 2890 2731 soleret
2919 2694 2932 2730 :
2963 2677 3201 2748 quadam
3241 2677 3355 2742 die,
3389 2676 3523 2729 dum

1897 2768 2102 2838 paucis-
2119 2768 2418 2822 admodum
2434 2769 2751 2835 comitatus,
2778 2768 2926 2839 regis
2953 2774 3167 2839 peteret
3196 2767 3524 2838 alloquium,

1903 2876 2031 2914 eum
2055 2859 2111 2914 in
2145 2861 2253 2927 via,
2296 2860 2439 2916 duce
2466 2861 2709 2933 quodam
2765 2859 3091 2914 Wincmaro
3139 2858 3529 2931 aggredientes

1904 2948 2288 3020 intercipiunt.
2331 2950 2396 3004 Et
2426 2950 2652 3022 quidem
2674 2948 2911 3020 primum
2938 2947 3094 3020 quasi
3127 2947 3456 3002 deamicitia
3477 2955 3532 3001 et

1908 3046 2329 3117 recuperatione
2356 3041 2612 3098 Balduini
2629 3039 2865 3095 aﬂ‘antur
2892 3056 2906 3104 ;
2932 3040 3155 3093 demum
3174 3054 3303 3093 vero
3330 3038 3532 3109 impro-

1905 3136 2087 3191 visum
2144 3133 2352 3189 lanceis
2406 3132 2705 3202 impetunt,
2748 3134 3109 3199 prosternunt
3134 3144 3198 3182 ac
3227 3128 3533 3198 perimunt.

1905 3225 2138 3289 Quidam
2168 3238 2297 3278 vero
2324 3238 2551 3277 suorum
2582 3236 2706 3275 sese
2735 3219 2806 3274 ob
2857 3217 3092 3272 nimium
3125 3218 3247 3286 ejus
3275 3234 3400 3273 amo
3413 3234 3528 3272 rem

179 3316 379 3371 devote
406 3312 785 3379 commissum,
820 3311 1090 3384 juxtaque
1137 3310 1452 3381 sepulcrum
1474 3310 1638 3379 hujus
1666 3325 1799 3364 san~
1831 3339 1881 3408 Ε
1907 3328 2075 3384 super
2101 3314 2280 3383 ipsum
2302 3317 2739 3382 prosternentes,
2782 3307 2992 3379 pariter
3029 3324 3156 3363 cum
3189 3322 3257 3363 eo
3287 3306 3533 3363 transfixi

176 3406 407 3462 ctissimi
438 3401 933 3476 patrishonoriﬁce
972 3403 1322 3458 collocatum.
1363 3401 1492 3457 Post
1516 3401 1805 3456 biennium

184 3498 449 3570 praefatus
458 3512 647 3553 comes
659 3512 787 3551 cum
801 3511 971 3550 uxore
984 3511 1085 3550 sua
1106 3494 1397 3549 Herisinde
1413 3494 1679 3549 domnum
1694 3493 1815 3549 Ful-

184 3608 383 3648 conem
412 3590 707 3662 praesulem
755 3588 1039 3644 humiliter
1069 3588 1318 3659 expetiit,
1352 3587 1643 3659 postulans
1682 3595 1741 3642 ut
1762 3586 1810 3641 ei

185 3688 369 3741 locum
382 3683 687 3755 sepulturae
718 3683 1051 3739 concederet
1066 3682 1121 3736 in
1138 3681 1367 3736 dextera
1379 3681 1547 3749 hujus
1565 3680 1814 3737 ecclesiae

184 3780 360 3846 parte,
389 3771 761 3841 juxtaostium
789 3769 1816 3842 cryptae.Quoimpetrato,etaltarista-

186 3873 501 3937 tuto,atque
512 3872 777 3940 argenteo
791 3864 993 3919 decore
1006 3862 1413 3934 cooperto,illic
1423 3863 1687 3919 decenter
1699 3863 1815 3916 haec

191 3957 537 4015 venerabilia
552 3958 908 4029 deponuntur
924 3956 1448 4029 membra.Deniquc
1474 3965 1763 4028 postquam
1788 3974 1818 4010 a

192 4046 422 4119 praefato
462 4048 762 4117 sepultura:
801 4062 912 4101 sum
969 4045 1185 4101 sublata
1223 4055 1350 4100 sunt
1378 4047 1521 4113 loco,
1562 4046 1819 4118 quaedam

194 4141 399 4196 mulier
426 4156 589 4200 caeca,
624 4139 949 4194 Erentrudis
988 4139 1238 4205 nomine,
1274 4139 1367 4194 illo
1406 4138 1695 4194 candelam
1726 4137 1825 4191 de-

197 4232 391 4287 ferens
419 4233 673 4298 accessit,
705 4231 1065 4303 impetrandae
1096 4247 1259 4286 causa
1290 4230 1543 4285 medelas.
1575 4229 1641 4284 At
1670 4244 1823 4284 com-

199 4333 599 4395 pertosacrum
655 4339 859 4394 corpus
914 4322 1046 4377 inde
1103 4322 1381 4377 sublatum
1428 4321 1649 4392 penitus
1677 4335 1821 4387 esse,

199 4413 377 4467 nimio
399 4427 607 4487 angore
635 4410 831 4467 affecta
855 4412 1027 4483 coepit
1055 4411 1241 4467 ﬂendo
1278 4411 1546 4483 conqueri
1569 4426 1668 4466 cur
1693 4426 1824 4464 san-

197 4512 323 4557 ctus
356 4502 450 4555 hic
480 4502 698 4556 Domini
727 4501 932 4555 abinde
962 4518 1023 4556 se
1046 4500 1393 4572 permisisset
1421 4500 1624 4555 auferri
1660 4499 1688 4552 ‘?
1727 4516 1827 4554 cur

195 4593 545 4648 deseruisset
595 4593 829 4651 vicinos.
884 4593 1091 4664 quibus
1147 4592 1425 4648 beneficia
1474 4592 1671 4647 solitus
1704 4602 1824 4648 erat

197 4686 456 4758 praebere
486 4686 673 4740 divina
704 4684 731 4739 ?
760 4685 1053 4740 Subveniri
1085 4700 1218 4757 ergo
1257 4684 1359 4739 sibi
1392 4684 1694 4759 gemitibus
1733 4703 1828 4740 ex-
1853 4665 1913 4733 Β

199 4791 463 4846 poscens,
500 4774 679 4830 visum
732 4774 840 4828 sibi
880 4780 963 4829 est
994 4771 1269 4844 proficisci
1319 4772 1524 4827 debere
1546 4773 1613 4827 ad
1646 4773 1825 4827 vicum

198 4869 512 4943 Matusgum
545 4867 836 4936 (Marcug),
870 4865 968 4920 ubi
1016 4864 1186 4920 frater
1227 4864 1346 4933 ejus
1407 4874 1630 4919 sanctus
1656 4866 1825 4936 quie-

200 4960 396 5017 scebat
422 4960 682 5015 Vetanus.
743 4959 821 5013 Ad
869 4958 1028 5025 cujus
1058 4957 1373 5028 sepulcrum
1405 4955 1689 5012 candelam
1724 4973 1828 5029 po-

204 5067 369 5119 nens,
399 5066 637 5123 seseque
680 5050 736 5104 in
774 5048 1025 5105 oratione
1047 5058 1424 5120 prosternens,
1450 5048 1620 5118 cmpit
1644 5046 1829 5101 flendo

202 5154 505 5217 utrumque
542 5143 805 5198 invocare
872 5141 1115 5197 fratrem.
1148 5142 1396 5212 Dumque
1416 5140 1592 5194 sancti
1626 5154 1827 5194 nomen

203 5236 406 5291 crebro
446 5232 649 5305 repetit
692 5228 962 5298 Gibriani,
997 5231 1169 5302 C(Bpit
1225 5230 1403 5304 caligo
1461 5228 1741 5303 albuginis
1761 5228 1829 5283 ab

203 5328 385 5383 oculis
415 5309 537 5396 ejus
564 5324 821 5394 abrumpi
858 5341 870 5377 :
903 5325 1092 5395 sicque
1124 5321 1315 5377 divina
1346 5320 1684 5392 propitiante
1708 5321 1828 5392 pie-

204 5416 533 5488 tate,prisco
565 5412 872 5468 redonatur
897 5410 1127 5467 lumine.
1161 5408 1425 5464 Praefatus
1441 5408 1832 5480 deniqueprte—

200 5512 288 5568 sul
318 5507 672 5568 honorabilis
700 5506 888 5574 Fulco,
947 5504 1218 5561 sollicitus
1248 5504 1393 5559 circa
1419 5503 1515 5560 Dei
1542 5503 1750 5560 cultum
1779 5512 1834 5561 et

201 5605 459 5661 ordinem
473 5599 936 5665 ecclesiasticum,
951 5613 1140 5653 amore
1161 5612 1385 5668 quoque
1415 5593 1703 5666 sapientia:
1725 5592 1833 5648 fcr-

201 5715 355 5766 vens,
398 5698 544 5753 duas
575 5693 797 5749 scholas
827 5689 1436 5760 Remis,canonicorum
1457 5686 1672 5743 scilicet
1700 5685 1831 5753 loci,

197 5804 369 5867 atque
402 5789 678 5848 ruralium
707 5786 1055 5851 clericorum,
1076 5784 1189 5855 jam
1222 5798 1364 5854 pene
1396 5781 1654 5854 delapsas
1672 5780 1835 5835 resti-

195 5887 318 5956 tuit,
352 5895 410 5943 et
444 5886 683 5941 evocato
744 5877 994 5952 Remigio
1023 5875 1507 5933 Antissiodorensc
1548 5871 1832 5948 magistro,

1914 3411 1969 3458 et
1994 3399 2316 3472 interempti
2338 3408 2485 3455 sunt.
2513 3398 2704 3455 Czeteri
2737 3397 2829 3469 qui
2864 3397 3212 3469 superfuere,
3248 3397 3334 3451 his
3355 3398 3449 3469 qui
3468 3398 3535 3452 ad

1916 3494 2209 3565 hospitalia
2241 3500 2642 3559 remanserant,
2667 3493 2785 3547 haec
2814 3491 3038 3546 maximi
3059 3490 3144 3546 sui
3166 3490 3377 3545 doloris
3393 3506 3540 3545 nun-

1916 3584 2259 3658 tia'portant.
2292 3585 2392 3649 Qui
2423 3585 2502 3640 rei
2537 3584 2785 3640 novitate
2816 3583 3080 3655 perculsi,
3114 3583 3393 3654 armisque
3417 3598 3540 3636 mu-

1916 3680 2040 3750 niti,
2064 3694 2421 3751 percussores
2474 3677 2721 3749 episcOpi
2783 3683 3056 3733 conantur
3080 3677 3291 3732 ultione
3312 3676 3540 3733 adoriri.

1917 3772 2128 3838 Quibus
2149 3771 2377 3827 minime
2409 3770 2663 3842 repertis,
2691 3785 2895 3840 corpus
2942 3769 3219 3834 exanime,
3254 3768 3546 3823 immensis

1917 3864 2191 3934 ejulantes
2216 3864 2599 3938 plangoribus,
2624 3863 2829 3928 levant,
2852 3869 3046 3917 etcum
3078 3860 3288 3934 ingenti
3313 3875 3540 3915 suorum

1920 3958 2167 4013 omnium
2196 3957 2347 4012 luctu
2404 3957 2735 4011 Remensem
2804 3955 2874 4009 ad
2927 3954 3122 4009 urbem
3152 3950 3430 4007 deferunt.
3462 3951 3541 4004 lbi

1920 4048 2145 4103 tandem
2172 4050 2366 4119 lotum,
2405 4058 2462 4104 et
2508 4048 2693 4122 dignis
2738 4043 3019 4117 exsequiis
3047 4044 3400 4104 honoratum,
3434 4042 3541 4097 de-

1923 4139 2070 4194 centi
2099 4146 2183 4195 est
2210 4140 2510 4211 sepultum
2566 4138 2908 4194 mandatum.
2945 4134 3109 4204 Cujus
3148 4133 3410 4189 antistitis
3440 4133 3545 4187 hoc

1924 4231 2159 4287 habetur
2187 4232 2530 4304 epitaphium
2566 4249 2581 4288 :

1986 4320 2089 4369 Hoc
2112 4325 2307 4372 tumulo
2333 4322 2502 4383 magni
2525 4322 2758 4372 Fulconis
2780 4321 3006 4371 membra
3030 4326 3276 4383 teguntnr,

2051 4383 2320 4449 Remorum
2356 4383 2488 4435 sedis
2513 4386 2740 4449 praesulis
2770 4384 2966 4449 egregii.

1988 4444 2220 4511 Germine
2245 4449 2492 4497 nobilium
2514 4443 2666 4511 quem
2692 4443 2906 4511 Francia
2926 4443 3136 4511 protulit
3158 4448 3344 4492 ortum.

2035 4509 2278 4578 .Aulaque
2300 4512 2361 4560 de
2386 4506 2569 4560 scholis
2592 4510 2824 4578 sumpsit,
2854 4506 3143 4578 etc—moluit:

1987 4569 2114 4636 Hinc
2144 4568 2270 4622 Deus
2299 4580 2614 4636 assumptum
2637 4568 2811 4636 statuit
2832 4571 3014 4619 virtute
3037 4568 3322 4636 probatum,

2052 4633 2284 4684 Ecclesia
2309 4632 2586 4698 speculum,
2614 4633 3004 4698 pontificemque
3026 4632 3186 4696 pium,

1988 4694 2227 4762 Septenos
2248 4694 2502 4762 denosque
2533 4694 2685 4762 simul
2710 4696 2789 4745 cui
2813 4694 3217 4762 przefuit‘annos,

2102 4774 2176 4809 res
2193 4775 2403 4819 menses,
2421 4757 2592 4809 "denos
2609 4757 2832 4822 insuper'
2847 4766 2994 4822 atque
3023 4757 3147 4807 dies.

1991 4819 2145 4886 Auxit
2169 4823 2478 4886 episcopium
2495 4819 2837 4886 super-addens
2855 4819 3080 4886 plurima
3103 4831 3286 4876 rerum,

2054 4882 2271 4936 Urbis—et
2299 4882 2444 4935 is'tins
2467 4882 2655 4935 mue—nia
2669 4882 2907 4935 restituit.

1990 4945 2134 4998 Orbis
2156 4950 2331 5013 honor,
2360 4948 2536 5013 patriae
2559 4956 2715 5013 tut_or_,_
2733 4947 2933 5013 pietatis
2947 4954 3171 5013 amator.

2055 5014 2150 5062 Pro
2175 5012 2340 5062 studio
2360 5009 2496 5075 pacis
2521 5009 2805 5075 confodit—ur
2826 5009 3007 5072 jaculis

1991 5070 2267 5141 Septenum
2288 5070 2572 5141 deuumque
2586 5073 2719 5123 diem
2738 5070 2842 5135 jam
2867 5071 3051 5141 mensis
3072 5070 3246 5141 agebat

2096 5092 2267 5129 tenum
2288 5092 2572 5138 aeuumque
2586 5092 2719 5123 atem
2738 5092 2842 5135 Jan]
2867 5092 3051 5121 mensus
3072 5092 3246 5133 agent“.

2057 5092 2254 5196 Ennius,
2297 5145 2354 5188 ut
2373 5137 2484 5187 dira
2506 5146 2663 5187 morte
2690 5143 2975 5200 peremptus
3005 5133 3109 5182 abit
3136 5132 3550 5259 (Apud(oll3):it{c;n.,

3328 5204 3449 5245 Obll.

1992 5267 2084 5332 Cui
2112 5264 2283 5332 Matris
2310 5262 2529 5332 Domini,
2561 5260 2749 5332 pariter
2775 5272 2974 5330 quoque
2994 5257 3226 5332 prtesulis
3246 5257 3370 5307 almi

2058 5327 2270 5391 Remigii
2294 5326 2450 5389 pietas
2469 5322 2693 5375 obtineat
2725 5322 2965 5385 requiem.
2998 5323 3176 5370 Amen.

1933 5410 2181 5482 Denique
2206 5408 2556 5463 Winemarus
2607 5405 2730 5474 ejus
2784 5404 3151 5474 interemptor
3181 5403 3249 5459 ab
3275 5404 3554 5476 episcopis

1935 5499 2091 5575 regni
2124 5498 2455 5553 Francorum
2488 5512 2611 5551 cum
2666 5494 2780 5549 suis
2837 5492 3206 5564 complicibus
3238 5510 3560 5551 excommu-

1936 5591 2151 5647 nicatus
2188 5597 2244 5644 et
2307 5585 2828 5651 anathematizatus,
2876 5585 3108 5655 insuper
3170 5584 3467 5641 insanabili
3528 5602 3559 5638 a

1936 5680 2048 5735 Deo
2107 5694 2400 5750 percussus
2453 5685 2535 5733 est
2582 5675 2809 5731 vuluere
2892 5676 3137 5746 [Baron.,
3197 5676 3428 5747 ulcere],
3487 5676 3560 5729 ita

1934 5781 1996 5828 nt
2032 5769 2611 5842 computrescentibus
2668 5768 2973 5841 carnibus,~
3009 5778 3063 5824 et
3115 5769 3429 5843 exundante
3468 5782 3557 5819 sa-

1936 5868 2050 5937 nie,
2098 5868 2254 5924 vivus
2300 5867 2659 5925 devoraretur
2701 5882 2733 5920 a
2779 5864 3094 5922 vermibus:
3133 5872 3189 5918 et
3242 5863 3371 5917 dum
3428 5873 3558 5931 pro-
