3912 6466
371 527 472 581 291

1485 517 1846 571 FLODOARDI
1893 513 2197 569 CANONICI
2243 514 2588 570 REMENSIS.

3613 523 3721 577 202

375 659 497 723 pter
529 649 927 703 humanitatem
985 645 1176 701 fetoris
1237 643 1501 698 nullusad
1561 657 1686 696 eum
1728 641 1994 695 accedere
2021 646 2249 708 Anere,
2307 641 2540 696 claudus
2587 641 2836 713 quidam,
2895 643 2965 698 de
3015 660 3126 716 quo
3171 645 3283 714 jam
3347 662 3513 717 supra
3566 655 3720 700 retu-

375 747 582 812 posset,
625 737 996 793 miserrimam
1019 736 1182 789 vitam
1217 731 1768 787 miserabilidecessu
1793 728 1993 784 finivit.

1016 826 1223 882 CAPUT
1263 825 1352 879 XI.

771 924 843 976 De
864 918 1170 988 prmsulatu
1199 916 1384 969 domui
1400 916 1637 969 Herivei.

447 1013 709 1084 Sequitur
732 1012 786 1064 in
818 1006 1139 1079 pontificatu
1166 1005 1421 1060 Remensi
1451 1007 1690 1060 domnus
1711 1002 1994 1068 Herivcus,

377 1125 440 1162 ex
469 1107 594 1160 aula
623 1119 844 1176 quoque
879 1101 1025 1173 regis
1054 1100 1122 1154 ad
1153 1099 1534 1170 episcopatum
1561 1095 1991 1168 assumptus,vir

370 1215 576 1273 genere
607 1196 834 1261 nobilis,
862 1209 1037 1260 nepos
1073 1191 1335 1247 videlicet
1401 1207 1466 1245 ex
1496 1205 1686 1246 sorore
1719 1187 1987 1243 Hucbaldi

371 1288 610 1353 comitis,
642 1287 735 1358 qui
761 1284 980 1353 juvenis
1021 1283 1246 1354 quidem
1279 1282 1346 1336 ad
1412 1282 1559 1336 hunc
1589 1286 1880 1350 provectus
1906 1287 1989 1334 est

373 1380 660 1442 honorem,
693 1373 1128 1445 exsequentibus
1175 1380 1229 1426 et
1283 1370 1384 1425 rite
1434 1369 1846 1424 celebrantibus
1870 1367 1990 1436 ejus

371 1465 778 1521 ordinationem
809 1461 1020 1517 Riculfo
1053 1461 1378 1516 Suessorum
1401 1459 1682 1530 episcopo,
1720 1457 1986 1512 Dodilone

371 1557 774 1616 Cameracensi.
837 1555 1055 1627 Otgario
1109 1551 1485 1617 Ambianensi,
1519 1548 1804 1604 Mancione
1831 1545 1986 1600 Cata-

371 1646 650 1712 launensi,
676 1644 911 1700 Rodulfo
936 1641 1311 1705 Laudunensi,
1336 1640 1545 1695 Otfrido
1564 1636 1982 1700 Silvanectensi,

371 1737 696 1807 caeterisque
723 1732 1088 1789 dimcesaneis
1137 1746 1474 1786 consensum
1503 1727 1900 1799 przebentibus,
1937 1735 1992 1781 et

370 1832 654 1885 decretum
683 1829 849 1898 hujus
895 1825 1264 1882 ordinationis
1329 1819 1838 1878 corroborantibus.
1891 1818 1991 1884 Qui

373 1911 494 1977 mox
528 1921 658 1976 huic
696 1920 836 1974 adeo
859 1916 1053 1990 gradui
1075 1931 1198 1970 sese
1216 1912 1480 1968 exhibere
1494 1910 1988 1977 studuithabilem,

371 2015 538 2070 bonis
567 2013 828 2069 omnibus
858 2009 1113 2082 praebens
1165 2007 1485 2070 amabilem,
1534 2004 1669 2074 ipsis
1695 2002 1862 2058 etiam
1891 2019 1986 2056 se-

373 2102 878 2157 nibusimitabilem
916 2118 929 2154 :
963 2098 1239 2172 benignus
1293 2103 1504 2150 amator
1552 2093 1792 2148 existens
1858 2106 1995 2160 pau-

372 2209 592 2264 perum,
615 2193 799 2266 largus
837 2189 1043 2244 solator
1073 2186 1476 2261 religiosorum,
1512 2181 1856 2251 multumque
1888 2179 1990 2233 mi-

351 2281 591 2335 sericors
625 2288 902 2335 recreator
949 2276 1255 2352 lugentium
1309 2274 1638 2328 miserorum
1683 2269 1990 2325 :ecclesia-

371 2373 525 2428 sticis
559 2373 809 2444 apprime
864 2371 1158 2426 cantilenis
1241 2368 1510 2432 eruditus,
1567 2383 1629 2421 ac
1683 2363 1992 2436 psalmodia

373 2463 706 2533 praecipuus,
758 2468 812 2515 et
837 2462 1000 2529 hujus
1057 2459 1451 2514 exercitatione
1483 2458 1769 2525 limitatus,
1803 2458 1990 2513 animo

370 2556 634 2628 vultuque
659 2555 959 2623 jocundus,
993 2553 1180 2608 suavis
1229 2560 1392 2624 atque
1420 2551 1766 2616 mitissimus,
1796 2550 1980 2605 omni-

372 2662 481 2718 que
512 2645 761 2701 bonitate
805 2645 1163 2715 conspicuus,
1210 2650 1363 2714 pater
1418 2641 1574 2705 cleri,
1615 2649 1779 2712 atque
1820 2641 1985 2695 totius

370 2734 559 2806 pOpuli
593 2735 717 2805 pius
744 2743 1010 2804 patronus
1045 2733 1266 2786 :tardus
1285 2731 1354 2785 ad
1378 2728 1984 2794 irascendum,etvelox

371 2827 440 2880 ad
473 2825 844 2880 miserandum
895 2835 1106 2880 amator
1137 2825 1502 2879 Ecclesiarum
1562 2824 1677 2890 Dei,
1711 2831 1762 2877 et
1788 2821 1982 2877 fortis-

370 2918 544 2970 simus
572 2916 734 2970 ovilis
756 2915 861 2968 sibi
888 2914 1167 2969 commissi
1186 2930 1312 2968 cum
1345 2913 1436 2966 Dei
1466 2913 1666 2967 virtute
1699 2910 1978 2966 defensor.

375 3005 602 3076 Recepit
629 3005 871 3076 denique
892 3019 980 3058 res
1009 3003 1255 3057 diversas
1276 3010 1331 3058 et
1359 3001 1516 3057 villas
1540 3001 1816 3069 Ecclesiae,
1849 3017 1987 3074 quas

373 3107 690 3155 antecessor
717 3115 852 3154 suus
905 3116 1004 3170 per
1061 3099 1337 3170 precarias
1387 3098 1505 3152 sive
1564 3098 1870 3168 praestarias
1900 3097 1988 3152 di-

371 3192 547 3248 versis
585 3192 893 3247 contulerat
948 3190 1223 3262 personis.
1270 3189 1365 3245 Cui
1430 3189 1623 3244 sedula
1682 3190 1989 3245 intentione

2016 1961 2068 2029 Β

2097 727 2279 792 limus,
2353 730 2552 786 virtute
2633 731 2819 786 divina
2875 741 3130 797 erectus,
3216 744 3271 790 et
3350 736 3721 791 incolumitati

2095 827 2180 874 est
2211 820 2513 876 restitutus.
2550 821 2652 876 Ubi
2683 839 2807 878 cum
2835 825 3042 879 multus
3086 826 3386 882 haberetur
3455 828 3720 898 populus,

2101 907 2278 962 turbis
2308 910 2553 982 undique
2609 913 3042 979 conﬂuentibus,
3087 916 3323 986 principi
3383 917 3721 988 Burgundize

2099 995 2372 1053 Richardo
2411 999 2621 1073 vaginze
2651 1015 2786 1056 auro
2812 1011 3106 1067 exornatae,
3127 1004 3471 1077 gemmisque
3505 1005 3723 1059 decen-

2097 1092 2185 1140 ter
2211 1086 2461 1154 excultae,
2501 1088 2738 1161 agminis
2761 1090 3034 1145 densitate
3055 1091 3278 1162 stipato,
3310 1092 3726 1147 abscinduntur

2089 1193 2119 1231 a
2150 1178 2352 1234 balteo.
2411 1180 2554 1245 Quas
2591 1181 2816 1252 quidam
2877 1184 3190 1257 negotiator
3246 1191 3460 1254 emptas
3492 1201 3594 1255 per
3626 1184 3721 1238 di-

2088 1285 2248 1324 versa
2298 1270 2492 1325 detulit
2539 1270 2676 1338 fora,
2745 1287 2845 1326 nec
2885 1271 3091 1326 alicubi
3154 1273 3475 1328 venundare
3507 1273 3719 1344 potuit,

2089 1359 2268 1413 donec
2301 1366 2422 1429 post
2470 1374 2677 1413 annum
2713 1360 2780 1414 ad
2831 1361 3089 1415 eumdem
3125 1361 3431 1433 principem
3484 1363 3541 1416 in
3571 1365 3718 1417 Bur—

2086 1450 2350 1522 gundiam
2380 1451 2522 1523 [ms.,
2567 1451 2622 1506 in
2664 1451 3000 1526 Burgundia]
3064 1453 3432 1525 retulit,quas
3466 1455 3559 1508 illc
3588 1471 3720 1509 cum

2085 1542 2383 1613 gratiarum
2429 1542 2669 1606 actione,
2731 1551 2785 1598 et
2839 1544 3013 1599 sancti
3044 1543 3277 1620 Remigii
3321 1545 3722 1601 benedictione

2089 1635 2322 1704 recepit.

2705 1721 2914 1776 CAPUT
2965 1723 3105 1777 Xlll.

2162 1829 2236 1880 De
2263 1830 2606 1897 reparatione
2634 1830 2802 1882 castri
2819 1830 3063 1896 Mosomi,
3083 1829 3428 1900 aliarumque
3463 1833 3646 1885 muni-

2340 1919 2541 1970 tionum
2563 1915 2947 1985 quarumdam,
2982 1918 3065 1972 vel
3097 1920 3463 1974 ecclesiarum.

2167 2023 2262 2078 Hic
2305 2024 2552 2094 pontifex
2609 2033 2848 2080 castrum
2909 2025 3210 2080 Mosomum
3248 2027 3518 2097 (Mouson)
3551 2043 3718 2096 repa-

2096 2115 2228 2169 ratis
2269 2115 2469 2169 muniit
2520 2115 2714 2182 muris,
2774 2123 2826 2171 et
2871 2117 3162 2171 ecclesiam
3223 2116 3360 2170 inibi
3418 2117 3658 2170 dirutam
3688 2131 3719 2168 a

2093 2221 2235 2262 novo
2266 2207 2610 2274 restauravit,
2641 2215 2804 2279 atque
2838 2209 2892 2262 in
2925 2209 3138 2263 honore
3169 2217 3370 2264 sanctae
3395 2208 3490 2262 Dei
3525 2206 3712 2262 Geni-

2092 2299 2268 2366 tricis,
2301 2309 2362 2354 ut
2385 2299 2517 2354 olim
2573 2298 2768 2367 fuerat,
2820 2300 3117 2368 dedicavit,
3172 2299 3456 2355 collocatis
3489 2300 3552 2370 [j,
3590 2301 3716 2354 col-

2093 2387 2234 2458 latis]
2291 2387 2367 2441 ibi
2419 2387 2591 2443 sancti
2646 2389 2878 2444 Victoris
2903 2389 3144 2455 ossibus,
3173 2405 3296 2460 quae
3330 2388 3475 2442 haud
3520 2389 3719 2458 procul

2091 2478 2160 2532 ab
2192 2494 2259 2534 eo
2289 2479 2506 2534 fuerant
2534 2481 2759 2535 castello
2792 2490 3008 2552 reperta
3089 2481 3454 2536 Munitionem
3487 2496 3719 2552 quoque

2090 2569 2240 2638 apud
2267 2569 2615 2625 Bodiciacum
2643 2570 2865 2642 (Coucy)
2922 2579 3038 2628 tuto
3072 2573 3192 2628 loco
3224 2571 3720 2643 constituit,atque

2085 2659 2343 2716 firmavit.
2384 2663 2556 2717 Aliam
2583 2663 2952 2718 nihilominus
2972 2665 3338 2720 munitionem
3363 2665 3509 2736 apud
3536 2665 3716 2735 Spar-

2087 2769 2281 2808 nacum
2311 2771 2480 2825 super
2519 2755 2746 2810 fluvium
2804 2757 3104 2812 Maternum
3149 2757 3472 2813 construxit.
3525 2757 3720 2813 Eccle-

2085 2845 2194 2900 sias
2220 2847 2383 2900 etiam
2444 2849 2763 2913 nonnullas,
2824 2865 2948 2919 quae
2994 2849 3096 2904 sub
3127 2851 3519 2920 persecutione
3543 2851 3716 2905 Nort-

2088 2954 2417 2994 mannorum
2457 2940 2652 2994 dirutae
2703 2941 2947 3008 fuerant,
3007 2943 3302 2996 restaurari
3369 2942 3499 2997 fecit
3548 2952 3718 3014 atque

2087 3028 2452 3083 consecravit.
2485 3028 2592 3082 Sed
2625 3036 2679 3082 et
2734 3029 2789 3082 in
2838 3029 3048 3103 Vosago
3102 3030 3244 3085 infra
3297 3030 3718 3102 possessionem

2074 3119 2238 3174 'beati
2272 3119 2506 3193 Remigii
2531 3120 2820 3175 ecclesiam
2855 3123 3183 3189 construxit,
3218 3138 3281 3176 ac
3304 3138 3403 3192 per
3424 3135 3718 3176 assensum

2091 3213 2552 3288 Magontiacensis
2582 3214 2853 3285 episcopi,
2897 3215 3167 3285 depositis
3199 3215 3334 3268 inibi
3381 3215 3720 3288 pignoribus

371 3286 603 3394 ξθθίδηίί
633 3285 925 3394 δορίτίίξίιίθν
957 3283 1250 3394 δῖῆίξῗηίθτ
1297 3282 1989 3394 θικυδθτδξθηίβθπξροτῶ
2017 3326 2066 3394 C
2092 3282 2344 3375 ejusdem
2367 3304 2565 3370 sancti,
2607 3282 2903 3359 dedicavit.
2941 3282 3125 3359 Remis
3173 3282 3395 3376 quoque
3423 3282 3719 3358 e—cclesiam

374 3379 468 3444 lia,
501 3395 623 3450 quia
656 3378 773 3449 ipse
793 3378 1026 3433 honesta
1055 3375 1418 3447 dispensabat
1447 3375 1761 3446 prudentia,
1792 3375 1987 3445 dispo-

374 3485 514 3522 nens
543 3466 986 3538 competentibus
1009 3465 1356 3536 episcOpium
1383 3463 1988 3534 ministerialibus,ipse

373 3556 720 3611 orationibus
757 3555 1099 3610 incessanter
1163 3556 1428 3610 intentus.
1489 3553 1792 3624 Replentur
1823 3552 1990 3624 igitur

2090 3395 2147 3450 in
2179 3397 2387 3452 honore
2419 3396 2593 3452 sancti
2642 3396 2885 3468 Dionysii
2937 3405 3087 3451 extra
3139 3412 3356 3452 murum
3399 3395 3637 3450 civitatis
3692 3412 3723 3449 a

2089 3487 2372 3544 canonicis
2419 3488 2576 3543 urbis
2618 3496 2986 3543 constructam
3046 3487 3387 3542 consecravit
3428 3527 3442 3551 ,
3495 3486 3592 3558 ubi
3665 3496 3723 3540 et

2101 3581 2350 3635 membra
2403 3589 2719 3636 sanctorum
2769 3580 2914 3635 beati
2995 3580 3279 3653 Rigoberti
3331 3578 3603 3649 episcOpi,
3665 3588 3722 3632 et

377 3647 632 3702 ΕθθῘθδίδέ
665 3647 1077 3740 ά-ίνθτδδ-βοηίδ
1108 3647 1404 3702 υδθττίῖηίδ
1450 3653 1557 3700 tam
1608 3645 1997 3740 horrea’fluam
2099 3670 2275 3724 sancti
2302 3669 2585 3725 Theodulﬁ
2607 3669 2826 3725 abbatis
2857 3645 3128 3725 servanda
3148 3645 3425 3740 deposuit.
3458 3645 3720 3739 Crvptam

374 3737 748 3807 promptuaria
811 3737 1239 3808 ;disponuntur
1303 3742 1500 3791 cuncta
1551 3744 1664 3789 tum
1750 3734 1992 3788 rationa-

376 3829 582 3894 biliter,
609 3836 721 3883 tum
754 3828 1189 3885 misericorditer
1243 3830 1471 3902 praedia,
1509 3827 1608 3882 sed
1637 3834 1690 3882 et
1739 3827 1992 3898 quaedam

376 3927 701 3990 reparantur
725 3919 794 3974 ab
822 3936 910 3987 eo,
952 3921 1038 3976 vel
1066 3919 1229 3975 etiam
1272 3919 1636 3974 instituuntur
1667 3917 1989 3988 municipia.

980 4010 1189 4066 CAPUT
1217 4009 1329 4064 ΧΠ.

442 4108 516 4159 De
542 4105 804 4158 relatione
833 4103 1216 4174 beatijltemigii
1241 4100 1316 4154 ad
1331 4102 1718 4154 monasterium
1735 4113 1918 4153 suum.

445 4194 539 4249 Hic
567 4195 766 4264 praesul
818 4209 1018 4264 corpus
1058 4192 1206 4247 beati
1263 4191 1519 4265 Remigii,
1571 4190 1718 4261 quod
1757 4197 1989 4243 eatenus

373 4284 426 4338 in
450 4286 664 4340 civitate
692 4283 1013 4339 servabatur
1067 4283 1304 4338 locatum
1336 4289 1460 4353 post
1491 4281 1661 4336 altare
1684 4280 1778 4336 Dei
1811 4279 1982 4334 Geni-

373 4374 522 4428 tricis
553 4375 777 4443 majoris
807 4373 1075 4436 ecclesias,
1106 4373 1173 4428 ad
1189 4373 1472 4428 basilicam
1501 4369 1988 4442 sepulturaeipsius

371 4464 546 4517 sancti
583 4463 787 4519 referre
818 4463 1096 4534 disposuit
1157 4464 1270 4535 (an.
1325 4463 1449 4521 901.
1485 4479 1536 4516 iv
1558 4462 1664 4516 Kal
1683 4459 1982 4529 Januarii).

371 4552 493 4607 Erat
519 4562 701 4609 autem
737 4554 972 4608 hiemale
1005 4561 1247 4624 tempus,
1273 4560 1329 4608 et
1356 4553 1424 4608 ad
1444 4551 1835 4608 celebrandam
1877 4552 1987 4606 Do-

369 4642 554 4696 minici
579 4643 775 4698 natalis
803 4643 1233 4709 solemnitatem,
1287 4651 1395 4697 tam
1428 4658 1520 4696 rex
1539 4641 1787 4707 Karolus,
1821 4657 1984 4712 quam

372 4735 625 4791 nonnulli
658 4752 916 4806 proceres
945 4737 1067 4804 ejus
1099 4737 1152 4790 in
1198 4737 1340 4790 hanc
1370 4733 1983 4790 conveneranturbem.

370 4830 616 4902 Cumque
649 4831 732 4885 his
763 4830 982 4897 diebus,
1001 4831 1188 4885 multis
1241 4829 1663 4885 imminentibus
1695 4829 1989 4896 imbribus,

372 4925 605 4978 nimium
639 4942 736 4997 per
767 4933 954 4986 totam,
1011 4932 1067 4978 et
1109 4925 1537 4995 circumquaque
1571 4922 1870 4977 haberetur
1893 4922 1985 4976 lu-

370 5027 506 5082 tum,
536 5015 803 5086 conqueri
845 5013 1002 5069 multi
1051 5029 1272 5084 coepere
1303 5013 1540 5084 qualiter
1565 5013 1700 5067 illud
1732 5021 1984 5066 sanctum

368 5127 569 5181 corpus
627 5118 755 5165 tunc
780 5109 848 5165 ad
906 5110 1086 5165 locum
1126 5108 1458 5163 destinatum
1484 5107 1731 5162 valerent
1758 5107 1974 5162 efferre.

371 5199 587 5253 Factum
631 5206 714 5254 est
743 5205 951 5264 autem,
1002 5205 1063 5252 ut
1110 5203 1274 5253 nocte
1321 5203 1444 5268 post
1469 5203 1781 5251 sanctorum
1815 5197 1982 5252 luno-

369 5284 610 5339 centium
635 5286 838 5354 natale,
870 5287 1028 5355 cujus
1043 5285 1472 5357 insequentedie
1496 5284 1550 5340 id
1581 5284 1769 5356 operis
1791 5284 1982 5355 dispo-

372 5376 606 5432 nebatur
635 5379 863 5462 expleri,
920 5380 1094 5436 Borea
1125 5397 1191 5435 ex
1236 5379 1534 5451 improviso
1580 5378 1764 5434 media
1820 5386 1982 5435 nocte

371 5468 904 5542 insurgente,totius
923 5473 1109 5528 subito
1157 5472 1293 5528 caeni
1339 5473 1618 5546 gelaretur
1649 5471 1979 5535 immanitas,

370 5555 443 5610 ita
473 5557 701 5610 uthumi
753 5558 982 5630 limique
1030 5562 1260 5616 humore
1311 5561 1610 5627 desiccato,
1653 5577 1751 5632 per
1789 5560 1985 5636 glaciei

370 5651 597 5720 repente
622 5643 763 5698 datae
793 5647 1166 5715 superficiem,
1223 5648 1370 5704 sicco
1414 5650 1704 5721 liberoque
1731 5650 1983 5723 vestigio,

370 5732 621 5788 membra
660 5746 815 5785 sacra
848 5732 961 5802 [ms.
997 5737 1048 5804 j,
1099 5736 1260 5806 sacri]
1314 5739 1564 5794 valerent
1615 5739 1818 5794 deferri
1853 5755 1993 5810 pon-

368 5822 565 5880 tificis.
597 5822 664 5877 At
692 5819 789 5874 ubi
812 5830 962 5876 extra
1019 5823 1298 5878 civitatem
1321 5837 1548 5882 ventum
1574 5837 1658 5883 est
1687 5828 1756 5883 ad
1786 5829 1992 5895 locum,

369 5918 520 5972 unde
551 5913 950 5972 monasterium
984 5915 1162 5985 ipsius
1193 5913 1405 5973 directo
1451 5919 1562 5986 jam
1587 5927 1870 5989 peteretur
1898 5921 1993 5976 iti-

2095 3774 2317 3830 quoque
2347 3757 2450 3812 sub
2486 3759 2605 3829 ipsa
2631 3759 2763 3813 sedc
2795 3759 3022 3827 majoris
3047 3758 3318 3825 ecclesiae,
3347 3773 3471 3829 quae
3491 3757 3587 3810 diu
3621 3757 3722 3811 tel-

2093 3847 2213 3901 lure
2245 3854 2520 3901 manserat
2550 3849 2795 3918 oppleta,
2827 3847 2920 3902 ubi
2964 3847 3159 3902 beatus
3191 3847 3472 3921 Remigius
3498 3857 3719 3901 secreto

2095 3952 2286 4006 preces
2317 3936 2428 3990 Deo
2456 3936 2689 3990 fundere
2728 3934 2904 3990 fertur
2960 3937 3294 4003 assuevisse,
3323 3935 3644 3990 mandatam
3665 3943 3720 3989 et

2094 4027 2365 4081 excultam
2398 4026 2455 4080 in
2484 4015 2696 4082 honore
2728 4026 2905 4097 ipsius
2932 4028 3106 4082 sancti
3133 4027 3383 4098 praesulis
3422 4043 3719 4091 consecra-

2093 4120 2188 4175 vit.
2216 4119 2396 4174 Multis
2440 4135 2664 4192 quoque
2708 4120 2955 4175 donariis
3013 4121 3341 4175 Remenscm
3411 4120 3713 4174 Ecclesiam

2093 4211 2427 4281 perornavit,
2459 4211 2679 4266 coronis
2708 4211 2987 4286 argenteis
3019 4222 3186 4283 atque
3218 4212 3711 4282 lampadibus,tam

2091 4302 2295 4369 aureis,
2351 4319 2516 4374 quam
2571 4305 2870 4378 argenteis,
2948 4303 3299 4358 illuminavit.
3359 4302 3491 4356 Aliis
3542 4303 3710 4357 etiam

2087 4394 2232 4450 vasis
2286 4396 2578 4468 utriusque
2619 4397 2782 4466 hujus
2812 4396 3038 4467 pretiosi
3072 4395 3301 4463 metalli,
3333 4395 3432 4449 sed
3464 4405 3519 4448 et
3547 4410 3713 4468 gem-

2088 4485 2228 4539 meis
2277 4485 2343 4560 lj,
2421 4486 2674 4558 gemmis]
2759 4486 3137 4556 locupletavit.
3223 4485 3456 4553 Insuper
3511 4489 3566 4535 et
3630 4482 3713 4535 al-

2088 4585 2205 4632 tare
2237 4577 2293 4632 in
2327 4579 2510 4634 medio
2558 4579 2712 4634 chori
2759 4580 2862 4632 sub
2909 4581 3122 4633 honore
3174 4584 3376 4631 sancta:
3434 4573 3717 4629 Trinitatis

2007 4671 2263 4749 Dedidit
2313 4678 2477 4743 atque
2526 4672 2750 4739 dicavit,
2810 4680 2865 4726 et
2913 4671 3115 4726 tabulis
3170 4679 3400 4743 argento
3429 4669 3714 4738 coopertis

2092 4759 2479 4815 circumdedit.
2512 4760 2742 4815 Crucem
2787 4775 3007 4832 quoque
3041 4759 3304 4828 majorem
3330 4773 3464 4812 auro
3495 4772 3712 4828 coepe-

2095 4855 2225 4923 ruit,
2259 4863 2315 4910 et
2365 4855 2600 4928 gemmis
2647 4871 2771 4910 cum
2828 4855 3193 4910 sacrosanctis
3223 4853 3554 4928 pignoribus
3607 4853 3714 4908 de-

2087 4950 2276 4999 center
2295 4943 2607 5017 insignivit.
2640 4944 2989 4998 Ornamentis
3019 4944 3181 4997 etiam
3199 4940 3523 4996 liolosericis
3545 4957 3714 5011 quam

2089 5036 2342 5106 plurimis
2390 5039 2591 5090 almam
2652 5036 2934 5091 decoravit
2974 5035 3178 5090 aulam.
3218 5033 3347 5088 Mihi
3403 5049 3631 5105 quoque
3663 5041 3719 5088 et

2079 5129 2296 5183 caeteris
2322 5137 2431 5184 tam
2480 5128 2696 5184 clericis
2747 5127 3053 5196 canonicis,
3112 5143 3273 5198 quam
3317 5125 3633 5193 monachis,
3663 5133 3718 5180 et

2080 5216 2615 5283 sanctimonialibus,
2645 5216 3021 5286 omnibusque
3053 5230 3151 5286 pro
3175 5213 3412 5268 diversis
3441 5229 3570 5267 eum
3606 5231 3714 5284 pe-

2083 5311 2328 5365 tentibus
2357 5308 2866 5365 necessitudinibus
2898 5308 3069 5362 multa
3101 5307 3331 5379 largitus
3352 5312 3436 5360 est
3468 5306 3642 5361 bona.

2715 5422 2926 5484 CAPUT
2946 5421 3080 5476 XIV.

2087 5541 2160 5595 De
2189 5539 2543 5608 synodalibus
2597 5539 2838 5593 consiliis
2897 5537 3121 5602 habitis,
3163 5540 3211 5589 et
3251 5537 3718 5593 Nortmannorum

2191 5631 2550 5694 conversione,
2579 5629 2661 5683 vel
2703 5627 3046 5697 expeditione
3078 5629 3268 5680 contra
3296 5626 3612 5692 Hungaros.

2165 5740 2482 5795 Conventus
2503 5739 2745 5809 denique
2776 5735 3076 5808 synodales
3107 5751 3254 5806 saepe
3277 5749 3401 5789 cum
3425 5736 3721 5807 coepisco-

2096 5831 2180 5899 pis
2236 5845 2350 5884 suae
2385 5829 2698 5884 dimceseos
2745 5827 2941 5882 habuit
2975 5825 3070 5880 :in
3125 5824 3329 5896 quibus
3380 5823 3450 5878 de
3501 5841 3642 5896 pace
3669 5835 3721 5880 et

2097 5921 2370 5996 religione
2392 5930 2597 5978 sanctae
2627 5921 2718 5976 Dei
2753 5920 3032 5982 Ecclesia),
3063 5925 3318 5988 statuque
3351 5918 3509 5992 regni
3543 5917 3709 5972 Fran-
