3912 6468
179 478 284 532 293

831 473 1153 529 HISTORIA?
1193 471 1526 527 ECCI.ESM‘I
1566 471 1894 525 REMENSIS
1934 469 2108 524 LIBRI
2149 467 2474 534 QUATUOR.
2510 498 2573 506 —
2605 467 2733 522 LIB.
2776 467 2862 524 IV.

3413 467 3518 523 294

176 601 364 659 corum
391 601 690 656 salubriter
717 607 1210 671 competenterque
1243 599 1495 653 tractavit
1539 599 1613 653 De
1647 597 1799 651 Nort-
1825 604 1877 670 Α
1901 595 1969 650 ad
2001 594 2447 651 constituendum
2496 609 2682 665 regem
2738 592 3038 648 Robertum
3069 591 3214 662 apud
3244 591 3297 644 S.
3334 591 3516 646 Remi-

178 707 503 748 mannorum
559 705 784 762 quoque
828 689 1194 762 mitigatione,
1225 696 1390 759 atque
1435 686 1799 742 conversione

178 782 334 837 valde
365 778 659 845 laboravit,
720 779 899 833 donec
958 778 1200 832 tandem.
1235 784 1359 848 post
1389 776 1617 841 bellum,
1653 777 1798 848 quod

185 877 452 932 Robertus
470 889 660 928 comes
689 882 882 928 contra
925 888 1020 927 eos
1042 871 1384 927 Carnotenus
1409 871 1600 945 gessit,
1635 871 1798 926 ﬁdem

182 970 376 1026 Christi
423 969 712 1040 suscipere
762 975 1111 1039 receperunt,
1142 966 1420 1022 concessis
1451 966 1559 1022 sibi
1587 966 1800 1021 mariti-

181 1063 280 1117 mis
293 1062 628 1134 quibusdam
646 1061 825 1132 pagis,
848 1077 972 1116 cum
1004 1059 1634 1133 Rothomagensi,quam
1655 1075 1800 1129 pene

179 1159 498 1213 deleverant
530 1155 692 1219 urbe,
719 1163 772 1209 et
801 1155 926 1210 aliis
958 1154 1139 1208 eidem
1161 1153 1445 1221 subjectis.
1482 1153 1558 1207 Ad
1577 1153 1802 1224 petitio-

179 1265 303 1302 nem
333 1262 557 1318 quoque
588 1244 849 1299 Wittonis
878 1251 1011 1298 tunc
1039 1243 1500 1317 Rothomagensis
1527 1242 1794 1312 episc0pi,

177 1340 409 1395 collecta
441 1355 506 1394 ex
538 1335 773 1392 diversis
786 1335 1205 1392 auctoritatibus
1234 1341 1549 1390 sanctorum
1577 1334 1797 1389 Patrum

179 1428 405 1502 triginta
425 1435 536 1482 tres
574 1426 815 1496 capitula
840 1427 1078 1498 qualiter
1109 1427 1211 1496 ipsi
1234 1427 1556 1482 Nortmanni
1587 1425 1805 1481 tractari

180 1518 474 1577 deberent.
527 1514 714 1568 eidem
772 1515 1191 1585 archiepiscOpo
1245 1515 1538 1586 delegavit.
1577 1517 1808 1586 Insuper

178 1608 344 1661 etiam
379 1606 686 1661 Romanum
720 1603 1040 1676 pontificem
1054 1622 1221 1675 super
1235 1606 1615 1674 hujuscemodi
1641 1622 1806 1676 nego-

181 1699 560 1754 tioconsulere
573 1696 805 1751 studuit.
823 1698 899 1751 Ad
915 1697 1072 1765 cujus
1100 1698 1348 1753 consulta
1361 1715 1482 1769 qua:
1508 1700 1654 1753 circa
1675 1717 1804 1774 gen-

1901 689 2049 764 gium
2075 686 2393 762 congregati
2439 693 2641 744 essent.
2696 685 2846 740 idem
2898 684 3367 754 archiepiscopus,
3401 685 3522 738 lan-

1899 798 2073 856 guore
2103 783 2422 852 depressus,
2442 780 2548 834 vita
2571 780 2829 843 decessit,
2853 779 3010 834 tertia
3029 779 3119 834 die
3148 779 3357 834 scilicet
3375 788 3524 850 post-

1900 887 2062 942 quam
2104 870 2375 924 Roberlus
2437 885 2527 922 rex
2579 869 2754 923 factus
2802 868 2998 933 fuerat,
3047 875 3242 938 quarto
3272 883 3402 922 vero
3433 867 3522 921 die

1901 969 2196 1030 antequam
2231 957 2554 1012 vicesimum
2603 956 2909 1012 secundum
2938 956 3021 1009 sui
3050 956 3403 1027 episcopatus
3432 973 3528 1010 ex-

1903 1054 2079 1124 pleret
2108 1069 2334 1107 annum.
2370 1051 2804 1124 Contigitautem
2823 1059 2887 1106 ut
2917 1051 3142 1122 ipsadie
3159 1050 3243 1105 sui
3264 1051 3526 1105 decessus

1904 1142 2090 1213 plures
2115 1141 2210 1212 qui
2239 1141 2580 1194 advenerant
2609 1141 2882 1211 episcopi,
2918 1140 3247 1194 Remensem
3284 1139 3528 1213 ingrede-

1901 1236 2094 1284 rentur
2120 1229 2336 1294 urbem,
2361 1229 2568 1300 quique
2594 1229 2758 1282 fuuus
2805 1229 2980 1300 ipsius
3009 1229 3196 1304 dignis
3251 1228 3531 1299 exsequiis

1901 1321 2270 1387 celebrantes;
2293 1337 2416 1376 cum
2445 1321 2683 1376 maximo
2713 1337 2964 1384 suorum,
2999 1322 3099 1376 sed
3129 1328 3184 1376 et
3215 1329 3527 1376 exterorum

1909 1415 2082 1480 luctu,
2117 1415 2334 1469 decenti
2369 1414 2647 1468 tradidere
2678 1415 2996 1485 sepultum.

2512 1507 2722 1563 CAPUT
2744 1507 2941 1562 XVIII.

2270 1600 2346 1653 De
2363 1600 2696 1653 successione
2726 1599 2890 1666 Sculﬁ
2919 1600 3172 1667 episcopi.

1977 1691 2252 1746 Successit
2283 1691 2410 1746 huic
2443 1690 2925 1761 praesuliSeulfus,
2961 1691 3056 1762 qui
3091 1698 3218 1744 tunc
3241 1688 3396 1744 urbis
3426 1691 3530 1744 hu-

183 1788 252 1840 tis
277 1787 440 1855 hujus
457 1785 879 1840 conversionem
899 1786 1254 1856 exsequenda
1281 1785 1483 1851 forent,
1519 1786 1803 1842 insinuare
1903 1785 1992 1853 jus
2010 1786 2318 1841 ministerio
2336 1785 3186 1858 fungebaturarchidiaconatus:
3220 1785 3421 1838 virtam
3441 1801 3527 1839 ec-

182 1895 294 1935 non
326 1879 555 1934 destitit.
593 1878 881 1948 Hungarus
928 1892 1150 1948 quoque
1184 1894 1413 1950 regnum
1446 1879 1804 1934 Lothariense
1840 1948 1871 1950 ᾼ
1905 1875 2253 1940 clcsiasticis,
2282 1891 2446 1945 quam
2478 1874 2838 1928 saecularibus
2868 1874 3179 1945 disciplinis
3195 1875 3537 1930 sufﬁcienter

180 1969 655 2041 depraedantibus,
688 1969 818 2023 dum
850 1969 1078 2023 Karolus
1109 1948 1369 2039 proceres
1399 1971 1728 2027 Francorum
1752 1973 1806 2027 in
1836 1948 1888 2016 Β
1910 1969 2242 2022 instructus:
2277 1963 2483 2035 quique
2503 1964 2650 2035 apud
2675 1964 2983 2038 Remigium
3001 1965 3533 2020 Antissiodorcnsem

177 2062 442 2118 auxilium
464 2061 568 2116 sibi
603 2068 798 2116 contra
823 2067 1046 2134 gentem
1068 2061 1244 2132 ipsam
1281 2071 1629 2128 convocaret,
1655 2065 1809 2120 solus

177 2153 270 2206 hic
302 2150 500 2221 praesul
534 2166 600 2204 ex
631 2149 894 2204 omnibus
922 2150 1076 2221 regni
1102 2150 1266 2218 hujus
1290 2150 1640 2220 primatibus,
1682 2169 1804 2208 cum

178 2246 296 2299 suis
315 2250 522 2298 tantum
544 2243 600 2296 in
623 2241 1006 2296 defensionem
1027 2243 1280 2298 Ecclesia:
1303 2244 1396 2298 Dei
1412 2245 1526 2319 regi
1543 2247 1804 2314 occurrit,

179 2335 398 2390 habens
423 2339 665 2387 armatos
691 2347 878 2385 secum
902 2333 1024 2401 (ceu
1055 2331 1252 2401 fertur)
1273 2332 1426 2388 mille
1448 2334 1802 2408 quingentos.

828 2425 1037 2480 CAPUT
1062 2426 1166 2480 XV.

293 2518 368 2570 De
397 2516 590 2569 Karoli
613 2518 758 2582 regis
788 2533 822 2569 α
851 2519 965 2571 suis
993 2517 1244 2573 derelicti
1287 2523 1690 2575 sustentatione.

252 2606 518 2677 Sequenti
546 2621 679 2661 vero
707 2622 852 2662 anno
885 2606 1050 2678 (920),
1093 2624 1218 2662 cum
1249 2625 1390 2679 pene
1418 2610 1603 2664 cuncti
1630 2611 1807 2664 Fran-

181 2715 373 2754 corum
404 2699 700 2768 0ptimates
718 2699 866 2768 apud
895 2699 1090 2753 urbem
1118 2699 1547 2756 Suessonicama
1567 2718 1696 2775 rege
1712 2719 1811 2757 suo

184 2791 384 2846 Karolo
441 2790 842 2857 desciscentes,
895 2798 1120 2862 propter
1155 2792 1508 2866 Haganonem
1541 2794 1805 2849 consilia-

185 2883 320 2934 rium
354 2896 539 2944 suum,
595 2895 761 2951 quem
823 2879 892 2934 de
943 2880 1319 2937 mediocribus
1369 2883 1605 2938 electum
1637 2899 1807 2956 super

185 2972 676 3043 om‘nesprincipes
707 2973 970 3028 audiebat
1000 2980 1054 3029 et
1074 2975 1402 3038 honorabat,
1430 2991 1555 3030 eum
1585 2979 1808 3047 penitus

189 3069 563 3140 reliquissent,
599 3067 690 3122 hic
720 3069 969 3139 pontifex
999 3069 1181 3126 fidelis
1213 3078 1268 3126 et
1289 3071 1413 3142 pius
1439 3079 1606 3143 atque
1646 3071 1811 3125 robu-

184 3158 374 3213 stusin
398 3157 665 3228 periculis
690 3160 1186 3228 scmperexistens,
1205 3177 1390 3232 regem
1408 3160 1719 3231 intrepidus
1741 3159 1810 3214 ab

187 3247 387 3303 eodem
415 3246 538 3302 loco
553 3247 886 3317 suscipiens,
905 3249 1252 3304 admetatum
1274 3266 1435 3304 suum
1453 3249 1599 3305 dedu
1644 3249 1711 3315 it;
1729 3248 1814 3302 in-

188 3338 373 3408 deque
404 3351 594 3390 secum
625 3335 696 3389 ad
712 3335 903 3392 urbem
935 3337 1262 3393 Remensem
1297 3339 1815 3410 perduxit,persep-

188 3440 297 3484 tem
332 3428 447 3483 fere
481 3444 702 3483 menses
729 3444 852 3483 eum
873 3438 1200 3500 prosecutus
1216 3441 1380 3503 atque
1407 3433 1699 3487 comitatus
1718 3441 1823 3500 est,

191 3522 376 3576 donec
397 3520 476 3574 illi
505 3519 739 3575 comites
768 3536 920 3589 suos,
954 3524 1325 3595 eumdemque
1358 3540 1528 3598 regno
1562 3525 1821 3580 restituit.

826 3613 1034 3669 CAPUT
1086 3615 1216 3670 XVI.

191 3707 268 3758 De
283 3703 570 3759 Erlebaldi
589 3707 800 3760 comitis
812 3709 1379 3774 excommunicatione,
1394 3714 1444 3763 et
1465 3710 1800 3766 absolutione
1813 3754 1825 3766 .

265 3791 775 3849 Excommunicavit
805 3795 895 3850 hic
957 3798 1155 3867 pnesul
1183 3797 1536 3853 Erlebaldum
1567 3800 1824 3855 comitem

195 3881 563 3938 Castricensis
590 3885 738 3958 pagi,
782 3892 1006 3956 pr0pter
1056 3887 1352 3942 Bernensis
1409 3889 1678 3960 episc0pii
1717 3897 1828 3944 ter-

196 3991 313 4029 ram
343 3991 506 4046 quam
543 3982 878 4044 pervaserat,
916 3975 1106 4047 ibique
1136 3979 1502 4034 munitionem
1527 3981 1825 4050 quamdam

159 4064 164 4071 ’
199 4079 375 4133 super
398 4063 602 4118 Mosam
625 4070 1028 4132 construxerat,
1053 4065 1296 4138 indeque
1329 4067 1636 4139 frequentia
1653 4070 1831 4124 eccle-

201 4152 448 4207 siasticae
478 4152 699 4207 familia:
729 4155 873 4207 mala
931 4155 1239 4227 ingerebat.
1275 4159 1504 4228 Insuper
1521 4165 1826 4212 etcastrum

204 4241 568 4297 Altimontem
591 4243 775 4297 furtim
833 4244 1124 4314 irruperat.
1171 4246 1277 4300 Sed
1337 4262 1461 4300 cum
1494 4261 1596 4302 nec
1619 4245 1692 4301 ita
1713 4262 1834 4301 ces-

206 4331 599 4385 saretamalis
652 4349 774 4403 quae
828 4343 1091 4404 cmperat,
1142 4335 1320 4407 pergit
1379 4335 1832 4406 archiepisc0pus

206 4437 338 4476 cum
369 4421 487 4474 suis
517 4422 583 4475 ad
618 4421 946 4492 capiendam
964 4423 1354 4493 munitionem,
1387 4442 1551 4496 quam
1587 4425 1678 4479 ille
1697 4441 1832 4480 con-

205 4517 502 4566 struxerat.
554 4511 926 4582 Maceriasque
974 4515 1225 4580 (Masiére
1281 4530 1378 4570 sur
1413 4515 1467 4568 la
1496 4517 1692 4582 Meuse)
1722 4530 1829 4570 no~

207 4607 478 4662 minabat.
503 4607 673 4671 Quam
707 4623 806 4677 per
827 4617 1065 4678 quatuor
1096 4624 1237 4678 pene
1262 4610 1640 4665 hebdomadas
1670 4610 1826 4664 obsi-

205 4695 694 4758 dens,deserente
740 4703 945 4750 tantem
1004 4697 1154 4750 illam
1207 4697 1516 4766 Erlebaldo,
1575 4700 1744 4770 cepit,
1779 4708 1834 4754 et

208 4787 940 4857 dispositisinibicustodiis
970 4788 1156 4842 Remis
1188 4791 1370 4846 rediit.
1405 4793 1468 4846 At
1509 4793 1834 4850 Erlebaldus

209 4881 494 4953 profectus
537 4881 606 4936 ad
655 4896 863 4952 regem,
919 4882 1012 4953 qui
1082 4889 1210 4938 tunc
1251 4885 1646 4940 morabaturin
1688 4904 1832 4962 pago

208 4969 591 5024 Warmacensi
621 4979 812 5024 contra
867 4970 1161 5026 Henricum
1194 4972 1500 5044 principem
1529 4974 1832 5033 Transrhe-

209 5079 467 5131 nensem,
493 5062 700 5117 ibidem
718 5063 787 5117 ab
816 5063 1069 5120 hostibus
1087 5066 1236 5140 regis
1258 5065 1364 5120 sibi
1397 5071 1838 5138 supervenienti-

209 5153 708 5222 businteremptus
761 5145 864 5207 est.
932 5152 1102 5218 Quem
1161 5161 1343 5210 tamen
1395 5158 1746 5227 postmodum
1779 5160 1834 5214 in

206 5246 426 5316 synodo
475 5261 641 5315 quam
686 5243 833 5316 apud
881 5245 1221 5320 Troslegium
1281 5247 1428 5304 idem
1461 5249 1700 5305 domnus
1745 5268 1835 5306 ar—

205 5336 606 5408 chiepiscopus
633 5351 757 5391 cum
792 5335 1156 5392 direcesaneis
1197 5337 1314 5392 suis
1337 5337 1547 5406 habuit,
1583 5339 1834 5396 interce-

203 5432 377 5486 dente
410 5445 542 5504 rege
583 5436 638 5483 et
692 5428 898 5484 obnixe
947 5428 1252 5502 ﬂagitante,
1286 5447 1318 5486 a
1356 5431 1576 5489 vinculo
1603 5449 1832 5489 excom-

204 5521 612 5580 municationis
644 5522 900 5578 absolvit.

830 5615 1040 5673 CAPUT
1067 5619 1222 5675 XVII.

630 5709 705 5763 De
729 5708 880 5762 obitu
905 5710 1126 5764 Herivei
1145 5714 1424 5780 praesulis.

276 5799 653 5854 Excrescente
685 5797 928 5869 denique
959 5797 1238 5854 discordia
1266 5799 1411 5854 inter
1441 5816 1628 5872 regem
1671 5801 1838 5858 Karo-

195 5884 317 5950 lum
353 5901 410 5950 et
435 5891 787 5962 Rotbertum,
820 5907 943 5948 cum
991 5909 1134 5964 pene
1179 5894 1361 5952 cuncti
1391 5894 1547 5969 regni
1579 5910 1840 5968 proceres

1846 3301 1894 3364 (Β

1911 2054 2236 2129 magistrum
2273 2052 2326 2106 in
2391 2052 2717 2107 liberalibus
2773 2055 3017 2108 studium
3048 2055 3277 2109 dederat
3305 2055 3537 2110 artibus.

1911 2145 2027 2208 Quo
2060 2159 2161 2214 per
2193 2157 2528 2197 consensum
2559 2149 2614 2196 et
2639 2142 2944 2210 jussionem
3003 2143 3226 2198 Roberti
3292 2143 3438 2218 regis
3466 2144 3534 2198 ab

1907 2232 2140 2286 Abbone
2175 2230 2534 2296 Suessonico,
2565 2230 2886 2302 caaterisque
2918 2232 3207 2287 Remensis
3239 2234 3538 2303 provinciae

1911 2327 2247 2397 praesulibus
2274 2327 2530 2382 ordinato
2552 2327 2837 2398 episc0po,
2886 2327 3054 2382 delati
3079 2335 3208 2382 sunt
3237 2328 3350 2383 Odo
3377 2329 3541 2382 frater

1908 2417 2185 2488 quondam
2221 2416 2431 2471 Herivei
2483 2415 2910 2486 archiepiscOpi,
2958 2424 3012 2470 et
3046 2415 3308 2470 Ileriveus
3366 2432 3540 2486 nepos

1913 2510 2091 2580 ipsius
2122 2509 2268 2580 apud
2317 2508 2577 2562 eumdem
2634 2507 2946 2578 praesulem,
2991 2507 3143 2578 quod
3195 2507 3540 2575 fidelitatem,

1913 2616 2081 2670 quam
2112 2599 2162 2653 ei
2189 2597 2580 2669 promiserant,
2615 2597 2849 2651 minime
2896 2608 3198 2653 servarent.
3229 2601 3342 2664 Qua
3369 2600 3438 2652 de
3462 2616 3542 2664 re,

1912 2689 2042 2760 quia
2065 2686 2449 2742 nolueruntad
2485 2685 2826 2740 reddendam
2855 2687 3049 2741 venire
3068 2687 3336 2742 rationem
3354 2705 3540 2743 coram

1913 2779 2112 2834 eodem
2139 2775 2423 2848 pontifice,
2456 2776 2542 2832 vel
2583 2777 2853 2849 singulari
2889 2779 3190 2834 certamine
3221 2795 3345 2834 cum
3377 2796 3544 2835 accu-

1911 2874 2525 2941 satoribusdecernere,
2548 2874 2780 2930 sublatis
2806 2875 2914 2928 sibi
2946 2876 3201 2931 Ecclesia:
3234 2877 3543 2948 possessio-

1910 2967 2101 3032 nibus,
2135 2983 2274 3037 quas
2308 2966 2496 3038 plures
2527 2982 2590 3021 ex
2616 2967 2722 3022 hoc
2755 2967 3072 3022 retinebant
3103 2967 3408 3039 episcopio,
3441 2984 3541 3038 per

1913 3057 2265 3111 Heribertum
2293 3057 2554 3112 comitem
2583 3057 2807 3112 deducti
2855 3066 2985 3112 sunt
3020 3058 3087 3111 ad
3117 3059 3416 3114 Robertum
3442 3060 3547 3113 Re-

1912 3164 2062 3223 gem,
2096 3156 2151 3202 et
2202 3147 2307 3202 sub
2353 3148 2607 3203 custodia
2651 3165 2829 3220 usque
2861 3148 2928 3202 ad
2959 3157 3191 3203 mortem
3225 3151 3372 3223 regis
3413 3151 3541 3205 Rot-

1914 3242 2082 3310 berti,
2125 3241 2239 3296 Odo
2269 3242 2496 3311 quidem
2530 3259 2705 3314 penes
2738 3242 2995 3296 eumdem
3033 3243 3400 3311 Heribertum,
3439 3245 3544 3299 IIe-

1926 3351 2108 3389 riveus
2135 3350 2266 3391 vero
2291 3335 2530 3390 Parisius
2568 3337 2777 3392 detenti
2805 3345 2954 3393 sunt.
2988 3338 3178 3393 Fertur
3201 3347 3385 3395 autem
3411 3346 3545 3398 tunc

1927 3430 1995 3484 ab
2031 3431 2132 3485 hoc
2178 3429 2621 3500 archiepisc0po,
2677 3439 2731 3486 et
2778 3449 2808 3486 a
2859 3433 3190 3488 consiliariis
3223 3435 3358 3501 suis,
3395 3435 3550 3492 Heri-

1930 3519 2086 3574 berto
2118 3518 2307 3574 comiti
2352 3521 2670 3590 depactum,
2718 3521 2786 3576 de
2817 3523 3093 3580 electione
3143 3525 3428 3583 filiisuiin
3449 3530 3550 3585 hac

1931 3613 2066 3667 sede
2099 3628 2197 3683 pro
2220 3612 2609 3682 praedictorum
2653 3614 2896 3670 virorum
2940 3620 3288 3689 expulsione.
3326 3621 3422 3676 Hic
3449 3623 3552 3677 de-

1929 3707 2100 3779 nique
2156 3708 2359 3778 praesul
2411 3708 2624 3783 legatos
2671 3710 2836 3778 hujus
2877 3712 3132 3769 Ecclesiae
3166 3716 3391 3772 Romam
3417 3719 3554 3772 diri-

1926 3811 2088 3870 gens,
2149 3811 2247 3866 pro
2303 3812 2578 3852 consensu
2621 3814 2777 3869 papae
2807 3799 3038 3854 Joannis
3067 3801 3244 3872 (Joan.
3291 3807 3355 3872 X)
3381 3806 3435 3858 in
3459 3822 3552 3860 or-

1927 3888 2220 3944 dinatione
2242 3905 2342 3943 sua
2369 3889 2596 3960 pallium
2628 3891 2696 3944 ab
2727 3890 2922 3945 eodem
2975 3893 3079 3947 sibi
3109 3894 3433 3950 missionem
3466 3897 3555 3954 lit-

1931 3982 2063 4038 teris
2086 3983 2365 4058 privilegii
2384 3985 2548 4054 hujus
2577 3985 2726 4040 sedis
2756 3987 3024 4058 suscepit,

2539 4077 2749 4132 CAPUT
2811 4079 2944 4133 XIX.

1933 4167 2007 4219 De
2036 4166 2242 4234 synodo
2270 4183 2434 4237 quam
2483 4167 2696 4234 habuit,
2742 4173 2791 4223 et
2845 4172 3050 4225 cwteris
3087 4171 3317 4238 actibus,
3346 4171 3429 4225 vel
3451 4173 3558 4242 ﬁne

2646 4259 2840 4327 ipsius.

2005 4346 2102 4401 llic
2140 4340 2306 4402 etiam
2340 4349 2613 4419 synodum
2643 4349 2838 4405 habuit
2877 4351 3044 4422 (924),
3078 4351 3134 4404 in
3166 4352 3292 4406 villa
3309 4353 3558 4410 Trosleio

1932 4454 2057 4493 cum
2089 4439 2369 4511 episcopis
2392 4442 2680 4496 Remensis
2708 4442 3035 4510 dieeceseos,
3057 4442 3391 4500 ubiadfuere
3421 4463 3562 4503 non-

1933 4530 2072 4584 nulli
2102 4548 2326 4602 quoque
2357 4535 2593 4588 comites
2625 4551 2638 4586 :
2674 4533 2728 4587 in
2763 4550 2872 4605 qua
2903 4542 2958 4590 et
2989 4535 3138 4590 Isaac
3159 4553 3348 4593 comes
3364 4540 3432 4594 ad
3462 4557 3558 4595 sa-

1936 4621 2306 4678 tisfactionem
2339 4626 2491 4678 venit
2523 4640 2622 4696 pro
2676 4625 2785 4691 his,
2843 4642 2966 4696 quas
2997 4643 3164 4696 prave
3195 4639 3559 4701 perpetrave-

1937 4721 2018 4768 rat
2049 4715 2319 4770 adversus
2351 4716 2648 4771 Ecclesiam
2701 4715 3112 4786 Camarensem,
3155 4723 3434 4792 quoddam
3467 4742 3563 4780 ca-

1932 4806 2152 4861 stellum
2187 4808 2452 4879 Stephani
2514 4810 2766 4880 praesulis
2823 4811 3071 4878 ejusdem
3131 4814 3308 4881 urbis,
3368 4816 3559 4873 dolosa

1933 4903 2395 4972 comprehensum
2428 4901 2774 4972 pervasione,
2807 4905 3174 4960 succendens.
3212 4907 3313 4963 Pro
3343 4925 3454 4980 quo
3483 4910 3557 4965 fa-

1937 4993 2127 5048 cinore
2159 4993 2387 5048 vadatus
2411 4993 2467 5047 in
2499 4994 2598 5048 hac
2636 4994 2873 5064 synodo,
2905 5003 3126 5051 centum
3158 4997 3314 5052 libris
3341 5004 3556 5075 argenti

1937 5093 2164 5156 pacatur
2189 5103 2311 5141 cum
2346 5086 2571 5157 praefato
2628 5088 2910 5158 Stephano
2956 5088 3241 5159 episc0po,
3273 5099 3559 5162 satagente

1939 5175 2246 5241 Heriberto,
2285 5182 2340 5230 et
2380 5174 2502 5229 aliis
2558 5175 2652 5246 qui
2702 5177 2932 5231 aderant
2961 5177 3202 5233 Franciae
3232 5182 3554 5241 comitibus.

1938 5267 2036 5322 Hic
2061 5266 2256 5337 praesul
2285 5267 2680 5322 monasterium
2718 5269 2893 5322 sancti
2964 5269 3220 5344 Remigii,
3249 5288 3374 5327 cum
3406 5277 3560 5345 adja-

1937 5357 2196 5414 centibus
2223 5357 2494 5422 ecclesiis,
2524 5358 2608 5413 vel
2635 5358 2894 5413 domibus
2915 5375 3071 5415 muro
3087 5362 3340 5437 cingens,
3363 5370 3560 5423 castel-

1939 5447 2052 5501 lum
2081 5446 2291 5500 ibidem
2322 5446 2578 5512 instituit,
2638 5447 2862 5501 domum
2919 5449 3296 5522 episcopalem
3327 5458 3562 5512 cameris

1941 5550 2224 5606 reparans,
2267 5536 2496 5606 picturis
2517 5537 2775 5593 excoluit.
2817 5537 2966 5595 Fecit
2991 5550 3047 5596 et
3076 5544 3303 5599 calicem
3331 5562 3558 5602 aureum

1940 5627 2209 5696 majorem
2241 5643 2364 5682 cum
2417 5631 2669 5702 gemmis,
2722 5630 2778 5686 in
2838 5633 3048 5694 honore
3095 5636 3191 5691 Dei
3246 5638 3559 5704 Genitricis,

1940 5719 2126 5789 pondo
2157 5718 2349 5774 decem
2378 5720 2667 5789 librarum,
2694 5724 2794 5778 sed
2825 5725 3007 5780 etalia
3036 5729 3288 5798 quaedam
3312 5730 3560 5785 ecclesia:

1941 5811 2270 5882 praeparavit
2299 5820 2645 5870 ornamenta.
2688 5815 2971 5873 Ciborium
3030 5835 3255 5890 quoque
3283 5835 3452 5890 super
3475 5821 3560 5874 al-

1939 5906 2056 5955 tare
2081 5908 2283 5957 sanctae
2332 5901 2512 5958 Mariae
2566 5912 2798 5978 argento
2855 5923 3152 5981 aggressus
3199 5919 3283 5964 est
3316 5908 3557 5978 operire,
