3912 6410
376 390 483 449 295

1504 384 1874 441 FLODOARDI
1915 384 2225 440 CANONICI
2266 386 2595 442 REMENSIS

3612 383 3725 438 296

375 520 522 591 quod
558 535 699 591 opus
730 526 907 573 morte
939 525 1252 589 praeventus
1266 517 1485 587 explere
1504 517 1772 588 nequivit.
1799 517 1991 572 Fertur
2016 523 2069 590 Α
2090 519 2255 573 turab
2274 519 2413 589 ipso,
2437 516 3296 590 synodus(Trostcinsis:an.927)
3317 532 3410 572 sex
3424 515 3724 587 episcopo-

374 617 555 663 autem
581 624 794 664 veneno
824 615 1042 679 potatus
1082 624 1110 660 a
1142 605 1461 661 domesticis
1497 606 1581 659 vel
1625 605 1992 683 familiaribus

380 702 652 757 lleriberti
681 700 898 757 comitis
919 700 1083 754 vitam
1108 697 1314 751 linisse.

1013 789 1223 844 CAPUT
1254 789 1337 842 XX

656 886 728 936 De
757 881 1005 934 electione
1023 881 1270 945 Hugonis
1299 878 1403 946 ﬁlii
1435 878 1725 931 Heriberti.

449 977 557 1031 Nec
588 991 759 1039 mora,
793 982 916 1043 post
946 972 1157 1027 obitum
1193 971 1366 1037 ipsius
1392 971 1539 1039 (925)
1567 969 1886 1024 Heribertus
1906 984 1995 1023 ccc

377 1083 494 1119 mes
528 1064 709 1119 Remis
763 1062 935 1126 venit,
980 1059 1255 1115 advocans
1322 1058 1607 1114 Abbonem
1669 1057 1993 1128 cpiscOpum

375 1153 787 1217 Suessonicum,
819 1158 873 1205 et
907 1151 1179 1205 Bovonem
1204 1145 1632 1201 Catalaunicum.
1669 1147 1994 1213 Quibussibi

372 1252 580 1320 junctis
625 1255 863 1304 tractans
904 1259 1073 1313 super
1111 1241 1383 1296 electione
1427 1240 1653 1295 rectoris
1685 1239 1847 1310 hujus
1891 1241 1997 1294 Rc-

380 1338 585 1393 mensis
616 1334 891 1397 Ecclesiae,
926 1339 1031 1386 tam
1077 1330 1335 1397 clericos,
1381 1345 1544 1400 quam
1575 1328 1745 1383 laicos
1791 1328 1859 1382 ad
1892 1344 1994 1383 vo-

374 1431 639 1484 luntatem
670 1440 826 1478 suam
859 1420 1147 1476 intendere
1171 1418 1318 1473 fecit.
1353 1419 1663 1489 Sequentes
1696 1418 1995 1490 igiturejus

377 1516 671 1573 consilium
704 1530 775 1567 ne
807 1512 949 1568 forte
980 1526 1080 1581 per
1101 1518 1391 1563 extraneas
1416 1523 1681 1578 personas
1703 1506 1994 1577 episcopa-

376 1614 462 1659 tus
492 1602 853 1666 divideretur,
872 1600 1087 1673 eligunt
1118 1596 1289 1651 tilium
1324 1596 1522 1666 ipsius,
1555 1596 1779 1650 nomine
1812 1595 1997 1670 Rugo-

378 1716 528 1763 nem,
560 1694 855 1750 admodum
916 1691 1226 1763 parvulum,
1274 1689 1368 1760 qui
1435 1705 1537 1743 nec
1602 1688 1783 1743 adhuc
1826 1688 1993 1761 quin-

328 1818 337 1825 ο
376 1790 607 1865 quennii
637 1799 855 1858 tempus
903 1784 1198 1854 explesset.
1259 1783 1376 1846 Qua
1423 1798 1478 1835 re
1536 1788 1743 1852 patrata
1794 1781 1862 1835 ad
1904 1796 1994 1834 re-

378 1904 502 1961 gem
538 1888 855 1956 pr0perant,
886 1879 1007 1948 ejus
1034 1876 1373 1932 auctoritatis
1403 1876 1768 1946 impetrandaa
1797 1874 1995 1949 gratia.

2092 623 2210 660 rum
2235 606 2522 683 Remensis
2553 606 2859 660 dioeceseos
2874 605 3018 676 apud
3050 604 3377 669 Trosleium,
3443 603 3727 658 Heriberti

2092 698 2310 753 comitis
2336 698 2584 766 jussione
2616 704 2934 763 convocata,
2961 712 3088 769 rege
3107 703 3291 750 tamen
3327 694 3566 751 Rodulfo
3581 711 3723 749 con-

2094 791 2419 855 tradicente,
2472 797 2681 860 patrata
2718 797 2817 844 est.
2890 789 3186 859 Postquam
3237 788 3512 858 synodum
3561 787 3727 841 Heri-

2094 880 2282 933 bertus
2313 878 2566 934 Karolum
2597 879 2666 933 de
2697 877 2968 935 custodia.
3012 877 3068 931 in
3110 893 3217 948 qua
3247 892 3373 931 eum
3408 874 3727 939 detinebat,

2095 968 2279 1037 ejecit,
2313 977 2372 1021 et
2400 967 2464 1021 ad
2522 975 2771 1021 sanctum
2830 966 3152 1031 Quintinum
3183 965 3435 1033 deduxit,
3470 965 3725 1036 indeque

2096 1072 2221 1111 cum
2253 1056 2449 1111 eodem
2482 1056 3156 1110 KaroloNortmannorum
3188 1054 3529 1125 colloquium
3553 1070 3730 1124 expe-

2098 1149 2181 1203 tiit
2214 1168 2229 1202 :
2264 1148 2359 1202 ubi
2388 1164 2447 1202 se
2476 1148 2805 1215 Willelmus,
2829 1146 2974 1202 filius
3003 1147 3230 1201 Rollolis
3256 1145 3524 1217 principis
3558 1145 3728 1199 Nort-

2097 1258 2449 1309 mannorum,
2499 1242 2691 1297 Karolo
2723 1241 3153 1307 commendavit,
3186 1249 3240 1296 et
3261 1240 3557 1295 amicitiam
3598 1256 3730 1294 cum

2100 1330 2383 1386 Heriberto
2439 1330 2803 1385 confirmavit.
2837 1330 3046 1384 Deinde
3104 1328 3287 1384 Remis
3336 1328 3571 1383 veniens
3599 1344 3726 1383 cum

2096 1419 2288 1474 Karolo
2331 1419 2648 1473 Heribertus
2704 1434 2914 1483 comes,
2976 1418 3188 1472 litteras
3246 1418 3472 1473 Romam
3514 1417 3722 1472 Joanni

2096 1527 2251 1583 papae
2281 1511 2485 1585 dirigit,
2534 1509 2855 1584 signiﬁcans
2876 1510 2927 1565 ei
2955 1510 3023 1564 de
3059 1510 3409 1565 restitutione
3437 1518 3491 1565 et
3509 1510 3729 1565 honore

2097 1602 2296 1670 Karoli,
2341 1611 2399 1658 ut
2425 1603 2514 1658 ille
2567 1603 2698 1670 sibi,
2767 1604 2933 1658 etiam
2980 1602 3085 1656 sub
3133 1601 3733 1658 excommunicationis

2095 1695 2564 1761 interminatione,
2596 1695 2949 1749 mandaverat
2970 1711 3029 1748 se
3048 1710 3145 1765 pro
3176 1694 3383 1748 viribus
3405 1695 3722 1748 decertare.

2098 1787 2374 1841 Reversus
2402 1794 2583 1842 autem
2617 1788 2834 1850 missus,
2866 1786 3201 1857 quieasdem
3236 1785 3539 1855 pertulerat
3571 1785 3734 1840 litte-

2104 1897 2208 1947 ras,
2244 1880 2461 1935 nuntiat
2488 1881 2757 1935 Joannem
2809 1896 3005 1950 papam
3060 1886 3333 1934 rctrusum
3387 1878 3441 1933 in
3473 1878 3733 1933 custodia

379 1978 649 2035 Rodulqu
682 1975 848 2049 igitur
881 1971 1103 2039 rex,hac
1143 1969 1414 2024 electione
1436 1967 2005 2040 comperta,przefato-
2104 1975 2341 2029 detineri
2373 1991 2403 2029 a
2447 1975 2683 2030 Widone
2738 1975 2883 2047 regis
2916 1974 3160 2049 Hugonis
3181 1973 3363 2029 fratre.
3403 1973 3731 2029 lleribcrtus

379 2090 498 2128 mm
550 2070 935 2141 episcoporum
985 2065 1218 2121 consilio
1260 2064 1586 2118 Remensem
1621 2061 2002 2131 episcopatum
2103 2082 2289 2121 comes
2317 2065 2580 2120 Lauduno
2620 2066 2850 2136 potitus,
2906 2064 3106 2119 exinde
3156 2064 3224 2118 ad
3263 2063 3522 2133 placitum
3564 2063 3734 2117 Nort-

377 2163 674 2222 committit
697 2161 1006 2226 Heriberto,
1039 2158 1569 2230 aequitatiscensura
1592 2153 1999 2225 disponendum
2103 2158 2321 2212 mannis
2378 2157 2595 2213 obviam
2650 2156 3015 2228 proﬁciscitur
3044 2156 3451 2226 amicitiamque
3483 2171 3610 2210 cum
3646 2155 3735 2209 eis

380 2267 542 2329 atque
575 2253 879 2329 regendum
906 2249 975 2303 ab
1008 2249 1148 2320 ipso.
1186 2247 1283 2311 Qui
1321 2246 1484 2300 etiam
1512 2245 1723 2319 legatos
1748 2242 2003 2297 Ecclesiae
2104 2247 2571 2320 cmnponit,ﬁ1ius
2602 2258 2785 2304 tamen
2820 2248 2990 2318 ipsius
3035 2247 3171 2312 odo,
3214 2262 3379 2318 quem
3426 2246 3586 2301 [ιοιιο
3619 2248 3732 2300 ha-

380 2364 506 2402 cum
548 2343 776 2399 Abbone
808 2338 1041 2411 praesule
1074 2338 1299 2391 Romam
1334 2334 1549 2388 mittere
1583 2331 1804 2401 satagit,
1834 2331 2000 2400 hujus

380 2436 668 2493 electionis
698 2434 979 2487 decretum
1000 2444 1188 2483 secum
1212 2425 1475 2492 ferentes,
1509 2434 1563 2479 ct
1584 2440 1871 2478 assensum
1903 2440 1999 2494 pa-

382 2548 464 2602 [NB
495 2544 665 2599 super
693 2542 758 2581 ea
775 2531 1049 2595 petentes.
1078 2518 1522 2589 Joannesitaque
1551 2532 1715 2588 papa,
1749 2516 1998 2570 interve-

381 2623 571 2677 niente
602 2618 831 2674 Abbone
866 2614 1117 2687 praesule,
1151 2609 1406 2683 petitioni
1441 2625 1631 2664 eorum
1663 2624 1997 2664 consensum

382 2712 659 2783 praebens,
678 2704 1022 2779 episcopium
1042 2703 1313 2755 Remense
1337 2697 1551 2752 Abhoni
1568 2697 1835 2768 episcopo
1850 2698 2003 2752 dele-

382 2808 495 2875 gat,
525 2814 645 2870 quae
676 2801 807 2850 sunt
837 2789 1168 2863 episcopalis
1194 2784 1568 2841 ministeriiab
1590 2785 1709 2856 ipso
1738 2786 2000 2839 ineodem

384 2888 669 2961 episcOpio
715 2882 999 2938 tractanda
1030 2896 1093 2935 ac
1134 2878 1377 2932 finienda
1396 2876 2003 2931 decernens.Heriber-

386 2991 474 3036 tus
504 2981 690 3050 itaque
721 2990 907 3031 comes
937 2978 1210 3043 potestate
1239 2968 1446 3040 potitus
1477 2967 1763 3022 Remensis
1786 2967 2006 3038 episco-

387 3068 483 3140 pii,
512 3067 713 3135 injuste
768 3060 1002 3133 privavit
1051 3066 1159 3113 tam
1201 3074 1310 3123 me,
1371 3057 1465 3127 qui
1506 3072 1616 3110 non
1649 3055 2003 3110 interlueram

386 3159 683 3232 praemissae
734 3151 992 3209 electioni
1061 3167 1194 3217 sum,
1237 3165 1400 3221 quam
1435 3147 1730 3203 nonnullos
1761 3147 1919 3211 alios,
1952 3152 2005 3200 et

386 3248 641 3313 clericos,
666 3251 721 3299 et
744 3238 1213 3297 laicosbenelieiis
1233 3238 1643 3309 possessionum
1665 3238 2004 3292 ecclesiasti-

388 3351 596 3399 carum,
621 3333 822 3404 quibus
861 3348 891 3384 a
950 3326 1395 3400 praecedentibus
1424 3326 1701 3397 episcOpis
1734 3326 2004 3381 munerati

393 3426 721 3483 videbamur
751 3418 1242 3476 obsecundationis
1257 3418 1588 3488 gratiauua)
1603 3433 1701 3487 pro
1718 3416 1877 3471 libitu
1893 3432 2005 3471 suae

393 3516 713 3581 voluntatis,
748 3513 967 3584 quibus,
1000 3510 1107 3564 sibi
1132 3509 1357 3580 placuit,
1388 3508 1703 3579 impertivit.
1746 3509 1855 3564 Nec
1884 3508 2008 3563 lon-

390 3623 521 3683 gum
552 3611 763 3677 postea,
794 3602 1030 3657 tumultu
1089 3600 1231 3655 infra
1283 3601 1579 3655 claustrum
1613 3599 2006 3655 canonicorum

388 3700 535 3753 inter
562 3694 796 3751 clericos
848 3700 1060 3757 exorto,
1111 3690 1639 3761 supervenientibus
1677 3689 2007 3762 quibusdam

389 3789 661 3845 militibus
681 3803 804 3841 cum
836 3784 1023 3850 armis,
1054 3784 1163 3838 duo
1197 3782 1877 3854 iuteremptisuntibidem
1896 3781 2013 3836 cle-

389 3880 510 3944 rici,
542 3892 775 3950 quorum
809 3875 945 3930 alter
964 3874 1255 3939 diaconus,
1273 3872 1413 3928 alter
1438 3872 1750 3928 habebatur
1777 3871 2009 3927 subdia-

386 3987 576 4027 CODUS.

1012 4057 1221 4112 CAPUT
1246 4058 1376 4112 XXI.

388 4161 462 4213 De
490 4156 836 4224 infestatione
866 4152 1272 4219 IIungarorum,
1334 4155 1384 4205 et
1436 4150 1714 4205 discordia
1744 4154 1889 4206 inter
1906 4154 2008 4208 Ro-

601 4246 818 4311 dutfum
834 4258 1026 4311 regem,
1068 4246 1117 4295 et
1158 4243 1503 4296 Heribertum
1524 4245 1787 4297 comitem.

458 4336 606 4407 (926)
647 4333 920 4405 IIungaris
951 4332 1202 4386 Rhenum
1238 4333 1615 4403 transgressis,
1648 4339 1704 4387 et
1741 4350 1918 4405 usque
1950 4337 2006 4391 in

389 4441 588 4499 pagum
640 4422 968 4478 Vonzinsem
1029 4421 1553 4492 depopulationibus
1620 4423 2008 4497 incendiisque

388 4514 805 4580 bacchantibus,
865 4530 1067 4585 corpus
1128 4514 1303 4569 sancti
1362 4514 1616 4588 Remigii,
1659 4518 2006 4590 aliorumque

2102 2341 2271 2396 bebat
2294 2342 2570 2409 obsidem,
2602 2357 2713 2397 non
2743 2340 2820 2394 illi
2853 2340 3122 2407 redditur,
3147 2339 3399 2393 donecse
3432 2338 3733 2393 committit

2103 2430 2300 2486 Karolo
2334 2439 2508 2501 pater,
2537 2446 2660 2485 cum
2714 2429 2835 2484 aliis
2877 2428 3207 2500 quibusdam
3237 2428 3475 2482 Franciae
3507 2427 3737 2482 comiti-

2100 2523 2205 2576 bus
2243 2530 2298 2577 ct
2323 2521 2621 2593 episcOpis,

2707 2608 2916 2663 CAPUT
2970 2607 3128 2661 XXII.

2059 2707 2070 2721 '
2107 2703 2176 2754 De
2192 2699 2584 2754 introductione
2624 2697 2870 2752 Odalrici
2912 2698 3188 2765 Aquensis
3206 2697 3444 2765 episcopi
3462 2697 3654 2761 Remis,
3683 2700 3735 2747 et

2352 2794 2663 2847 redactionc
2682 2793 2779 2846 sub
2809 2791 3056 2845 custodia
3088 2792 3279 2845 Karoli
3309 2792 3476 2857 regis.

2179 2884 2281 2937 Per
2318 2883 2466 2937 idem
2499 2881 2613 2935 fere
2647 2888 2864 2951 tempus
2895 2880 3177 2935 Odalricus
3211 2881 3481 2951 Aqucnsis
3513 2879 3734 2950 episco—

2108 2992 2231 3046 pus,
2284 2975 2377 3046 qui
2436 2974 2506 3028 ob
2562 2972 3008 3044 persecutionem
3091 2972 3541 3027 Saracenoruma
3599 2972 3736 3026 sede

2104 3080 2204 3118 sua
2234 3068 2560 3129 recesserat,
2608 3061 2660 3115 in
2732 3061 2978 3116 Ecclesia
3031 3060 3286 3115 Remensi
3359 3061 3634 3131 recipitur
3661 3061 3735 3115 ab

2106 3156 2390 3212 lleriberto
2417 3155 2641 3221 comite,
2672 3154 2738 3209 ad
2787 3153 3178 3209 celebrandum
3231 3153 3550 3223 episcopale
3586 3154 3737 3207 dun-

2107 3252 2250 3301 taxat
2304 3245 2697 3311 ministerium,
2766 3243 2884 3298 vice
2941 3242 3207 3314 Hugonis,
3283 3242 3462 3314 ipsius
3517 3243 3740 3297 comitis

2106 3335 2226 3403 filii,
2296 3343 2429 3391 tunc
2480 3335 2661 3390 adhuc
2706 3334 2941 3406 parvuli,
3000 3349 3263 3388 concessa
3339 3334 3523 3387 eidem
3589 3350 3740 3404 pra)-

2106 3429 2211 3484 suli
2270 3429 2494 3483 abbatia
2533 3427 2707 3482 sancti
2744 3427 3034 3489 Timothei,
3101 3442 3222 3481 cum
3289 3425 3455 3481 unius
3509 3436 3731 3480 tantum

2110 3518 2407 3589 praebenda
2449 3517 2656 3572 clerici.
2708 3516 2863 3589 Hugo
2917 3525 2973 3571 et
3025 3515 3344 3569 Heribertus
3395 3514 3632 3569 comites
3662 3517 3735 3569 ad

2111 3607 2447 3678 colloquium
2517 3604 2945 3678 proficiscuntur
3004 3604 3239 3658 Heurici.
3297 3604 3451 3657 Unde
3520 3606 3735 3658 reversi

2113 3707 2352 3773 pergunt
2405 3698 2620 3752 obviam
2692 3695 2928 3751 Rodulfo
2988 3696 3126 3770 regi,
3212 3711 3512 3765 rursusque
3575 3696 3738 3751 lleri-

2112 3787 2303 3842 bcrtus
2342 3785 2633 3841 committit
2690 3800 2748 3838 se
2807 3783 2907 3851 illi,
2967 3784 3190 3838 redacto
3251 3782 3444 3837 iterum
3474 3782 3579 3835 sub
3634 3798 3739 3837 cu-

2112 3877 2293 3933 stodia
2355 3877 2570 3931 Karolo.
2642 3877 2704 3929 At
2765 3874 3035 3929 Rodulfus
3093 3892 3184 3929 rex
3248 3874 3428 3928 Remis
3495 3874 3738 3929 veniens

2109 3968 2205 4022 ubi
2239 3966 2470 4022 Karolus
2537 3964 2975 4029 custodiebatur,
3039 3980 3228 4035 pacem
3274 3963 3402 4018 fecit
3448 3977 3570 4017 cum
3613 3963 3736 4029 illo,

2110 4059 2407 4115 humilians
2436 4075 2495 4114 se
2523 4066 2654 4114 ante
2677 4057 2852 4129 ipsius
2892 4057 3263 4128 praesentiam,
3295 4063 3347 4111 et
3379 4054 3625 4110 reddens
3656 4056 3736 4109 illi

2106 4151 2436 4206 Attiniacum
2491 4149 2706 4217 fiscum,
2761 4147 3087 4203 muneribus
3141 4162 3361 4219 quoque
3395 4146 3732 4218 quibusdam

2105 4244 2271 4315 regiis
2283 4242 2541 4297 eumdem
2564 4239 3346 4296 honorat.Heribertuscomes
3364 4236 3730 4292 Victoriacum

2112 4332 2315 4401 (Vitry)
2342 4331 2486 4401 {929)
2518 4329 2806 4385 castellum
2863 4328 3092 4383 Bosonis
3126 4326 3304 4382 fratris
3339 4324 3557 4381 Rodulli
3585 4326 3736 4400 regis

2110 4423 2276 4494 cepit.
2336 4421 2550 4477 Deinde
2602 4436 2727 4474 cum
2763 4420 2990 4494 llugone
3051 4418 3498 4475 Monasteriolum
3552 4421 3740 4485 (Mon-

2111 4518 2297 4587 treuil)
2330 4514 2695 4570 munitionem
2739 4512 2943 4567 Erluini
2976 4512 3366 4580 comitisjuxta
3399 4526 3550 4564 mare
3573 4510 3737 4565 sitam

388 4605 754 4678 quorumdam
807 4613 1121 4658 sanctorum
1173 4605 1405 4676 pignora
1457 4606 1641 4661 Remis
1671 4607 1776 4663 hoc
1802 4616 1953 4663 metu
1976 4624 2006 4663 a
2031 4590 2089 4658 Β
2111 4608 2349 4673 obsidet,
2373 4605 2773 4677 obsidibusque
2804 4605 2971 4659 tande
2996 4623 3024 4656 El
3050 4602 3396 4675 acceptis,ab
3444 4603 3741 4659 obsidione

388 4694 504 4750 suis
532 4699 661 4749 sunt
683 4692 820 4748 locis
851 4692 1035 4746 delata
1074 4692 1336 4762 Sequenti
1369 4696 1611 4767 denique
1641 4713 1788 4752 anno
1815 4696 2011 4752 simul-

388 4795 470 4843 tas
510 4787 655 4841 inter
692 4783 989 4839 Rodulfum
1044 4802 1257 4858 regem,
1289 4793 1342 4842 et
1370 4788 1715 4844 Heribertum
1748 4790 2007 4845 comitem

389 4876 638 4931 exoritur
667 4887 764 4945 pro
797 4873 1148 4929 Laudunensi
1177 4875 1459 4942 comitatu,
1495 4894 1657 4949 quem
1686 4878 2008 4933 Heribertus

390 4968 565 5024 Odoni
598 4967 715 5022 filio
743 4982 843 5021 suo
875 4966 991 5021 dari
1036 4967 1284 5038 petebat,
1318 4971 1662 5025 concedente
1689 4970 1842 5025 illum
1877 4987 2008 5045 rege

392 5055 650 5129 Rotgario
682 5055 925 5128 Rotgarii
973 5055 1189 5111 comitis
1243 5056 1374 5113 filio.
1428 5058 1582 5113 Acies
1614 5059 1789 5133 igneae
1817 5059 2004 5113 Remis

391 5149 447 5203 in
477 5148 617 5203 coelo
647 5148 777 5202 visae
800 5148 1036 5219 quadam
1065 5150 1474 5218 Dominicadie,
1499 5151 1555 5206 in
1588 5152 2004 5209 Martiomense.

390 5239 488 5295 Cui
521 5240 679 5311 signo
720 5241 892 5310 pestis
922 5258 952 5295 e
989 5243 1226 5316 vestigio
1257 5244 1544 5308 successit,
1579 5246 1736 5317 quasi
1760 5244 1930 5301 febris
1956 5254 2011 5301 et

389 5328 601 5385 tussis:
644 5347 767 5400 qua:
824 5342 1195 5404 prosequente
1253 5351 1474 5406 quoque
1531 5337 1884 5406 mortalitate,
1915 5355 2015 5409 per

391 5430 621 5479 cunctas
650 5423 955 5479 Germaniae
986 5427 1283 5499 Galliaeque
1334 5437 1531 5503 gentes
1561 5432 1828 5488 deszeviit.
1864 5434 2019 5490 Heri—

390 5512 585 5568 bertus
615 5528 802 5567 comes
829 5514 1038 5585 legatos
1068 5531 1197 5571 suos
1246 5524 1398 5572 trans
1449 5520 1703 5575 Rhenum
1724 5522 1911 5595 dirigit
1940 5525 2008 5578 ad

394 5602 713 5671 Henricum,
738 5621 839 5675 per
861 5621 999 5675 quos
1037 5608 1105 5661 ad
1159 5608 1331 5677 ipsius
1360 5621 1617 5668 evocatus
1646 5613 2006 5687 colloquium,

390 5702 655 5770 properat
668 5711 791 5751 cum
828 5697 1053 5768 Hugone
1072 5700 1319 5754 Rotberti
1350 5702 1933 5777 fi!io,pactoqueinter
1950 5724 2008 5764 se

393 5784 631 5855 foedere,
659 5785 985 5843 muneribus
1003 5786 1295 5843 Henricum
1328 5790 1690 5863 honorant,et
1719 5795 2007 5853 honoran-

2114 4695 2370 4752 discedit.

2706 4783 2927 4839 CAPUT
2959 4782 3143 4837 XXIII.

2112 4885 2187 4937 De
2210 4880 2492 4935 simultate
2530 4881 2673 4934 inter
2729 4882 3007 4947 Hugonem
3053 4882 3101 4931 ct
3133 4876 3474 4932 Heribertum
3497 4877 3741 4938 comites,

2508 4985 2570 5023 ac
2600 4968 2896 5036 Rodulfum
2926 4983 3102 5035 regem
3134 4968 3342 5020 exorta.

2182 5080 2288 5134 Nec
2312 5079 2561 5149 longum,
2593 5078 2844 5133 simultas
2892 5077 3034 5133 inter
3064 5076 3291 5131 eosdem
3322 5074 3580 5141 comites,
3617 5072 3735 5128 Ilu-

2111 5183 2312 5242 gonem
2369 5166 2581 5222 scilicet
2645 5182 2709 5221 ac
2757 5166 3127 5235 Heribertum,
3185 5163 3447 5229 exoritur,
3506 5172 3737 5233 recepto

2115 5260 2341 5316 Erluino
2370 5259 2438 5314 ab
2470 5259 2699 5334 Hugone
2725 5275 2850 5314 cum
2880 5266 3023 5313 terra
3052 5275 3173 5326 sua,
3217 5255 3579 5320 etHilduino,
3615 5272 3747 5310 nec-

2116 5369 2229 5410 non
2251 5359 2304 5408 et
2333 5352 2593 5420 Arnaldo,
2631 5351 2725 5423 qui
2758 5351 3198 5423 erantHugonis,
3230 5349 3299 5404 ab
3321 5347 3613 5403 lIeriberto
3636 5365 3650 5401 :
3671 5348 3749 5401 in-

2120 5445 2302 5516 deque
2334 5444 2535 5499 diversi
2594 5452 2776 5499 motus
2803 5444 3081 5517 agitantur
3132 5442 3407 5497 bellorum
3442 5456 3543 5510 per
3570 5440 3744 5494 Fran-

2110 5538 2251 5593 ciam
2276 5536 2422 5591 inter
2453 5537 2743 5611 Ilugonem
2766 5545 2820 5591 et
2849 5536 3221 5591 Heriberlum.
3246 5532 3415 5602 Cujus
3455 5532 3534 5586 rei
3566 5532 3743 5604 gratia

2111 5624 2380 5680 Rodulfus
2420 5626 2598 5681 rexde
2632 5625 2946 5700 llurgundia
2977 5623 3231 5689 veniens,
3268 5637 3461 5693 pacem
3491 5620 3749 5676 intereos

2110 5721 2276 5786 atque
2305 5715 2603 5783 Bosonem,
2646 5714 2819 5770 multo
2882 5714 3074 5770 labore
3116 5729 3215 5783 per
3258 5710 3482 5765 diversa
3542 5708 3748 5779 placita

2109 5802 2416 5875 componit,
2441 5810 2494 5859 et
2544 5804 2864 5860 Heribertus
2913 5800 3113 5860 Bosoni
3141 5798 3511 5856 Victoriacum
3545 5797 3745 5862 reddit,
