3912 6418
157 401 266 457 297
814 389 1140 449 lllSTORl/E
1183 393 1513 451 ECCLESIA'I
1555 391 1884 451 REMENSIS
1924 392 2103 450 LIBRI
2142 394 2474 460 QUATUOR.
2507 427 2577 442 —
2606 397 2735 454 LIB.
2778 397 2864 453 ιν.
3410 402 3518 459 298

157 534 357 590 Paucis
411 536 596 588 autem
632 528 832 584 diebus
869 541 1005 598 pace
1034 534 1273 594 servata,
1328 529 1644 583 lleribertus
1693 527 1798 582 An-
1824 528 1876 597 A
1902 540 2020 579 rere
2047 525 2177 580 visae
2207 533 2335 580 sunt
2363 528 2530 594 acies,
2556 535 2609 584 et
2633 527 2818 598 jacula
2849 527 3124 600 quaedam.
3177 527 3284 584 Sed
3312 536 3370 584 et
3396 545 3522 585 ser-

154 624 359 678 scllum
391 621 627 678 Bosonis
650 616 959 681 subditum,
991 615 1084 686 qui
1112 616 1434 685 praedictum
1453 615 1796 672 custodiebat
1900 633 2038 687 pens
2070 617 2260 692 igneas
2282 636 2381 690 per
2403 621 2600 676 coelum
2624 621 2791 676 celeri
2809 620 3014 676 deferri
3045 627 3250 689 meatu,
3285 638 3523 696 moxque

155 722 422 781 castrum,
473 728 599 768 cum
646 710 768 781 ipso
801 707 1048 769 rastello
1087 707 1304 778 recipit,
1363 716 1417 762 et
1447 707 1794 763 Codiciacum
1897 706 2192 761 subsecuta
2249 709 2420 778 pestis
2471 709 2708 764 diversis
2760 707 2944 764 affecit
3001 708 3243 764 humana
3291 726 3523 782 corpora

156 808 212 860 S.
251 805 490 877 Remigii
541 800 909 872 municipium
943 797 1021 851 illi
1053 815 1178 852 cum
1209 799 1316 853 alia
1346 805 1494 855 terra
1519 799 1793 855 concedit.
1897 798 2125 852 morbis.
2150 799 2306 855 Anno
2329 809 2452 871 post
2479 801 2640 856 istum
2663 808 2855 857 secuto
2884 801 3026 870 (935)
3048 801 3296 872 synodus
3311 810 3523 875 septem

157 897 272 953 Nec
299 897 553 970 longum,
582 891 816 949 Bosonis
840 889 1036 944 fideles
1058 890 1462 962 Oppidanorum
1483 891 1794 962 proditione
1897 887 2284 959 episcoporum
2307 889 2452 960 apud
2474 897 2718 946 sanctam
2733 889 2989 956 Macram,
3007 890 3232 949 Artoldo
3255 892 3523 966 episcOpo

160 986 535 1042 Victoriacum
570 982 866 1053 recipiunt,
925 989 980 1036 et
1009 981 1312 1036 Mosomum
1367 980 1561 1036 fraude
1612 997 1795 1051 perva-
1901 987 2132 1035 vocante
2164 981 2448 1036 convenit:
2483 983 2535 1037 in
2565 999 2674 1055 qua
2707 981 3000 1054 prazdones
3039 989 3094 1038 et
3118 982 3523 1040 ecclesiastica-

165 1071 326 1130 .rlunt.
359 1076 421 1128 At
455 1071 821 1127 Heribertusa
850 1069 1179 1141 quibusdam
1214 1070 1650 1125 Mosomensibus
1673 1086 1803 1124 evo-
1905 1089 2022 1127 rum
2059 1091 2237 1128 rerum
2284 1092 2610 1144 pervasores
2649 1076 2715 1130 ad
2749 1076 3150 1132 satifactionem
3187 1076 3378 1132 venire
3425 1093 3524 1134 νο·-

161 1173 342 1231 ratus,
399 1164 726 1234 supervenit
768 1164 1102 1233 insperatus,
1165 1163 1598 1235 transmissaque
1657 1163 1803 1216 Mosa
1905 1169 2118 1218 cantur.

160 1254 322 1308 vadis
355 1252 680 1322 inOpinatis,
709 1258 762 1305 et
793 1251 1002 1304 intrans
1029 1249 1495 1322 Oppidum,porta
1515 1250 1750 1305 latenter
1771 1266 1802 1304 a
2502 1235 2714 1292 CAPUT
2743 1236 2918 1291 XXVI-

158 1345 382 1400 eivibus
410 1351 622 1415 aperta,
666 1343 871 1397 milites
917 1342 1173 1408 Bosonis,
1225 1342 1318 1414 qui
1372 1342 1440 1396 ad
1491 1343 1703 1398 custodi

1972 1343 1976 1372 ε
2021 1329 2318 1396 reccptione
2365 1329 2624 1384 Ludovici
2656 1334 2779 1400 post
2825 1332 3046 1385 mortem
3088 1329 3303 1400 Rodulﬁ
3354 1332 3517 1398 regis.

157 1435 267 1489 loci
287 1433 626 1497 residebant,
663 1431 871 1485 ibidem
895 1446 1090 1486 omnes
1122 1431 1286 1500 capit.
1317 1431 1520 1486 Eodem
1548 1437 1799 1500 tempore
1974 1435 2130 1490 Anno
2161 1435 2402 1507 denique
2456 1437 2830 1510 subsequente
2872 1438 3010 1507 (936)
3065 1437 3327 1494 defuncto
3389 1455 3520 1514 rege

156 1533 291 1579 ante
345 1525 591 1579 Natalem
629 1523 866 1589 Domini,
921 1522 1104 1575 Remis
1153 1522 1292 1575 infra
1323 1529 1377 1576 et
1434 1523 1581 1576 circa
1607 1523 1790 1576 eccle-
1899 1522 2155 1590 Rodulfo,
2194 1525 2347 1598 Ηυεο
2401 1542 2593 1581 comes
2624 1534 2773 1581 trans
2805 1543 2954 1582 mare
2982 1526 3145 1581 mittit
3199 1541 3298 1598 pro
3330 1543 3525 1583 accer-

157 1617 304 1668 siam
337 1621 542 1668 sanctae
577 1613 754 1666 Mariae
783 1611 968 1666 lumen
1001 1627 1261 1683 magnum
1292 1611 1361 1665 ab
1393 1612 1710 1684 Aquilonari
1742 1622 1796 1667 et
1896 1612 2091 1666 siendo
2151 1612 2427 1669 Ludovico
2486 1615 2667 1670 Karoli
2713 1614 2827 1670 filio
2880 1616 3036 1685 (Lud.
3097 1616 3281 1671 Caroli
3324 1617 3518 1686 Simpi.

157 1706 430 1761 Orientali
463 1713 618 1776 parte
653 1704 816 1775 paulo
850 1709 976 1757 ante
1009 1703 1224 1757 initium
1261 1703 1373 1758 diei
1404 1720 1698 1775 apparens,
1728 1706 1794 1760 ad
1895 1702 2104 1770 ﬁlius.)
2139 1718 2309 1774 quem
2331 1719 2425 1757 rex
2457 1703 2750 1758 Alstannus
2772 1705 3076 1759 avunculus
3105 1702 3280 1776 ipsius
3310 1706 3524 1760 nutrie-

159 1801 473 1854 Australem
506 1805 717 1870 partem
761 1798 1124 1870 pertransisse
1154 1798 1328 1852 visum
1363 1806 1461 1852 est.
1489 1801 1644 1853 Anno
1677 1809 1797 1871 post
1898 1789 2013 1856 bat:
2043 1789 2250 1861 (illique
2280 1797 2509 1862 ³0061)ῐο
2559 1791 2921 1861 jurejurando
2948 1809 2979 1847 δ
3006 1793 3335 1848 Francorum
3367 1793 3521 1870 lcga-

158 1892 316 1945 hunc
357 1891 677 1944 ileribertus
719 1906 908 1944 comes
937 1906 969 1943 a
1000 1905 1128 1964 rege
1173 1889 1404 1944 Rodulfo
1445 1891 1694 1957 deciscit,
1747 1901 1801 1948 et
1828 1880 1986 1970 uiis»
2019 1899 2145 1936 eum
2176 1882 2231 1936 in
2264 1883 2548 1938 FHinc-iam
2607 1885 2814 1959 dirigit.
2851 1885 2947 1940 Cui
2987 1885 3162 1960 Hugo,
3221 1887 3521 1957 caaterique

155 1979 369 2032 milites
404 1977 582 2048 ipsius
621 1977 690 2030 ab
715 1976 853 2031 urbe
903 1977 1161 2031 Remensi
1199 1977 1452 2048 profecti,
1514 1980 1700 2049 quodd

1971 1985 2227 2025 ancorum
2252 1989 2510 2042 proceres
2540 1972 2609 2027 ad
2643 1990 2768 2028 eum
2797 1974 3240 2045 suscipiendum,
3263 1975 3516 2046 profecti,

154 2067 409 2140 llugonis
463 2073 700 2120 castrum
760 2082 931 2136 snper
989 2067 1238 2121 Vidulam
1293 2067 1504 2134 situm,
1565 2071 1793 2128 nomine
1895 2077 2022 2116 mox
2077 2079 2271 2117 navem
2305 2080 2530 2139 egresso
2563 2065 2617 2118 in
2669 2066 2806 2136 ipsis
2845 2067 3078 2121 littoreis
3135 2067 3319 2121 arenis
3371 2067 3518 2138 apud

157 2155 416 2210 Brainam
452 2157 670 2224 (Braine
689 2169 786 2207 sur
819 2155 1011 2224 Veste).
1047 2154 1195 2225 quod
1226 2153 1373 2208 idem
1407 2154 1559 2230 Hugo
1591 2159 1792 2215 tulerat
1896 2150 2197 2206 Bononiam
2230 2169 2352 2208 sese
2394 2154 2784 2219 committunt;
2819 2161 2879 2209 ut
2909 2161 3024 2209 erat
3055 2155 3316 2228 utrinque
3347 2155 3521 2227 depa-

158 2245 231 2299 ab
256 2247 525 2318 episcopo
555 2243 1013 2318 Rothomagensi,
1046 2246 1272 2316 capiunt
1301 2262 1366 2301 ac
1398 2247 1642 2303 diruunt,
1893 2251 2060 2297 ctum.
2099 2243 2229 2297 inde
2264 2244 2587 2299 Laudunum
2619 2244 2912 2312 deductus,
2945 2245 3014 2298 ab
3050 2245 3188 2316 ipsis
3219 2244 3390 2320 regali
3420 2245 3520 2300 be-

772 2335 982 2392 CAPUT
1003 2335 1179 2392 XXIV.
1893 2333 2211 2388 nedictione
2246 2335 2470 2402 dilatur,
2503 2336 2751 2420 ungitur,
2784 2343 2952 2408 atque
2983 2345 3282 2392 coronatur
3319 2335 3388 2390 ab
3419 2337 3522 2390 Ar»

378 2433 454 2486 De
472 2431 823 2486 ordinatione
848 2431 1036 2484 damni
1063 2431 1289 2485 Artoldi
1316 2433 1570 2501 episcopi.
1891 2426 2042 2480 toldo
2060 2427 2484 2497 archiepiscoiio
2512 2429 2879 2497 prazsentibus
2897 2427 3052 2500 regni
3075 2427 3446 2500 principibus,
3467 2435 3520 2483 et

232 2522 507 2578 Rodulfus
561 2538 656 2577 rex
710 2522 919 2576 litteras
967 2521 1154 2577 Remis
1176 2522 1339 2577 mittit
1375 2524 1446 2578 ad
1499 2525 1706 2579 clerum
1737 2533 1777 2579 e1

1972 2515 2171 2585 isc0pis
2204 2515 2442 2587 amplius
2467 2516 2680 2591 viginti.
2717 2517 3078 2588 Episc0patus
3099 2516 3260 2572 etiam
3293 2516 3517 2572 Laudu-

155 2615 454 2686 populum,
514 2629 615 2685 pro
659 2614 931 2670 electione
992 2615 1243 2686 praesulis
1288 2615 1671 2670 celebranda;
1720 2615 1788 2671 ad
1891 2604 2082 2656 nensis
2122 2604 2280 2657 datur
2323 2603 2556 2660 Rodulfo
2589 2605 2836 2673 ejusdem
2873 2606 2976 2661 loci
3024 2606 3351 2677 presbytero
3382 2621 3521 2661 con-

154 2719 298 2773 quas
356 2701 434 2756 illi
471 2703 830 2773 respondent,
868 2703 919 2756 id
962 2717 1126 2775 agere
1158 2720 1217 2756 se
1267 2719 1378 2757 non
1411 2720 1594 2773 posse,
1639 2705 1788 2761 salvo
1889 2695 2132 2749 corditer
2161 2695 2424 2750 acivibus
2445 2696 2558 2750 suis
2582 2697 2780 2764 electo,
2814 2715 2976 2769 quem
3010 2697 3270 2768 praefatus
3297 2712 3520 2768 quoque

152 2811 256 2851 suo
285 2796 488 2856 electo,
514 2801 567 2849 et
597 2795 890 2858 electione,
924 2812 1085 2867 quam
1118 2795 1381 2862 feceram,
1404 2805 1782 2866 permanente,
1889 2787 2166 2841 ordinavit
2187 2788 2665 2859 archiepisc0pus.
2701 2790 2808 2844 Sed
2853 2799 2906 2844 et
2932 2807 3030 2862 per
3068 2787 3203 2844 alias
3235 2788 3524 2843 Remensis

155 2887 375 2940 Interea
411 2885 730 2940 Heribertus
760 2901 948 2940 comes
977 2886 1043 2940 ad
1077 2886 1370 2941 Henricum
1405 2888 1700 2958 profectus,

1978 2892 2198 2931 eccseos
2246 2876 2431 2942 sedes,
2484 2885 2714 2948 excepta
2765 2878 3147 2933 Catalaunensi
3206 2883 3259 2933 et
3297 2876 3523 2932 Ambia-

149 2994 276 3033 sese
302 2978 619 3041 committit,
652 2985 707 3033 et
737 2979 1014 3033 exercitus
1044 2980 1189 3053 regis
1220 2988 1383 3051 atque
1418 2981 1660 3055 Hugonis
1703 2998 1786 3036 re-
1891 2970 2076 3036 nensi,
2104 2970 2358 3026 diversos
2373 2972 2648 3026 ordinavit
2674 2971 3302 3043 epiSCOpos,Heriberto
3330 2971 3516 3026 denuo

150 3085 408 3126 mensem
441 3077 496 3125 et
526 3071 951 3126 Lauduncnsem
996 3071 1389 3142 deprardantur
1416 3091 1654 3147 pagum;
1689 3075 1791 3129 ob-
1891 3079 2014 3118 cum
2049 3064 2276 3136 Hugone
2331 3061 2523 3136 pacaté
2557 3067 2723 3136 (936},
2785 3066 3041 3119 homines
3080 3065 3325 3133 ejusdem
3365 3065 3523 3118 Heri-

152 3178 425 3235 sessaque
454 3163 673 3217 civitate
706 3163 1021 3227 Remorum.
1064 3165 1223 3218 ιρι-ιίει
1255 3166 1476 3220 tandem
1508 3183 1599 3220 rex
1654 3168 1792 3237 ροιί-
1821 3179 1869 3247 C
1891 3153 2035 3209 berti
2067 3156 2286 3210 comitis
2318 3157 2595 3227 quoddam
2628 3164 2864 3210 castrum
2903 3155 3190 3210 Remensis
3241 3155 3518 3222 ecclesizo,

149 3260 242 3308 tur
268 3252 584 3308 obsidionis
631 3253 1002 3319 hehdomada,
1036 3254 1416 3324 aperientibus
1445 3253 1548 3309 sibi
1600 3257 1788 3309 militi-
1892 3250 2039 3320 quod
2072 3250 2372 3305 vocabatur
2401 3250 2702 3317 Causostis,
2732 3267 2901 3322 super
2929 3250 3224 3305 Maternam
3263 3249 3517 3316 ﬂuvium,

150 3341 261 3396 bus
292 3341 567 3396 ecclesias.
594 3341 916 3410 Conjunctis
940 3341 1106 3415 igitur
1129 3341 1236 3395 sibi
1268 3344 1550 3398 nonnunis
1577 3345 1788 3414 episco—
1891 3342 1960 3395 ab
1992 3342 2214 3396 Artoldo
2263 3343 2499 3414 praesule
2530 3349 2927 3409 constructum,
2963 3343 3230 3414 prodente
3280 3343 3520 3415 quodam

149 3433 239 3502 pis
270 3449 338 3488 ex
373 3432 602 3488 Francia
630 3433 718 3487 vel
771 3433 1106 3506 Burgundia,
1137 3432 1264 3488 facit
1294 3434 1540 3490 ordinari
1585 3436 1687 3491 hac
1729 3437 1784 3489 in
1891 3432 2169 3503 Wicperto
2202 3433 2449 3504 capiunt,
2481 3440 2534 3488 et
2565 3433 2991 3508 Ragcmbertum
3025 3434 3232 3489 Artoldi
3267 3433 3522 3505 praesulis

149 3523 290 3577 sede
324 3523 618 3593 prmsulem
647 3522 927 3576 Artoldum
959 3522 1254 3593 quemdam
1282 3538 1347 3577 ex
1380 3524 1636 3579 coenobio
1663 3541 1788 3579 sano
1892 3527 2310 3591 consobrinum,
2338 3529 2430 3600 qui
2460 3529 2639 3582 eidem
2666 3534 2897 3599 prmerat
2925 3527 3247 3595 munitioni,
3271 3542 3521 3600 compre-

143 3611 222 3667 cti
257 3611 498 3684 Remigii
529 3611 880 3666 monachum.
922 3610 1128 3664 Exinde
1162 3627 1257 3666 rex
1286 3628 1528 3684 pergens
1566 3613 1786 3668 Laudu-
1892 3619 2162 3682 hcnduut,
2223 3619 2754 3690 circumpositasquc
2803 3619 2962 3674 villas
3015 3619 3265 3675 ecclesiae
3316 3618 3525 3675 crebris

149 3713 313 3765 num,
344 3699 566 3754 obsidet
596 3697 734 3752 inibi
767 3697 1136 3764 Heribertum,
1171 3696 1262 3768 qui
1291 3698 1615 3770 aliquandiu
1647 3717 1694 3755 re

1975 3714 2282 3784 praedantur
2311 3712 2777 3768 infestationibus.
2814 3713 3028 3767 Interea
3065 3699 3520 3781 rex-Ludovicus,

147 3800 333 3858 stetis.
362 3791 501 3863 pem
529 3791 753 3844 demum
785 3789 1112 3863 egrediendi
1165 3789 1367 3845 Ῑοουῐη-
1401 3791 1517 3854 QUO
1538 3800 1787 3863 δοοθρίον
1892 3808 2189 3862 accersitus
2221 3806 2289 3860 ab
2331 3806 2554 3862 Artoldo
2586 3805 2873 3876 episcopo,
2904 3804 3229 3860 Laudunum
3253 3804 3430 3871 venit,
3467 3811 3521 3859 et

151 3883 376 3939 recedit
405 3899 436 3937 ³
467 3882 754 3944 Ῑδδυίίιιηον
789 3881 1019 3935 dimissa
1058 3897 1226 3936 uxore
1255 3898 1356 3936 sua
1385 3882 1444 3937 ίη
1475 3900 1600 3938 ποθ
1623 3901 1788 3956 quam
1892 3917 2071 3956 arcem
2103 3916 2298 3954 novam
2330 3899 2466 3953 inibi
2497 3915 2676 3970 nuper
2704 3897 2774 3952 ab
2811 3897 3094 3952 lleriberto
3122 3897 3326 3952 editam
3354 3897 3523 3952 vallat

156 3982 548 4066 οοηδίηικοῐζδί
595 3975 725 4066 ipse
758 3973 1076 4066 inimide
1135 3983 1393 4066 φθείτυῐην
1435 3977 1586 4030 εἷελά
1624 3993 1789 4048 quam
1893 3995 2207 4058 obsidione,
2257 3994 2557 4066 multisque
2601 3999 2810 4048 tentato
2849 3991 3124 4047 machinis
3161 4005 3342 4058 muro,
3400 3997 3525 4046 tan-

154 4062 705 4160 P°_ste§9pie_nda_u_'
736 4062 1186 4160 maj°_rislab°ris
1216 4070 1270 4118 et
1309 4079 1478 4120 morm
1507 4067 1785 4160 οβυὲῗθίέί
1895 4089 2136 4160 demque
2185 4062 2513 4141 suffossion—e
2565 4085 2748 4142 diruto
2796 4099 2997 4158 magno
3053 4082 3201 4154 capit
3249 4083 3522 4153 irruptum

161 4156 268 4248 ίρίί
295 4155 474 4248 _(933)-
504 4154 765 4248 Ari9id03
801 4155 1119 4248 θρίὲοορυεί
1145 4161 1268 4226 1305t
1296 4170 1501 4210 annum
1559 4157 1790 4212 οῖ’άίηλ·
1895 4154 2103 4232 labore.
2126 4175 2500 4231 Corbanacum
2536 4172 2821 4248 (Corbeny)
2841 4154 3064 4245 quoque
3092 4171 3524 4243 castrum,quod

165 4245 341 4302 tionis
371 4260 486 4301 sum
517 4246 748 4318 pallium
783 4246 1013 4317 suscipit
1050 4247 1279 4302 missum
1310 4247 1415 4302 sibi
1457 4263 1556 4318 per
1585 4249 1707 4323 lega

1977 4273 2054 4320 ter
2083 4264 2204 4335 ejus
2235 4271 2426 4318 sancto
2471 4245 2721 4336 Remigio
2753 4259 3076 4325 tradiderat,
3109 4257 3370 4330 quodque
3415 4254 3522 4311 sibi

166 4336 431 4393 Ecclesia:
484 4337 776 4392 Remensis
805 4355 836 4392 a
873 4338 1085 4394 Joanne
1127 4356 1268 4411 papa
1325 4341 1498 4402 (Joan.
1549 4342 1639 4410 XI;
1680 4341 1711 4394 ﬁ

1974 4357 2156 4412 inachi
2204 4356 2378 4427 ipsius
2398 4355 2720 4410 monasterii
2771 4351 3182 4418 commiserant,
3233 4350 3302 4406 ab
3356 4349 3519 4405 Heri-

163 4425 373 4493 Maria’i
400 4441 527 4498 qua
545 4435 602 4482 θί
627 4426 857 4482 “uoci”
891 4426 1197 4495 dicebam",
1219 4428 1304 4482 νει
1337 4428 1406 4483 ab
1434 4429 1685 4484 Αιδθτίοο
1706 4446 1798 4500 Ρθ⁶
1897 4449 2037 4504 berti
2069 4425 2333 4516 subjectis
2356 4446 2613 4501 bellando
2638 4445 2870 4516 recepit,
2899 4451 2954 4498 et
2983 4442 3238 4498 homines
3265 4441 3528 4497 Heriber-

164 4516 328 4573 tricio
341 4516 506 4572 fratre
520 4517 695 4589 ipsius
711 4533 888 4589 papae,
904 4519 998 4589 qui
1013 4519 1271 4574 eumdem
1283 4519 1551 4576 Joannem
1571 4519 1709 4574 fratri

1993 4539 2087 4610 qui
2118 4545 2275 4593 erant
2315 4537 2370 4592 in
2403 4553 2469 4592 co
2524 4536 2978 4606 comprehensos,
3009 4540 3241 4610 rcgante
3300 4531 3525 4588 Artoldo

165 4625 330 4664 suum
354 4609 409 4664 in
424 4625 526 4664 sua
541 4608 826 4664 detinebat
842 4617 1131 4681 potestate,
1154 4611 1539 4681 etpraadictam
1565 4619 1792 4668 matrem
1902 4608 2156 4705 prae—sum,
2184 4631 2364 4686 salvos
2393 4629 2461 4685 ad
2488 4644 2617 4684 suos
2645 4627 2799 4682 abire
2831 4608 3106 4699 permisit:

166 4704 412 4774 ipsorum
441 4702 496 4757 in
517 4701 770 4758 custodia
791 4703 1031 4758 clausam
1056 4704 1280 4758 tenebat
1305 4721 1317 4756 :
1348 4703 1630 4777 Hugonem
1658 4722 1798 4777 quo-
1902 4701 1916 4705 ⁷
2495 4720 2701 4775 CAPUT
2730 4719 2930 4774 XXVII.

166 4809 277 4863 que
297 4808 486 4866 regem
518 4792 689 4847 Roma
715 4791 1022 4862 depulerat.
1055 4791 1293 4848 Rodulfo
1315 4809 1444 4867 rege
1478 4793 1797 4864 praesidium
2116 4798 2188 4850 De
2223 4795 2775 4850 etcommunicatione
2800 4791 3076 4846 Heriberti
3103 4789 3316 4845 comitis

170 4883 464 4947 lleriberti,
502 4884 652 4954 quod
684 4883 886 4939 dicitur
919 4885 1204 4939 castellum
1248 4885 1596 4952 Theoderici,
1647 4886 1800 4942 obsis
1973 4887 2136 4957 (939.)
2169 4886 2425 4940 Artoldus
2454 4883 2698 4956 denique
2723 4882 3020 4954 episc0pus
3035 4896 3156 4935 cum
3196 4877 3528 4952 quibusdam

169 4977 359 5043 dente,
415 4977 770 5051 congregatis
813 4976 880 5031 ad
925 4977 1067 5032 hanc
1115 4978 1466 5050 obsidionem
1519 4980 1801 5035 nonnullis
1902 4970 3534 5049 aliisepiscOpiscollocutus,lleribertum,quioppidaquaa-

166 5069 414 5124 Francia:
449 5069 532 5123 vel
559 5067 893 5142 Burgundize
914 5069 1270 5139 praesulibus;
1303 5070 1504 5124 ibidem
1531 5070 1799 5125 celebrari
1903 5071 2028 5126 dam
2051 5069 2324 5140 villasque
2343 5065 2894 5123 Remensisecclesize
2912 5070 3299 5136 pervaseratac
3315 5061 3534 5118 detine-

169 5162 282 5216 visa
312 5168 399 5215 est
431 5160 680 5230 synodus
713 5161 1045 5230 (Theoderici
1073 5163 1224 5231 apud
1269 5163 1441 5229 Cast.)
1469 5162 1802 5232 przesidente
1902 5161 2015 5225 bat,
2042 5160 2096 5213 in
2129 5159 2426 5230 praesentia
2465 5173 2686 5230 quoque
2713 5155 2859 5229 regis
2891 5153 3336 5210 excommunicat
3361 5153 3534 5224 (940).

167 5253 352 5308 eidem
396 5251 691 5307 Teutilone
744 5253 1057 5308 Turonensi
1116 5255 1381 5320 antistite,
1436 5255 1659 5310 Artoldo
1700 5255 1804 5309 Re-
1903 5253 2030 5308 Post
2048 5253 2271 5307 lizecrex
2289 5249 2595 5306 Ludovicus
2623 5247 3019 5304 deditArtoldo
3041 5245 3538 5318 episcopo,acper

165 5345 382 5402 mensi:
406 5345 616 5416 quique
650 5352 783 5400 tunc
805 5345 1176 5418 llildegarium
1211 5345 1529 5402 Belvacensi
1559 5347 1680 5400 urbi
1714 5362 1804 5402 or-
1906 5366 2031 5406 eum
2064 5350 2313 5404 ecclesiae
2338 5347 2620 5414 Remensi,
2645 5362 2745 5418 per
2773 5343 3169 5418 praeceptionis
3186 5343 3353 5418 regiae
3382 5343 3542 5420 pagi-

167 5435 379 5490 dinavit
416 5433 769 5504 episcOpum.
808 5434 1014 5489 Eodem
1057 5451 1280 5507 quoque
1311 5451 1457 5491 anno
1490 5435 1800 5491 Fulbertum
1906 5458 2056 5511 nam,
2086 5440 2377 5496 Remensis
2403 5439 2558 5497 urbis
2583 5445 2886 5503 monetam,
2905 5436 3029 5506 jure
3054 5443 3326 5508 perpetuo
3353 5435 3540 5507 possi-

166 5526 587 5584 Cameracensis
625 5527 782 5584 urbis
815 5528 1108 5598 praesulem
1141 5528 1502 5585 consecravit.
1903 5531 2165 5588 dendam.
2189 5530 2294 5584 Sed
2313 5535 2366 5583 et
2397 5542 2617 5584 omnem
2639 5526 2960 5583 comitatum
2993 5525 3324 5582 Remensem
3355 5524 3538 5581 eidem

786 5617 997 5675 CAPUT
1039 5620 1190 5676 XXV.
1908 5621 2421 5679 contulitecclesiaa.
2441 5619 2702 5676 Artoldus
2714 5619 3011 5691 episcopus
3022 5616 3345 5674 Cansostem
3366 5616 3546 5673 muni-

269 5715 347 5770 De
385 5712 566 5780 signis
593 5712 774 5769 Remis
803 5713 959 5776 uisis,
991 5715 1041 5766 et
1077 5712 1280 5768 morbis
1316 5711 1444 5768 inde
1481 5715 1697 5767 secutis.
1911 5715 2118 5770 tionem
2134 5714 2550 5784 obsidet;quam
2563 5711 2993 5783 quintotandem
3007 5709 3100 5766 die
3115 5709 3391 5766 Ludovico
3411 5721 3541 5781 rege

235 5807 514 5881 Sequenti
543 5819 692 5862 anno
726 5805 866 5875 (934)
900 5805 1080 5880 ignea:
1114 5807 1302 5864 Remis
1331 5806 1386 5862 in
1419 5805 1561 5864 caelo
1591 5805 1810 5862 discur—
1913 5804 2044 5859 illuc
2084 5803 2362 5866 veniente,
2407 5801 2483 5856 hii
2516 5800 2610 5874 qui
2643 5807 2808 5858 erant
2835 5800 2987 5857 intus
3016 5798 3336 5855 reddentes:
3370 5796 3540 5850 dese-

463 5908 750 5970 PATROL.
801 5904 1130 5970 CXXXV.
3060 5898 3139 5960 10
