3912 6446
391 425 500 483 299

1526 419 1895 478 FLODOARDI
1936 419 2242 476 CANONICI
2283 417 2616 474 REMENSIS

3645 411 3752 465 300

393 565 540 614 runt.
570 555 683 613 Nec
706 555 956 631 longum,
987 555 1252 610 subversa
1291 551 1540 608 funditus
1568 552 1638 608 ab
1665 552 1758 608 his
1787 552 1883 624 qui
1914 567 2010 608 re-
2038 555 2093 624 Α
2187 548 2429 624 Contigit
2455 557 2639 602 autem
2669 543 2827 630 mihi,
2861 541 3229 631 dominamea
3257 540 3434 631 beata
3453 539 3550 596 Dei
3589 541 3756 595 Geni-

393 660 592 718 cepere
636 643 952 715 dissipatur.
985 641 1132 698 Missi
1162 640 1408 716 Hugonis
1445 641 1512 695 ad
1545 656 1734 716 regem
1763 639 2012 705 veniunt,

395 747 450 796 et
485 739 556 796 de
585 753 722 811 pace
754 753 880 794 cum
911 737 992 792 eis
1017 751 1112 792 rex
1141 735 1289 790 inter
1313 734 1597 790 Artoldum
1639 733 1934 806 praesulem
1961 741 2016 788 et

395 827 742 884 Heribertum
789 826 1038 882 laborare
1105 825 1312 880 studet.
1385 824 1593 881 Deinde
1648 825 1718 880 ad
1775 833 2014 880 castrum

393 919 696 994 quoddam,
735 917 886 991 quod
924 915 1188 974 Heriveus
1225 931 1401 990 nepos
1443 916 1678 984 Herivei,
1726 915 2004 989 quondam

392 1011 818 1084 archiepiscopi,
892 1025 1063 1082 super
1117 1009 1344 1067 ﬂuvium
1414 1008 1713 1065 Maternam
1769 1009 2012 1071 tenebat,

392 1103 544 1160 unde
597 1111 654 1160 et
723 1101 882 1158 villas
931 1101 1200 1174 episcopii
1255 1101 1544 1157 Remensis
1583 1102 2015 1171 circumquaque

392 1192 603 1266 positas
661 1191 1105 1262 deprzedabatur,
1172 1191 1542 1262 proficiscitur
1601 1207 1726 1246 cum
1792 1189 2016 1244 Artoldo

392 1281 678 1352 episcopo.
713 1279 826 1335 Nec
853 1293 1038 1346 mora;
1071 1279 1363 1334 obsidibus
1392 1279 1637 1351 acceptis
1665 1279 1734 1333 ab
1764 1277 1884 1349 ipso
1915 1278 2018 1332 lle-

393 1370 544 1424 riveo
569 1365 864 1422 revertitur
889 1365 1114 1435 Remis;
1149 1384 1500 1442 pergensque
1532 1368 1588 1422 in
1619 1367 1914 1422 crastinum
1947 1365 2016 1419 ad

393 1467 647 1516 sanctum
676 1457 1008 1534 Remigium,
1042 1475 1166 1515 sese
1198 1459 1372 1532 ipsius
1401 1461 1574 1515 sancti
1615 1458 1908 1514 committit
1933 1458 2016 1510 iii-

392 1547 848 1612 tercessionibus,
890 1548 1221 1620 promittens
1269 1549 1504 1604 vadibus
1531 1549 1749 1617 _libram
1803 1547 2016 1624 argenti

393 1653 455 1694 se
475 1637 730 1694 daturum
749 1637 909 1692 annis
929 1637 1184 1714 singulis.
1211 1637 1494 1694 Monachis
1515 1654 1740 1711 quoque
1767 1639 2014 1708 ejusdem

389 1733 501 1790 loci
543 1740 877 1806 praeceptum
911 1733 982 1789 de
1019 1733 1218 1790 eodem
1245 1734 1471 1792 castello
1502 1733 1655 1790 dedit
1685 1733 2014 1790 immunita-

391 1822 486 1880 tis.

965 1893 1178 1950 CAPUT
1213 1894 1446 1950 XXVIII.

501 1989 578 2044 De
601 1989 920 2058 empulsi'one
946 1989 1134 2044 damni
1152 1989 1378 2044 Artoldi
1393 1989 1462 2044 ab
1487 1989 1620 2043 urbe
1643 1991 1906 2046 Remensi.

469 2103 625 2178 Hugo
649 2104 848 2176 (dictus
861 2105 1116 2176 Magnus)
1145 2105 1422 2178 princeps,
1442 2105 1874 2174 ﬁliusRotberti,
1891 2104 2023 2174 jun-

397 2193 500 2248 ctis
525 2193 631 2248 sibi
653 2193 983 2268 quibusdam
1009 2195 1288 2267 episc0pis
1306 2203 1413 2249 tam
1438 2195 1678 2250 Franciae
1695 2211 1856 2267 quam
1888 2195 2022 2248 Bur-

397 2281 643 2356 gundite,
697 2299 821 2338 cum
865 2282 1156 2339 Heriberto
1188 2283 1392 2339 comite
1437 2291 1492 2339 et
1531 2284 1806 2340 Willelmo
1836 2283 2019 2338 Nord-

399 2389 728 2430 mannorum
803 2375 1058 2449 principe
1125 2378 1455 2432 Remensem
1515 2376 1734 2432 obsidet
1801 2375 2020 2443 urbem,

395 2471 660 2534 sextaque
677 2463 992 2522 obsidionis
1009 2464 1122 2532 die,
1141 2465 1434 2521 deserente
1449 2466 1598 2522 omni
1629 2482 1772 2537 pene
1800 2465 2022 2520 militari

395 2568 564 2608 manu
583 2553 868 2609 Artoldum
899 2555 1245 2626 episc0pum,
1279 2565 1335 2610 et
1363 2555 1432 2610 ad
1461 2555 1808 2612 Heribertum
1842 2564 2024 2611 trans-

396 2651 588 2711 eunte,
649 2643 796 2700 idem
842 2661 1030 2702 comes
1077 2646 1398 2702 Heribertus
1449 2647 1642 2703 urbem
1692 2648 2018 2722 ingreditur.

393 2737 654 2795 Artoldus
691 2742 892 2811 praesul
933 2741 1001 2796 ad
1041 2751 1288 2798 sanctum
1333 2742 1666 2814 Remigium,
1697 2744 2022 2800 evocatione

396 2841 688 2896 procerum
717 2829 1106 2900 episcoporum
1137 2829 1438 2902 profectus,
1474 2846 1768 2900 persuasus
1799 2841 1902 2899 est,
1934 2833 2018 2886 vel

391 2919 725 2974 conterritus
763 2936 793 2974 a
819 2919 1170 2993 principibus
1211 2921 1480 2993 episcopii
1533 2939 1592 2976 se
1633 2923 2020 2994 procuratione

391 3009 478 3063 vel
523 3017 796 3081 potestate
853 3012 1137 3080 abdicare,
1205 3030 1582 3086 concessaqne
1639 3015 1746 3070 sibi
1803 3017 2022 3072 abbatia

391 3102 567 3156 sancti
599 3103 802 3171 Basoli,
837 3112 894 3160 et
945 3107 1237 3164 Avennaco
1271 3110 1626 3176 monasterio,
1671 3110 1739 3164 ad
1771 3118 2018 3166 sanctum

391 3188 648 3246 Basolum
681 3201 1121 3251 commoraturus
1150 3196 1444 3263 abscessit,
1503 3206 1628 3268 post
1665 3215 1840 3256 annos
1896 3208 2021 3257 octo

392 3286 449 3336 et
487 3296 714 3338 menses
741 3291 956 3356 septem
1011 3286 1153 3358 [ms.,
1187 3287 1301 3359 sex]
1333 3288 1388 3342 in
1423 3289 1745 3362 episcopatu
1779 3299 2017 3347 exactos.

396 3367 550 3445 Hugo
602 3382 657 3429 et
695 3375 1014 3432 lIeribertus
1057 3377 1223 3436 locuti
1265 3396 1392 3435 cum
1448 3380 1783 3453 quibusdam
1822 3383 2021 3438 Letha-

394 3459 694 3528 riensibus,
755 3461 824 3517 ad
863 3464 1216 3521 obsidionem
1258 3469 1505 3524 Lauduni
1569 3487 1690 3526 cum
1745 3471 2021 3526 Willelmo

395 3549 843 3620 proﬁciscuntur,
871 3555 1062 3611 relicto
1097 3557 1282 3612 Remis
1314 3559 1542 3631 Hugone
1565 3561 1818 3626 diacono,
1853 3561 2022 3616 Heri—

395 3641 536 3699 berti
587 3646 1083 3721 tilio,.jampridem
1117 3653 1183 3707 ad
1237 3653 1616 3726 episcopatum
1651 3656 1827 3727 ipsius
1871 3657 2024 3712 urbis

396 3747 644 3807 evocato,
717 3741 926 3815 quique
985 3745 1150 3802 tertio
1227 3755 1516 3820 postquam
1580 3767 1867 3826 regressus
1941 3758 2023 3806 est

398 3843 608 3896 mense,
645 3832 934 3904 presbyter
973 3849 1004 3888 a
1033 3834 1267 3892 Widone
1303 3838 1635 3896 Suessonico
1667 3841 1900 3912 praesule
1931 3857 2022 3896 or-

396 3921 622 3979 dinatus
649 3932 752 3990 est,
794 3927 1028 3998 expletis
1065 3939 1356 4002 postquam
1403 3931 1580 3989 fuerat
1607 3935 1816 3990 electus
1859 3935 2023 3991 annis

395 4017 738 4104 quindecim,
795 4038 936 4093 quos
993 4023 1356 4081 Antissiodori
1412 4044 1762 4085 commorans
1809 4041 2018 4104 egerat,

395 4102 701 4161 litterarum
736 4109 934 4164 studiis
964 4121 1285 4182 occupatus,
1325 4117 1473 4186 apud
1503 4117 1794 4174 Widonem
1845 4102 2022 4191 ipsius

396 4199 552 4256 urbis
579 4203 902 4273 antistitem,
935 4221 967 4260 a
998 4223 1108 4278 quo
1127 4215 1181 4264 et
1211 4208 1480 4265 diaconus
1510 4213 1799 4270 ordinatus
1823 4214 2042 4272 fuerat..

395 4287 529 4344 Nam
575 4299 806 4348 caeteros
836 4291 1130 4351 inferiores
1167 4298 1370 4369 gradus
1423 4299 1492 4354 ab
1527 4301 1756 4358 Abbone
1787 4304 2022 4359 Suesso-

397 4376 524 4434 nieo
554 4381 794 4450 praesule
823 4381 1010 4438 Remis
1037 4391 1350 4456 acceperat.
1406 4386 1682 4446 Ludovico
1713 4408 1842 4466 rege
1896 4401 2022 4464 post

396 4471 515 4529 haec
535 4491 564 4530 a
595 4473 912 4550 Burgundia
940 4495 1212 4552 regresso,
1245 4481 1504 4538 Artoldus
1534 4485 1830 4558 episc0pus
1860 4488 2024 4543 dese-

2116 639 2253 695 trice
2285 637 2688 703 intercedente,
2713 642 2776 689 ut
2805 627 2925 704 ipsa
2954 631 3046 686 die
3079 629 3472 700 Conceptionis
3504 629 3562 700 (‘2
3593 631 3756 685 Mar-

2118 739 2200 806 tii)
2255 743 2310 792 et
2359 733 2632 808 passionis
2689 732 2778 803 (27
2845 729 3058 800 Martii)
3106 727 3324 783 Domini
3373 727 3558 791 nostri
3619 727 3756 782 Jesu

2116 829 2320 886 Christi
2367 829 2684 885 absolverer
2713 843 2744 882 a
2773 824 3042 890 custodia,
3079 832 3134 878 et
3179 822 3270 876 die
3305 820 3486 889 tertia,
3535 821 3758 876 scilicet

2113 940 2167 980 vr
2198 922 2319 978 Kal.
2352 921 2570 994 Aprilis,
2607 935 2744 991 quas
2782 917 3048 973 Dominus
3075 931 3105 969 a
3145 913 3379 970 mortuis
3424 913 3755 978 resurrexit,

2116 1027 2372 1087 egressus
2402 1011 2520 1081 ipse
2570 1025 2692 1064 cum
2727 1006 2954 1078 praefato
2984 1007 3162 1060 electo
3217 1012 3404 1059 nostro
3437 1003 3504 1058 ad
3552 1003 3757 1057 urbem

2115 1105 2500 1160 Suessonicam
2531 1102 2810 1174 profectus
2863 1117 3003 1156 sum.
3041 1099 3141 1155 Ubi
3191 1097 3596 1153 convenientes
3635 1096 3762 1168 epi-

2117 1194 2272 1266 scepi
2333 1193 2498 1263 hujus
2549 1191 2858 1247 diteceseos
2924 1205 3048 1245 cum
3108 1187 3455 1260 principibus
3525 1188 3760 1261 Hugone

2118 1299 2182 1339 ac
2230 1283 2515 1338 lleriberto
2567 1281 2721 1351 (Syn.
2788 1281 2994 1346 Suess.,
3067 1295 3160 1334 an.
3227 1277 3378 1346 9M),
3447 1285 3763 1332 tractarunt

2118 1375 2252 1449 quid
2279 1375 2362 1430 eis
2392 1381 2536 1429 esset
2587 1373 2863 1446 agendum
2897 1388 3064 1442 super
3095 1369 3398 1441 episcopali
3452 1369 3618 1438 hujus
3647 1369 3763 1422 Hu-

2117 1467 2277 1541 gonis
2297 1465 2686 1532 ordinatione;
2713 1465 2904 1535 sicque
2935 1463 3324 1528 decreverunt,
3347 1461 3762 1532 pcenitentious

2117 1559 2448 1632 quibusdam
2517 1555 2645 1611 filiis
2700 1555 2950 1612 ecclesim
3009 1553 3317 1620 Remensis,
3375 1561 3482 1608 tam
3533 1551 3761 1606 clericis

2117 1667 2280 1724 quam
2311 1649 2484 1716 laicis,
2517 1665 2642 1704 eum
2674 1647 3064 1706 ordinandum,
3107 1645 3484 1700 asserentibus
3532 1643 3765 1698 fautori-

2117 1743 2220 1798 bus
2249 1742 2444 1814 ipsius,
2478 1740 2626 1813 quod
2669 1739 2925 1794 Artoldus
2978 1753 3328 1808 nequaquam
3363 1735 3600 1800 electus,
3653 1735 3759 1788 sed

2118 1850 2220 1906 per
2249 1833 2572 1888 violentiam
2623 1830 2789 1886 fuerit
2835 1829 3206 1895 intromissus,
3253 1843 3490 1900 seseque
3523 1825 3759 1898 episco-

2043 1898 2230 2002 Bpali
2287 1926 2626 1983 abdicaverit
2679 1925 2907 1981 ditione.
2968 1923 3047 1977 lbi
3097 1937 3228 1996 ergo
3281 1898 3435 1996 Ilugo
3491 1921 3762 1992 princeps

2121 2031 2254 2078 tunc
2301 2038 2390 2077 me
2448 2039 2548 2092 per
2600 2037 2824 2075 manum
2885 2021 2943 2090 (ἱ,
2987 2022 3207 2085 manus)
3261 2017 3564 2088 accipiens,
3625 2016 3760 2070 huic

2121 2111 2336 2185 Hugoni
2392 2109 2580 2181 nepoti
2637 2125 2738 2164 suo
2779 2108 2848 2163 ad
2907 2105 3372 2162 benefaciendum
3428 2103 3760 2168 commisit;

2123 2201 2333 2271 quippe
2361 2199 2498 2253 mihi
2525 2198 2816 2254 ecclesiam
2849 2205 3019 2252 santze
3049 2195 3230 2249 Maria:
3259 2195 3414 2250 dedit
3447 2193 3502 2247 in
3535 2192 3762 2248 Colrido

2123 2293 2306 2356 sitam,
2333 2299 2533 2345 terram
2567 2305 2787 2362 quoque
2815 2305 2978 2361 quam
3023 2295 3177 2358 pater
3210 2302 3342 2340 suus
3375 2283 3509 2338 mihi
3562 2284 3759 2338 abstu-

2125 2385 2282 2456 lerat,
2337 2385 2599 2452 reddidit,
2655 2392 2709 2440 et
2765 2385 2930 2438 aliam
2975 2383 3031 2436 in
3090 2381 3354 2453 praedicta
3405 2380 3535 2434 villa
3588 2395 3765 2448 supra

2125 2478 2352 2547 adjecit.

2728 2563 2938 2618 CAPUT
2969 2561 3148 2617 XXIX.

2337 2658 2413 2710 De
2441 2655 2602 2709 malis
2643 2668 2762 2722 quae
2789 2654 3036 2720 deinceps
3073 2655 3356 2705 consecuta
3383 2653 3531 2704 sunt.

2113 2805 2120 2810 _
2193 2744 2305 2799 Nec
2362 2759 2535 2809 mora,
2597 2741 2872 2797 civitatem
2916 2741 3246 2795 Remensem
3278 2756 3309 2794 a
3357 2739 3588 2809 praelato
3624 2753 3763 2792 con-

2120 2847 2289 2894 ventu
2341 2839 2613 2894 adeuntes
2643 2836 2910 2907 epiSCOpi,
2969 2841 3325 2907 prmtaxatum
3357 2833 3597 2888 electum
3655 2847 3765 2886 no-

2125 2941 2297 2988 strum
2329 2934 2387 2988 in
2413 2933 2651 2989 ecclesia
2683 2930 2860 2986 sancti
2892 2929 3130 3004 Remigii
3161 2928 3429 3000 dignitate
3460 2927 3768 2982 sublimant

2125 3025 2605 3097 arcliiepiscopali.
2645 3025 2758 3080 Sub
2811 3023 3024 3078 hisdem
3067 3024 3178 3079 fere
3233 3023 3432 3078 diebus
3471 3033 3767 3076 monaste-

2127 3120 2264 3174 rium
2291 3119 2465 3174 sancti
2497 3117 2826 3174 Theodorici
2861 3117 3144 3172 nonnullis
3175 3117 3478 3170 illustratur
3517 3118 3767 3169 miracu-

2127 3209 2195 3264 lis
2243 3212 2310 3264 de
2342 3209 2548 3281 quibus
2573 3209 2686 3276 jam
2747 3207 2998 3279 quaedam
3031 3223 3197 3278 supra
3249 3206 3537 3261 retulimus
3573 3205 3691 3276 (lib.
3725 3223 3762 3259 ι.

2125 3318 2170 3356 c.
2204 3304 2352 3372 ult.),
2403 3301 2498 3356 ubi
2539 3299 3122 3357 commemorationem
3163 3299 3411 3369 ejusdem
3466 3297 3617 3351 beati
3649 3297 3760 3352 viri

2123 3393 2484 3462 fecimus.jAb
2512 3393 2746 3448 ecclesia
2773 3408 2903 3446 vero
2955 3401 3157 3446 sancta}
3192 3389 3373 3444 Mariae
3404 3390 3592 3444 Remis
3619 3405 3758 3444 crux

2123 3487 2317 3554 major,
2348 3503 2514 3558 quam
2552 3487 2788 3540 domnus
2824 3484 3090 3539 lleriveus
3132 3482 3586 3552 archiepiscopus
3621 3500 3761 3539 auro

2123 3583 2505 3647 coeperuerat,
2539 3583 2594 3630 et
2637 3574 2874 3649 gemmis
2905 3580 3221 3638 ornaverat,
3253 3589 3284 3626 a
3322 3571 3538 3647 furibus
3570 3581 3761 3639 noctu,

2124 3670 2474 3723 tenebrarum
2522 3667 2734 3722 scilicet
2782 3665 3144 3731 amatoribus,
3179 3663 3443 3718 aufertur.
3503 3666 3617 3727 Qua
3663 3665 3761 3718 diu

2124 3763 2376 3833 quaesita,
2407 3761 2628 3816 tandem
2660 3767 2784 3830 post
2809 3775 3014 3812 annum
3049 3774 3174 3828 pars
3199 3755 3317 3810 auri
3375 3771 3762 3828 gemmarum-

2124 3871 2232 3926 que
2282 3855 2459 3926 ipsius
2504 3853 2748 3908 multatis
2799 3853 3074 3923 reperitur
3125 3850 3451 3906 latronibus.
3513 3850 3586 3903 Ex
3645 3867 3759 3921 quo

2123 3947 2473 4017 postmodum
2507 3961 2640 4001 auro
2688 3946 2779 4000 hic
2828 3946 3050 4016 praesul,
3103 3943 3319 4012 adjecta
3367 3941 3607 4014 quadam
3670 3943 3757 3997 sui

2123 4055 2342 4110 quoque
2371 4038 2619 4094 muneris
2649 4044 2983 4108 quantitate,
3017 4036 3245 4091 calicem
3276 4034 3380 4089 sub
3410 4036 3623 4090 honore
3659 4035 3756 4089 Dei

2122 4131 2416 4187 Genitricis
2444 4129 2697 4186 fabricari
2741 4129 2888 4184 fecit.
2924 4129 3153 4202 ilugone
3191 4144 3256 4182 ac
3292 4127 3584 4182 lleriberto
3622 4127 3760 4181 Lau-

2121 4225 2329 4280 dunum
2362 4225 2568 4296 pariter
2595 4223 3002 4287 obsidentibus,
3033 4239 3126 4277 rex
3161 4221 3493 4284 Ludovicus,
3516 4223 3758 4292 sumptis

2121 4331 2309 4371 secum
2338 4331 2478 4386 quos
2505 4315 2876 4386 undecunque
2931 4313 3195 4384 colligere
3229 4312 3407 4384 potuit
3437 4312 3497 4366 in
3545 4329 3756 4388 pagum

2123 4407 2441 4466 Portensem
2459 4408 2629 4464 venit.
2656 4409 2772 4472 Quo
2791 4406 2981 4462 audito
3006 4407 3180 4480 Hugo,
3200 4413 3256 4460 et
3281 4405 3610 4460 lleribertus
3649 4405 3759 4460 sei-

2123 4502 2250 4559 licet
2292 4503 2442 4575 quod
2497 4519 2592 4558 rex
2619 4502 2702 4557 eis
2755 4501 3249 4574 apprOpinquaret,
3304 4499 3605 4555 obsidione
3656 4517 3753 4554 re-

941 4574 1123 4679 δεηθῇ
1161 4574 1360 4679 Βίιξοιίν
1393 4578 1461 4634 ad
1515 4581 1772 4679 etlmdfim
1832 4599 2016 4679 regem
2042 4611 2097 4679 ί)
2123 4595 2272 4660 licta,
2316 4602 2618 4666 properant
2660 4603 2873 4668 contra,
2905 4602 2960 4649 et
3012 4569 3351 4664 insperatum
3388 4591 3534 4667 regis
3585 4591 3755 4646 inva-

398 4655 767 4728 proﬁciscitur
821 4676 945 4716 cum
1010 4664 1344 4736 quibusdam
1401 4670 1733 4742 prepinquis
1797 4655 1930 4738 suis,

2206 4695 2318 4742 rites
2347 4687 2669 4750 exercitum,
2721 4686 3022 4741 nonnullos
3051 4689 3328 4750 sternunt,
3388 4681 3638 4753 reliquos
3695 4683 3751 4736 in

397 4749 604 4822 quibus
662 4753 914 4812 ecclesiae
969 4756 1264 4824 beneficia,
1321 4778 1444 4832 quae
1521 4764 1804 4832 tenebant,
1865 4765 2022 4822 lteri-

396 4841 590 4900 bertus
638 4860 827 4902 comes
878 4849 1203 4907 abstulerat.
1259 4851 1390 4908 Mihi
1447 4872 1672 4929 quoque
1728 4859 2020 4914 ecclesiam

398 4932 711 4992 Colmisiaci
757 4938 1034 5010 (σον-νηίου)
1064 4939 1171 4995 vici
1203 4940 1432 4998 abstulit
1469 4961 1594 5000 cum
1633 4953 1780 5003 terra
1810 4947 2026 5004 benefi-

397 5021 492 5092 cii,
523 5040 688 5095 quam
721 5035 854 5082 tunc
884 5029 1152 5101 temporis
1177 5031 1458 5086 tenebam.
1491 5033 1604 5110 Ego
1632 5036 1876 5108 denique
1907 5039 2025 5094 dis-

398 5131 637 5188 ponens,
693 5120 963 5177 orationis
1009 5125 1206 5198 gratia,
1257 5125 1573 5198 sepulcrum
1633 5130 1811 5187 visere
1845 5135 2021 5190 sancti

398 5205 638 5276 Martini,
670 5219 918 5268 retentus
963 5231 1083 5270 sum
1126 5216 1196 5271 ab
1224 5217 1367 5289 ipso,
1403 5219 1542 5275 clam
1573 5237 1662 5277 me
1693 5223 2022 5294 quibusdam

397 5299 1135 5369 personisinsimulantibus
1164 5308 1310 5378 apud
1360 5324 1509 5378 eum,
1551 5312 1701 5382 quod
1731 5313 1815 5368 sui
1861 5330 2026 5372 causa

399 5393 742 5462 nocumenti,
781 5397 868 5452 vel
924 5397 1022 5456 filii
1053 5401 1140 5457 sui
1188 5403 1386 5459 vellem
1440 5406 1758 5477 proficisci;
1813 5415 1867 5463 et
1893 5411 2022 5480 quia

401 5480 723 5536 renutabam
757 5499 844 5540 me
897 5486 1028 5542 huic
1057 5489 1234 5547 electo
1262 5499 1450 5550 nostro
1500 5488 1880 5564 committere;
1921 5515 2022 5554 ne-

397 5570 586 5628 sciens
615 5580 801 5630 utrum
835 5575 943 5632 Deo
995 5579 1237 5650 placeret
1263 5599 1391 5639 eum
1430 5587 1724 5658 praesulem
1769 5600 2016 5644 nostrum

399 5659 540 5716 fore.
581 5659 785 5735 Sicque
821 5664 999 5736 plenis
1027 5669 1280 5744 quinque
1318 5675 1605 5731 mensibus
1643 5678 1789 5747 apud
1821 5677 2020 5734 fratres

399 5759 642 5823 nostros,
686 5753 808 5826 ipso
835 5755 1040 5812 comite
1062 5757 1319 5829 jubente,
1363 5765 1466 5820 sub
1523 5767 1775 5822 custodia
1819 5769 2016 5838 partim

399 5845 578 5903 libera
599 5863 719 5904 sum
759 5848 1039 5905 detentus.

2121 4775 2304 4848 fugam
2351 4769 2614 4832 vertunt.’
2651 4777 2760 4831 Rex
2820 4776 2940 4847 ipse
2993 4791 3118 4831 eum
3174 4775 3368 4844 paucis
3427 4774 3666 4829 eductus
3727 4791 3760 4828 a

2121 4868 2258 4934 suis,
2317 4873 2372 4922 et
2403 4868 2645 4922 eximere
2690 4883 2750 4923 se
2805 4867 2955 4924 bello
2985 4874 3232 4934 coactus,
3281 4866 3369 4920 vix
3401 4865 3600 4932 evasit,
3661 4868 3765 4921 Ar-

2124 4960 2276 5016 toldo
2306 4960 2572 5031 episcOpo
2615 4965 2670 5014 et
2697 4959 2954 5034 Rotgario
2989 4958 3191 5014 comite
3247 4958 3648 5014 comitantibus
3674 4975 3765 5013 se-

2126 5063 2270 5103 cum.
2339 5049 2598 5103 Artoldus
2635 5047 2953 5118 episcopus,
3004 5046 3238 5118 perditis
3288 5045 3456 5101 rebus
3493 5063 3634 5118 quas
3685 5047 3760 5101 ibi

2126 5140 2412 5204 habuerat,
2464 5140 2532 5194 ad
2566 5140 2849 5214 llugonem
2881 5147 2937 5194 et
2989 5139 3331 5194 Hcribertum
3366 5141 3603 5194 accessit
3663 5140 3764 5194 ad—

2126 5234 2326 5288 ductus
2371 5231 2441 5287 ab
2473 5231 2683 5298 amicis,
2743 5231 3090 5302 redditisque
3121 5231 3229 5286 sibi
3288 5228 3532 5285 abbatiis
3583 5232 3763 5285 sancti

2125 5325 2304 5381 Basoli
2341 5331 2401 5380 et
2424 5324 2716 5380 Avennaco
2748 5339 2870 5379 cum
2904 5323 3034 5378 villa
3063 5322 3392 5378 Vindenissa
3425 5320 3756 5394 [Vendeure]

2123 5423 2178 5472 et
2207 5424 2370 5489 pacta
2417 5433 2552 5488 pace
2599 5432 2723 5472 cum
2780 5416 3010 5491 Hugone
3053 5416 3316 5487 prresulc,
3374 5415 3443 5470 ad
3493 5423 3752 5470 sanetum

2123 5511 2398 5578 Basolum,
2439 5511 2554 5567 illic
2603 5511 2951 5566 habitaturus
2993 5509 3234 5564 devenit.
3280 5508 3547 5580 Sequenti
3600 5525 3749 5565 anno

2121 5599 2268 5670 (942)
2298 5599 2614 5670 proditores
2653 5599 2880 5670 quidam
2912 5596 3100 5653 Remis
3125 5595 3353 5667 reperti,
3385 5603 3439 5648 et
3472 5595 3752 5652 interfecti

2119 5697 2248 5746 sunt
2273 5709 2288 5757 ;
2319 5691 2545 5763 quidam
2577 5691 2748 5746 rebus
2775 5691 3024 5746 ecclesia:
3055 5688 3252 5760 privati
3283 5686 3354 5742 ab
3377 5687 3518 5744 urbe
3551 5688 3750 5760 depel-

2121 5778 2330 5835 luntur.
2383 5779 2568 5852 Legati
2623 5779 2912 5836 Remensis
2969 5777 3222 5834 ecclesia:
3278 5776 3454 5832 Roma
3507 5777 3747 5849 regressi

2120 5867 2346 5936 pallium
2377 5868 2633 5925 deferunt
2665 5868 3340 5942 llugoniarchiepiscolio.
3361 5866 3432 5922 ab
3461 5867 3747 5938 Stephano
