3912 6404
98 451 196 509 301

739 447 1065 505 IIISTORI/E
1103 448 1435 505 ECCLESUE
1474 445 1804 505 REMENSIS
1845 445 2023 501 LIBRI
2063 445 2392 511 QUA'I‘UOR.
2433 477 2504 488 —
2543 446 2670 504 LIB.
2713 445 2799 501 IV.

3338 446 3446 507 302

99 606 239 662 papa
266 590 465 660 (Steph.
503 587 655 659 VIII)
684 585 1089 642 transmissum.
1124 584 1254 641 Cum
1285 585 1490 659 quibus
1521 586 1726 658 pariter
1745 592 1802 660 Α
1821 584 2091 657 quosdam
2119 582 2806 659 obsides,utRagenoldus
2837 597 2904 638 ex
2918 582 3232 658 parteregis
3244 583 3312 639 ad
3329 585 3449 642 col-

100 691 153 738 et
183 681 552 757 legatiovenit
584 678 934 753 principibus
958 677 1137 751 regni,
1173 686 1233 734 ut
1269 679 1605 735 Ludovicum
1637 694 1725 737 re-

99 791 221 851 gem
255 775 549 848 recipiant,
585 780 642 831 et
664 773 745 830 sic
782 773 996 845 legatos
1044 787 1177 828 suos
1201 772 1428 829 Romam
1459 773 1718 850 dirigant.

707 884 918 943 CAPUT
960 886 1113 942 XXX.

166 982 238 1037 De
265 983 618 1052 occupatione
652 979 965 1034 Altimontis
1010 978 1206 1052 castri,
1237 978 1321 1033 vel
1342 978 1567 1045 Mosoni,
1602 982 1653 1033 et

664 1055 833 1106 morte
869 1050 1142 1104 Heriberti
1153 1098 1156 1102 Α

169 1147 323 1201 Anno
354 1159 581 1217 quoque
638 1152 764 1214 post
811 1141 974 1196 istum
1036 1140 1177 1210 (913)
1209 1139 1466 1195 Artoldus
1499 1140 1719 1210 episco-

103 1255 223 1308 pus,
253 1237 449 1293 relicto
482 1234 742 1291 coenobio
808 1233 982 1288 sancti
1037 1232 1234 1297 Basoli,
1274 1232 1343 1287 ad
1374 1247 1559 1305 regem
1593 1248 1721 1302 pro-

101 1330 393 1386 fcctusest.
437 1331 504 1383 At
556 1328 637 1383 illi
687 1326 961 1399 promittit
1004 1325 1057 1380 ei
1113 1341 1174 1379 se
1216 1325 1556 1379 redditurum
1614 1325 1721 1380 Re-

104 1436 352 1475 mensem
384 1418 788 1490 episcopatum.
844 1416 944 1480 Qui
998 1414 1298 1485 assumptis
1326 1430 1511 1469 secum
1542 1414 1720 1469 fratri-

103 1508 203 1562 bus
230 1510 368 1573 suis,
398 1514 454 1563 et
478 1507 601 1562 aliis
629 1505 984 1578 quibusdam,
1034 1504 1128 1575 qui
1160 1503 1361 1571 abjecti
1410 1502 1625 1557 fuerant
1651 1503 1720 1557 ab

100 1602 423 1672 episcOpatu
454 1600 737 1656 Remensi.
787 1599 1141 1653 Altimontem
1197 1605 1433 1653 castrum
1466 1605 1719 1666 occupat.

99 1690 231 1745 Cum
262 1690 466 1762 quibus
524 1704 620 1744 rex
668 1687 975 1743 Ludovicus
1001 1686 1167 1742 etiam
1222 1686 1722 1759 Mosonumagres-

96 1799 211 1849 sus,
242 1782 586 1853 repellitura
621 1778 883 1836 ﬁdelibus
906 1779 1152 1854 Hugonis
1182 1778 1455 1851 episcopi,
1492 1778 1725 1849 quibus-

98 1875 221 1930 dam
251 1889 483 1929 suorum
523 1872 875 1943 interemptis
904 1890 919 1938 ;
953 1871 1309 1926 suburbanas
1330 1878 1513 1926 tamen
1531 1870 1727 1924 domos

99 1962 369 2035 quasdam
427 1962 606 2033 ipsius
645 1961 810 2018 castri
874 1961 1144 2016 succedit.
1202 1961 1418 2015 Interea
1462 1949 1805 2018 defunctoB

98 2055 391 2110 Heriberto
419 2054 645 2121 comite,
694 2053 763 2108 de
810 2053 1147 2125 recipiendis
1172 2050 1305 2106 filiis
1337 2051 1510 2122 ipsius
1537 2067 1569 2106 a
1594 2066 1725 2121 rege

97 2146 294 2201 crebra
324 2145 674 2215 interipsum
723 2159 911 2216 regem
962 2149 1015 2198 et
1067 2142 1354 2216 Hugonem
1412 2141 1721 2212 principem

93 2236 423 2291 versabatur
452 2234 710 2290 intentio.
746 2235 984 2299 Quorum
1017 2248 1110 2287 rex
1161 2232 1400 2304 primum
1443 2241 1573 2287 tunc
1612 2232 1726 2285 Hu-

96 2341 297 2400 gonem
341 2324 847 2395 archiepiscopum,
908 2322 1311 2378 mediatoribus
1350 2321 1561 2377 Othone
1583 2321 1723 2375 duce

96 2417 567 2483 Lethariensium,
621 2424 677 2471 et
734 2415 1085 2470 Adalberone
1142 2415 1426 2486 praesule,
1490 2415 1722 2487 llugoue

96 2522 322 2578 quoque
353 2507 498 2561 duce
526 2504 809 2576 praecipue
857 2503 1380 2575 insistente,recipit
1410 2520 1477 2560 eo
1508 2513 1721 2570 tenore,

96 2597 441 2663 utabbatiaz,
474 2612 613 2668 quas
641 2596 927 2650 dimiserat
985 2595 1241 2651 Artoldus
1279 2595 1347 2650 ad
1375 2611 1561 2671 regem
1595 2610 1725 2666 pro-

96 2691 293 2754 fectus,
328 2689 556 2745 Artoldo
606 2689 871 2760 episcopo
902 2689 1343 2756 restituerentur,
1377 2688 1524 2743 aliud
1556 2689 1721 2743 etiam

95 2780 444 2851 episcopium
490 2778 597 2849 ipsi
655 2778 1059 2849 provideretur,
1107 2777 1372 2833 fratribus
1418 2793 1640 2849 quoque
1669 2785 1723 2832 et

99 2871 430 2942 propinquis
460 2871 584 2938 ejus
622 2869 883 2936 honores,
941 2883 1079 2939 quos
1128 2884 1193 2922 ex
1248 2868 1570 2938 episcopatu
1618 2868 1725 2923 Re-

99 2963 272 3017 mensi
307 2964 640 3027 habuerant,
677 2961 1062 3016 redderentur.
1117 2961 1311 3016 Postea
1349 2961 1530 3015 caeteri
1590 2975 1727 3031 quo-

97 3070 200 3125 que
226 3052 330 3107 filii
365 3052 637 3108 lleriberti
697 3052 914 3108 comitis
962 3053 1309 3123 recipiuntur
1364 3069 1395 3107 a
1428 3068 1574 3124 rege.
1613 3053 1725 3105 llu-

93 3159 161 3214 go
210 3143 463 3213 denique
519 3142 720 3213 praesul
801 3141 1109 3196 Amblicum
1167 3142 1415 3213 (Ambig)
1482 3152 1726 3196 castrum

92 3237 238 3306 cepit
293 3244 467 3307 atque
516 3234 843 3299 combussit,
935 3236 1085 3306 quod
1168 3234 1442 3290 Robertus
1499 3243 1555 3290 et
1610 3236 1726 3290 Ro-

1824 674 2071 745 loquium
2094 673 2201 729 sibi
2239 679 2507 730 occurrat.
2531 674 2647 738 Quo
2675 672 2943 740 abeunte,
2974 678 3172 728 tractat
3198 688 3322 729 cum
3354 689 3444 743 eo,

1824 768 1904 824 uti
1934 785 2030 824 rex
2067 768 2295 825 obsides
2325 770 2394 824 ab
2425 769 2653 845 IIugone
2680 766 3106 839 archiepiscopo
3137 768 3371 840 accipiat
3392 775 3447 827 et

1825 862 1894 917 ab
1922 862 2215 919 obsidione
2245 863 2504 920 Rcmensi
2530 863 2803 931 discedat,
2820 869 3098 935 quatenus
3130 863 3278 919 idem
3312 880 3451 936 prai-

1824 958 1931 1026 sul,
1964 958 2322 1015 denominato
2362 959 2585 1032 placito,
2621 959 2688 1014 ad
2710 957 3052 1014 reddendam
3085 960 3355 1016 rationem
3379 961 3449 1017 de

1824 1048 2251 1120 omni‘hus,qum
2271 1067 2362 1105 rex
2405 1051 2473 1104 ab
2499 1065 2565 1105 eo
2610 1047 2915 1121 quazsierit,
2956 1048 3201 1104 accedat.
3240 1048 3450 1114 Quibus

1825 1139 1929 1210 hoc
1954 1138 2066 1193 'sibi
2096 1147 2287 1194 tenore
2320 1140 2460 1193 datis
2489 1155 2579 1194 rex
2624 1139 2693 1193 ab
2750 1137 3047 1193 obsidione
3079 1138 3291 1194 recedit
3326 1148 3450 1210 post

1824 1208 2072 1302 quintam
2101 1230 2372 1285 decimam
2406 1248 2515 1303 qua
2545 1230 2736 1287 civitas
2792 1229 3021 1285 obsessa
3051 1229 3230 1286 fuerat
3277 1230 3447 1287 diem.

1822 1321 1932 1378 Nec
1961 1323 2133 1378 multo
2166 1330 2291 1394 post
2331 1322 2476 1377 idem
2500 1339 2592 1378 rex
2621 1340 2653 1379 a
2684 1324 3051 1381 Nordmanuis
3080 1324 3451 1395 comprehen—

1822 1422 2101 1481 suscst,et
2133 1416 2663 1473 Rodomidetentus.
2691 1418 3061 1493 Hugolmesul
3094 1417 3447 1473 Altimomem

1823 1513 2061 1561 castrum
2123 1508 2409 1573 obsidens,
2466 1517 2591 1579 post
2640 1517 2852 1580 septem
2916 1510 3085 1564 ferme
3143 1507 3450 1564 obsidionis

1827 1597 2206 1653 hebdomadas
2256 1599 2469 1669 recipit,
2547 1600 2817 1656 reddente
2875 1600 3011 1655 illud
3060 1599 3166 1655 sibi
3222 1600 3453 1654 Dodone

1826 1689 2016 1744 domui
2047 1690 2256 1744 Artoldi
2294 1689 2484 1760 fratre,
2536 1691 2630 1746 tali
2663 1692 2767 1747 sub
2816 1692 3163 1759 conditione,
3195 1698 3255 1747 ut
3276 1690 3448 1746 filium

1828 1777 2003 1849 ipsius
2028 1785 2083 1832 et
2121 1777 2295 1833 filium
2349 1778 2533 1834 fratris
2577 1780 2663 1835 sui
2715 1780 3047 1852 suscipiens,
3082 1780 3226 1836 idem
3250 1781 3449 1852 praesul

1826 1870 2163 1925 concederet
2208 1871 2291 1925 eis
2330 1879 2533 1926 terram
2573 1879 2792 1943 patrum
2820 1888 3045 1928 suorum

2398 1983 2609 2039 CAPUT
2664 1984 2867 2039 XXXII.

1825 2077 1900 2129 De
1929 2078 2266 2130 restitutione
2303 2077 2504 2144 regula:
2530 2079 2588 2131 in
2609 2080 2932 2132 monasterio
2963 2081 3141 2133 sancti
3193 2080 3448 2147 Remigii,

2099 2152 2147 2201 et
2173 2151 2555 2202 constitutione
2584 2149 2798 2204 abbatis
2830 2151 3135 2205 Hincmari.

1896 2234 2185 2290 Advocans
2208 2235 2451 2306 denique
2491 2235 2581 2289 hic
2622 2234 2867 2306 pontifex
2899 2234 3317 2291 Ercamboldum
3340 2250 3455 2290 mo-

1827 2324 2054 2379 nasterii
2075 2325 2249 2381 sancti
2274 2325 2563 2381 Benedicti
2594 2325 2878 2394 abbatem,
2909 2325 3156 2401 regulam
3184 2326 3453 2382 monasti-

1825 2434 1942 2474 cam
1977 2420 2032 2474 in
2064 2419 2405 2475 monasterio
2434 2420 2605 2475 sancti
2640 2420 2877 2496 Remigii
2924 2420 3216 2477 restituere
3247 2421 3451 2476 decer-

1825 2516 1922 2576 tat,
1975 2511 2325 2567 constituens
2377 2511 2456 2565 ibi
2516 2512 2773 2568 abbatem
2816 2511 3166 2569 Rincmarum
3200 2512 3450 2582 ejusdem

1823 2598 1929 2653 loci
1948 2601 2302 2656 monachum.
2335 2599 2548 2675 Regina
2573 2600 2852 2675 Gerbcrga
2873 2617 3054 2673 nuper
3081 2602 3148 2656 ad
3180 2601 3451 2657 Othonem

1825 2705 2012 2765 regem
2044 2690 2270 2746 fratrem
2302 2708 2463 2747 suum
2489 2693 2824 2766 legationem
2848 2694 3145 2760 direxerat,
3178 2693 3450 2750 auxilium

1825 2782 2136 2853 deposcens
2165 2784 2234 2839 ab
2285 2801 2353 2840 eo
2403 2794 2599 2841 contra
2657 2786 2945 2860 llugonem
2998 2786 3332 2858 principem,
3365 2786 3455 2842 cui

1825 2875 2152 2931 Laudunum
2184 2877 2525 2943 reddiderat,
2566 2884 2627 2932 ut
2656 2880 2932 2951 reciperet
2963 2879 3300 2935 Ludovicum
3366 2895 3457 2933 rc-

1826 2983 1974 3045 gem,
2008 2984 2175 3040 quem
2221 2969 2397 3043 Hugo,
2442 2970 2545 3024 sub
2586 2970 2838 3025 custodia
2895 2979 3233 3041 receptuma
3274 2969 3455 3024 Nord-

1828 3063 2069 3131 mannis,
2104 3064 2404 3119 retinuerat
2444 3064 2612 3135 (916).
2655 3063 2755 3128 Qui
2798 3063 2936 3119 Otho
2966 3063 3267 3117 maximum
3297 3062 3457 3119 colli-

1829 3170 1968 3228 gens
2008 3170 2073 3209 ex
2124 3155 2388 3209 omnibus
2439 3154 2627 3229 regnis
2675 3153 2792 3208 suis
2850 3153 3176 3219 exercitum,
3214 3153 3366 3209 venit
3398 3152 3454 3208 in

1830 3245 2138 3312 Franciam,
2169 3245 2477 3301 Conradum
2533 3261 2759 3317 quoque
2814 3259 3003 3300 secum
3038 3244 3253 3300 habens
3282 3243 3457 3300 Cisal-

92 3331 278 3387 dolfus
320 3330 544 3397 fratres,
605 3331 700 3401 qui
753 3329 972 3385 fuerant
1028 3329 1212 3384 Remis
1251 3329 1487 3400 expulsi.
1511 3328 1729 3383 deline-
1755 3330 1801 3399 C
1828 3338 1973 3409 pinte
1995 3337 2184 3393 Galliae
2218 3354 2429 3411 regem.
2490 3337 2703 3404 Quibus
2732 3352 2828 3393 rex
2873 3336 3201 3394 Ludowicus
3235 3336 3455 3394 obviam

94 3424 255 3487 bant:
274 3423 432 3478 Imde
448 3422 892 3492 depraedationes
914 3438 1013 3492 per
1033 3422 1378 3493 episcOpium
1400 3421 1727 3475 Remensem
1830 3427 2133 3499 profectus,
2166 3429 2300 3483 satis
2326 3427 2701 3483 amicabtliter
2728 3434 2784 3483 et
2816 3426 3124 3484 honoriﬁce
3156 3426 3460 3499 suscipitur

91 3513 397 3569 faciebant.
435 3514 570 3567 ltem
602 3511 863 3583 praefatus
882 3513 1341 3584 archiepiscOpus
1367 3514 1728 3569 Altimontem
1830 3517 1900 3572 ab
1916 3517 1996 3571 eis
2061 3516 2262 3589 Sicque
2312 3516 2521 3588 pariter
2553 3515 2881 3585 Laudunum
2909 3518 3223 3586 venientes,
3264 3517 3459 3574 consi-

91 3604 469 3658 munitionem
499 3600 741 3668 obsidet,
781 3617 949 3672 quam
986 3601 1223 3656 tenebat
1258 3602 1413 3656 Dodo
1442 3601 1611 3657 frater
1634 3604 1733 3655 Ar—
1832 3610 2136 3682 derataque
2176 3609 2341 3665 castri
2400 3607 2679 3676 ﬁrmitate,
2728 3610 3088 3666 deverterunt
3125 3611 3194 3666 ab
3222 3626 3313 3679 ρο,
3347 3611 3460 3667 ne-

93 3699 547 3772 toldiepiseopi;
581 3698 917 3770 tandemque
948 3706 1177 3770 accepto
1195 3697 1731 3770 parvuloipsiusﬁlio
1834 3718 2081 3757 mensem
2101 3701 2490 3775 aggredientes
2519 3700 2735 3767 urbem,
2779 3717 2944 3775 quam
2978 3701 3266 3775 cingentes
3306 3702 3463 3759 obsi-

91 3796 315 3863 obside,
346 3794 610 3861 discedit,
639 3810 770 3868 rege
801 3810 1027 3866 quoque
1081 3796 1400 3852 mandante.
1443 3798 1601 3850 Anno
1652 3812 1735 3850 se-
1835 3791 2024 3860 dione,
2056 3792 2269 3867 ingenti
2290 3792 2564 3847 vallarunt
2594 3790 2862 3847 exercitu.

89 3902 300 3964 quente
334 3892 490 3963 (944)
522 3890 661 3966 regii
721 3889 929 3945 milites
982 3892 1367 3963 episcopatum
1400 3891 1735 3946 Remensem
2433 3901 2641 3958 CAPUT
2661 3901 2869 3961 XXXII,

90 3987 513 4057 depraedantur,
547 3996 602 4042 et
636 3986 735 4041 ﬁlii
770 3987 1040 4042 Heriberti
1070 3988 1349 4043 abbatiam
1381 3988 1555 4042 sancti
1596 3987 1713 4043 Cris

92 4076 230 4147 pini,
257 4076 622 4148 Rageuoldus
650 4091 874 4148 quoque
931 4076 1212 4132 abbatiam
1255 4077 1426 4132 sancti
1468 4076 1734 4143 Medardi,

90 4169 286 4240 sicque
329 4168 613 4223 alterutris
644 4167 1061 4223 debacchantur
1109 4167 1318 4240 rapinis
1336 4174 1500 4240 atque
1532 4168 1741 4237 deprte—

2158 3997 2234 4050 De
2269 3995 2572 4066 repulsione
2612 3996 2854 4064 Hugonis
2882 3995 3137 4066 episcopi.

1909 4084 2114 4141 Videns
2144 4092 2326 4140 autem
2360 4083 2513 4158 Hugo
2542 4084 2740 4155 praesul
2761 4083 3110 4140 obsidionem
3138 4100 3197 4140 se
3229 4083 3463 4139 tolerare

1841 4194 1954 4235 non
1986 4195 2172 4251 posse,
2206 4193 2390 4250 neque
2422 4185 2586 4234 tantae
2617 4177 2873 4232 resistere
2902 4175 3266 4241 multitudini,
3299 4176 3463 4233 locu-

96 4262 450 4319 dationibus.
720 4333 746 4340 Δ
769 4336 777 4340 Α
798 4334 921 4340 ____
1842 4278 1932 4325 tus
1960 4275 2043 4324 est
2074 4284 2199 4325 cum
2231 4267 2567 4340 quibusdam
2623 4264 2979 4340 principibus
3008 4264 3102 4339 qui
3131 4265 3468 4322 videbantur

1843 4373 1964 4413 esse
1995 4357 2102 4414 sibi
2135 4357 2319 4424 amici,
2351 4356 2611 4413 videlicet
2640 4373 2763 4413 cum
2798 4356 3045 4424 Arnulfo,
3093 4355 3187 4430 qui
3216 4357 3338 4428 ejus
3366 4374 3466 4414 so-

163 4428 242 4500 De
269 4426 559 4482 obsidiem
570 4426 725 4482 urbis
739 4429 1017 4484 Bernensis
1046 4429 1116 4483 ab
1145 4431 1388 4483 emercitu
1408 4428 1673 4485 Ludovici

1844 4455 2127 4513 rorem,et
2187 4447 2427 4502 Widone
2491 4446 2558 4518 [j,
2612 4446 2864 4515 Uddone,
2904 4451 2955 4501 ct
3001 4426 3157 4516 infra
3196 4426 3468 4519 Uddonis]

860 4522 1021 4588 νθθίεο
1843 4540 1976 4612 quia
2003 4539 2225 4594 amitam
2290 4538 2464 4610 ipsius
2517 4538 2761 4593 habebat
2808 4539 3215 4607 uxorem,.sed
3261 4546 3469 4596 etcum

164 4611 333 4666 Anno
384 4617 513 4683 post
544 4610 691 4666 hunc
742 4611 907 4681 (915),
971 4612 1066 4684 qui
1131 4619 1214 4667 est
1277 4613 1443 4681 hujus
1485 4612 1705 4683 prazsuli

1844 4633 2178 4689 llerimanno
2212 4631 2357 4703 [ms.,
2388 4630 2720 4702 Hermanno]
2755 4630 3013 4686 Widonis
3038 4630 3472 4703 fratrequzesivit

96 4710 331 4777 quintus
353 4709 410 4764 in
443 4709 795 4781 episcopatu,
818 4724 913 4763 rex
941 4708 1269 4773 Ludovicus,
1292 4709 1712 4791 collectosecun

1847 4724 1916 4778 ab
1939 4723 2021 4778 eis
2063 4721 2197 4795 quid
2234 4720 2346 4778 sibi
2396 4720 2541 4777 foret
2573 4721 2874 4794 agendum.
2908 4720 3009 4785 Qui
3039 4721 3150 4776 tale
3181 4722 3470 4777 consilium

92 4803 611 4874 Nordmannoruml
645 4803 912 4871 exercitu,
979 4804 1486 4861 Veromandensem
1543 4821 1712 4881 pagur

1846 4815 2122 4870 dederunt
2148 4813 2225 4882 ei,
2264 4821 2324 4869 ut
2349 4812 2712 4887 egrederetur
2742 4828 2867 4868 cum
2895 4813 3011 4867 suis
3044 4819 3099 4868 et
3132 4812 3471 4887 relinqueret

96 4897 478 4968 deprendatur.
527 4897 937 4969 Assumptoque
983 4913 1106 4953 cum
1176 4898 1310 4969 ipsis
1368 4897 1592 4952 Erluino
1618 4912 1741 4952 cum
1844 4905 2217 4977 urbem,quia
2248 4905 2304 4960 id
2362 4904 2697 4976 dispositum
2729 4921 2761 4959 a
2813 4904 3041 4980 regibus
3067 4906 3475 4961 οτοιαιοιῃηί-

98 4996 254 5059 parte
277 4989 526 5043 militum
564 4988 796 5057 Arnulﬁ,
851 4988 947 5046 sed
979 4997 1034 5045 et
1064 4990 1290 5045 Artoldo
1319 4990 1582 5062 episcopo
1614 5007 1736 5045 cum
1839 4997 2024 5053 modis
2053 4995 2689 5068 expellerentur,ncque
2722 4994 3059 5050 intervenire
3082 4994 3475 5066 possentapud

99 5077 183 5130 his
210 5078 308 5149 (Ἰοῖ
349 5077 565 5133 (Indum
607 5077 795 5133 Remis
826 5079 988 5147 θὶθοιί
1017 5078 1253 5147 fuerant,
1280 5080 1482 5135 οοηιίῑθ
1514 5095 1738 5153 quoque
1844 5109 2006 5167 rcges
2035 5108 2137 5165 pro
2165 5091 2312 5165 ipso,
2341 5091 2478 5165 quin
2518 5090 2569 5146 ei
2601 5096 2930 5145 eruerentur
2950 5088 3184 5154 oculi,si
3214 5088 3408 5145 urbem
3422 5092 3477 5146 vi

101 5171 390 5228 Bernardo
451 5187 515 5228 ac
571 5172 915 5230 Theoderico
961 5184 1163 5246 nepote
1211 5176 1407 5247 ipsius,
1442 5176 1712 5232 Remorun

1847 5183 1969 5254 capi
1999 5182 2345 5257 contigisset.
2381 5181 2498 5246 Quo
2538 5180 2774 5236 consilio
2824 5187 3088 5250 percepto
3113 5195 3181 5235 ac
3205 5180 3323 5234 suis
3345 5179 3482 5236 inti-

94 5264 264 5319 vallat
298 5264 505 5319 urbem
530 5281 545 5330 ;
578 5270 863 5319 vastantur
881 5265 1315 5337 circumquaque
1338 5267 1712 5340 segetes,villa

1848 5281 2020 5342 maio,
2053 5280 2181 5345 post
2210 5272 2426 5329 tertiam
2457 5270 2771 5327 obsidionis
2802 5270 2949 5325 diem
2999 5287 3123 5326 cum
3156 5288 3302 5343 pene
3333 5288 3480 5328 cun-

98 5371 207 5427 que
226 5356 605 5427 diripiuntur,
638 5362 692 5410 et
720 5356 918 5427 partim
966 5364 1290 5424 exuruntur,
1326 5373 1542 5414 necnon
1575 5358 1750 5414 eccle-
1852 5364 1956 5419 ctis
1982 5364 2075 5435 qui
2109 5378 2298 5418 secum
2330 5369 2462 5417 tunc
2492 5361 2726 5416 aderant
2756 5359 3051 5427 militibus,
3084 5376 3343 5436 egressus
3374 5369 3482 5418 est.
3540 5402 3543 5403 ν

94 5448 188 5503 sia:
221 5447 426 5519 plures
453 5446 844 5523 effringuntur.
884 5450 1112 5515 Quoties
1130 5456 1432 5525 pugnatum
1457 5451 1523 5506 ad
1545 5458 1749 5523 portas,
1854 5452 2056 5524 Sicque
2087 5468 2247 5524 reges
2298 5467 2424 5507 cum
2471 5449 2755 5521 episcopis
2804 5457 2860 5506 et
2908 5450 3260 5523 principibus
3300 5451 3488 5526 ingrc-

93 5540 176 5594 vel
205 5541 360 5596 circa
428 5556 675 5609 murum,
723 5543 996 5598 vulnerati
1051 5560 1117 5598 ex
1178 5553 1411 5617 utraque
1444 5551 1605 5616 parte
1637 5559 1752 5601 non
1855 5541 2097 5608 dientes,
2126 5540 2345 5607 urbem,
2401 5538 2667 5595 domuum
2711 5538 2999 5595 Artoldum
3046 5540 3361 5613 prtesulem,
3390 5543 3487 5615 qui

99 5631 288 5700 pauci,
320 5630 555 5702 quidam
580 5631 743 5686 etiam
778 5631 1100 5704 interempti
1133 5639 1280 5688 sunt.
1327 5633 1478 5707 Hugo
1510 5634 1754 5706 denique
1858 5631 2066 5686 dudum
2103 5630 2281 5686 fuerat
2313 5628 2546 5698 ejcclus,
2580 5629 2783 5686 iterum
2816 5632 3180 5688 inthronizari
3212 5631 3487 5691 fecerunt.

97 5717 206 5772 dux
228 5718 528 5790 praetiatus
563 5736 689 5775 cum
721 5720 1115 5790 Nordmannis,
1169 5723 1265 5794 qui
1297 5722 1439 5779 fines
1505 5741 1635 5780 suos
1675 5726 1758 5779 in-
1860 5723 2032 5787 Quem
2066 5719 2385 5788 Rotbertus,
2416 5719 2759 5776 Trcvirensis
2786 5720 3263 5795 archiepisc0pus,
3294 5719 3491 5791 etFrc-

96 5808 278 5881 gressi
310 5809 564 5876 fuerant,
589 5824 689 5865 eos
729 5826 841 5867 non
874 5811 1093 5868 modica
1115 5811 1267 5868 caede
1307 5812 1470 5881 fudit,
1504 5820 1560 5870 et
1586 5829 1618 5868 a
1646 5821 1757 5869 ter-
1862 5815 2087 5871 dericus
2132 5811 2622 5890 Magontiaccnsis,
2677 5815 3020 5887 accipientes
3047 5822 3280 5886 utraque
3324 5825 3490 5864 manu

100 5899 275 5954 minis
308 5898 432 5955 suis
461 5900 645 5969 ejecit.
676 5901 807 5959 Post
840 5902 956 5958 haec
1012 5904 1212 5961 Remos
1243 5903 1311 5960 ad
1344 5921 1531 5978 regem
1565 5905 1759 5972 mittit,
1862 5905 2047 5963 eidem
2065 5905 2187 5962 sedi
2212 5902 2594 5963 restituerunt.
2624 5902 2838 5962 Deinde
2856 5901 3242 5973 relinquentes
3256 5898 3492 5954 Gcrber-

713 4333 922 4390 CAPUT
950 4334 1133 4391 XXXI.
