3912 6416
470 430 581 486 308

1593 428 1965 485 FLODOARDI
2004 428 2310 486 CANONlCl
2351 425 2680 483 REMENSIS

3726 427 3830 480 30$

454 580 597 638 ,gam
625 563 876 640 reginam
933 563 1142 632 Remis,
1202 562 1308 634 ipsi
1362 576 1525 637 reges
1575 578 1699 617 cum
1755 562 2367 637 exercitibusApium.
2418 560 2689 617 lndicitur
2744 560 2934 631 itaque
2988 559 3252 631 synodus,
3312 573 3436 631 qua
3468 565 3524 614 et
3555 559 3825 614 convenit

473 655 591 711 suis
617 661 818 710 terram
859 655 1106 730 Hugonis
1132 652 1541 728 ingrediuntur,
1570 662 1626 709 et
1663 654 1924 727 gravibus
1951 663 2094 710 atte-

473 750 601 799 runt
629 742 1161 814 depradationibus.
1191 742 1409 797 Terram
1441 756 1666 815 quoque
1706 741 2094 800 Nordmanno—

446 847 595 898 .rum
641 837 1022 906 peragrantes,
1077 831 1198 886 loca
1252 846 1491 905 quaque
1515 832 1827 898 devastant,
1865 839 1921 887 et
1961 832 2092 886 inde

473 932 784 979 remeantes
838 922 907 978 ad
949 938 1052 978 sua
1103 923 1313 995 quique
1360 923 1773 1000 regrediuntur.
1811 924 1968 979 Anno
1999 939 2093 978 se-

472 1014 664 1086 quenti
699 1015 851 1086 (949)
882 1031 976 1070 rex
999 1014 1311 1071 Ludovicus
1341 1014 1648 1072 Mosomum
1672 1014 2089 1087 castrum,quod

471 1103 627 1177 Ruga
654 1105 841 1160 Remis
870 1105 1083 1174 ejectus
1100 1105 1399 1174 retinebat,
1429 1107 1652 1163 obsedit
1676 1125 1691 1174 ;
1714 1106 1813 1162 sed
1832 1106 1971 1160 nihil
1990 1120 2089 1176 pro

469 1198 613 1254 votis
651 1196 927 1266 efficiens,
981 1198 1375 1257 recedentibus
1430 1200 1654 1256 tandem
1689 1209 1812 1272 post
1842 1217 2091 1256 mensem

470 1288 927 1346 Lothariensibus
953 1291 1047 1362 qui
1080 1307 1271 1346 secum
1313 1298 1494 1359 erant,
1527 1292 1647 1363 ipse
1678 1292 1879 1348 Remos
1908 1309 2094 1348 rever-

469 1376 626 1435 titur.

537 1469 654 1536 Quo
680 1469 750 1525 ad
773 1469 1044 1527 Othonem
1104 1488 1291 1548 regem
1352 1472 1423 1528 ad
1454 1472 1853 1529 celebrandum
1885 1472 2093 1528 Pascha

467 1560 740 1634 profecto,
777 1563 931 1639 Rugo
958 1564 1267 1636 princepsa
1288 1563 1624 1638 quibusdam
1650 1573 2092 1638 prasumptuose

430 1678 433 1679 ν
466 1670 753 1726 pervasus,
802 1655 1136 1712 Remensem
1197 1674 1322 1713 cum
1356 1658 1582 1732 Rugone
1634 1660 1892 1731 prasule,
1933 1658 2089 1730 quasi

466 1759 593 1799 mox
624 1753 911 1817 capturus,
944 1746 1267 1822 aggreditur
1305 1748 1501 1804 urbem
1537 1765 1552 1813 ;
1593 1747 1966 1819 frustratoque
1992 1763 2093 1802 ne-

463 1835 640 1909 gotio,
674 1837 1068 1894 resistentibus
1094 1839 1245 1912 regis
1274 1846 1331 1895 et
1368 1839 1576 1896 Artaldi
1617 1839 1867 1911 episcopi
1892 1838 2091 1894 militi-

464 1927 592 1995 bus,
623 1937 818 1985 octavo
869 1936 1162 2002 postquam
1212 1931 1551 1988 advenerant
1591 1931 1701 1999 die,
1728 1931 1891 1987 .illusi
1935 1948 2091 1987 rece-

466 2020 625 2076 dunt.
678 2021 949 2079 Defuncto
1026 2023 1262 2079 Deraldo
1320 2024 1775 2080 Ambianensium
1828 2025 2087 2097 prasule,

462 2112 761 2169 Tetbaldus
802 2115 1062 2187 quidam,
1120 2115 1379 2172 Ecclesia
1432 2116 1779 2173 Suessonica
1809 2117 2090 2172 archidia-

469 2222 644 2264 conus
681 2208 971 2265 ordinatur
999 2208 1069 2264 ab
1093 2209 1323 2285 Hugone
1360 2210 1750 2267 Ambianensis
1769 2210 2089 2282 epiSCOpus.

470 2296 756 2355 Conventu
812 2300 999 2371 placiti
1050 2317 1242 2373 regum
1294 2301 1555 2357 Ludovici
1579 2308 1634 2357 et
1665 2301 1898 2357 Othonis
1925 2318 2093 2372 super

468 2386 901 2461 Charam(Cher)
953 2389 1180 2445 ﬂuvium
1225 2401 1584 2466 congregato,
1640 2407 1729 2447 res
1776 2391 1890 2446 litis
1949 2390 2094 2446 inter

466 2479 678 2534 Aldum
714 2488 768 2535 et
790 2478 1099 2552 Hugonem,
1132 2480 1421 2535 Remensis
1452 2480 1709 2535 Ecclesia
1734 2481 2093 2553 prasules,ab

465 2571 748 2643 episcopis
776 2572 998 2628 auditur
1023 2591 1038 2640 ;
1082 2581 1137 2629 et
1167 2573 1299 2645 quia
1326 2573 1575 2645 synodus
1605 2580 1736 2628 tunc
1757 2581 2094 2648 congregata

462 2674 575 2714 non
609 2659 809 2727 fuerat,
843 2661 1131 2717 altercatio
1152 2662 1516 2718 determinari
1566 2677 1680 2718 non
1728 2664 1931 2733 potuit.
1990 2664 2093 2733 Sy-

462 2753 645 2809 nodus
674 2760 857 2811 autem
902 2754 1049 2810 circa
1087 2755 1335 2811 medium
1390 2757 1601 2813 mensis
1648 2757 1971 2814 Novembris
1996 2759 2093 2813 ha-

460 2839 649 2896 benda
695 2842 1077 2899 denuntiatur.
1132 2843 1355 2899 Interim
1411 2860 1543 2899 vero
1593 2844 1756 2900 sedes
1802 2845 2092 2901 Remensis

458 2932 682 2989 Artoldo
713 2934 1058 3000 conceditur,
1118 2934 1273 3010 [Iugo
1309 2934 1538 2991 Mosomi
1568 2935 1831 2991 remorari
1855 2936 2087 3006 permit-

461 3021 616 3077 titur.
650 3021 940 3090 Heriveus,
971 3038 1145 3094 nepos
1171 3024 1390 3079 Herivei
1412 3024 1842 3096 archiepiscopi,
1877 3025 2087 3080 habens

457 3114 831 3171 munitionem
862 3132 1027 3188 quam
1060 3114 1434 3171 adiﬁcaverat
1485 3116 1621 3172 citra
1648 3116 1947 3172 Matronam
1980 3117 2089 3173 ﬂu-

2194 652 2251 708 in
2278 652 2567 708 ecclesiam
2627 651 2805 706 sancti
2861 651 3003 706 Petri
3062 651 3120 705 in
3178 658 3475 722 prospectu
3509 649 3732 705 Mosoni
3765 665 3824 703 ex

2194 740 2750 797 diacesiTrevirensi
2795 748 2962 812 atque
3019 739 3304 795 Remensi.
3360 740 3605 794 Veniens
3637 745 3823 792 autem

2194 832 2328 887 illuc
2380 833 2534 908 llugo
2574 833 2796 904 prasul,
2852 839 2907 887 et
2955 832 3173 887 locutus
3228 846 3353 886 cum
3433 830 3708 885 Rotberto
3740 847 3828 884 ar-

2192 925 2567 996 chiepiscopo,
2600 925 2872 997 synodum
2913 921 3363 998 noluit'ingredi.
3425 921 3664 977 Litteras
3693 938 3826 976 vero

2192 1016 2457 1087 quasdam
2490 1032 2555 1071 ex
2595 1015 2818 1071 nomine
2877 1015 3091 1091 Agapiti
3145 1016 3393 1085 (Agapit.
3425 1014 3495 1084 ΙΙ)
3523 1029 3687 1084 papa
3715 1013 3825 1066 mi-

2192 1106 2267 1159 sit
2294 1106 2363 1160 ad
2388 1107 2683 1177 episc0pos
2714 1123 2811 1176 per
2838 1106 3101 1161 clericum
3154 1121 3339 1171 suum,
3393 1105 3487 1176 qui
3518 1120 3616 1160 eas
3651 1103 3824 1159 Roma

2193 1198 2489 1267 detulerat,
2545 1201 2683 1255 nihil
2718 1200 3061 1257 auctoritatis
3111 1199 3396 1255 canonica
3441 1198 3823 1262 continentes,

2192 1295 2290 1349 sed
2321 1296 2426 1351 hoc
2455 1305 2667 1351 tantum
2720 1296 3133 1368 praecipientes,
3166 1302 3225 1350 ut
3282 1293 3496 1368 Rugoni
3541 1293 3822 1351 Remense

2193 1389 2524 1447 redderetur
2552 1391 2922 1463 episcOpium.

2276 1488 2485 1555 Quibus
2531 1486 2692 1543 lectis
2747 1486 3160 1558 responderunt
3197 1484 3471 1556 episcopi,
3520 1500 3637 1541 non
3697 1498 3821 1539 esse

2194 1587 2424 1661 dignum
2453 1582 2540 1639 vel
2562 1598 2891 1656 congruum,
2915 1589 2975 1637 ut
2997 1582 3314 1653 apostolica
3341 1580 3644 1656 legationis
3670 1596 3824 1635 man-

2194 1680 2405 1743 datum,
2447 1675 2596 1748 quod
2628 1674 2840 1730 dudum
2871 1673 3168 1729 Rotbertus
3211 1673 3694 1744 archiepiscOpus,
3719 1670 3819 1725 de-

2191 1768 2405 1824 ferente
2453 1764 2746 1820 Frederico
2769 1762 3201 1835 Magontiacensi
3224 1761 3483 1833 prasule,
3511 1774 3698 1816 coram
3733 1774 3821 1813 re-

2189 1857 2354 1931 gibus
2378 1864 2434 1910 et
2461 1852 2741 1924 episcOpis
2797 1858 3138 1921 susceperat,
3203 1849 3644 1906 intermitterent
3690 1861 3819 1919 pro—

2193 1952 2316 2017 pter
2336 1944 2437 1999 has
2479 1944 2710 2008 litteras,
2766 1957 2904 2012 quas
2945 1940 3235 1995 insidiator
3268 1946 3324 1994 et
3354 1938 3590 1994 amulus
3613 1935 3818 1991 Artaldi

2190 2034 2443 2106 prasulis
2468 2031 2770 2088 exhibebat
2804 2048 2817 2083 :
2852 2030 2963 2085 imo
3006 2029 3155 2100 quod
3188 2027 3516 2103 regulariter
3530 2034 3818 2095 caperant

2188 2123 2454 2180 canonice
2482 2126 2927 2194 pertractaretur.
2987 2118 3189 2188 Sicque
3242 2114 3563 2187 praecipitur
3601 2113 3819 2168 recitari

2190 2213 2495 2284 capitulum
2537 2210 2607 2265 19
2668 2207 3117 2282 Carthaginensis
3162 2205 3385 2261 concilii
3440 2204 3509 2259 de
3553 2213 3817 2259 accusato

2189 2311 2245 2361 et
2271 2310 2614 2359 accusatore.
2648 2300 2765 2365 Quo
2825 2298 3074 2364 recitato,
3137 2296 3498 2365 dijudicatum
3527 2302 3635 2359 est,
3661 2292 3819 2360 juxta

2194 2391 2589 2447 difﬁnitionem
2613 2388 2776 2457 hujus
2798 2385 3046 2457 capituli,
3106 2392 3167 2439 ut
3203 2382 3428 2439 Artoldo
3458 2381 3815 2437 communio-

2195 2501 2325 2541 nem
2354 2491 2410 2538 et
2461 2480 2780 2554 parochiam
2828 2478 3159 2534 Remensem
3209 2475 3507 2540 retinente,
3542 2472 3697 2546 Hugo
3725 2472 3816 2543 qui

2194 2572 2264 2627 ad
2294 2571 2436 2626 duas
2474 2571 2589 2640 jam
2641 2568 2886 2640 synodos
2933 2575 3195 2623 evocatus
3226 2566 3418 2622 venire
3456 2571 3816 2632 contempse-

2196 2673 2352 2731 rat,a
2411 2663 2803 2720 communione
2851 2667 2908 2715 et
2967 2659 3237 2733 regimine
3279 2656 3566 2712 Remensis
3598 2656 3822 2726 episco-

2194 2756 2271 2829 pii
2321 2756 2651 2823 abstineret,
2703 2755 2885 2809 donec
2926 2753 2997 2807 ad
3036 2750 3408 2806 universalem
3443 2747 3718 2818 synodum
3762 2762 3817 2801 se

2193 2856 2526 2924 purgaturus
2564 2854 2899 2904 occurreret.
2966 2846 3267 2916 Ipsumque
3325 2841 3629 2913 capitulum
3692 2858 3814 2898 mox

2192 2942 2249 2996 in
2311 2943 2501 2997 charta
2545 2940 2784 2995 describi
2866 2938 3120 2993 fecerunt
3179 2935 3426 3007 episcopi
3482 2950 3671 2990 coram
3730 2952 3811 2999 se,

2190 3033 2585 3087 subnectentes
2643 3032 2787 3084 hanc
2840 3029 3006 3084 etiam
3059 3024 3445 3081 definitionem
3522 3040 3707 3091 suam,
3767 3031 3819 3079 et

2190 3126 2373 3181 eidem
2436 3123 2649 3197 Hugoni
2695 3123 2987 3178 miserunt.
3050 3121 3150 3187 Qui
3208 3130 3336 3191 post
3387 3119 3618 3174 alteram
3672 3118 3815 3173 diem

458 3206 633 3275 vium.
661 3206 822 3263 villa's
863 3208 1158 3263 Bernensis
1206 3208 1454 3279 episcopi
1494 3208 1926 3280 circumquaque
1956 3209 2089 3264 sitas
2117 3220 2445 3293 Ceamdem
2503 3222 2751 3274 chartam
2793 3216 3055 3273 Rotberto
3111 3212 3360 3286 pontifici
3425 3212 3659 3277 remisit,
3716 3212 3817 3267 hoc

459 3295 907 3369 depradabatur,
966 3297 1481 3353 excommunicatus
1538 3296 1606 3352 ab
1662 3297 1889 3353 Artoldo
1944 3314 2089 3368 pra-

458 3387 600 3457 sule,
632 3405 733 3461 pro
789 3390 955 3446 rebus
1022 3407 1159 3463 quas
1218 3390 1498 3446 invaserat
1552 3390 1829 3448 ecclesia.
1890 3390 2088 3447 Contra

461 3479 619 3550 cujus
635 3481 932 3553 praedones
959 3482 1169 3557 egressi
1216 3483 1454 3555 quadam
1487 3482 1579 3537 die
1608 3482 1961 3559 Ragenoldus
1990 3499 2087 3541 co-

460 3592 603 3645 mes,
656 3583 713 3633 et
765 3576 962 3635 fratres
1008 3578 1219 3634 Artaldi
1271 3578 1524 3651 prasulis
1579 3595 1704 3635 cum
1753 3578 2084 3650 quibusdam

460 3671 733 3727 militibus
759 3673 1032 3741 ecclesia,
1065 3673 1216 3744 ipsos
1245 3680 1586 3748 grassatores
1640 3673 1695 3728 in
1752 3672 1937 3746 fugam
1967 3688 2087 3728 ver-

461 3771 605 3819 tunt.
632 3764 749 3829 Quo
805 3765 1015 3832 audito,
1077 3765 1369 3834 Heriveus,
1420 3764 1647 3821 annalis
1704 3781 1845 3837 quos
1898 3781 2085 3820 secum

461 3855 702 3910 habebat
731 3855 1021 3924 militibus,
1054 3872 1312 3931 egressus
1341 3872 1373 3912 a
1402 3872 1503 3911 sua
1530 3855 1860 3923 munitione,
1893 3865 2086 3911 contra

461 3956 680 4003 nostros
706 3947 775 4002 ad
792 3963 1034 4022 pugnam
1080 3948 1248 4014 venit,
1277 3954 1332 4003 et
1357 3962 1691 4022 congressus
1723 3962 1848 4003 cum
1879 3946 1961 4002 eis
1991 3946 2083 4001 in-

460 4048 767 4113 teremptus
796 4049 879 4095 est
910 4056 1034 4095 cum
1074 4056 1300 4096 suorum
1345 4039 1703 4112 quibusdam,
1735 4039 1933 4113 reliqui
1965 4056 2086 4095 om-

459 4146 558 4185 nes
590 4128 648 4184 in
680 4130 867 4205 fugam
908 4139 1039 4186 sunt
1067 4132 1196 4198 acti,
1218 4130 1525 4187 vulneratis
1550 4132 1812 4203 utrinque
1844 4133 2086 4187 nonnul-

459 4219 546 4276 lis.
572 4219 782 4293 Corpus
817 4222 1067 4291 ejusdem
1128 4221 1332 4277 Remos
1392 4237 1425 4275 a
1474 4221 1782 4277 victoribus
1810 4222 2083 4294 perlatum

460 4325 564 4371 est.
606 4314 761 4392 Hugo
791 4317 992 4390 prasul
1050 4333 1341 4374 assumens
1388 4333 1575 4373 secum
1607 4317 1983 4374 Theobaldum
2015 4319 2084 4376 de

460 4407 645 4465 Monte
691 4418 876 4477 acuto,
930 4408 1136 4466 sororis
1164 4425 1279 4466 sua
1324 4408 1606 4478 maritum,
1653 4426 1778 4466 cum
1810 4409 1935 4466 aliis
1960 4410 2085 4482 qui-

456 4496 693 4554 busdam
722 4515 755 4553 a
792 4497 1220 4573 grassatoribus,
1262 4499 1319 4554 in
1367 4498 1525 4554 villas
1564 4498 1751 4554 Remis
1794 4497 2084 4575 contiguas

458 4593 757 4650 vindemia
789 4601 1039 4667 tempore
1093 4594 1268 4652 venit.
1318 4595 1419 4661 Qui
1477 4611 1641 4652 omne
1699 4611 1845 4667 pene
1889 4595 2160 4670 vinumD

458 4687 663 4746 abinde
692 4689 1043 4764 colligentes,
1076 4689 1133 4747 in
1155 4690 1406 4748 diversos
1436 4707 1607 4768 pagos
1631 4691 1933 4748 abducunt.

1033 4816 1243 4873 CAPUT
1280 4818 1505 4873 XXXIV.

850 4912 928 4966 De
954 4911 1160 4981 synodo
1212 4912 1452 4966 νίν-ἀαηὶ
1477 4913 1685 4968 habita.

530 5021 786 5096 Synodus
839 5030 1033 5095 postea
1078 5022 1226 5096 (947)
1298 5023 1531 5080 Virduni
1585 5024 1843 5095 habetur,
1890 5027 2081 5099 prasi-

460 5114 629 5172 dente
643 5114 907 5171 Rotberto
931 5114 1240 5172 Trevirensi
1264 5113 1520 5187 praesule,
1553 5131 1677 5171 cum
1717 5116 1943 5173 Artoldo
1973 5117 2083 5173 Rc-

458 5210 661 5277 mensi,
679 5210 932 5269 Odalrico
948 5211 1211 5285 Aquensi,
1224 5211 1573 5268 Adalberone
1589 5211 2078 5279 Metensi,Gozlino

456 5300 726 5368 Tullensi,
750 5302 1082 5360 Rildeboldo
1116 5305 1258 5377 [ms.,
1290 5303 1637 5376 Hildebaldo]
1662 5305 2078 5361 Tranrshenen-

457 5392 528 5459 si,
559 5392 760 5450 lsraele
816 5395 1060 5464 Britone,
1094 5402 1367 5468 prasente
1404 5410 1625 5469 quoque
1680 5396 1935 5452 Brunone
1979 5398 2077 5451 ah-

457 5484 586 5540 bate
612 5485 761 5558 regis
786 5486 1019 5542 Othonis
1058 5487 1246 5556 fratre,
1299 5488 1586 5564 Agenoldo
1631 5486 1798 5543 etiam
1863 5495 1918 5543 et
1946 5487 2079 5543 Odi-

457 5574 588 5630 lone
615 5571 929 5640 abbatibus,
959 5590 1084 5629 cum
1122 5577 1246 5632 aliis
1287 5576 1590 5631 nonnullis.
1613 5575 1693 5631 Ad
1722 5591 1889 5648 quam
1920 5575 2077 5649 Hugo

455 5670 739 5731 evocatus,
769 5662 953 5718 missis
995 5680 1217 5738 quoque
1272 5665 1491 5721 duobus
1544 5665 1611 5721 ad
1634 5681 1761 5721 eum
1784 5665 2073 5721 deducen-

456 5754 588 5811 dum
615 5751 897 5825 episcOpis
922 5752 1114 5808 venire
1174 5754 1372 5812 noluit.
1421 5755 1688 5813 Universa
1744 5771 1876 5812 vero
1905 5771 2075 5826 syno-

456 5847 562 5906 dus
588 5844 815 5905 Artoldo
880 5847 1139 5905 Remensi
1206 5848 1511 5923 regendum
1573 5848 1827 5906 decernit
1854 5849 2073 5923 episco-

2190 3313 2374 3369 verbis
2431 3312 2784 3377 remandans,
2830 3309 2978 3382 quod
3027 3308 3272 3380 ipsorum
3326 3306 3539 3375 judicio
3595 3321 3814 3377 nequa-

2190 3422 2354 3479 quam
2384 3405 2714 3460 obediturus
2761 3408 2931 3457 esset.
2992 3402 3209 3456 Interea
3264 3400 3457 3455 littera
3508 3397 3814 3469 proclama-

2190 3499 2359 3555 tionis
2386 3497 2592 3554 Artoldi
2642 3495 2894 3568 praesulis
2950 3494 3021 3549 ad
3052 3493 3354 3548 Romanam
3375 3491 3692 3562 diriguntur
3726 3506 3814 3545 se-

2189 3589 2337 3643 dem.
2378 3587 2624 3642 Domnns
2652 3585 2824 3660 igitur
2865 3582 3134 3659 Agapitus
3169 3597 3311 3653 papa
3338 3580 3623 3654 _vicarium
3654 3595 3812 3635 suum

2190 3673 2457 3729 Marinum
2490 3675 2812 3746 episcOpum
2859 3672 3012 3727 misit
3036 3673 3104 3727 ad
3152 3672 3421 3727 Othonem
3470 3686 3659 3744 regem
3690 3686 3817 3741 pro-

2189 3769 2312 3831 pter
2332 3761 2673 3816 evocandam
2710 3769 2766 3814 et
2817 3760 3228 3835 aggregandam
3283 3760 3601 3832 generalem
3651 3772 3816 3828 syno—

2189 3850 2342 3903 dum.
2402 3848 2620 3904 Littera
2674 3864 2899 3920 quoque
2970 3848 3145 3919 ipsius
3191 3862 3348 3918 papa
3401 3844 3699 3899 mittuntur
3747 3845 3813 3898 ab

2187 3941 2325 3997 urbe
2365 3940 2699 4012 quibusdam
2762 3939 3053 4012 speciatim
3085 3938 3388 4011 episc0pis,
3432 3945 3700 3992 vocantes
3720 3953 3815 3991 eos

2186 4033 2255 4089 ad
2278 4034 2529 4089 eamdem
2590 4032 2887 4106 synodum.
2946 4032 3291 4106 Congregata
3323 4030 3568 4103 denique
3599 4030 3812 4100 synodo

2184 4125 2242 4181 in
2272 4126 2475 4199 palatio
2506 4125 2909 4201 Engulenheim
2969 4125 3117 4196 (948,
3150 4123 3179 4179 7
3200 4126 3398 4194 Junii),
3433 4122 3666 4180 recitata
3692 4129 3816 4176 sunt

2186 4221 2305 4276 hac
2333 4235 2457 4293 qua
2482 4227 2752 4292 sequntur
2768 4234 2953 4275 coram
2986 4218 3209 4292 regibus
3241 4224 3295 4273 et
3324 4216 3605 4288 episcopis
3632 4234 3647 4271 :

2779 4331 2987 4389 CAPUT
3012 4332 3213 4387 XXXV.

2182 4433 2259 4488 De
2286 4429 2491 4500 synodo
2520 4429 2671 4499 apud
2715 4428 3113 4495 Engulenheim
3139 4427 3485 4500 congregata,
3509 4426 3809 4500 ctera-com-

2323 4495 2685 4557 municatione
2732 4501 2977 4565 Hugonis
3003 4500 3263 4566 episcopi.
3296 4497 3471 4551 Series
3502 4495 3631 4549 litis
3670 4498 3809 4549 inter

2327 4573 2629 4630 Artaldum
2656 4576 2706 4626 et
2734 4573 3016 4639 Hugonem
3045 4572 3315 4638 episcopos
3346 4569 3593 4633 agitata.

2256 4665 2467 4720 Sancta
2497 4664 2755 4720 Romana
2782 4669 2837 4718 et
2856 4660 3172 4733 apostolica
3201 4658 3357 4714 sedis
3380 4658 3589 4714 vicario
3607 4656 3811 4714 domno

2181 4757 2417 4824 MARINO,
2471 4756 2859 4826 universaque
2902 4759 3107 4808 sancta
3164 4751 3380 4824 synodo
3416 4748 3567 4823 apud
3629 4750 3812 4823 Eugu-

2181 4848 2426 4905 lenheim
2457 4853 2823 4922 congregata,
2880 4845 3191 4911 Aarowus,
3244 4841 3431 4898 divina
3469 4841 3809 4914 prOpitlante

2182 4940 2497 5007 clementia,
2519 4939 2813 4995 Remorum
2848 4935 3167 5010 episcopus.

2252 5033 2498 5089 Domnus
2524 5031 2787 5106 Agapitus
2839 5045 2983 5102 papa
3007 5028 3219 5083 litteras
3242 5025 3406 5084 nobis
3438 5034 3493 5082 et
3510 5026 3733 5083 cateris
3762 5034 3814 5080 ut

2181 5124 2461 5197 episcopis
2478 5131 2680 5180 nostra
2711 5123 3024 5179 dioeceseos
3051 5119 3272 5188 direxit,
3304 5119 3357 5174 in
3388 5118 3598 5191 quibus
3620 5134 3816 5189 prace-

2181 5220 2280 5291 pit,
2316 5225 2376 5274 ut
2401 5219 2472 5273 ad
2512 5219 2619 5274 hoc
2642 5225 2839 5274 vestra
2863 5217 3168 5274 sanctitatis
3186 5213 3486 5272 concilium
3517 5213 3812 5269 convenire

2178 5308 2549 5376 studeremus,
2585 5307 2657 5362 ita
2710 5306 2963 5362 instructi
3000 5306 3069 5361 de
3101 5303 3381 5369 omnibus,
3407 5309 3468 5356 ut
3498 5300 3580 5355 rei
3612 5302 3809 5356 veritas

2180 5402 2526 5457 miseriarum
2554 5408 2755 5456 nostra
2788 5398 2957 5465 sedis,
2999 5415 3139 5470 quas
3171 5396 3431 5469 patimur,
3462 5408 3659 5449 coram
3681 5410 3804 5448 san-

2180 5494 2368 5551 ctitate
2393 5500 2575 5549 vestra
2595 5489 2889 5547 manifesta
2916 5489 3036 5545 ﬁeri
3067 5495 3275 5562 posset.
3310 5486 3582 5553 Quocirca
3601 5500 3799 5557 prapao

2179 5590 2293 5645 lare
2324 5588 2631 5660 prudentia
2662 5594 2857 5643 vestra
2876 5585 3230 5642 commodum
3250 5582 3531 5649 ducimus,
3563 5583 3799 5655 qualiter

2178 5697 2267 5737 res
2293 5681 2578 5738 exordium
2597 5678 2831 5751 caperit
2867 5678 2981 5734 litis
3003 5677 3190 5748 hujus,
3207 5690 3330 5749 qua
3349 5674 3533 5729 adhuc
3553 5675 3702 5731 inter
3715 5692 3796 5730 me

2173 5773 2231 5821 et
2261 5766 2545 5835 Hugonem
2573 5766 2883 5823 miserrime
2904 5756 3505 5823 ven‘ilaturﬂefuncto
3518 5763 3795 5837 siquidem

2175 5853 2404 5911 Heriveo
2457 5855 2900 5927 archiepiscopo,
2959 5851 3227 5921 Sculfum,
3286 5850 3380 5924 qui
3448 5850 3798 5908 archidiaco-
