3912 6418
111 377 220 433 305

760 373 1087 429 HISTORUE
1126 375 1457 431 ECCLESl/E
1495 373 1745 431 REMENE

1867 375 2047 429 LIBRI
2086 371 2417 438 QUATUOR.
2458 401 2529 411 —-
2568 371 2695 427 ΜΒ.
2740 372 2826 427 lV.

3362 373 3467 429 306

110 514 277 562 natus
305 503 465 559 urbis
492 510 702 559 nostrae
732 510 866 557 tunc
912 500 1097 557 ofﬁcio
1140 502 1493 577 fungebatur,
1524 504 1592 558 ad
1615 519 1750 574 prae-
1765 502 2146 574 Adelitatem.
2181 501 2379 572 Sicque
2418 498 2896 556 concordantibus
2933 498 3149 554 cunctis
3192 504 3302 554 tam
3352 499 3483 555 cle-v

108 597 355 653 sulatum
385 594 644 663 ejusdem
677 593 829 649 sedis
878 593 1166 666 elegimus.
1219 594 1321 657 Qui
1365 593 1611 664 pontifex
1643 609 1738 649 or-

107 687 336 741 dinatus
364 685 528 757 (Vide
552 700 748 754 supra,
782 699 828 738 c.
866 683 976 754 18),
1010 699 1300 739 assumens
1339 686 1517 738 zelum
1550 691 1740 739 contra

106 776 397 848 proximos
455 774 889 846 praedecessoris
933 774 1042 841 sui,
1100 789 1224 828 cum
1288 788 1386 830 eos
1438 790 1537 845 per
1565 783 1742 831 semet

107 869 286 925 aloco
340 868 627 939 depellere
673 882 787 921 non
840 865 1070 932 valeret,
1129 866 1363 921 consilio
1416 865 1556 921 inito
1614 882 1739 922 cum

103 959 444 1032 quibusdam
477 958 635 1013 laicis
664 957 880 1012 scilicet
906 958 1247 1013 consiliariis
1276 958 1414 1025 suis,
1437 959 1740 1014 amicitiam

105 1049 364 1122 quaesivit
386 1048 664 1103 Heriberti
682 1047 1090 1119 comitis,quam
1107 1047 1235 1102 dato
1260 1047 1626 1116 jurejurando
1642 1064 1742 1119 per

102 1139 340 1194 eosdem
379 1137 733 1193 consiliarios
761 1135 1007 1192 obtinuit
1034 1150 1101 1190 eo
1134 1142 1349 1200 tenore,
1371 1145 1431 1190 ut
1458 1144 1582 1205 post
1611 1136 1740 1191 obi-

102 1238 222 1285 tum
245 1229 423 1299 ipsius
471 1227 542 1282 ad
596 1225 931 1282 electionem
959 1223 1241 1296 pontificis
1271 1224 1477 1280 milites
1560 1226 1741 1280 eccle-

100 1318 201 1372 size
231 1316 558 1372 nullatenus
611 1314 922 1385 aspirarent
976 1312 1099 1368 sine
1159 1310 1393 1368 consilio
1425 1312 1601 1384 ipsius
1630 1314 1741 1368 lle-

102 1410 345 1474 riberti;
378 1409 526 1463 idem
556 1422 688 1463 vero
745 1422 933 1461 comes
985 1405 1210 1461 fratrem
1257 1407 1473 1463 Herivei
1531 1422 1742 1477 praesu-

101 1501 199 1567 lis,
240 1507 299 1554 et
328 1506 564 1569 nepotes
606 1497 780 1568 ipsius
837 1512 869 1551 a
919 1496 1343 1567 participatione
1397 1512 1581 1551 rerum
1636 1497 1744 1551 Re-

102 1593 325 1648 mensis
356 1590 628 1663 episcopii
659 1597 962 1660 separaret.

177 1685 397 1751 Quibus
446 1683 701 1755 patratis,
758 1682 1062 1737 insimulati
1118 1689 1248 1737 sunt
1302 1682 1470 1737 iidem
1502 1681 1740 1753 propin-

94 1778 195 1850 qui
226 1778 449 1832 Herivei
507 1777 762 1849 praesulis
814 1794 847 1831 a
904 1776 1247 1832 consiliariis
1279 1775 1449 1832 Seulli
1489 1776 1739 1847 episcopi

98 1869 525 1925 deinfidelitate
558 1869 734 1940 ipsius
783 1869 1021 1923 senioris
1057 1868 1165 1935 sui,
1211 1868 1591 1940 accersitoque
1626 1868 1738 1921 He-

97 1958 321 2013 riberto
367 1958 573 2013 comite
650 1974 775 2012 cum
842 1956 1097 2028 pluribus
1171 1957 1286 2012 suis
1348 1957 1615 2025 jubentur
1669 1956 1739 2010 ad

97 2048 385 2102 rationem
417 2048 759 2102 reddendam
808 2063 991 2102 coram
1041 2047 1177 2117 ipsis
1219 2047 1435 2101 venire.
1497 2047 1558 2101 Et
1610 2046 1742 2118 quia

101 2147 305 2194 contra
336 2154 434 2194 eos
462 2155 493 2193 a
517 2138 723 2210 quibus
775 2138 1016 2194 accusati
1060 2138 1296 2203 fuerant,
1320 2137 1589 2212 singulari
1610 2153 1747 2193 con-

98 2236 267 2308 gredi
298 2235 604 2291 certamine
623 2236 943 2300 noluerunt,
975 2234 1208 2289 sublatis
1234 2234 1302 2288 ab
1324 2235 1404 2289 eis
1418 2236 1582 2289 rebus
1610 2250 1747 2305 quas

102 2349 171 2385 ex
195 2332 466 2403 episcOpo
523 2330 908 2401 possidebant,
974 2329 1366 2400 comprehensi
1406 2336 1537 2384 sunt
1579 2338 1747 2400 atque

103 2423 337 2497 deducti
369 2440 471 2493 per
517 2423 865 2478 Hcribertum
899 2422 1155 2477 comitem
1188 2422 1257 2475 ad
1299 2421 1624 2476 Rotbertum
1658 2437 1749 2476 re-

102 2530 261 2587 gem,
293 2528 454 2586 aquo
503 2514 669 2568 etiam
702 2512 804 2566 sub
858 2510 1113 2567 custodia
1142 2518 1271 2565 sunt
1324 2510 1539 2565 detenti
1574 2526 1751 2581 usque

103 2607 177 2661 ad
202 2615 442 2661 mortem
499 2605 676 2676 ipsius
716 2604 987 2659 Rotberti.
1026 2602 1211 2659 Tertio
1244 2603 1468 2657 demum
1500 2602 1586 2657 sui
1621 2602 1744 2673 epi-

103 2702 374 2766 scopatus
400 2710 569 2761 anno,
593 2692 811 2747 Seulfus
847 2693 1202 2763 episcopatus
1253 2691 1329 2761 (ut
1381 2691 1567 2762 plures
1592 2706 1745 2745 asse—

108 2792 263 2855 runt)
292 2786 364 2841 ab
390 2786 662 2842 Heriberti
683 2785 1046 2842 familiaribus
1074 2799 1290 2840 veneno
1311 2791 1530 2854 potatus
1551 2783 1746 2839 defun-

113 2877 283 2951 gitur.
328 2876 450 2931 Mox
483 2875 671 2945 itaque
701 2889 888 2929 comes
920 2873 1240 2929 Heribertus
1266 2873 1463 2928 urbem
1506 2874 1746 2928 Remen-

112 2981 230 3018 sem
254 2964 480 3029 adiit,et
494 2963 744 3018 ecclesiae
763 2963 993 3033 milites,
1009 2962 1335 3018 clericorum
1350 2978 1572 3033 quoque
1584 2978 1746 3033 quos-

110 3057 238 3111 dam
271 3056 344 3111 de
368 3056 602 3110 rectoris
658 3054 933 3110 electione
987 3054 1056 3109 ad
1086 3071 1246 3108 suum
1293 3054 1587 3111 concilium
1620 3055 1744 3124 (ceu

104 3150 359 3217 juratum
392 3148 590 3219 fuerat)
635 3148 923 3203 intendere
968 3147 1119 3202 fecit.
1146 3145 1278 3201 Cum
1309 3145 1515 3217 quibus
1544 3146 1613 3201 ad
1638 3146 1746 3201 Ro-

1766 1827 1817 1894 B

1840 600 1968 654 ricis
1993 613 2156 669 quam
2199 597 2356 651 laicis
2402 596 2498 667 qui
2558 602 2712 649 extra
2754 594 3107 649 obsidionem
3131 602 3308 661 erant,
3341 596 3471 666 plu-

1841 691 1994 745 ribus
2014 690 2176 744 etiam
2196 703 2388 744 eorum
2417 686 2513 759 qui
2563 686 2735 741 clausi
2761 686 3099 741 tenebantur
3128 686 3186 740 in
3219 686 3463 757 idipsum

1842 779 2176 844 faventibus,
2228 776 2452 848 eligitur
2496 775 2830 831 humilitatis
2881 785 3082 831 nostra:
3139 790 3379 847 persona
3410 777 3466 832 in

1841 870 1949 925 hoc
1973 868 2150 941 magis
2176 882 2348 924 onere
2377 881 2543 938 quam
2585 865 2799 920 honore
2838 864 3155 919 subeundo.
3189 865 3466 935 Aperien-

1842 958 1989 1013 tibus
2016 956 2243 1011 tandem
2286 962 2398 1011 tam
2457 953 2735 1009 militibus
2785 969 2954 1025 quam
3012 951 3227 1008 civibus
3281 959 3471 1025 portas

1840 1048 1995 1103 urbis
2025 1047 2141 1121 regi
2170 1045 2432 1114 Rodulfo,
2489 1053 2546 1101 et
2597 1044 2979 1116 episcOpalem
3008 1044 3469 1101 benedictionem

1842 1140 1990 1194 mihi
2015 1139 2364 1195 tradentibus
2403 1137 2684 1210 episcopis
2727 1136 2824 1209 qui
2880 1137 3111 1193 aderant
3152 1137 3347 1193 decem
3415 1145 3473 1195 et

1839 1238 1984 1295 octo,
2042 1236 2097 1284 et
2152 1228 2588 1299 suscipientibus
2648 1234 2893 1282 nostram
2948 1227 3319 1284 humilitatem
3360 1235 3472 1283 tam

1840 1320 1988 1375 clero
2029 1317 2291 1374 universo
2334 1333 2500 1389 quam
2556 1318 2789 1390 reliquis
2828 1317 3064 1385 civibus,
3099 1317 3237 1373 inibi
3293 1319 3473 1376 intro—

1842 1412 2055 1466 nizatus
2083 1410 2153 1465 ab
2188 1410 2470 1481 episcopis
2523 1417 2728 1466 nostrae
2786 1410 3117 1477 diceeeseos,
3151 1411 3470 1483 impositum

1845 1503 2002 1569 mihi,
2037 1509 2199 1573 prout
2250 1503 2393 1557 Deus
2436 1502 2732 1568 concessit,
2765 1502 3134 1557 ministerium
3166 1518 3267 1573 per
3295 1516 3473 1558 annos

1842 1594 2015 1650 ferme
2060 1611 2257 1651 novem
2310 1594 2554 1660 tractavi,
2610 1595 2877 1650 ordinans
2897 1611 2997 1666 per
3043 1594 3328 1651 dioecesim
3356 1595 3476 1666 epi-

1843 1701 2043 1755 se0pos
2085 1691 2231 1750 octo,
2289 1692 2346 1740 et
2393 1684 2450 1739 in
2482 1685 2773 1757 episcopio
2831 1684 3055 1751 multos,
3106 1693 3270 1755 prout
3316 1699 3474 1740 com-

1841 1784 2038 1849 petens
2083 1778 2396 1845 videbatur,
2450 1777 2705 1841 clericos,
2756 1793 3049 1849 quousque
3105 1792 3257 1833 nono
3316 1784 3470 1849 post-

1840 1866 2068 1921 modum
2100 1882 2267 1932 anno,
2296 1874 2588 1938 postquam
2612 1865 2949 1922 Ludovieum
2982 1880 3192 1938 regem,
3244 1865 3471 1924 favente

1843 1961 2071 2034 Hugone
2089 1961 2417 2032 cunctisque
2431 1959 2588 2032 regni
2610 1958 3324 2035 principibus,Gerbergam
3339 1975 3477 2031 quo—

1844 2068 1953 2123 que
1983 2052 2229 2123 reginam
2257 2051 2650 2106 benedixeram
2680 2056 2736 2103 et
2775 2063 2931 2104 sacro
2955 2047 3307 2118 perfuderam
3324 2049 3479 2105 chri-

1844 2148 2039 2206 smate,
2064 2140 2357 2214 instigatus
2389 2140 2544 2212 Hugo
2576 2153 2762 2194 comes
2784 2136 3071 2192 iracundia
3094 2137 3245 2209 quod
3275 2137 3475 2194 cicon-

1844 2231 2050 2286 sentire
2069 2230 2155 2285 vel
2171 2231 2433 2303 conjungi
2452 2231 2727 2285 noluerim
2744 2228 2812 2282 ad
2828 2228 3000 2300 ipsius
3018 2229 3163 2304 regis
3181 2228 3475 2284 inﬁdelita-

1847 2333 1980 2390 tem,
2012 2324 2278 2378 adhibitis
2324 2338 2510 2379 secum
2567 2324 2855 2380 Heriberto
2885 2325 3171 2392 comite,et
3196 2323 3472 2381 Willelmo

1849 2415 2326 2469 Nordmannorum
2353 2414 2626 2485 principe,
2644 2415 2974 2470 Remensem
3006 2414 3225 2470 obsidet
3250 2414 3471 2470 urbem.

1850 2505 1959 2559 Nec
1987 2505 2231 2575 longum,
2255 2510 2408 2557 sexta
2429 2503 2962 2559 scilicetobsidionis
2998 2502 3109 2566 die,
3142 2504 3373 2559 deseror
3402 2505 3472 2558 ab

1852 2594 2002 2649 omni
2038 2610 2181 2665 pene
2207 2592 2575 2647 coetulaicalis
2604 2592 2835 2647 militiae.
2865 2592 3068 2664 Sicque
3092 2591 3472 2647 derelictusab

1847 2684 2031 2749 his,ad
2064 2684 2349 2755 Hugoncm
2381 2689 2437 2736 et
2458 2682 2806 2737 Heribertum
2823 2682 3126 2753 compellor
3155 2681 3474 2753 exire,aqui

1848 2777 1954 2831 bus
1976 2785 2286 2832 eoarctatus
2300 2775 2720 2844 etconterritus,
2743 2790 2913 2847 cogor
2932 2780 3139 2829 memet
3167 2773 3471 2845 episcopali

1848 2868 2237 2939 procuratione
2269 2866 2528 2920 abdicare
2576 2866 2792 2935 (supra,
2823 2881 2869 2919 c.
2892 2864 3007 2935 27),
3036 2870 3092 2918 et
3122 2863 3197 2918 ita
3225 2880 3316 2918 me
3343 2879 3475 2935 pro-

1847 2966 2140 3036 pellentes,
2196 2962 2251 3016 in
2309 2961 2568 3018 coenobio
2614 2960 2790 3016 sancti
2844 2960 3026 3015 Basoli
3056 2960 3307 3014 habitare
3334 2974 3477 3015 con-

1847 3053 2084 3107 stituunt
2116 3052 2444 3126 ;Hugonem
2484 3066 2617 3106 vero
2663 3049 2836 3104 ﬁlium
2872 3049 3169 3116 Heriberti,
3209 3050 3305 3121 qui
3336 3051 3468 3105 An-

1848 3144 2131 3199 tissiodori
2159 3144 2430 3198 diaconus
2470 3142 2762 3197 ordinatus
2822 3140 3024 3205 fuerat,
3069 3141 3125 3194 in
3146 3141 3343 3195 urbem
3374 3141 3471 3195 in-

105 3202 327 3293 dulfum
361 3254 552 3309 regem
577 3202 825 3312 (pergens
884 3237 941 3291 in
973 3202 1371 3307 Burgundiam,
1403 3235 1645 3291 obtinuit
1672 3234 1742 3290 ab
1769 3202 1819 3271 Ο
1850 3236 2168 3300 troducunt,
2200 3243 2258 3289 et
2313 3234 2534 3289 civitate
2578 3233 2883 3303 potiuntur.
2942 3202 3254 3287 Ludovicus
3284 3241 3472 3288 autem

107 3347 175 3387 eo
238 3338 303 3385 ut
350 3330 459 3385 sibi
523 3330 965 3385 committeretur
1044 3329 1193 3383 idem
1245 3328 1613 3399 episcopium,
1673 3342 1742 3382 eo

107 3429 332 3486 tenore,
377 3426 439 3474 ut
495 3426 605 3473 tam
674 3418 894 3473 clericis
950 3434 1114 3490 quam
1171 3419 1327 3473 laicis
1356 3417 1609 3472 debitum
1640 3417 1742 3471 ho-

107 3525 310 3565 norem
363 3509 698 3563 concederet
742 3514 796 3562 et
845 3516 1217 3575 conservaret,
1259 3523 1362 3562 nec
1418 3506 1741 3576 injustitiam

107 3598 279 3655 alicui
314 3596 528 3652 faceret
569 3613 582 3650 :
617 3596 718 3652 sed
763 3596 945 3666 ipsum
995 3595 1344 3666 episcopium
1404 3611 1564 3667 aequo
1618 3596 1745 3664 jure

106 3688 479 3762 gubernaret,
511 3686 691 3741 donec
720 3686 885 3741 talem
930 3686 1194 3742 clericum
1228 3685 1411 3740 eidem
1456 3684 1573 3758 regi
1603 3700 1747 3756 prae-

106 3787 381 3846 sentaret,
435 3777 530 3850 qui
565 3777 636 3832 ad
667 3778 981 3849 episc0pale
1032 3776 1401 3831 ministerium
1427 3792 1744 3847 exsequen-

109 3870 246 3923 dum
280 3868 388 3923 rite
446 3866 692 3923 ordinari
752 3867 977 3921 valeret.
1032 3865 1133 3929 Qui
1173 3881 1362 3921 comes
1391 3865 1458 3919 ad
1491 3865 1746 3920 eamdem

108 3964 314 4018 urbem
350 3977 663 4033 regressus,
717 3976 807 4015 res
863 3959 1132 4030 epiSCOpii
1166 3961 1352 4030 (prout
1379 3958 1483 4013 sibi
1518 3959 1745 4030 placuit)

110 4051 431 4106 fautoribus
469 4050 587 4105 suis
627 4050 832 4116 divisit,
883 4050 1099 4104 caeteris
1147 4049 1392 4115 abstulit,
1451 4055 1506 4102 et
1533 4047 1748 4120 absque

111 4145 231 4198 ullo
256 4142 474 4211 judicio
507 4142 596 4198 vel
623 4142 747 4215 lege
791 4158 931 4213 quos
976 4140 1153 4196 voluit
1201 4142 1367 4195 rebus
1397 4140 1745 4212 exspoliavit,

114 4236 203 4290 vel
236 4236 308 4289 ab
337 4235 474 4290 urbe
508 4234 771 4305 propulit.
810 4233 1122 4289 Odalricum
1172 4233 1416 4304 denique
1433 4233 1748 4304 Aquenscm

113 4328 450 4399 episcopum
482 4327 537 4381 in
553 4326 748 4381 eadem
769 4324 1236 4397 urbesuscipiens
1265 4324 1583 4396 episcopale
1611 4324 1749 4379 inibi

112 4419 499 4474 ministerium
530 4418 814 4474 celebrare
873 4417 1157 4489 praecepit.
1212 4417 1413 4489 Sicque
1446 4433 1546 4488 per
1575 4432 1754 4473 annos

1854 3344 1947 3383 rex
1968 3343 1998 3382 a
2032 3325 2350 3400 Burgundia
2363 3324 2609 3389 rediens,
2641 3339 2731 3378 me
2755 3324 2903 3394 apud
2924 3330 3178 3378 sanctum
3211 3323 3468 3379 Basolum

1854 3437 1913 3475 re
1919 3420 2034 3492 peri
2044 3426 2443 3486 t,etassumens
2451 3431 2640 3471 secum
2650 3415 2837 3483 ,simul
2848 3430 2972 3470 cum
2987 3415 3316 3486 propinquis
3329 3416 3473 3471 meis

1855 3528 2092 3584 quorum
2123 3526 2212 3565 res
2240 3510 2564 3565 Heribertus
2581 3523 2770 3563 comes
2784 3507 3111 3574 abstulerat,
3136 3506 3466 3562 Laudunum

1847 3604 2092 3671 deducit,
2117 3602 2266 3675 quod
2319 3608 2556 3656 castrum
2602 3608 2735 3654 tunc
2777 3598 3116 3655 obsidebant
3146 3599 3472 3655 Heribertus

1847 3702 2074 3773 etHugo
2103 3717 2118 3753 :
2151 3699 2443 3769 solutaque
2499 3696 2794 3752 obsidione
2833 3696 3100 3767 oppidum
3144 3696 3476 3769 ingrediun-

1848 3799 1954 3857 tur,
1985 3787 2261 3859 nobisque
2306 3792 2543 3841 metatus
2596 3783 2839 3858 degendi
2873 3784 3209 3855 disponitur.
3243 3783 3473 3839 Interim

1846 3879 2033 3934 clerici
2057 3877 2230 3933 nostri
2287 3875 2393 3931 loci
2447 3875 2548 3929 sed
2578 3882 2635 3930 et
2676 3873 2802 3928 laici
2854 3872 3078 3944 quidam
3132 3872 3372 3943 pessime
3400 3871 3472 3925 ab

1848 3970 2135 4026 Heriberto
2173 3975 2499 4033 tractantur,
2557 3974 2614 4021 et
2663 3964 2889 4037 quidam
2919 3963 3249 4021 clericorum
3293 3964 3351 4018 in
3374 3978 3474 4019 (ιιι-

1846 4059 2041 4114 stodiis
2097 4056 2480 4122 retruduntur,
2537 4070 2628 4110 res
2665 4069 2858 4110 eorum
2914 4053 3243 4109 auferuntur
3298 4061 3469 4124 atque

1847 4146 2205 4218 diripiuntur,
2250 4143 2458 4215 rapina).
2487 4158 2590 4215 per
2631 4149 2801 4198 totam
2838 4141 3035 4197 urbem
3085 4139 3232 4196 licite
3265 4155 3468 4211 perpe-

1849 4247 2084 4296 trantur.

1923 4332 2141 4386 interea
2169 4334 2544 4385 convocantur
2567 4325 2815 4398 episcopi
2848 4330 3051 4382 nostra;
3069 4324 3379 4380 dimceseos
3401 4324 3471 4379 ab

1853 4424 2085 4497 Hugone
2125 4428 2182 4477 et
2227 4420 2535 4483 Heriberto,
2583 4417 2965 4503 satagentibus
2994 4424 3049 4471 et
3090 4416 3475 4488 quaerentibus

112 4532 238 4579 sex,
272 4523 326 4569 et
357 4530 425 4569 eo
480 4513 719 4584 amplius
759 4513 906 4567 idem
941 4512 1291 4583 episc0pium
1348 4526 1451 4566 suo
1502 4511 1812 4584 dominio_
1853 4512 1923 4569 ab
1953 4513 2035 4567 eis
2065 4511 2135 4566 de
2183 4509 2535 4566 ordinatione
2595 4506 2842 4579 Hngonis
2886 4505 2987 4560 filii
3034 4504 3331 4561 Heriberti.
3368 4504 3470 4569 Qui

110 4607 448 4674 vindicavit,
510 4578 611 4677 pro
654 4605 816 4660 libitu
871 4578 1097 4674 proprio
1142 4578 1293 4658 illud
1340 4611 1581 4658 tractans
1610 4612 1666 4658 et
1696 4578 2169 4658 inDSuessionis
2195 4598 2539 4672 congregati,
2588 4578 2816 4652 mittunt
2842 4596 2911 4651 ad
2995 4611 3086 4651 me
3143 4594 3470 4650 Laudunum

115 4699 258 4754 sede
289 4698 540 4769 praesulis
571 4696 845 4763 residens,
902 4706 1010 4753 tam
1060 4696 1180 4768 ipse
1211 4711 1375 4767 quam
1405 4695 1606 4764 conjux
1628 4712 1747 4762 sua,

119 4792 305 4846 donec
349 4790 589 4861 septimo
650 4790 872 4845 tandem
927 4805 1101 4856 anno,
1131 4788 1269 4844 ortis
1315 4788 1461 4844 inter
1488 4788 1670 4859 ipsum
1697 4796 1754 4845 et

120 4896 312 4953 regem
346 4877 642 4934 Rodulfum
687 4885 853 4951 atque
882 4879 1168 4952 llugonem
1213 4877 1474 4932 comitem
1517 4877 1751 4949 quibus-

120 4973 250 5026 dam
303 4970 698 5037 simultatibus,
756 4968 1022 5024 Rodulfus
1081 4983 1173 5022 rex
1226 4983 1353 5022 cum
1413 4967 1643 5041 Hugone
1698 4976 1753 5025 et

124 5061 342 5115 Bosone
396 5058 563 5115 fratre
616 5075 740 5127 suo,
788 5059 1116 5130 ueterisque
1165 5057 1417 5128 pluribus
1475 5064 1582 5111 tam
1631 5057 1753 5129 epi-

124 5147 334 5218 sc0pis,
377 5163 543 5220 quam
586 5146 883 5202 comitibus
940 5147 1234 5201 Remorum
1282 5144 1506 5201 obsidet
1533 5145 1752 5215 urbem,

122 5241 591 5298 succensentibus
620 5240 729 5294 sibi
747 5239 1050 5311 episc0pis,
1084 5249 1139 5294 et
1167 5238 1639 5309 conquerentibus
1655 5238 1756 5293 ad-

125 5353 321 5392 versus
348 5352 477 5391 eum
511 5335 662 5407 quod
684 5343 792 5390 tam
843 5334 1105 5389 diuturno
1147 5343 1418 5405 tempore,
1445 5340 1640 5389 contra
1664 5334 1754 5389 di-

126 5430 268 5484 vinae
300 5427 445 5503 legis
471 5424 851 5491 auctoritates,
909 5425 1050 5480 hanc
1076 5423 1273 5479 urbem
1313 5423 1632 5495 permiserit
1659 5439 1756 5481 va-

126 5528 252 5568 care
286 5523 534 5585 pastore.

193 5608 439 5670 Quorum
457 5604 830 5677 querimoniis
861 5612 1143 5675 permotus
1175 5621 1290 5672 rex,
1343 5604 1606 5660 admonet
1634 5604 1750 5659 cle—

126 5711 243 5748 rum
293 5703 351 5750 ct
410 5692 684 5766 populum
729 5693 797 5747 de
852 5693 1088 5763 pastoris
1142 5692 1438 5757 electione,
1483 5693 1625 5748 dans
1672 5693 1754 5748 eis

125 5786 176 5839 id
221 5785 430 5861 agendi
490 5784 807 5839 facultatem
863 5784 932 5839 ad
982 5783 1078 5839 Dei
1122 5785 1388 5841 honorem
1468 5792 1523 5840 et
1577 5784 1663 5839 sui
1692 5783 1758 5838 li-

1851 4691 2226 4764 Hildegarium
2275 4689 2601 4760 episcOpum
2644 4702 2769 4742 cum
2808 4685 2936 4741 aliis
2958 4684 3291 4759 quibusdam
3316 4685 3473 4758 lega-

1821 4781 1943 4847 .tis,
1968 4779 2299 4835 mandantes
2323 4785 2386 4832 ut
2419 4777 2487 4831 ad
2527 4790 2626 4830 eos
2681 4774 2954 4844 venirem,
2995 4774 3065 4829 ad
3115 4772 3475 4829 consentien-

1850 4869 1981 4925 dum
2026 4867 2237 4923 scilicet
2283 4865 2447 4935 hujus
2476 4863 2817 4921 ordinationi
2848 4862 3217 4937 perversitati.
3263 4860 3476 4927 Quibus

1849 4962 2190 5029 remandavi,
2219 4961 2367 5034 quod
2413 4977 2528 5018 non
2559 4967 2709 5016 esset
2753 4957 2891 5013 mibi
2922 4963 3251 5026 competens
3275 4952 3347 5011 ad
3379 4968 3479 5010 eos

1852 5054 1950 5109 illo
1981 5052 2275 5125 proficisci,
2328 5051 2423 5107 ubi
2484 5047 2785 5106 adversarii
2835 5054 2892 5103 et
2949 5044 3163 5101 inimici
3218 5042 3330 5100 mei
3353 5052 3480 5098 cum

1856 5143 1996 5215 ipsis
2016 5151 2175 5199 erant
2200 5140 2505 5216 aggregati.
2534 5138 2691 5203 Quod
2724 5137 2772 5193 si
2816 5133 2970 5207 loqui
2999 5145 3218 5189 mecum
3249 5131 3480 5201 vellent,

1855 5233 1927 5286 ad
1955 5232 2119 5286 talem
2144 5230 2329 5287 locum
2347 5229 2701 5295 devenirent,
2717 5225 2814 5283 ubi
2834 5217 2968 5281 sine
2999 5222 3250 5295 periculo
3279 5221 3349 5278 ad
3378 5236 3481 5280 eos

1854 5323 2121 5380 accedere
2140 5336 2385 5393 possem.
2417 5320 2632 5386 Quibus
2658 5315 3093 5375 advenientibus
3117 5315 3175 5372 in
3198 5313 3381 5372 locum
3411 5314 3482 5373 ab

1853 5415 2066 5471 eisdem
2098 5414 2397 5481 delectum,
2430 5410 2711 5483 profectus
2741 5425 2867 5467 sum
2891 5408 2961 5464 ad
3001 5406 3487 5477 eos,adveniens—

1856 5504 1966 5581 que
2003 5514 2324 5579 prosternor
2350 5520 2536 5562 coram
2594 5503 2750 5576 ipsis,
2802 5502 3106 5560 obsecrans
3153 5507 3227 5558 ut
3260 5507 3491 5573 propter

1855 5613 2100 5655 amorem
2133 5604 2189 5650 et
2213 5597 2482 5650 honorem
2513 5595 2633 5657 Dei,
2667 5603 2778 5648 tam
2810 5593 2967 5654 mihi.
3010 5608 3178 5665 quam
3202 5592 3311 5648 sibi
3331 5606 3487 5648 eom-

1855 5700 2050 5764 petens
2069 5689 2363 5745 consilium
2386 5688 2521 5743 dare
2569 5686 2880 5744 studerent.
2913 5686 3015 5752 Qui
3048 5702 3137 5743 me
3156 5686 3229 5742 de
3257 5684 3489 5742 ordina-

1859 5783 2013 5840 tione
2043 5779 2297 5853 prmdicti
2331 5778 2578 5854 Hugonis
2601 5778 2961 5852 interpellare
2980 5784 3291 5850 eruperunt,
3312 5774 3488 5831 ethoc
