3912 6442
393 377 493 434 307

1515 366 1887 424 FLODOARDI
1927 365 2234 424 CANONICI
2275 366 2603 423 REMENSIS

3647 375 3751 431 308

394 506 733 566 omnimodis
762 504 1020 572 suadere,
1068 510 1132 559 ut
1170 504 1252 558 eis
1280 502 1339 557 in
1369 502 1474 557 hac
1504 500 1857 557 ordinatione
1880 514 2016 556 con-
2039 503 2089 572 Α
2118 499 2557 555 misericordiam
2614 501 2732 565 Dei,
2791 501 2971 557 donec
3008 503 3128 574 ipse
3160 503 3422 577 dignatus
3461 504 3630 560 estin
3661 519 3756 559 cor

394 616 623 656 sensum
654 598 987 671 praeberem,
1019 595 1408 668 promittentes
1446 609 1536 648 res
1565 591 1864 649 nonnullas
1891 592 2017 662 epi-

397 691 708 765 copiimihi
739 705 801 746 se
855 690 1264 761 impetraturos,
1324 688 1389 742 At
1443 702 1549 761 ego
1598 693 1891 758 postquam
1922 701 2016 740 re-

398 799 663 855 sponsum
692 780 789 835 diu
808 778 1156 843 distuleram,
1187 774 1386 831 videns
1418 789 1515 830 eos
1550 783 1781 831 cunctos
1812 775 1867 829 in
1891 788 2020 845 pro—

399 877 580 948 posito
609 873 760 945 quod
782 880 1053 943 ceperant
1084 879 1528 941 perseverantes,
1561 882 1798 941 surgens
1843 865 2019 920 inter-

399 965 514 1022 dixi
572 963 750 1035 palam
808 960 1023 1016 cunctis
1092 959 1472 1025 audientibus,
1537 955 2022 1013 excommunicans

399 1052 724 1109 auctoritate
753 1050 850 1105 Dei
901 1049 1076 1105 Patris
1101 1048 1529 1120 omnipotentis,
1558 1054 1612 1102 et
1641 1047 1784 1112 Filii,
1814 1053 1869 1101 et
1889 1046 2020 1116 Spi-

401 1141 749 1206 ritussancti,
777 1148 839 1196 ut
867 1139 1054 1195 nullus
1082 1154 1276 1194 eorum
1324 1138 1395 1193 ad
1421 1137 1673 1192 eamdem
1706 1135 2021 1191 ordinatio-

401 1250 528 1290 nem
554 1230 863 1296 accederet,
882 1244 984 1283 nec
1037 1228 1203 1284 alicui
1242 1229 1297 1282 in
1330 1226 1635 1298 episcOpali
1670 1227 1901 1291 honore,
1934 1241 2023 1280 me

398 1325 640 1388 vivente,
667 1335 865 1374 manus
909 1318 1225 1389 imponeret
1255 1318 1394 1385 ;sed
1447 1332 1550 1372 nec
1581 1317 1728 1371 ullus
1766 1316 2022 1370 eamdem

401 1407 853 1467 benedictionem
880 1406 1168 1476 suscipere
1200 1412 1580 1477 praesumeret.
1611 1404 1767 1468 Quod
1805 1403 1852 1457 si
1882 1402 2023 1458 forte

400 1503 579 1568 fieret,
604 1502 673 1556 ad
703 1502 896 1556 sedem
948 1484 1309 1571 apostolicam
1341 1514 1439 1554 eos
1490 1513 1870 1569 provocarem.
1908 1495 2022 1550 lllis

404 1592 533 1647 inde
547 1589 879 1655 furentibus,
922 1597 981 1645 ut
1012 1604 1234 1659 possem
1266 1588 1419 1642 exire
1438 1587 1508 1642 de
1536 1586 1722 1641 medio
1749 1593 2025 1651 eorum,et

404 1679 732 1737 Laudunum
770 1678 995 1746 reverti,
1026 1676 1327 1748 temperavi
1372 1691 1698 1746 responsum
1729 1674 1926 1729 dicens
1966 1682 2026 1729 ut

402 1773 688 1830 mitterent
716 1786 957 1837 mecum,
986 1770 1082 1841 qui
1126 1768 1209 1824 eis
1242 1768 1609 1834 renuntiaret,
1644 1766 1778 1838 quid
1806 1765 2025 1821 consilii

404 1862 651 1935 reperire
680 1862 929 1917 valerent
970 1877 1141 1932 super
1180 1861 1284 1915 hac
1330 1876 1390 1915 re
1422 1859 1477 1913 in
1535 1859 1762 1914 domina
1789 1874 1912 1912 mea
1935 1873 2027 1911 re-
2055 1829 2106 1896 Β

406 1956 560 2030 gina,
587 1962 641 2008 et
662 1952 925 2009 fidelibus
945 1953 1092 2021 ejus,
1125 1952 1257 2024 quia
1300 1967 1398 2005 rex
1428 1966 1542 2007 non
1574 1949 1782 2005 aderat.
1815 1949 1894 2003 Ad
1926 1948 2031 2003 hoc

408 2047 491 2102 illi
517 2045 742 2101 mittunt
789 2044 1084 2101 Deroldum
1143 2045 1490 2115 episcopum,
1529 2050 1892 2113 putantesme
1910 2056 2032 2095 esse

410 2144 743 2193 mutaturum
790 2134 1104 2190 consilium.
1157 2134 1271 2199 Quo
1327 2133 1609 2198 veniente,
1635 2140 1689 2186 et
1711 2147 1894 2185 coram
1926 2130 2031 2185 do-

411 2230 563 2284 mina
591 2228 788 2303 regina
804 2237 859 2283 et
916 2225 1178 2282 ﬁdelibus
1205 2226 1325 2295 ejus
1346 2224 1475 2279 inde
1509 2241 1595 2279 me
1620 2223 2031 2295 interpellante,

412 2320 612 2374 iterum
644 2333 948 2392 exsurgens
981 2315 1222 2387 praefata;
1249 2315 1475 2371 modum
1505 2313 2036 2369 excommunicatio-

416 2409 586 2464 nisin
638 2408 863 2463 eosdem
922 2407 1217 2478 episcopos
1268 2404 1545 2476 jaculatus
1594 2420 1714 2458 sum
1746 2420 1762 2469 ;
1793 2403 2036 2458 vocatio-

417 2518 544 2556 nem
573 2516 798 2572 quoque
826 2499 893 2553 ad
944 2499 1141 2554 sedem
1195 2496 1557 2568 apostolicam
1592 2495 1792 2550 iterare
1824 2496 2034 2561 curavi,

415 2590 900 2647 excommunicaus
954 2587 1131 2659 ipsum
1189 2588 1337 2641 hunc
1388 2584 1708 2653 Deroldum,
1761 2585 1817 2639 id
1857 2593 1917 2641 ut
1958 2586 2043 2641 eis

416 2685 646 2742 omnino
678 2699 791 2739 non
839 2688 1071 2749 taceret,
1129 2679 1230 2735 sed
1286 2680 1503 2736 cunctis
1553 2678 1843 2733 manifeste
1903 2693 2039 2749 pro-

419 2778 612 2835 ferret.

491 2870 585 2926 His
622 2870 696 2925 ita
715 2867 909 2942 gestis,
938 2865 1404 2938 parvipendentes
1434 2865 1513 2920 illi
1546 2872 1788 2920 nostram
1819 2880 2045 2920 excom-

422 2959 882 3025 municationem,
946 2958 1135 3014 Remis
1165 2957 1454 3023 accedunt,
1477 2966 1532 3012 et
1586 2957 1810 3029 quidam
1852 2972 2044 3012 eorum

422 3054 763 3114 ordinatioui
818 3055 948 3109 huic
993 3068 1193 3108 manus
1248 3051 1617 3123 applicarunt,
1661 3050 1883 3123 quidam
1915 3065 2046 3107 vero

423 3162 484 3201 se
508 3142 834 3201 subduxisse
865 3141 1134 3197 sciuntur.
1186 3140 1299 3213 Ego
1327 3154 1459 3195 vero
1490 3155 1616 3194 cum
1647 3154 1776 3213 rege
1790 3155 2045 3203 manens,

425 3240 655 3313 quasilli
687 3239 858 3294 scitur
885 3237 1168 3313 angustias
1194 3236 1486 3307 pertulisse
1519 3251 1708 3290 secum
1742 3234 2048 3305 pertuli;et

426 3330 650 3403 quando
681 3344 809 3384 eum
840 3327 989 3383 bello
1010 3325 1257 3401 aggressi
1286 3324 1580 3398 suntHugo
1607 3332 1663 3381 et
1703 3324 2047 3388 lleribertus,

427 3439 555 3479 cum
585 3422 706 3493 ipso
727 3436 899 3480 eram.
927 3424 983 3473 et
1022 3418 1112 3472 vix
1144 3416 1337 3473 mortis
1366 3417 1513 3472 evasi
1558 3416 1881 3486 periculum.
1915 3416 2051 3471 Pro-

428 3513 823 3585 lapsusitaque
850 3509 1058 3566 auxilio
1115 3516 1171 3564 et
1234 3509 1577 3579 protectione
1625 3508 1720 3562 Dei
1768 3507 1838 3562 de
1868 3508 2054 3563 medio

431 3600 805 3664 inimicorum,
827 3598 1095 3672 profugus
1124 3607 1178 3653 et
1206 3598 1574 3672 vagabundus
1601 3597 1722 3652 loca
1756 3597 1900 3651 invia
1914 3614 2059 3669 quae-

432 3711 540 3767 que
569 3694 846 3766 silvasque
874 3693 1168 3763 perlustro,
1230 3709 1341 3749 non
1369 3708 1535 3747 ausus
1560 3700 1712 3747 certo
1743 3692 2051 3748 consistere

430 3788 573 3843 loco.
592 3784 832 3840 Comites
859 3791 1043 3838 autem
1074 3782 1224 3856 llugo
1252 3792 1310 3838 et
1366 3782 1687 3837 lleribertus
1711 3780 1858 3835 alfati
1885 3796 2054 3852 quos-

433 3879 558 3934 dam
592 3881 809 3933 nostros
837 3875 1046 3932 amicos
1096 3874 1204 3928 sibi
1267 3874 1540 3939 subditos,
1575 3873 1812 3928 suadent
1868 3880 1929 3927 ut
1966 3887 2053 3927 me

433 3971 805 4042 requirentes,
826 3970 898 4024 ad
942 3970 1093 4041 ipsos
1138 3968 1436 4035 deducant,
1473 3967 1802 4038 pollicentes
1833 3982 1892 4020 se
1913 3966 2049 4020 mihi

434 4059 846 4125 benefacturos,
878 4064 935 4113 et
967 4056 1135 4111 rebus
1162 4072 1301 4128 quas
1333 4057 1436 4128 ipsi
1468 4057 1735 4126 petissent
1760 4054 2050 4110 ditaturos.

436 4150 803 4225 Requirentes
831 4164 965 4223 ergo
1002 4164 1094 4203 me
1140 4148 1324 4215 amici,
1374 4147 1661 4217 reperiunt
1691 4162 1790 4217 per
1836 4146 2053 4200 diversa

436 4252 751 4321 vagantem,
782 4251 839 4298 et
866 4243 941 4297 ita
972 4242 1243 4313 perducor
1270 4258 1302 4296 a
1330 4240 1593 4296 fratribus
1615 4240 1755 4295 meis
1780 4247 1835 4294 et
1860 4240 2054 4295 amicis

436 4339 505 4394 ad
528 4336 786 4409 praefatos
813 4334 1068 4391 comites.
1122 4333 1220 4398 Qui
1254 4342 1546 4405 postquam
1577 4349 1665 4388 me
1695 4332 1749 4387 iu
1783 4340 2054 4402 potestate

436 4444 537 4483 sua
563 4424 936 4497 conspiciunt,
961 4438 1210 4496 quaerere
1234 4428 1523 4492 coeperunt
1552 4427 1613 4476 ut
1661 4420 1742 4476 eis
1773 4420 1997 4491 pallium
2026 4435 2057 4474 a

438 4520 570 4576 sede
592 4519 838 4574 Romana
857 4516 994 4573 mihi
1016 4516 1279 4571 collatum
1326 4514 1621 4580 traderem,
1646 4521 1704 4568 et
1729 4511 2058 4569 sacerdotali

439 4627 531 4666 me
560 4607 869 4665 ministerio
898 4607 1121 4680 pe‘nitus
1147 4606 1456 4676 abjurarcm
1471 4606 1622 4678 quod
1640 4605 2058 4660 nullatenusme
2087 4574 2139 4642 D

441 4701 711 4757 facturum
751 4713 933 4771 neque
955 4712 1056 4769 pro
1087 4712 1276 4753 amore
1308 4696 1471 4765 hujus
1498 4697 1623 4751 vitae
1654 4695 1946 4766 praesentis
1973 4702 2059 4749 at-

440 4800 630 4849 testor.
659 4791 948 4848 Districtus
976 4789 1145 4862 igitur
1170 4796 1226 4844 et
1254 4789 1671 4863 coangustiatus
1699 4788 1767 4842 ab
1800 4790 1904 4851 eis,
1936 4788 2061 4858 epi-

442 4880 617 4954 ποορὶί
634 4880 858 4936 tandem
889 4878 1056 4933 rebus
1085 4876 1478 4932 abrenuntiare
1500 4877 1843 4948 compellor:
1869 4876 2059 4948 sicque

444 4988 636 5029 rursus
664 4971 734 5027 ad
754 4972 813 5025 S.
844 4969 1099 5025 Basolum
1139 4968 1296 5040 quasi
1321 4984 1539 5035 vacans,
1589 4967 1938 5024 habitaturus
1963 4968 2066 5022 de-

445 5065 638 5120 ducor.
668 5062 840 5118 Iansi
864 5062 1109 5132 denique
1130 5060 1321 5130 paucis
1345 5060 1546 5115 diebus
1576 5061 1633 5114 in
1650 5060 1770 5131 ipso
1783 5059 2062 5122 cmnobio,

446 5155 813 5227 quoadusque
831 5156 1184 5228 comperiens
1194 5162 1485 5226 percertos
1499 5169 1563 5209 ex
1577 5152 1943 5208 familiaribus
1965 5154 2068 5209 lle-

447 5246 638 5301 riberti
662 5247 883 5302 comitis
895 5248 1141 5312 nuntios,
1160 5246 1310 5319 quod
1332 5245 1401 5300 ab
1416 5260 1483 5302 eo
1496 5246 1639 5301 male
1651 5245 1855 5300 demea
1878 5253 2071 5301 tracta-

449 5335 615 5390 batur
625 5335 964 5406 perditione,
989 5337 1186 5392 iterum
1200 5336 1514 5409 iterumque
1527 5335 1740 5391 nuntiis
1754 5335 2069 5404 hujusmodi

448 5424 771 5496 pavefactus
787 5428 927 5482 etim
936 5430 1148 5500 pulsus,
1165 5431 1346 5486 locum
1361 5429 1580 5486 deserui
1593 5473 1607 5496 ,
1623 5436 1681 5485 et
1699 5429 1889 5485 abdita
1902 5430 2072 5485 lustra

445 5512 712 5565 silvarum
743 5512 1106 5585 vagabundus
1125 5518 1347 5589 repetii,
1378 5518 1643 5590 horisque
1672 5517 1988 5587 silentibus,
2020 5527 2076 5576 et

450 5601 653 5655 itinere
688 5600 852 5656 devio
897 5603 1217 5663 Laudunum
1251 5620 1518 5680 revertor,
1560 5610 1754 5683 ibique
1781 5618 2073 5682 susceptus

450 5705 482 5742 a
513 5706 664 5766 rege,
696 5706 885 5746 secum
917 5711 1139 5755 manere
1168 5703 1492 5760 constituor.
1522 5706 1692 5761 Mansi
1713 5707 2069 5763 veroibidem

448 5793 572 5834 cum
598 5781 724 5854 ipso
751 5781 836 5836 vel
865 5781 1119 5844 ﬁdelibus
1153 5792 1294 5859 ejus,
1321 5804 1649 5867 exapectaus
1665 5804 1720 5851 ct
1754 5797 2071 5867 deprecans

2119 591 2310 647 domui
2342 591 2490 665 regis
2535 590 2768 646 Othonis
2816 591 3061 657 mittere,
3126 599 3188 647 ut
3218 592 3287 647 ad
3318 593 3752 648 subventionem

2118 684 2357 741 senioris
2383 685 2491 739 mei
2525 684 2694 759 regis,
2728 690 2783 739 et
2812 693 3082 754 nostram,
3109 693 3435 757 properaret
3486 686 3543 740 in
3579 686 3756 741 Fran-

2120 777 2260 832 ciam
2291 776 2453 846 (Vide
2472 791 2665 845 supra,
2694 791 2739 829 c.
2769 773 2885 847 32).

2190 868 2439 939 Denique
2471 874 2760 938 postquam
2811 868 3037 923 domina
3088 876 3276 924 nostra
3310 869 3503 942 regina
3529 869 3756 925 Laudu-

2123 979 2275 1025 num,
2311 968 2538 1033 propter
2566 962 2971 1018 absolutionem
3004 963 3194 1018 domui
3222 963 3391 1038 regis,
3427 964 3757 1037 reliquerat,

2123 1069 2379 1126 egressus
2408 1053 2538 1108 inde
2569 1053 2639 1108 ad
2679 1054 2945 1108 domuum
2980 1070 3167 1129 regem
3200 1054 3473 1110 Othonem
3507 1072 3635 1111 cum
3669 1072 3761 1110 sc-

2125 1144 2283 1199 niore
2312 1159 2437 1200 meo
2475 1143 2677 1198 deveni
2701 1159 2852 1219 rege,
2871 1144 3151 1217 simulque
3184 1146 3386 1201 Remos
3415 1145 3763 1201 accessimus

2125 1237 2335 1307 (supra,
2368 1253 2416 1292 c.
2447 1238 2556 1308 53).
2589 1236 2838 1311 Cingitur
2894 1237 3079 1309 itaque
3122 1238 3276 1293 urbis
3325 1239 3678 1294 exercitibus
3709 1247 3765 1293 ct

2124 1332 2372 1403 episcOpi
2400 1331 2495 1404 qui
2514 1332 2766 1399 aderant,
2783 1348 2872 1386 me
2885 1332 3006 1388 sedi
3032 1340 3234 1388 nostras
3248 1333 3468 1388 restitui
3502 1342 3762 1387 censent.

2125 1422 2411 1477 Mandatur
2442 1436 2574 1494 ergo
2627 1421 2841 1495 Hugoni
2898 1439 2931 1477 a
2979 1423 3185 1478 donmo
3244 1438 3371 1495 rege
3426 1422 3671 1489 Othone,
3708 1432 3765 1477 ut

2125 1511 2462 1587 egrediatur,
2493 1518 2547 1566 et
2597 1527 2884 1582 pervasam
2920 1512 3137 1566 deserat
3176 1511 3392 1566 urbem.
3428 1513 3494 1566 At
3527 1511 3623 1565 illc
3656 1528 3766 1565 nu-

2125 1615 2249 1660 tans
2276 1604 2599 1676 aliquandiu
2642 1612 2698 1659 et
2746 1620 2846 1675 pro
2878 1620 3062 1676 posse,
3085 1605 3182 1659 ubi
3211 1605 3351 1659 vidit
3377 1604 3448 1659 ad
3489 1603 3734 1658 resisten
3753 1633 3766 1642 -

2128 1699 2258 1754 dum
2292 1699 2515 1770 penitus
2577 1698 2835 1754 sufﬁcere
2879 1715 2937 1753 se
2994 1714 3343 1771 nequaquam
3392 1698 3604 1761 valere,
3660 1713 3769 1751 nec

2130 1795 2431 1851 amicorum
2454 1795 2559 1850 sibi
2584 1795 2841 1866 praesidia
2893 1796 3211 1863 subvenire,
3254 1795 3511 1850 decernit
3549 1810 3770 1849 exeun-

2132 1887 2285 1951 dum,
2314 1900 2569 1955 quaerens
2602 1885 2817 1940 utliber
2832 1900 2957 1939 cum
2972 1885 3088 1939 suis
3106 1883 3763 1939 dimittaturabscedere.

2134 1978 2469 2035 Permittitur
2508 1978 2695 2050 itaque
2753 1995 2921 2034 sanus
2972 1978 3144 2045 exire,
3199 1990 3321 2032 cum
3372 1976 3638 2033 omnibus
3673 1977 3770 2047 qui

2135 2089 2322 2128 secum
2355 2073 2580 2127 voluere
2604 2072 2874 2138 comitari,
2912 2079 2965 2127 et
2994 2088 3343 2143 quacunque
3367 2086 3556 2125 secum
3592 2070 3771 2125 voluit

2135 2164 2296 2227 ferre,
2346 2162 2498 2216 nullo
2541 2162 2972 2225 contradicente,
3031 2160 3350 2232 asportavit.
3401 2159 3605 2230 Sicque
3638 2174 3769 2213 cum

2136 2256 2363 2330 regibus
2394 2256 2766 2329 introgressus
2818 2255 3035 2321 urbem,
3079 2255 3369 2325 praecipior
3395 2253 3519 2308 loco
3551 2259 3766 2318 nostro,

2137 2357 2191 2406 et
2222 2349 2422 2405 honori
2444 2348 2678 2403 restitui.
2741 2349 3040 2418 Susceptus
3064 2347 3231 2419 igitur
3259 2363 3290 2401 a
3320 2347 3545 2403 domuis
3577 2349 3771 2402 archi-

2139 2441 2420 2513 episcOpis
2446 2442 2709 2496 Rotberto
2762 2439 3096 2505 Trevirensi,
3126 2448 3181 2494 et
3220 2439 3512 2494 Fredcrico
3534 2439 3775 2509 Magon—

2144 2532 2376 2588 tiacensi
2407 2531 2806 2587 comitantibus
2847 2531 3059 2587 caeteris
3120 2540 3175 2585 et
3227 2529 3773 2605 congratulantibus,

2145 2635 2251 2679 tam
2285 2624 2503 2679 clericis
2528 2623 2784 2679 Ecclesiae
2816 2632 3042 2689 nostra},
3070 2639 3238 2694 quam
3269 2621 3498 2692 reliquis
3526 2620 3769 2684 civibus,

2143 2719 2211 2772 ab
2242 2718 2377 2789 ipsis
2434 2718 2692 2773 restituor
2747 2717 3023 2772 cathedrae
3080 2716 3405 2788 episc0pali.
3442 2715 3594 2790 llugo
3643 2730 3776 2770 vero

2146 2811 2333 2866 Remis
2388 2826 2645 2884 egressus
2692 2810 2996 2865 Mosomum
3037 2817 3275 2864 castrum
3299 2824 3421 2863 cum
3454 2808 3571 2861 suis
3601 2822 3775 2862 occu-

2147 2908 2262 2972 pat,
2287 2910 2340 2955 et
2364 2900 2624 2955 muniens
2652 2907 2844 2956 contra
2875 2898 3070 2955 ﬁdeles
3099 2901 3244 2975 regis
3297 2898 3533 2954 senioris
3599 2898 3775 2952 nostri

2148 2993 2376 3048 detinet.
2414 2992 2611 3048 Habito
2638 2992 2882 3065 denique
2902 2992 3161 3063 colloquii
3192 2991 3394 3063 placito
3426 2990 3575 3047 inter
3596 3005 3779 3064 reges,

2147 3082 2423 3136 seniorem
2454 3098 2638 3137 meum
2653 3081 2915 3136 videlicet
2934 3097 2999 3135 ac
3016 3081 3280 3136 domuum
3303 3079 3781 3150 Othonem,super

2077 3202 2127 3269 Ο
2150 3174 2375 3229 Charam
2411 3173 2527 3246 [m.,
2571 3172 2783 3244 Karam]
2840 3172 3089 3239 ﬂuvium,
3144 3171 3507 3227 convenimus
3541 3172 3607 3226 ad
3644 3171 3780 3225 illud

2150 3273 2258 3320 tam
2293 3281 2396 3340 ego
2429 3281 2594 3336 quam
2645 3264 2768 3335 ipse
2808 3265 2961 3339 Hugo
3007 3281 3130 3319 cum
3189 3262 3603 3319 ordinatoribus
3634 3262 3777 3317 suis.

2152 3354 2344 3425 Ibique
2367 3369 2453 3408 res
2482 3352 2591 3407 litis
2620 3353 2786 3421 hujus
2823 3353 2890 3407 ab
2922 3352 3199 3423 episcopis
3224 3351 3446 3406 auditur
3472 3369 3485 3405 :
3525 3352 3781 3422 protulit

2155 3462 2263 3518 que
2295 3445 2510 3500 litteras
2540 3444 2608 3499 ad
2664 3443 2856 3499 sedem
2913 3445 3237 3511 Romanam,
3297 3444 3453 3515 quasi
3486 3458 3551 3497 ex
3584 3452 3779 3498 nostra

2158 3553 2393 3608 persona
2425 3536 2601 3603 datas,
2668 3536 3042 3591 excusationis
3068 3552 3227 3601 mere,
3255 3551 3317 3590 ac
3357 3535 3403 3589 si
3426 3534 3783 3590 vacationem

2161 3633 2415 3698 petentes
2446 3624 2943 3681 administrationis
2971 3624 3239 3695 episcOpii
3271 3623 3445 3678 nostri
3481 3640 3495 3677 :
3527 3638 3670 3694 quas
3699 3639 3787 3677 me

2154 3729 2434 3785 nunquam
2465 3712 2725 3779 dictasse,
2750 3727 2935 3783 neque
2960 3713 3044 3766 vel
3070 3710 3477 3766 subscribendo
3499 3711 3777 3782 aliquate-

2153 3822 2256 3861 nus
2284 3805 2671 3861 corroborasse
2708 3810 3049 3874 protestatus
3099 3819 3221 3857 sum
3285 3808 3451 3874 atque
3485 3808 3783 3873 protestor.

2156 3898 2217 3952 Et
2239 3897 2367 3970 quia
2398 3903 2531 3951 tunc
2560 3895 2805 3966 synodus
2836 3901 3137 3950 convocata
3158 3910 3269 3950 non
3293 3894 3470 3948 fuerat
3495 3893 3572 3963 (id
3609 3908 3784 3963 oppo-

2153 3986 2418 4042 nentibus
2448 3985 2755 4040 fautoribus
2777 3984 2949 4055 ipsius
2980 3984 3243 4057 llugonis)
3279 3983 3570 4039 altercatio
3604 3991 3791 4037 nostra

2155 4072 2509 4130 determinari
2558 4087 2669 4128 non
2720 4072 2917 4142 potuit.
2979 4071 3232 4143 Synodus
3262 4077 3446 4125 autem
3488 4070 3639 4126 circa
3674 4086 3790 4123 mc-

2154 4158 2305 4212 dium
2337 4158 2545 4212 mensis
2576 4158 2898 4213 Novembris
2919 4159 3177 4214 habenda
3205 4158 3433 4213 Virduni
3493 4158 3787 4229 utriusque

2156 4251 2324 4322 partis
2355 4249 2634 4321 episcopis
2686 4253 3065 4307 aunuentibus
3108 4252 3490 4307 denuntiatur.
3557 4250 3784 4304 [nterim

2156 4358 2286 4397 vero
2312 4342 2476 4396 sedes
2505 4342 2796 4397 Remensis
2826 4343 2960 4397 mihi
2993 4344 3235 4417 regenda
3258 4342 3614 4406 decernitur;
3643 4342 3785 4395 idem

2154 4453 2285 4492 vero
2317 4437 2470 4512 llugo
2510 4434 2736 4489 Mosomi
2769 4437 3099 4491 commorari
3128 4435 3489 4507 permittitur.
3524 4434 3635 4488 Nec
3666 4434 3787 4487 Ion-

2156 4544 2308 4602 gum,
2342 4529 2585 4582 instante
2607 4526 2820 4581 scilicet
2846 4527 3143 4583 vindemiae
3174 4534 3445 4597 tempore,
3473 4526 3566 4581 hic
3594 4534 3789 4580 noster

2159 4621 2391 4675 aemulus
2424 4620 2597 4692 llugo,
2624 4635 2910 4675 assumens
2965 4637 3150 4675 secum
3206 4618 3588 4674 Theobaldum
3643 4619 3789 4691 regis

2160 4711 2442 4767 inimicum
2469 4722 2524 4767 et
2554 4713 2711 4785 regni
2744 4713 2937 4777 nostri,
2969 4728 3091 4765 cum
3126 4710 3248 4766 aliis
3272 4709 3524 4781 pluribus
3556 4710 3791 4764 malefa—

2161 4803 2425 4872 ctoribus,
2488 4804 2544 4858 in
2600 4804 2759 4861 villas
2808 4804 3101 4859 Remensis
3168 4800 3439 4874 episcopii
3499 4801 3791 4876 contiguas

2161 4894 2282 4948 urbi
2313 4892 2556 4961 devenit,
2592 4899 2648 4947 et
2678 4907 2845 4947 omne
2903 4906 3047 4961 pene
3079 4889 3267 4943 vinum
3298 4904 3363 4942 ex
3404 4884 3489 4941 his
3524 4887 3793 4958 colligens

2162 4986 2217 5039 in
2234 4985 2483 5039 diversos
2512 4998 2682 5059 pagos
2710 4982 2907 5038 abduci
2937 4981 3086 5036 fecit.
3123 4981 3257 5035 Tum
3284 4978 3456 5033 multa
3478 4978 3628 5032 mala
3658 4977 3789 5031 inibi

2169 5081 2504 5145 perpetrata,
2531 5083 2587 5128 et
2619 5072 2868 5127 ecclesiae
2896 5078 3097 5125 nostra!
3116 5069 3369 5124 homines
3391 5067 3592 5138 captivi
3622 5067 3795 5122 abdu-

2169 5166 2262 5231 cti,
2303 5172 2357 5221 et
2380 5164 2448 5219 ad
2481 5164 2923 5235 redemptionem
2947 5162 3114 5217 variis
3141 5166 3273 5215 sunt
3297 5158 3475 5213 adacti
3506 5158 3795 5213 tormentis

2171 5258 2378 5327 (supra,
2407 5271 2454 5311 c.
2475 5256 2585 5327 34).
2627 5255 2885 5326 Synodus
2921 5262 3103 5308 autem
3138 5252 3285 5308 circa
3314 5249 3564 5305 medium
3588 5251 3795 5304 mensis

2175 5349 2518 5414 denuntiata,
2547 5347 2771 5402 Virduni
2790 5347 3122 5407 celebratur,
3168 5343 3500 5414 praesidente
3537 5342 3795 5398 Botbcrto

2173 5440 2392 5513 presule
2412 5439 2748 5506 Trevirensi,
2784 5447 3062 5510 praecepto
3101 5434 3292 5492 domui
3353 5448 3509 5505 papae
3547 5433 3794 5493 Romani,

2173 5536 2448 5601 praesente
2481 5543 2703 5601 quoque
2731 5527 2937 5583 domno
2971 5527 3249 5592 Brunone,
3275 5540 3400 5579 cum
3433 5521 3722 5595 episcopis
3750 5530 3796 5576 et

2172 5621 2469 5677 abbatibus
2497 5619 2803 5677 nonnullis.

2244 5710 2320 5764 Ad
2354 5726 2516 5782 quam
2574 5709 2838 5781 praefatus
2897 5707 3049 5781 Hugo
3107 5713 3387 5771 evocatus,
3422 5703 3609 5758 missis
3641 5703 3795 5759 etiam

2171 5801 2389 5857 duobus
2409 5803 2479 5857 ad
2509 5817 2643 5857 eum
2668 5800 3060 5857 deducendum
3110 5796 3416 5870 episcopis,
3453 5794 3797 5850 Adalberonc
