3912 6456
157 414 264 469 309

809 409 1137 463 HISTORIIE
1176 409 1511 466 ECCLESI/E
1548 410 1878 467 REMENSIS
1917 411 2095 469 LIBRI
2134 411 2467 478 QUATUOR.
2500 442 2572 451 —
2604 412 2729 466 LIB.
2773 412 2859 466 1V.

3414 415 3522 469 310

157 557 212 603 et
238 546 491 611 Gozlino,
531 545 725 601 venire
772 545 1144 615 contempsit..
1179 545 1444 601 Universa
1471 562 1603 603 vero
1632 562 1799 618 syno-
1825 551 1878 623 Α
1900 563 2026 604 seos
2055 548 2322 620 episcopi,
2353 549 2578 605 easdem
2600 548 2813 605 litteras
2837 548 2905 604 ad
2925 550 3118 607 sedem
3148 550 3529 625 delegaverint

157 637 262 691 dus
294 635 433 690 mihi
491 635 762 689 Remense
796 634 1103 707 regendum
1151 634 1402 690 decernit
1429 637 1797 707 episc0pium.

162 726 552 806 Indiciturque
573 726 771 781 iterum
794 723 1309 796 synodushabenda
1323 726 1412 780 die
1428 728 1618 781 lduum
1643 744 1803 783 men-

160 821 236 874 sis
301 818 579 880 Januarii.
627 834 752 889 quae
812 825 867 872 et
909 824 1264 891 aggregatur,
1313 826 1372 874 ut
1417 820 1800 875 denuntiatum

160 910 363 977 fuerat,
423 908 479 962 in
540 906 777 962 ecclesia
832 907 1007 961 sancti
1069 906 1216 961 Petri
1272 915 1400 963 ante
1447 918 1798 979 prospectum

159 1000 323 1055 castri
372 998 625 1065 Mosomi,
675 1015 707 1053 a
759 998 966 1053 domno
1018 997 1281 1054 Rotberto
1334 1000 1801 1055 convenientibus

161 1094 379 1148 czeteris
418 1107 641 1163 quoque
681 1089 1030 1146 Trevirensis
1061 1090 1372 1146 dimceseos
1403 1093 1702 1163 episcopis,
1749 1100 1803 1148 et

169 1183 456 1255 aliquibus
479 1181 792 1236 Remensis.
819 1180 1059 1235 Veniens
1081 1187 1265 1235 autem
1289 1181 1422 1237 illuc
1443 1184 1677 1237 aemulus
1700 1199 1800 1239 no-

160 1284 275 1329 ster
308 1276 485 1350 Hugo,
518 1280 570 1329 et
602 1273 821 1329 locutus
837 1289 959 1327 cum
996 1272 1202 1328 domno
1227 1274 1492 1329 llotberto
1524 1275 1799 1345 synodum

158 1368 342 1423 noluit
374 1366 592 1441 ingredi
618 1385 634 1431 ;
664 1365 875 1420 litteras
907 1380 1036 1420 vero
1065 1366 1225 1437 quasi
1256 1383 1320 1420 ex
1350 1367 1575 1422 nomine
1609 1366 1799 1422 domni

159 1476 321 1530 papae
364 1458 562 1514 direxit
601 1458 672 1511 ad
713 1455 1009 1527 episcopos
1039 1473 1138 1527 per
1176 1458 1437 1512 clericum
1487 1475 1671 1525 suum,
1705 1460 1800 1530 qui

156 1567 253 1605 eas
276 1551 449 1605 Roma
472 1549 747 1605 detulisse
774 1550 1075 1616 ferebatur,
1098 1550 1237 1605 nihil
1269 1551 1609 1606 auctoritatis
1630 1568 1798 1608 cano-

160 1647 304 1700 nicze
344 1645 722 1713 continentes,
764 1646 863 1700 sed
894 1647 1000 1701 hoc
1041 1652 1249 1700 tantum
1292 1647 1707 1717 praecipientes,
1743 1654 1803 1702 ut

160 1736 384 1811 Hugoni
421 1736 695 1791 Remense
730 1737 1057 1792 redderetur
1088 1738 1461 1809 episcOpium.
1489 1739 1699 1803 Quibus
1721 1756 1803 1795 re-

162 1829 352 1884 citatis
382 1828 641 1882 ineuntes
665 1828 912 1899 episc0pi
944 1829 1236 1884 consilium
1269 1846 1390 1884 cum
1420 1829 1719 1886 abbatibus
1748 1839 1803 1887 et

1901 642 2283 716 apostolicam,
2316 655 2415 711 pro
2445 639 2845 707 restauratione
2875 638 3122 714 ﬂugonis
3150 640 3207 696 in
3244 641 3381 696 sede
3410 642 3526 697 Re-

1903 733 2102 797 mensi,
2121 740 2181 787 et
2198 730 2523 801 expulsione
2540 728 2767 784 Artoldi.
2802 729 2929 785 Post
2947 746 3179 802 quarum
3205 729 3526 797 lectionem,

1901 829 2261 896 exsurgentes
2291 818 2549 874 Artoldus
2607 820 2831 889 praesul,
2863 825 2917 875 et
2947 818 3214 890 praefatus
3258 819 3531 876 Bodulfus

1902 918 1997 989 qui
2032 918 2085 971 in
2110 915 2319 970 eisdem
2360 913 2561 969 litteris
2609 912 3020 980 nominabatur,
3052 912 3343 970 Fulbertus
3388 930 3532 986 quo-

1902 1023 2010 1079 que
2063 1002 2473 1060 Cameracensis
2524 1002 2757 1059 antistes
2813 1019 2908 1059 eas
2941 1003 3151 1061 litteras
3196 1003 3531 1072 refutamnt,

1903 1106 2215 1155 astruentes
2245 1097 2394 1169 quod
2425 1113 2521 1153 eas
2552 1103 2715 1152 antea
2743 1112 3026 1168 nunquam
3053 1096 3296 1153 viderint
3324 1099 3411 1154 vel
3428 1115 3533 1154 au-

1903 1192 2130 1257 dierint,
2154 1206 2338 1261 neque
2369 1191 2424 1244 in
2449 1205 2635 1245 earum
2660 1189 3018 1263 delegatione
3042 1204 3375 1245 consensum
3398 1207 3536 1261 prae-

1904 1282 2147 1337 buerint.
2199 1280 2412 1346 Quibus
2458 1280 2587 1334 dum
2624 1279 2770 1334 idem
2802 1279 3038 1335 clericus
3068 1288 3259 1335 contra
3291 1280 3374 1336 ire
3419 1296 3533 1338 non

1902 1380 2111 1443 posset,
2140 1371 2272 1429 licet
2300 1371 2353 1424 in
2386 1385 2484 1425 eos
2532 1369 2825 1425 calumniis
2866 1369 3222 1440 obstrepens,
3268 1371 3536 1443 praecepit

1902 1465 2141 1520 domnus
2169 1463 2432 1529 Marinus,
2454 1478 2763 1537 suggerens
2783 1463 3056 1518 universae
3081 1464 3314 1534 synodo,
3335 1472 3397 1519 ut
3423 1465 3533 1520 sibi

1902 1553 2197 1610 consilium
2220 1563 2274 1608 et
2296 1561 2507 1608 rectum
2520 1551 2797 1621 judicium
2821 1551 3134 1623 proferrent
3153 1570 3322 1624 super
3337 1553 3534 1624 hujus-

1904 1643 2054 1699 modi
2085 1642 2507 1711 calumniatore,
2536 1649 2592 1697 et
2607 1642 3007 1698 calumniarum
3033 1643 3093 1699 in
3116 1645 3414 1715 episcopos
3434 1643 3533 1699 de-

1903 1736 2101 1791 latore.

1978 1829 2043 1883 At
2072 1828 2172 1895 illi,
2228 1833 2518 1899 postquam
2573 1826 2788 1883 delator
2819 1827 3044 1899 publice
3094 1828 3409 1885 confutatus
3451 1836 3539 1886 est

155 1918 381 1973 cietcris
407 1918 501 1988 qui
548 1917 786 1972 aderant
811 1918 1178 1987 sapientibus,
1230 1919 1642 1989 responderunt
1686 1936 1801 1975 non
1827 1928 1877 1995 Β
1903 1921 2040 1975 falsa
2061 1920 2354 1985 detulisse,
2380 1919 2539 1974 lectis
2555 1919 2818 1990 capitulis
2836 1920 2902 1976 de
2926 1920 3540 1989 hujuscemodicalum-

157 2026 288 2064 esse
322 2010 547 2081 dignum
581 2011 665 2063 vel
698 2025 1026 2083 congruum,
1060 2018 1120 2065 ut
1150 2011 1473 2065 mandatum
1506 2011 1800 2082 legationis

154 2099 501 2170 apostolica},
569 2116 733 2170 quam
792 2099 1001 2153 dudum
1047 2100 1344 2155 Rotbertus
1417 2101 1802 2171 archiepisco-

161 2210 295 2263 pus,
320 2192 606 2247 deferente
638 2192 930 2247 Frederico
960 2194 1196 2263 praesule
1225 2193 1676 2267 Magontiacensi,
1705 2211 1805 2250 co-

162 2298 280 2336 ram
311 2281 541 2354 regibus
572 2288 626 2335 et
656 2281 937 2351 episc0pis
962 2288 1071 2334 tam
1093 2280 1277 2335 Gallize
1307 2299 1472 2353 quam
1498 2282 1803 2338 Germaniae

164 2380 512 2444 susceperat,
548 2381 601 2427 et
622 2383 833 2443 partem
855 2373 966 2441 jam
997 2374 1581 2445 prazceptionisipsius
1603 2392 1805 2448 exege-

162 2472 245 2519 rat
273 2471 505 2534 propter
527 2463 651 2517 illas
679 2463 887 2517 litteras
910 2463 1316 2527 intermitteret,
1345 2482 1483 2534 quas
1509 2464 1802 2520 insidiator

162 2560 358 2607 noster
409 2552 753 2607 exhibebat:
814 2552 925 2606 imo
983 2554 1131 2623 quod
1176 2554 1502 2626 regulariter
1553 2564 1797 2624 emptum

160 2645 365 2709 fuerat,
418 2651 478 2699 ut
506 2645 774 2699 canonice
806 2652 1252 2715 pertractaretur,
1286 2647 1620 2701 unanimiter
1658 2663 1801 2701 cen-

160 2742 324 2788 sent:
360 2735 790 2806 przecipiturquc
824 2735 1039 2789 recitari
1074 2736 1373 2806 capitulum
1406 2736 1805 2812 Carthaginem-

165 2828 241 2880 sis
273 2827 501 2881 concilii
533 2842 741 2881 nonum
773 2827 1072 2893 decimum,
1104 2827 1173 2881 de
1200 2834 1456 2881 accusato
1487 2834 1547 2881 et
1576 2844 1800 2883 accusa-

165 2929 315 3001 tore._
344 2920 462 2984 Quo
497 2920 750 2984 recitato,
777 2919 1085 2987 judicatum
1124 2928 1206 2974 est
1231 2920 1386 2989 juxta
1417 2919 1801 2977 definitionem

164 3009 343 3079 ipsius
376 3009 628 3079 capituli,
670 3017 729 3064 ut
759 3010 1209 3069 communionem
1239 3018 1294 3065 et
1334 3011 1650 3082 parochiam
1687 3012 1801 3066 Re-

163 3116 424 3154 mensem
459 3116 547 3154 me
580 3100 879 3163 retinente,
905 3101 1078 3175 llugo,
1109 3100 1204 3171 qui
1235 3101 1377 3171 [ms.,
1407 3101 1554 3172 quia]
1579 3102 1647 3156 ad
1666 3102 1805 3157 duas

156 3192 275 3260 jam
301 3190 551 3261 synodos
578 3190 1119 3245 evocatusinteresse
1152 3198 1582 3262 contempserat,
1606 3209 1637 3247 a
1658 3209 1805 3248 com-

1902 2010 2234 2075 niatoribus,
2254 2008 2507 2076 judicant
2527 2016 2581 2063 et
2613 2008 2956 2065 unanimiter
2985 2019 3219 2066 censent
3245 2026 3397 2079 eum,
3427 2024 3538 2083 quo

1904 2100 2193 2155 fruebatur
2216 2099 2426 2153 honore
2456 2097 2659 2169 privari
2696 2097 2923 2165 debere,
2955 2114 3020 2153 ac
3048 2100 3353 2155 secundum
3383 2101 3539 2172 capi-

1905 2193 2141 2248 tulorum
2165 2200 2413 2247 tenorem
2446 2191 2501 2245 in
2530 2190 2783 2246 exsilium
2810 2191 3037 2247 retrudi.
3071 2192 3404 2267 Diaconat_us
3431 2195 3536 2267 igi-

1906 2291 1994 2337 tur
2017 2297 2127 2350 quo
2158 2280 2491 2354 fungebatur
2525 2280 2837 2336 ministerio
2867 2281 3203 2353 multatus,a
3232 2261 3534 2354 conspectu

1906 2370 2105 2440 synodi
2160 2369 2494 2440 reprobatus
2524 2369 2814 2424 abscessit.
2858 2370 3086 2425 Artoldo
3125 2385 3256 2426 vero
3285 2370 3532 2441 praesuli,

1907 2464 2001 2535 qui
2036 2463 2295 2519 omnibus
2326 2480 2386 2517 se
2413 2462 2643 2534 synodis
2672 2470 3005 2533 przesentem
3034 2462 3385 2528 exhibuerat,
3419 2478 3533 2519 non

1901 2558 2185 2633 refugiens
2233 2557 2501 2628 synodale
2527 2557 2821 2625 judicium,
2860 2557 3207 2628 episcopium
3259 2557 3536 2613 Remense

1900 2649 2056 2717 juxta
2082 2663 2356 2702 canonum
2390 2646 2641 2702 instituta
2672 2654 2991 2701 sanctorum
3047 2645 3263 2700 Patrum
3293 2646 3535 2713 decreta,

1904 2740 2130 2795 omnino
2164 2739 2516 2793 retinendum
2546 2745 2713 2810 atque
2766 2737 3179 2808 disponendum
3200 2737 3531 2803 decernunt,

1906 2830 2155 2897 laudant,
2189 2837 2355 2900 atque
2416 2828 2797 2883 corroborant.
2852 2827 3106 2883 Secunda
3158 2827 3537 2885 consessionis

1905 2919 2019 2986 die,
2084 2925 2212 2990 post
2272 2917 2528 2972 recitatas
2580 2916 2781 2971 divinae
2812 2915 3155 2971 auctoritatis
3184 2916 3452 2972 lectiones
3481 2924 3539 2973 et

1904 3013 2102 3068 Marini
2131 3012 2320 3069 vicarii
2357 3010 2773 3076 allocutionem,
2821 3009 3096 3084 suggessit
3124 3009 3364 3067 domnus
3393 3010 3533 3067 Ret-

1906 3108 2116 3174 bertus,
2144 3104 2488 3161 Trevirensis
2512 3103 2989 3173 archiepiscOpus,
3012 3109 3073 3157 ut
3100 3104 3362 3173 quoniam
3377 3103 3537 3172 juxta

1907 3210 2078 3251 sacrae
2119 3195 2259 3266 legis
2298 3194 2566 3258 instituta,
2624 3193 2938 3247 restitutum
2969 3200 3136 3264 atque
3165 3200 3534 3248 restauratum

158 3281 439 3335 munione
471 3290 525 3335 et
556 3276 829 3355 regimine
862 3280 1152 3334 Remensis
1172 3281 1443 3352 episc0pii
1473 3282 1802 3350 abstineret,
1834 3257 1884 3327 Ο
1908 3287 2087 3342 fuerat
2116 3287 2389 3341 Remense
2418 3284 2642 3339 Artoldo
2663 3283 2884 3355 praesuli
2913 3283 3279 3354 episcopium,
3305 3283 3360 3337 in
3389 3283 3536 3352 ejus-

160 3371 353 3425 donec
394 3370 464 3424 ad
510 3370 884 3425 universalem
925 3370 1223 3439 synodum,
1252 3386 1376 3441 quae
1430 3371 1802 3439 indicebatur,

161 3479 288 3517 sese
325 3470 685 3535 purgaturus,
717 3461 803 3515 vel
836 3461 1108 3516 rationem
1151 3461 1470 3517 redditurus
1510 3469 1806 3533 praesenta-

160 3562 271 3608 ret.
320 3555 628 3624 Ipsumque
652 3553 952 3623 capitulum
976 3570 1102 3609 mox
1126 3554 1184 3608 in
1215 3556 1402 3609 charta
1431 3556 1680 3627 epiSCOpi
1710 3572 1809 3611 co-

162 3665 281 3701 ram
340 3662 401 3701 se
435 3646 679 3701 describi
715 3646 988 3714 fecerunt,
1022 3647 1420 3702 subnectentes
1471 3648 1611 3704 hanc
1640 3649 1803 3703 etiam

161 3738 561 3794 deﬁnitionem
603 3754 780 3805 suam,
817 3745 869 3794 et
900 3739 1082 3794 eidem
1138 3740 1352 3813 Hugoni
1381 3741 1649 3797 miserunt
1703 3743 1804 3807 Qui

160 3839 291 3901 post
321 3832 554 3884 alteram
588 3829 738 3883 diem
789 3830 1033 3885 chartam
1063 3834 1315 3885 eamdem
1357 3831 1621 3887 Rotberto
1660 3848 1805 3902 pree-

160 3920 267 3973 suli
301 3918 542 3981 remisit,
587 3918 694 3972 hoc
748 3917 937 3973 verbis
968 3918 1338 3972 remandans:
1370 3919 1519 3989 quod
1551 3919 1796 3989 ipsorum

153 4010 383 4079 judicio,
410 4023 763 4078 nequaquam
785 4007 1113 4062 obediturus
1126 4015 1293 4062 esset.
1318 4008 1521 4079 Sicque
1537 4008 1799 4063 absoluto

158 4101 433 4165 concilio,
494 4099 614 4170 ipse
645 4098 949 4155 Mosomum
996 4106 1187 4155 contra
1233 4100 1490 4155 mandata
1512 4116 1703 4174 regum
1745 4108 1801 4156 et

156 4191 562 4261 episc0porum
597 4189 818 4255 retinet,
849 4201 903 4244 et
943 4206 1049 4263 ego
1080 4191 1281 4245 Remos
1319 4206 1603 4263 regressus
1627 4192 1803 4245 recla-

159 4282 436 4339 mntionis
489 4298 627 4337 meae
669 4284 924 4353 querelas
979 4284 1047 4338 ad
1087 4284 1280 4338 sedem
1340 4285 1641 4339 Romanam
1706 4301 1804 4356 per

158 4373 389 4445 legatos
422 4370 613 4425 domni
674 4372 821 4444 regis
861 4372 1092 4428 Othonis
1139 4373 1449 4440 destinavi,.
1481 4374 1805 4445 prtestolans

158 4464 435 4519 mandata
466 4462 640 4533 ipsius
693 4472 895 4519 sanctae
934 4465 1105 4532 sedis,
1154 4465 1275 4534 ejus
1311 4466 1550 4521 decretis
1577 4475 1633 4521 et
1677 4467 1807 4521 uni-

1905 3378 2031 3433 dem
2058 3376 2207 3431 sedis
2238 3376 2549 3431 invasorem
2572 3373 2838 3445 synodale
2863 3379 3219 3445 perageretur
3235 3372 3532 3442 judicium.

1905 3466 2174 3536 Przecepit
2213 3466 2394 3536 itaque
2429 3463 2669 3519 Marinus
2698 3463 2956 3529 vicarius,
2986 3472 3047 3518 ut
3083 3462 3410 3518 canonicam
3439 3478 3531 3518 su-

1905 3576 2008 3632 per
2028 3560 2128 3614 hac
2151 3556 2584 3628 praesumptione
2604 3556 2853 3627 synodus
2877 3554 3155 3626 proferret
3173 3553 3532 3611 sententiam.

1903 3649 2174 3705 Jubentur
2204 3662 2337 3721 ergo
2384 3652 2587 3701 sanctie
2619 3645 2761 3719 legis
2807 3645 3081 3701 catholica
3137 3645 3355 3701 recitari
3378 3645 3533 3716 capi-

1904 3740 2039 3797 tula.
2073 3739 2284 3805 Quibus
2314 3737 2577 3804 recitatis,
2618 3736 2923 3792 secundum
2955 3750 3235 3791 sacrorum
3284 3736 3534 3791 instituta

1904 3850 2202 3900 canonum,
2231 3841 2286 3888 et
2324 3838 2639 3887 sanctorum
2671 3829 2895 3884 decreta
2930 3827 3175 3896 Patrum,
3203 3827 3362 3895 Sixti,
3402 3827 3531 3883 Ale-

1904 3928 2121 3993 xandri,
2152 3923 2481 3991 Innocentii,
2504 3921 2722 3989 Zosimi,
2748 3919 3039 3991 Bonifacii,
3072 3919 3371 3977 Caelestini.
3392 3919 3534 3975 Leo.

1899 4017 2007 4085 nis,
2063 4015 2398 4088 Symmachi,
2438 4020 2876 4082 cieterorumque
2914 4017 3231 4066 sanctorum
3271 4008 3529 4065 Ecclesiae

1904 4109 1999 4164 Dei
2043 4110 2352 4173 doctorum,
2385 4106 3027 4173 excommunicaveruut,
3071 4112 3127 4161 et
3154 4104 3227 4160 ab
3266 4103 3525 4160 Ecclesiae

1901 4202 1999 4257 Dei
2028 4202 2240 4273 gremio
2266 4200 2593 4272 repulerunt
2615 4198 2939 4271 praedictum
2972 4200 3259 4271 Hugonem
3293 4197 3529 4252 Remen-

1903 4293 1982 4347 sis
2036 4291 2293 4347 Ecclesiae
2332 4305 2708 4362 pervaserem,
2746 4288 2928 4345 donec
2965 4288 3034 4343 ad
3072 4286 3454 4360 paenitentiam
3476 4290 3531 4341 et

1905 4383 2132 4456 dignam
2163 4381 2597 4436 satisfactionem
2627 4379 2820 4435 venire
2846 4386 3188 4450 procuraret.

1907 4474 2131 4530 (laeteris
2161 4488 2380 4545 quoque
2429 4471 2630 4527 diebus
2681 4470 2877 4541 synodi
2935 4476 3163 4526 tractata
3217 4474 3349 4524 sunt
3373 4484 3531 4540 quae-

158 4555 421 4629 versatis
460 4555 627 4624 hujus
657 4556 832 4610 sancti
878 4555 1102 4611 concilii
1132 4556 1299 4613 vestri
1343 4556 1575 4625 judiciis
1607 4571 1801 4628 parere
1827 4566 2033 4656 Ddam
2081 4562 2398 4618 necessaria
2445 4561 2516 4617 de
2565 4559 2788 4616 incestis
2825 4559 3120 4632 conjugiis,
3162 4565 3218 4613 et
3255 4558 3533 4624 ecclesiis,

159 4660 421 4725 paratus.

234 4747 373 4801 Post
404 4760 638 4816 quarum
672 4743 977 4799 litterarum
1042 4743 1426 4798 recitationem
1454 4784 1470 4811 ,
1527 4751 1582 4798 et
1611 4759 1802 4798 earum

164 4846 403 4909 propter
433 4853 597 4911 reges
628 4837 782 4905 juxta
808 4836 1198 4891 Thudesticam
1230 4836 1372 4907 [ms.,
1404 4836 1755 4892 Teutonicam
1787 4854 1803 4904 ;

157 4932 206 4999 j.
248 4929 627 4999 Theotiscam]
658 4928 903 5003 linguam
948 4928 1483 4999 interpretationem,
1524 4929 1805 5003 ingressus

168 5021 403 5092 quidam
423 5018 781 5092 Sigcbaldus,
817 5018 1086 5089 praemissi
1122 5018 1367 5093 liugonis
1393 5018 1648 5085 clericus,
1671 5024 1810 5072 attu-

168 5113 229 5167 lit
261 5113 488 5167 litteras
522 5127 661 5181 quas
685 5110 855 5165 Roma
884 5110 1177 5177 detulerat,
1209 5127 1459 5182 quasque
1484 5111 1596 5182 jam
1622 5110 1676 5165 in
1703 5110 1811 5166 alia

170 5206 396 5276 synodo
434 5202 667 5258 Mosomi
692 5204 1095 5273 propalaverat.
1126 5205 1395 5258 Asserens
1414 5203 1639 5259 easdem
1664 5203 1811 5259 litte-

172 5312 260 5349 ras
284 5294 399 5349 sibi
436 5292 629 5348 Romaa
662 5292 730 5346 ab
762 5293 882 5362 ipso
904 5294 999 5364 qui
1033 5293 1222 5348 aderat
1250 5293 1456 5349 Marino
1483 5291 1686 5348 vicario
1715 5293 1815 5347 da-

172 5395 278 5450 tas,
298 5384 400 5456 qui
426 5383 671 5437 domnus
690 5383 933 5439 Marinus
956 5382 1247 5455 proferens
1275 5383 1486 5438 litteras
1506 5399 1644 5455 quas
1667 5383 1815 5438 idem

171 5476 520 5550 Sigebaldus
580 5475 808 5529 Romam
855 5475 1146 5541 detulerat,
1186 5474 1452 5545 praecepit
1501 5490 1596 5530 eas
1632 5491 1815 5530 coram

171 5570 396 5640 synodo
432 5566 674 5632 recitari,
711 5566 764 5620 in
797 5582 1028 5637 quarum
1052 5566 1372 5622 recitatione
1404 5573 1681 5638 repertum
1708 5574 1815 5633 est,

173 5667 342 5731 prout
391 5660 531 5730 ipsae
559 5658 755 5713 littera
786 5657 1122 5726 fatebantur,
1156 5659 1303 5729 quod
1331 5659 1492 5714 Wido
1520 5659 1819 5730 episcopus

171 5751 575 5817 Suessonicus,
599 5749 946 5825 llildegarius
977 5766 1204 5822 quoque
1227 5751 1599 5817 llelvacensis,
1620 5750 1822 5806 Rodul-

177 5843 266 5897 fus
297 5839 722 5906 Laudunensis,
749 5840 1049 5912 czeterique
1074 5840 1258 5897 cuncti
1301 5841 1589 5897 Remensis
1615 5840 1821 5898 didice—

1904 4671 2026 4727 quae
2056 4652 2396 4726 presbyteris
2424 4651 2480 4706 in
2498 4651 2752 4723 partibus
2776 4649 3084 4705 Germaniae
3106 4649 3398 4717 dabantur,
3421 4649 3532 4704 imo

1904 4744 2290 4802 vendebantur
2306 4742 2577 4809 iudebite,
2597 4746 2652 4796 et
2675 4739 3073 4796 auferebantur
3100 4739 3312 4806 illicite,
3337 4739 3534 4811 prohi-

1905 4839 2219 4909 bitumque,
2258 4852 2323 4891 ac
2352 4841 2614 4890 statutum
2637 4850 2708 4889 ne
2760 4833 2819 4889 id
2840 4833 3069 4890 omnino
3103 4839 3534 4906 praesumeretur

1906 4932 1975 4986 ab
2006 4930 2194 5001 aliquo
2226 4947 2239 4983 :
2279 4929 2377 4985 sed
2416 4937 2471 4984 et
2510 4928 2579 4983 de
2608 4927 2732 4983 aliis
2760 4927 3020 4983 Ecclesia;
3058 4925 3156 4981 Dei
3201 4924 3537 4981 utilitatibus

1909 5027 2139 5076 tractata
2163 5025 2313 5085 sunt,
2360 5026 2416 5074 et
2450 5016 2682 5074 definita
2728 5016 3017 5074 nonnulla.
3051 5017 3268 5071 Interea
3306 5030 3401 5070 rex
3430 5014 3539 5070 Lu-

1910 5110 2140 5166 dovicus
2158 5108 2488 5179 deprecatur
2508 5123 2696 5179 regem
2713 5106 3007 5172 Othonem,
3024 5111 3083 5159 ut
3099 5102 3413 5158 subsibium
3431 5102 3538 5159 sibi

1913 5203 2053 5259 ferat
2074 5209 2263 5258 contra
2295 5201 2581 5276 Hugonem
2613 5209 2668 5257 et
2704 5206 2939 5254 caeteros
2974 5197 3230 5253 inimicos
3253 5212 3408 5253 suos.
3438 5196 3542 5263 Qui

1914 5293 2088 5363 petita
2113 5290 2450 5355 concedens,
2485 5289 2645 5359 jubet
2675 5298 2735 5344 ut
2764 5287 3049 5349 Couradus
3077 5287 3185 5343 dux
3213 5303 3339 5344 cum
3382 5303 3543 5345 exer-

1916 5384 2029 5440 citu
2062 5382 2503 5438 Lotbariensium
2536 5380 2593 5436 in
2624 5380 2746 5451 ejus
2771 5386 2966 5455 pergat
2993 5378 3280 5436 auxilium.
3313 5379 3541 5437 Interim

1917 5494 2049 5536 vero
2096 5477 2227 5532 dum
2281 5479 2714 5548 congregaretur
2761 5472 3059 5541 exercitus,
3100 5488 3194 5530 rex
3232 5472 3544 5531 Ludovicus

1919 5584 2043 5625 cum
2067 5568 2188 5638 ipso
2216 5565 2359 5620 duce
2379 5571 2622 5628 maneat,
2643 5569 2698 5618 et
2722 5562 2997 5634 episcopi,
3026 5562 3263 5632 scilicet,
3289 5562 3547 5621 Artoldus

1920 5665 1974 5713 et
2015 5653 2300 5721 Rodulfus,
2336 5652 2430 5724 qui
2471 5660 2630 5707 erant
2657 5667 2781 5707 cum
2812 5668 2969 5728 rege,
2990 5668 3060 5708 ne
3092 5652 3226 5725 quid
3257 5652 3314 5708 in
3336 5653 3425 5709 via
3449 5664 3550 5724 pa-

1923 5753 2133 5801 teretur
2167 5742 2407 5807 adversi,
2441 5740 2716 5814 degerent
2744 5757 2870 5796 cum
2924 5741 3389 5798 Lothariensibus
3427 5741 3548 5812 epi-

1923 5838 2128 5912 sc0pis.
2173 5836 2475 5893 Mansimus
2520 5836 2708 5907 itaque
2744 5852 2869 5893 cum
2930 5835 3193 5894 Rotberto
3222 5833 3548 5899 Trevirensi,
