3912 6462
334 446 437 503 3H

1465 441 1837 500 FLODOARDI
1878 443 2186 501 CANONICI
2227 446 2558 504 REMENSIS

3576 457 3685 512 312

335 577 605 637 Rodulfus
635 572 1022 632 Laudunensis
1067 588 1191 629 cum
1244 570 1596 627 Adalberone
1652 572 1914 628 Mettensi
1946 616 1961 643 ,
1991 570 2167 645 Asiis
2223 590 2414 631 eorum
2469 576 2566 647 [ms
2615 577 2664 647 j.
2727 578 2981 635 Ecclesiae
3030 580 3375 653 Suessorum]
3431 581 3694 640 intulerat

334 667 721 726 hebdomadas
748 665 867 722 fere
888 673 1143 739 quatuor.
1173 661 1427 720 Exercitu
1449 663 1693 736 denique
1711 664 1965 729 collecto,

339 761 729 819 Lotharienses
784 759 1032 832 episcopi
1068 758 1374 814 Mosomum
1411 765 1632 829 petunt,
1672 758 1968 829 ipsumque

337 850 667 908 obsidentes
693 856 933 903 castrum
982 855 1150 919 atque
1178 851 1590 920 oppugnantes,
1637 844 1844 900 milites
1873 844 1968 917 qui

338 951 504 1002 erant
530 944 609 999 ibi
640 956 767 998 cum
794 940 1019 1014 Hugone
1048 938 1119 993 ad
1144 937 1492 994 deditionem
1526 938 1887 1009 compellunt,
1912 944 1969 992 et

338 1040 585 1106 acceptts
618 1033 687 1088 ab
724 1032 806 1088 eis
835 1028 1127 1087 obsidibus
1157 1035 1395 1100 pergunt
1424 1027 1644 1083 obviam
1692 1026 1969 1082 Ludovico

337 1124 455 1199 regi
497 1128 556 1178 et
583 1119 833 1177 Conrado
884 1118 1013 1174 duci
1069 1118 1126 1172 in
1172 1122 1356 1188 partes
1392 1116 1774 1171 Laudunensis
1816 1116 1966 1191 pagi.

339 1213 607 1272 Obsident
636 1211 806 1288 igitur
825 1210 902 1265 ibi
931 1210 1040 1264 dux
1062 1217 1119 1265 et
1149 1207 1429 1264 exercitus
1458 1208 1751 1280 quamdam
1782 1206 1971 1263 muni-

338 1304 545 1360 tionem
579 1315 743 1374 quam
800 1298 1176 1355 aedificaverat
1223 1304 1280 1353 et
1342 1297 1572 1353 tenebat
1615 1296 1968 1352 Theobaldus

341 1398 395 1451 in
425 1395 549 1450 loco
579 1394 678 1465 qui
720 1392 927 1448 dicitur
960 1390 1118 1446 Mons
1150 1398 1365 1459 acutus,
1415 1389 1509 1462 qui
1541 1396 1597 1445 et
1639 1389 1964 1444 Laudunum

338 1493 534 1541 contra
582 1498 767 1558 regem
796 1480 1094 1537 retinebat.
1138 1480 1249 1536 Hoc
1274 1480 1443 1536 etiam
1499 1478 1770 1551 oppidum
1797 1493 1971 1549 expu-

338 1583 593 1651 gnantes,
643 1575 864 1633 tandem
894 1589 1006 1628 non
1069 1574 1191 1629 sine
1228 1588 1384 1629 mora
1421 1571 1670 1643 capiunt,
1725 1570 1968 1642 indeque

342 1668 665 1723 Laudunum
698 1666 927 1733 adeunt,
968 1672 1024 1719 et
1055 1664 1109 1718 in
1155 1662 1395 1719 ecclesia
1422 1662 1478 1716 S.
1509 1660 1782 1715 Vincentii
1827 1675 1968 1716 eon-

339 1759 577 1834 gregati,
610 1757 862 1830 episeOpi
896 1756 1221 1829 praedictum
1252 1754 1621 1811 Thetbaldum
1650 1768 1972 1807 excommu-

340 1851 572 1914 nicant;
626 1846 913 1923 nugonem
944 1860 1134 1902 verum
1184 1845 1493 1916 principem
1521 1849 1721 1898 vocant
1769 1841 1969 1896 litteris

341 1958 407 1997 ex
437 1947 597 2012 parte
614 1939 807 1995 Marini
830 1938 997 2011 legati
1025 1937 1178 1992 sedis
1208 1934 1527 2008 apostolicae
1557 1940 1746 2002 etsua,
1774 1933 1966 1989 venire

342 2030 412 2085 ad
442 2029 891 2084 emendationem
924 2041 1024 2098 pro
1066 2025 1228 2080 malis
1265 2040 1392 2096 quae
1446 2030 1639 2078 contra
1681 2038 1869 2096 regem
1912 2028 1968 2076 et

344 2121 642 2192 episcopos
667 2126 875 2194 egerat.
929 2119 1091 2174 Wido
1119 2118 1363 2189 denique
1415 2114 1759 2171 Suessonicae
1813 2114 1970 2169 urbis

343 2215 643 2286 episcopus
671 2212 740 2267 ad
770 2227 956 2284 regem
993 2209 1331 2265 Ludovicum
1348 2207 1602 2270 veniens,
1634 2207 1814 2261 eidem
1843 2222 1968 2261 sese

344 2304 660 2372 committit,
724 2310 1061 2375 pacaturque
1089 2317 1217 2356 eum
1270 2299 1492 2355 Artaldo
1530 2298 1966 2369 archiepiscopo,

344 2392 691 2449 satisfaciens
721 2391 801 2446 illi
858 2406 955 2462 pro
994 2389 1348 2446 ordinatione
1380 2388 1654 2461 Hugonis.
1686 2387 1971 2442 Conradus

347 2499 572 2557 quoque
598 2484 709 2540 dux
741 2482 910 2539 filiam
943 2481 1203 2538 Ludovici
1232 2481 1379 2555 regis
1408 2496 1566 2535 sacro
1595 2480 1665 2534 de
1696 2478 1849 2534 fonte
1875 2494 1973 2533 su-

345 2575 542 2647 scepit.
589 2574 793 2647 Sicque
848 2580 1075 2645 recepto
1122 2572 1370 2628 Mosomo
1409 2579 1592 2626 castro
1651 2577 1707 2625 et
1748 2584 1966 2634 everso,

347 2663 737 2721 Lotharienses
761 2669 1111 2719 revertuntur
1147 2660 1204 2714 in
1242 2676 1360 2715 sua.

917 2769 1128 2824 CAPUT
1170 2767 1373 2823 XXXVI
1393 2810 1405 2825 .

346 2869 422 2922 De
452 2865 752 2921 obsessione
770 2861 855 2918 vel
883 2863 1192 2916 incsnsione
1218 2859 1374 2983 urtbis
1400 2858 1733 2915 Suessonicae
1757 2857 1825 2913 ab
1855 2858 1975 2912 Hu-

967 2947 1102 2983 none
1147 2946 1283 2983 οοπιι
1310 2946 1357 2983 ϐ.

967 2947 1102 3000 gone
1147 2946 1357 2986 comere.

421 3026 595 3104 Igitur
624 3028 805 3102 fingo,
836 3025 1043 3080 nullam
1073 3039 1282 3079 moram
1306 3020 1534 3090 faciens,
1579 3022 1812 3077 collecta
1849 3037 1981 3076 suo-

356 3140 476 3180 rum
502 3122 681 3179 multa
729 3121 1323 3188 Nordmannorumque
1360 3133 1546 3180 manu.
1595 3115 1981 3171 Suessonicam

2069 666 2232 721 mala.
2297 667 2547 740 Requirit
2577 685 2708 745 ergo
2764 671 2834 727 de
2866 673 3156 729 vocatione
3209 674 3383 747 ipsius
3423 674 3698 747 principis

2069 754 2328 823 Marinus,
2362 762 2543 810 utrum
2568 758 2792 829 perlatae
2813 759 2864 813 ei
2887 759 3123 818 fuissent
3152 762 3346 818 litterae
3365 763 3693 829 vocationis,

2070 858 2207 914 quas
2237 844 2287 898 ei
2316 844 2675 915 perferendas
2700 846 3069 916 delegaverat.
3100 851 3197 905 Cui
3229 852 3600 923 respondetur
3624 852 3693 907 ab

2068 935 2293 991 Artoldo
2319 936 2758 1011 arcliiepiSCOpo,
2790 941 2939 1012 quod
2972 942 3222 1013 quaedam
3253 960 3437 998 earum
3472 944 3695 1015 perlatae

2070 1027 2208 1095 sint,
2239 1028 2489 1099 quaedam
2521 1046 2652 1086 vero
2682 1031 2924 1102 perferri
2966 1035 3337 1107 nequiverint,
3370 1052 3558 1090 earum
3600 1051 3699 1111 ge-

2071 1117 2192 1172 rulo
2222 1116 2292 1171 ab
2315 1117 2492 1188 ipsius
2519 1121 2930 1194 grassatoribus
2960 1123 3273 1195 intercepto
3298 1142 3313 1191 ;
3347 1131 3574 1181 vocatus
3611 1133 3695 1179 ta-

2071 1220 2198 1259 men
2215 1205 2379 1260 fuerit
2403 1212 2510 1260 tam
2534 1206 2733 1263 litteris
2761 1226 2925 1281 quam
2948 1210 3283 1282 quibusdam
3310 1211 3696 1267 internuntiis.

2069 1298 2591 1373 Requirituritaque
2621 1301 2666 1356 si
2687 1301 2832 1356 adsit
2852 1302 3053 1374 aliquis
3078 1318 3142 1357 ex
3168 1313 3322 1374 parte
3344 1303 3517 1374 ipsius
3544 1302 3699 1376 lega-

2068 1394 2175 1442 tus.
2238 1387 2338 1442 Ubi
2386 1404 2513 1443 cum
2564 1391 2749 1445 nullus
2800 1390 2999 1446 fuisset
3037 1391 3319 1455 inventus,
3377 1391 3702 1446 decernitur

2068 1480 2504 1551 eXSpectandum
2560 1481 2605 1536 si
2648 1481 2787 1537 forte
2840 1483 3179 1538 adventurus
3213 1489 3361 1538 esset
3421 1483 3476 1537 in
3502 1481 3696 1537 crasti-

2070 1588 2221 1626 num.
2256 1572 2407 1637 Quod
2449 1589 2574 1628 cum
2635 1574 2863 1629 minime
2902 1574 3243 1649 contigisset,
3290 1581 3343 1629 et
3379 1590 3575 1629 omnes
3602 1573 3700 1645 qui

2070 1663 2319 1727 aderant,
2374 1668 2483 1716 tam
2525 1662 2710 1718 clerici
2767 1680 2931 1736 quam
2973 1664 3215 1718 illustres
3248 1663 3395 1730 laici,
3438 1678 3567 1717 eum
3604 1678 3704 1715 ex-

2070 1754 2591 1809 communicandum
2614 1771 2740 1810 esse
2773 1756 3163 1822 acclamarent,
3186 1754 3448 1810 definitur
3477 1754 3546 1809 ab
3568 1753 3699 1824 epi-

2071 1846 2255 1916 sc0pis
2289 1846 2431 1901 hanc
2458 1849 3084 1904 excommunicationcm
3114 1847 3295 1902 adhuc
3335 1846 3701 1901 differendam

2076 1951 2248 2007 usque
2290 1936 2360 1991 ad
2390 1938 2537 1993 diem
2570 1940 2767 2010 synodi
2806 1941 3045 1995 tertiam.
3100 1940 3386 1995 Tractatur
3410 1946 3599 1993 autem
3627 1938 3703 1992 de

2067 2029 2347 2100 episcOpis
2384 2030 2477 2100 qui
2506 2031 2684 2085 vocati
2729 2031 2945 2087 fuerant
2991 2042 3046 2087 et
3097 2032 3287 2087 venire
3342 2031 3697 2095 distulerant,

2068 2118 2155 2171 vel
2204 2118 2287 2172 his
2317 2119 2411 2190 qui
2461 2119 2798 2176 ordinationi
2846 2122 3091 2195 Hugonis
3134 2121 3431 2192 participes
3464 2120 3700 2174 exstite-

2072 2216 2210 2264 rant.
2276 2211 2336 2265 Et
2376 2211 2533 2266 Wido
2589 2212 2814 2283 quidem
2864 2214 3163 2285 episcopus
3221 2211 3589 2267 Suessonicus
3637 2227 3702 2265 se

2071 2301 2428 2371 culpabilem,
2462 2309 2770 2373 prostratus
2799 2319 2985 2360 coram
3015 2305 3222 2360 Marino
3261 2303 3466 2359 vicario
3505 2309 3559 2356 et
3603 2302 3704 2356 Ar-

2073 2392 2226 2448 toldo
2256 2393 2698 2466 archiepiscopo,
2730 2396 3045 2452 conﬁtetur.
3088 2394 3573 2452 lntercedentibus
3598 2409 3707 2448 au-

2072 2492 2180 2539 tem
2214 2501 2311 2556 pro
2344 2502 2411 2541 eo
2440 2487 2586 2558 apud
2634 2487 2901 2543 Marinum
2951 2489 3211 2545 Rotberto
3250 2496 3305 2543 et
3343 2485 3565 2542 Artoldo
3597 2502 3701 2540 ar-

2071 2574 2468 2646 chiepiscOpis,
2500 2576 2713 2632 absolvi
2756 2577 2824 2631 ab
2858 2578 2959 2632 hac
2992 2594 3132 2633 noxa
3165 2585 3426 2632 meretur.
3460 2572 3707 2629 Wicfre-

2074 2662 2179 2716 dus
2201 2664 2526 2720 Morinensis
2554 2666 2817 2721 immunis
2839 2666 2908 2721 ab
2936 2683 2997 2720 ea
3025 2670 3129 2720 lem
3157 2666 3508 2721 ordinatione
3533 2680 3706 2737 repe-

2075 2750 2230 2806 ritur.
2289 2752 2460 2808 Adest
2502 2754 2809 2808 Transmari
2870 2754 3254 2809 Noviomensis
3299 2756 3703 2821 (Transmarus

2074 2840 2322 2895 Noviom.
2350 2840 2421 2894 42
2468 2843 2629 2910 episc.
2654 2844 2714 2895 in
2738 2842 2850 2896 tab.
2884 2843 3158 2909 Democh.)
3191 2843 3440 2912 episcOpi
3487 2842 3707 2914 legatus

2081 2926 2306 2997 quidam
2345 2928 2659 2999 presbyter,
2708 2937 2960 2984 astruens
2990 2929 3251 2984 eumdem
3287 2929 3587 3001 praesulem
3629 2930 3705 2984 ita

2081 3013 2231 3087 gravi
2275 3015 2538 3090 languore
2573 3017 2882 3084 detentum,
2926 3022 2985 3071 ut
3026 3016 3096 3071 ad
3136 3016 3387 3070 eamdem
3428 3016 3707 3086 synodum

2081 3103 2271 3159 venire
2301 3121 2412 3160 non
2459 3105 2715 3162 valuerit.
2767 3105 2825 3159 ld
2865 3120 3089 3177 quoque
3136 3112 3412 3160 nostrates
3445 3105 3543 3176 qui
3575 3106 3716 3161 ade-

352 3213 676 3289 aggreditur
714 3212 935 3277 urbem,
977 3218 1033 3265 et
1061 3209 1331 3265 obsidens
1377 3215 1685 3281 Oppugnat,
1723 3206 1984 3277 ceditque
2019 3274 2059 3289 η
2084 3207 2226 3260 rant.
2258 3204 2586 3253 διαλείπων
2616 3197 2887 3269 episcopi.

354 3274 678 3360 nonnullos.
710 3274 936 3371 lnjeetis
963 3300 1127 3356 etiam
1158 3297 1388 3371 ignibus
1415 3274 1640 3353 domum
1669 3274 1861 3352 matris
1881 3274 1982 3352 ec-
2009 3274 2062 3345 C

354 3392 537 3449 clesim
562 3389 855 3448 succendit
900 3388 1183 3460 simulque
1221 3388 1461 3443 claustra
1499 3388 1890 3443 canonicorum
1927 3394 1984 3442 et

355 3492 568 3557 partem
611 3482 888 3547 civitatis;
942 3497 1045 3536 nec
1094 3489 1280 3535 tamen
1312 3481 1489 3552 ipsam
1534 3496 1737 3552 capere
1790 3480 1982 3535 valens

356 3576 552 3631 urbem
582 3573 832 3646 reliquit,
871 3579 927 3628 et
959 3572 1028 3627 ad
1058 3572 1354 3644 quamdam
1386 3572 1773 3638 munitionem,
1815 3587 1980 3642 quam

359 3663 712 3738 Ragenoldus
740 3677 929 3718 comes
960 3660 1218 3717 Ludovici
1264 3676 1436 3732 super
1463 3663 1707 3717 Axonam
1748 3660 1977 3715 ﬂuvium

359 3753 415 3807 in
462 3752 587 3807 loco
617 3751 712 3823 qui
761 3750 967 3806 dicitur
994 3749 1298 3805 Ranciacus
1341 3750 1589 3821 (Boucy),
1645 3749 1976 3817 aediﬁcabat,

358 3840 609 3904 devenit,
640 3840 934 3912 ipsamque
961 3839 1144 3895 adhuc
1168 3838 1546 3909 imperfectam
1585 3839 1777 3894 castris
1808 3839 1982 3895 valla-

358 3930 458 3985 vit.
481 3929 591 3985 Sed
622 3942 727 3985 nec
751 3929 928 4000 ipsam
948 3928 1153 4000 .eepit;
1184 3927 1344 3984 villas
1369 3934 1553 3983 tamen
1584 3927 1875 3983 Remensis
1888 3943 1981 3983 ec-

357 4019 541 4076 clesia:
560 4025 756 4075 castris
800 4018 921 4074 suis
948 4016 1238 4091 contiguas
1283 4016 1607 4073 devastavit.
1635 4016 1823 4073 Plures
1843 4032 1985 4088 quo-

359 4127 468 4183 que
495 4113 821 4168 colonorum
860 4111 1155 4182 praedones
1193 4110 1370 4181 ipsius
1417 4111 1838 4176 interemerunt,
1866 4110 1984 4166 vio-

360 4203 539 4259 lantes
587 4203 875 4270 ecclesias,
911 4211 966 4259 et
1020 4204 1077 4259 in
1107 4211 1317 4260 tantum
1373 4202 1780 4259 debacchantcs
1817 4210 1878 4257 ut
1928 4202 1983 4256 in

363 4295 692 4352 Culmiciaco
749 4296 874 4351 vico
918 4303 1029 4351 tam
1086 4294 1226 4351 infra
1273 4311 1438 4366 quam
1486 4295 1630 4349 circa
1693 4294 1981 4350 ecclesiam

362 4387 476 4442 fere
507 4387 947 4463 quadringentos
975 4388 1233 4444 homines
1259 4387 1656 4453 interfecerint,
1690 4386 1985 4459 ipsumque

361 4478 628 4548 templum
659 4477 828 4533 rebus
859 4478 1084 4549 penitus
1105 4477 1484 4549 exspoliarint.
1522 4477 1706 4533 Multis
1725 4493 1858 4551 ergo
1885 4478 1987 4532 lla-

361 4568 513 4641 gitiis
556 4575 691 4625 tunc
730 4570 1081 4642 perpetratis,
1112 4570 1267 4644 Hugo
1324 4570 1549 4627 tandem
1589 4585 1713 4625 cum
1734 4571 1852 4625 suis
1891 4586 1983 4625 re-

2653 3306 2861 3362 CAPUT
2886 3305 3131 3360 XXXVII.

2292 3382 2369 3434 De
2405 3381 2953 3439 excommunicationi:
2990 3379 3236 3445 Hugonis
3255 3378 3489 3433 comitis.

2159 3470 2341 3527 Tertia
2370 3472 2594 3529 tandem
2624 3471 2735 3539 die,
2767 3471 3062 3526 insistente
3104 3469 3381 3541 praecipue
3426 3468 3716 3525 Luitdnlfo

2081 3570 2263 3642 legato
2292 3573 2348 3621 et
2369 3564 2656 3636 capellano
2685 3564 2835 3638 regis
2860 3562 3110 3629 Othonis,
3142 3561 3405 3634 quoniam
3437 3560 3587 3616 idem
3614 3576 3709 3615 rex

2081 3661 2136 3716 id
2165 3660 2394 3716 omnino
2423 3655 2545 3712 fieri
2585 3654 2962 3727 praecipiebat,
3012 3653 3522 3710 excommunicatur
3553 3651 3712 3727 Hugo

2079 3766 2286 3817 comes,
2326 3748 2585 3804 inimicus
2624 3746 2885 3803 Ludovici
2918 3746 3088 3818 regis,
3113 3760 3212 3817 pro
3243 3760 3411 3815 supra
3429 3758 3717 3798 memora-

2080 3845 2150 3899 tis
2187 3842 2353 3897 malis
2377 3839 2448 3895 ab
2474 3841 2596 3910 ipso
2623 3838 2975 3910 perpetratis,
3002 3852 3069 3893 eo
3111 3846 3292 3892 tamen
3326 3835 3493 3892 modo
3523 3835 3712 3891 donec

2082 3935 2389 4006 resipiscat,
2427 3931 2497 3986 ad
2535 3930 2967 3986 satisfactionem
3008 3944 3193 3985 coram
3223 3927 3432 3983 Marino
3475 3927 3711 3996 vicario,

2082 4024 2168 4081 vel
2194 4022 2490 4093 episcopis,
2518 4020 2724 4091 quibus
2748 4018 3007 4088 injuriam
3057 4017 3210 4084 fecit,
3232 4016 3516 4072 deveniat.
3551 4016 3714 4081 Quod

2084 4116 2129 4171 si
2160 4114 2341 4169 facere
2371 4111 2788 4182 contempserit,
2839 4111 3065 4165 Romam
3096 4123 3194 4180 pro
3228 4107 3314 4162 sui
3355 4106 3715 4163 absolutione

2086 4209 2485 4281 proﬁciscatur.
2518 4205 3075 4261 Excommunicantur
3121 4210 3174 4259 et
3206 4202 3317 4259 duo
3365 4201 3709 4273 pseudoepi-

2086 4301 2237 4372 scepi
2273 4300 2341 4354 ab
2393 4300 2621 4374 Hugone
2651 4298 2913 4352 damnato
2936 4296 3197 4359 ordinati,
3228 4293 3528 4349 'l‘etbaldus
3563 4293 3711 4365 [ms.,

2084 4388 2452 4459 Theobaldus]
2488 4394 2544 4442 et
2574 4388 2709 4442 lvo:
2764 4385 2916 4457 prior
2948 4392 3071 4455 post
3118 4382 3499 4453 eXpulsionem
3532 4380 3715 4452 ipsius

2086 4480 2142 4534 in
2170 4476 2524 4533 Ambianensi
2557 4476 2735 4541 urbe;
2785 4475 2923 4530 alter
2949 4480 3071 4544 post
3097 4472 3510 4527 damnationem
3550 4470 3713 4539 ejus-

2086 4574 2213 4629 dem
2245 4572 2507 4647 llugonis,
2570 4572 2626 4625 in
2677 4568 3075 4625 Silvanectensi
3115 4568 3184 4621 ab
3243 4567 3367 4638 ipso
3398 4566 3710 4621 constituti.

362 4660 614 4738 greditur
656 4661 1081 4735 grassatoribus.
1129 4663 1317 4734 Itaque
1355 4662 1561 4718 milites
1589 4661 1683 4733 qui
1724 4646 2602 4725 hactenusDExcommunicatur
2628 4666 2792 4722 etiam
2842 4665 3067 4737 quidam
3099 4663 3333 4719 clericus
3370 4661 3716 4717 Laudunen-

363 4770 489 4810 cnm
516 4753 751 4827 Bugone
796 4753 1016 4810 fuerant
1058 4754 1540 4821 excommunicati,
1591 4754 1658 4808 ad
1703 4754 1987 4809 Artoldum

365 4846 656 4919 praesulem
675 4855 1043 4903 revertuntur.
1066 4847 1168 4912 Qui
1204 4848 1503 4903 nonnullos
1522 4862 1736 4915 eorum,
1756 4846 1988 4903 redditis

365 4936 643 4994 eisrebus
664 4954 802 5010 quas
826 4937 1158 5006 habuerant,
1193 4939 1412 5010 recipit,
1442 4940 1714 5011 quosdam
1742 4955 1870 4995 vero
1901 4955 1990 4994 re—

359 5029 503 5099 jicit.
562 5028 692 5085 Post
721 5030 841 5085 haec
877 5030 1131 5085 Treviros
1186 5029 1552 5101 proﬁciscitur
1595 5030 1666 5085 ad
1713 5030 1986 5101 synodum

366 5138 491 5177 cum
517 5121 800 5193 episcopis
823 5122 1062 5178 Widone
1093 5122 1448 5187 Suessonico,
1484 5121 1721 5177 Rodulfo
1772 5122 1990 5177 Laudu-

367 5212 549 5277 nensi,
599 5220 652 5267 et
689 5213 1011 5270 Winefredo
1064 5214 1380 5270 Morinensi.
1424 5214 1541 5279 Quo
1599 5213 1989 5285 pervenientes

365 5302 635 5358 Marinum
657 5320 780 5361 sese
807 5306 1214 5377 praestolantem
1244 5306 1527 5378 reperiunt
1561 5321 1685 5361 cum
1726 5305 1988 5362 Rotberto

366 5393 792 5467 archiepiscopo
822 5414 838 5465 ;
875 5405 1206 5454 cancrorum
1262 5412 1395 5453 vero
1436 5396 1872 5453 Lothariensium
1903 5396 1987 5452 vel

365 5484 764 5541 Germanorum
823 5490 1121 5559 praesulem
1179 5488 1296 5545 illic
1350 5489 1615 5545 invenere
1683 5489 1985 5545 neminem.

368 5572 800 5629 Considentlbus
841 5577 1009 5650 igitur
1046 5576 1176 5643 illis,
1216 5578 1473 5634 suscitari
1522 5577 1692 5649 ccepit
1748 5578 1988 5633 Marinus

369 5663 610 5719 vicarius
659 5663 793 5732 quid
861 5667 1066 5739 egisset
1130 5676 1257 5740 post
1318 5671 1657 5740 praemissam
1716 5670 1986 5741 synodum

368 5753 526 5826 iiugo
574 5750 835 5822 princeps
876 5768 1006 5825 erga
1053 5756 1211 5827 ipsos
1257 5760 1344 5813 vel
1391 5775 1578 5833 regem
1628 5759 1982 5815 Ludovicum.

366 5846 435 5903 At
460 5841 540 5897 illi
569 5839 817 5899 referunt
844 5856 1012 5914 supra
1042 5853 1338 5903 memorata
1369 5864 1492 5920 qua:
1534 5848 1688 5919 ipsis,
1721 5854 1777 5903 et
1805 5850 1986 5905 eccle-

2088 4763 2185 4828 sis,
2212 4762 2439 4818 nomine
2458 4760 2757 4826 Adelonus,
2787 4776 2953 4832 quem
2980 4757 3262 4814 accusavit
3292 4757 3561 4813 Rodulfus
3586 4758 3717 4829 epi-

2089 4864 2295 4922 scopus
2331 4866 2486 4918 suus,
2515 4866 2582 4906 eo
2614 4850 2764 4922 quod
2800 4849 3127 4904 Tetbaldum
3170 4846 3715 4902 excommunicatum

2090 4945 2145 4997 in
2170 4943 2460 4998 ecclesiam
2488 4942 2873 4998 introduxerit.
2898 4941 3133 4997 Vocatur
3152 4941 3502 5016 Hildegarius
3519 4937 3715 4993 Belvao

2088 5032 2270 5087 censis
2297 5032 2598 5103 episcOpus
2645 5030 2843 5085 litteris
2902 5028 3116 5100 praefati
3154 5028 3373 5092 Marini,
3430 5033 3491 5081 ut
3528 5024 3718 5081 veniat

2090 5135 2273 5178 coram
2326 5122 2470 5193 ipso,
2523 5121 2610 5175 vel
2661 5129 2749 5175 eat
2780 5120 3008 5174 Romam
3060 5118 3334 5173 rationem
3389 5116 3715 5171 redditurus

2089 5227 2274 5268 coram
2306 5212 2513 5266 domno
2526 5227 2687 5282 papa,
2712 5225 2810 5281 pro
2836 5209 3026 5264 illicita
3049 5207 3400 5263 ordinatione
3419 5205 3717 5276 praedicto-

2090 5318 2210 5357 rum
2242 5301 2870 5373 pseudoepisc0porum,
2895 5299 2985 5356 cui
3015 5298 3361 5353 interfuerat.
3392 5295 3634 5351 Vocatur
3661 5303 3717 5350 et

2092 5390 2413 5453 Heribertus
2443 5394 2715 5450 Heriberti
2741 5393 2961 5449 comitis
2986 5391 3154 5460 ﬁlius,
3181 5391 3251 5445 ad
3276 5385 3715 5444 satisfactionem

2089 5488 2277 5543 venire
2311 5502 2410 5559 pro
2436 5487 2613 5551 malis,
2662 5502 2784 5558 quae
2815 5492 3006 5541 contra
3036 5484 3331 5556 episcopos
3360 5479 3586 5556 agebat.
3624 5481 3715 5536 llis

2090 5580 2166 5635 ita
2218 5581 2407 5656 gestis,
2441 5579 2689 5652 episcopi
2742 5584 3093 5634 revertuntur
3148 5577 3204 5632 in
3242 5590 3359 5630 sua.
3401 5574 3717 5629 Luitdnlfus

2089 5676 2271 5724 autem
2304 5670 2626 5740 capellanus
2646 5667 2874 5722 Othonis
2905 5668 3172 5722 Marinum
3196 5663 3459 5721 vicarium
3490 5663 3720 5719 deducit

2088 5761 2155 5814 ad
2188 5776 2376 5835 regem
2396 5776 2557 5815 suum
2593 5760 2648 5815 in
2676 5760 2992 5827 Saxoniam,
3024 5758 3120 5813 ubi
3141 5763 3569 5813 consecraturus
3600 5766 3718 5811 erat

2086 5852 2378 5907 ecclesiam
2411 5852 2704 5907 Vuldensis
2754 5851 3100 5908 monasterii.
3141 5850 3269 5905 Post
3324 5846 3486 5917 cujus
3516 5864 3714 5905 conse-
