3912 6406
213 400 324 457 313

870 400 1198 456 1118⁵1⁸031ίὲ
1236 399 1571 455 ECCLESIAS
1610 399 1940 455 REMENSIS
1979 398 2156 454 LIBRI
2194 397 2527 465 QUATIlOR.
2559 428 2630 438 —
2660 397 2786 451 LIB.
2830 398 2917 452 IV.

3457 399 3562 453 3M

211 539 684 596 crationemidem
715 538 977 606 Marinus,
1033 547 1222 595 exacta
1259 541 1444 595 hieme
1475 540 1703 595 Romam
1734 556 1829 594 re-
1857 543 1907 611 Α
1939 537 2411 603 Remis,ultimum
2451 537 2535 591 sui
2575 549 2769 590 cursus
2789 534 2996 590 ibidem
3029 536 3223 590 clausit
3259 534 3427 601 diem,
3462 534 3560 591 ubi

211 637 464 693 vertitur.
527 636 783 691 Nascitur
831 636 947 709 regi
992 636 1268 693 Ludovico
1301 634 1467 700 ﬁlius,
1502 653 1665 707 quem
1696 651 1839 707 prte-

213 729 297 785 sul
318 728 576 784 Artoldus
602 727 674 783 de
702 743 856 783 sacro
879 727 1034 784 fonte
1054 728 1321 801 suscepit,
1363 728 1536 799 patris
1561 729 1610 784 ei
1638 743 1840 785 nomen

215 820 534 891 imponens.

756 888 969 945 CAPUT
1032 889 1306 944 XXXVIII.

212 976 638 1049 Dequibusdam
665 979 900 1033 ecclesiis
910 978 993 1032 vel
1002 980 1349 1033 monasteriis
1359 979 1512 1033 urbis
1539 981 1835 1036 Bernensis.

289 1088 485 1143 Plures
533 1085 788 1159 denique
847 1086 995 1159 apud
1043 1102 1147 1143 nos
1196 1086 1477 1159 quondam
1526 1093 1844 1144 sanctorum

215 1180 374 1236 fuere
410 1179 680 1248 basilicae,
710 1168 891 1236 sed'et
915 1179 1257 1236 monasteria
1285 1178 1425 1235 infra
1450 1177 1538 1235 vel
1561 1180 1705 1236 circa
1732 1179 1841 1235 Re-

215 1282 471 1323 mensem
493 1268 636 1323 hanc
663 1268 882 1335 urbem,
923 1283 1047 1341 qum
1066 1267 1236 1323 modo
1266 1282 1378 1323 non
1409 1266 1604 1322 haberi
1630 1267 1837 1338 proba-

216 1368 325 1413 tur.
349 1358 465 1413 Duo
486 1366 675 1412 tamen
709 1357 890 1413 adhuc
936 1362 1239 1429 supersunt
1267 1356 1411 1412 infra
1439 1358 1637 1413 urbem
1669 1358 1833 1429 puel-

216 1451 395 1505 larum
423 1449 760 1506 monasteria
791 1465 805 1503 :
835 1462 1070 1520 quorum
1126 1463 1297 1503 unum
1320 1449 1490 1520 (quod
1522 1448 1779 1520 superius
1807 1466 1837 1504 a

214 1542 327 1596 situ
347 1539 561 1596 scilicet
586 1538 694 1594 Ioci
716 1539 1091 1610 nuncupatur)
1121 1539 1175 1593 S.
1210 1538 1526 1594 Baldericus
1553 1538 1844 1609 presbyter

214 1652 344 1692 cum
370 1651 562 1691 sorore
584 1651 685 1691 sua
730 1635 895 1701 Bova,
937 1634 1185 1703 ejusdem
1215 1633 1453 1689 coenobii
1488 1635 1837 1704 postmodum

215 1728 560 1799 abbbatissa,
592 1730 649 1786 in
681 1730 892 1786 honore
919 1738 1125 1785 sancta)
1155 1730 1358 1796 Mariae,
1391 1728 1477 1783 vel
1500 1730 1672 1785 sancti
1694 1730 1836 1785 Petri

220 1826 604 1882 construxisse
636 1826 887 1881 traditur.
932 1825 1033 1891 Qui
1063 1825 1231 1902 regali
1260 1840 1464 1901 genere
1483 1825 1837 1881 exortifuisse

216 1915 560 1984 referuntur,
613 1926 767 1987 patre
799 1915 1012 1971 scilicet
1048 1916 1335 1990 Sigeberto
1368 1931 1517 1988 rege,
1567 1916 1838 1971 habentes

216 2018 468 2089 neptem,
503 2013 726 2068 nomine
757 2012 987 2079 Dodam,
1017 2012 1383 2067 castissimam
1424 2013 1684 2083 puellam,
1718 2029 1839 2085 quae

214 2110 556 2180 desponsata
596 2107 763 2163 fuisse
791 2106 962 2163 fertur
978 2109 1196 2164 cuidam
1222 2111 1465 2184 magnati
1495 2110 1742 2177 ejusdem
1760 2126 1841 2164 re-

211 2200 301 2272 gis
331 2197 605 2273 Sigeberti
629 2216 645 2265 ;
668 2215 944 2271 quamque
969 2199 1193 2270 praefata
1223 2201 1396 2272 ipsius
1412 2201 1580 2256 amita
1601 2201 1840 2256 Bovain-

210 2290 455 2346 stituens
482 2289 549 2344 ad
573 2289 923 2345 serviendum
949 2290 1082 2354 Deo,
1110 2291 1551 2364 servandamque
1571 2300 1839 2363 perpetuo

210 2378 608 2454 virginitatem,
641 2377 710 2431 ab
740 2393 928 2434 amore
981 2378 1187 2433 terreni
1242 2378 1438 2434 avertit
1490 2378 1702 2449 sponsi.
1738 2378 1838 2443 Qui

208 2486 338 2525 cum
369 2467 477 2523 sibi
528 2468 939 2536 adversaretur,
1001 2484 1263 2539 sponsam
1307 2469 1555 2526 innitens
1584 2469 1839 2524 eamdem

207 2559 517 2631 corripere,
578 2575 810 2615 ascenso
869 2573 1033 2632 equo,
1072 2560 1200 2614 dum
1254 2560 1306 2615 id
1349 2567 1585 2616 conatur
1613 2575 1839 2633 quoquo

209 2655 381 2710 modo
436 2654 765 2726 adimplere,
818 2653 1037 2710 furente
1078 2655 1267 2727 lapsus
1324 2656 1393 2710 ab
1447 2671 1613 2726 equo,
1654 2654 1842 2709 fractis

208 2743 552 2810 cervicibus,
587 2744 821 2799 traditur
857 2744 1159 2799 interiisse.
1216 2745 1382 2799 Beata
1421 2744 1663 2815 denique
1691 2743 1843 2798 Deda

212 2833 270 2887 in
324 2832 594 2887 castitatis
649 2834 935 2904 proposito
982 2849 1341 2905 permanens,
1388 2832 1570 2887 amitae
1622 2848 1735 2887 suae
1785 2832 1841 2886 in

212 2921 468 2990 ejusdem
499 2921 821 2976 monasterii
852 2922 1120 2977 successit
1142 2922 1433 2998 regimine.
1468 2925 1598 2989 Quae
1633 2936 1842 2993 praece-

211 3020 372 3084 ptum
405 3025 628 3082 quoque
685 3010 1069 3078 immunitatis,
1121 3012 1272 3084 quod
1326 3011 1509 3068 adhuc
1562 3014 1709 3083 apud
1741 3028 1845 3070 nos

212 3100 479 3165 habetur,
503 3116 535 3155 a
573 3099 829 3172 principe
858 3100 1095 3171 Pippino
1125 3100 1307 3156 eidem
1367 3101 1721 3173 postmodum
1744 3101 1846 3157 ob-

214 3195 384 3250 tinuit
440 3191 560 3249 ﬁeri
592 3194 873 3263 cmnobio,
916 3194 1153 3260 Quarum
1206 3211 1441 3268 corpora
1496 3196 1551 3251 in
1606 3195 1845 3251 ecclesia

209 3298 369 3344 extra
416 3303 607 3343 muros
660 3287 834 3352 urbis,
882 3287 975 3344 ubi
1017 3289 1255 3358 primum
1310 3288 1617 3360 puellarum
1669 3288 1845 3343 fuerat

212 3377 928 3444 monasterium,tumulata
963 3378 1059 3432 diu
1092 3378 1446 3443 quieverunt,
1480 3378 1660 3434 donec
1691 3384 1845 3448 post-

213 3470 470 3536 modum,
527 3469 962 3525 revelationibus
1006 3469 1340 3542 quibusdam
1392 3469 1627 3538 elevata,
1675 3476 1731 3525 et
1774 3469 1844 3525 ad

214 3568 363 3621 hanc
383 3580 583 3621 novam
616 3576 746 3621 sunt
793 3565 1085 3622 ecclesiam
1133 3567 1362 3638 perlata,
1396 3567 1715 3640 ibidemque
1748 3583 1842 3623 ve-

214 3657 549 3714 nerabiliter
577 3658 865 3727 collocata,
911 3659 1177 3715 continua
1233 3658 1672 3717 honorificantur
1701 3660 1841 3717 inibi

208 3750 329 3807 Deo
359 3748 746 3807 famulantium
764 3750 1079 3813 reverentia
1099 3750 1432 3823 puellarum.

792 3864 1010 3921 CAPUT
1041 3866 1266 3921 XXXIX.

608 3937 683 3991 De
706 3942 894 3992 sancto
924 3938 1208 3993 Balderico
1237 3939 1448 3993 abbate.

280 4027 523 4084 Sanctus
540 4038 728 4084 autem
759 4029 1081 4086 Baldericus
1122 4031 1196 4101 (S.
1234 4031 1504 4102 Bauldry)
1525 4040 1649 4102 post
1680 4032 1845 4102 hujus

207 4120 535 4175 monasterii
605 4120 1099 4188 constructionem,
1180 4120 1362 4177 locum
1439 4138 1697 4195 quaerens
1750 4121 1843 4176 ubi

207 4228 375 4267 suam
406 4226 628 4285 quoque
652 4212 1014 4267 constitueret
1059 4211 1481 4280 habitationem,
1514 4213 1568 4268 in
1600 4230 1708 4285 qua
1728 4214 1846 4269 col-

209 4300 372 4356 lectis
400 4316 588 4355 secum
629 4299 760 4355 viris
809 4300 1071 4376 religiose
1119 4302 1455 4365 conversari,
1488 4302 1710 4374 Deoque
1746 4302 1846 4358 de-

208 4401 339 4448 vote
368 4408 434 4448 ae
462 4392 653 4464 quiete
710 4392 919 4449 servire
965 4391 1194 4460 valeret,
1256 4393 1478 4449 tandem
1512 4394 1717 4465 reperit
1737 4393 1844 4449 sibi

213 4484 489 4555 placitum
545 4500 711 4556 quem
769 4483 963 4540 dicunt
1035 4483 1275 4540 Montem
1338 4484 1593 4541 Falconis
1662 4486 1844 4542 locum

211 4579 634 4650 (Mont/aucon).
686 4578 786 4644 Qui
836 4579 992 4636 locus
1040 4584 1173 4634 tunc
1195 4580 1463 4651 temporis
1495 4579 1841 4636 inhabitabi-

1944 638 1999 684 et
2027 631 2278 701 sepultus
2305 638 2553 699 tempore
2578 644 2690 683 non
2732 629 2949 683 modico
2981 628 3271 699 requievit.

2575 742 2793 797 CAPUT
2826 743 2929 798 XL.

2124 841 2196 893 De
2218 838 2498 891 miraculis
2524 841 2647 906 post
2683 838 2883 890 obitum
2912 838 3087 905 ipsius
3130 838 3379 890 oste/isis.

2018 950 2280 1005 Processu
2326 949 2570 1020 denique
2625 948 2890 1018 temporis
2912 948 3200 1024 diligentia
3229 948 3557 1004 clericorum

1945 1046 2309 1108 praenotatum
2364 1038 2537 1108 ipsius
2572 1038 2716 1092 beati
2748 1037 2849 1091 viri
2882 1037 3278 1091 monasterium
3308 1037 3560 1093 incolen-

1943 1125 2102 1191 tium,
2127 1126 2246 1195 ejus
2264 1132 2348 1180 est
2379 1126 2508 1181 illuc
2563 1125 2753 1180 furtim
2810 1142 3012 1196 corpus
3042 1126 3311 1193 delatum,
3349 1126 3562 1181 delusis

1944 1214 2132 1270 fraude
2154 1215 2496 1282 custodibus,
2538 1215 2723 1270 Remis
2773 1214 3042 1276 ablatum.
3068 1215 3217 1280 Quos
3246 1215 3379 1270 dum
3403 1215 3562 1270 inSe-

1940 1313 2241 1379 querentur
2280 1307 2503 1379 quidam
2547 1306 2696 1362 cives
2746 1306 3065 1365 Remenses.
3102 1322 3168 1361 eo
3194 1323 3372 1377 usque
3435 1313 3565 1361 sunt

1939 1396 2215 1467 persecuti
2245 1395 2423 1452 donec
2452 1411 2549 1450 eos
2590 1396 2711 1451 visu
2769 1395 2992 1468 quidam
3044 1395 3562 1466 deprehenderent.

1944 1492 2191 1563 Dumque
2218 1491 2575 1547 turbarentur
2623 1491 2817 1547 horum
2875 1491 3116 1546 adventu
3174 1489 3318 1546 sacri
3366 1491 3568 1546 latores

1942 1586 2211 1661 pignoris,
2246 1586 2393 1640 inter
2408 1594 2671 1659 utrosque
2692 1586 2864 1641 densa
2891 1586 3161 1643 dirimens
3194 1586 3402 1640 nebula
3430 1586 3567 1641 divi-

1943 1678 2091 1732 nitus
2121 1677 2365 1732 creditur
2390 1676 2561 1744 illata,
2606 1693 2732 1749 qua
2784 1683 3085 1748 sequentes
3108 1675 3482 1743 obtenebrati,
3515 1681 3569 1729 et

1940 1784 2130 1825 errore
2160 1769 2215 1823 in
2246 1769 2405 1823 devia
2436 1768 2599 1839 rapti,
2621 1768 2853 1841 vestigia
2872 1767 3309 1839 praecedentium
3342 1783 3561 1822 servare

1864 1863 1911 1930 Β
1937 1862 2325 1933 nequiverunt.
2352 1860 2642 1915 Evectores
2671 1868 2854 1915 autem
2868 1860 3007 1914 sacri
3040 1859 3288 1930 corporis
3319 1859 3374 1913 in
3393 1866 3563 1914 nocte

1937 1948 2203 2019 splendor
2226 1964 2468 2019 superne
2491 1950 2695 2004 missus
2725 1949 3027 2015 irradiavit,
3059 1948 3240 2003 donec
3267 1948 3335 2002 ad
3367 1948 3551 2018 proxi-

1938 2050 2083 2087 mam
2110 2036 2360 2091 czenobio
2392 2037 2825 2107 possessionem,
2876 2054 2996 2108 quae
3030 2036 3231 2091 dicitur
3261 2035 3391 2090 villa
3421 2035 3562 2106 Spa-

1940 2120 2073 2175 nulfi
2101 2122 2217 2192 [al.,
2247 2123 2555 2194 Spamulfi],
2606 2124 2979 2198 infatigabiles
3041 2129 3429 2194 pervenerunt.
3467 2122 3566 2176 Ubi

1942 2210 2072 2282 quia
2102 2219 2291 2266 sancta
2320 2212 2632 2283 deposuere
2689 2212 2958 2276 membra,
3018 2211 3074 2265 in
3137 2213 3347 2266 honore
3392 2210 3567 2281 ipsius

1942 2310 2135 2373 postea
2163 2311 2472 2358 constructa
2526 2311 2611 2358 est
2666 2304 2922 2359 ecclesia.
2978 2303 3186 2368 Quibus
3214 2302 3421 2357 abiude
3443 2318 3566 2357 eum

1940 2410 2096 2450 sacro
2126 2397 2579 2466 promoventibus
2636 2396 2891 2471 pignore,
2932 2396 3024 2451 ubi
3059 2395 3399 2451 monasterio
3434 2411 3567 2465 pro-

1942 2489 2208 2560 pinquare
2241 2501 2531 2561 coeperunt
2586 2491 2837 2545 ecclesiae
2868 2492 3026 2564 signa
3065 2490 3306 2546 cmnobii
3337 2496 3563 2561 sponte,

1941 2581 2149 2652 absque
2178 2582 2419 2637 humano
2453 2583 2662 2638 scilicet
2700 2582 2966 2653 impulsu,
2997 2583 3257 2637 sonuisse
3291 2581 3562 2638 feruntur.

1944 2673 2096 2737 Quod
2130 2672 2423 2728 audientes
2451 2675 2647 2729 fratres
2674 2673 2890 2729 obviam
2910 2679 3038 2728 sunt
3068 2674 3278 2747 egressi
3315 2692 3329 2728 :
3365 2674 3567 2745 sicque

1946 2767 2041 2821 diu
2073 2767 2385 2823 desiderata
2403 2768 2772 2836 suscipientes
2793 2768 3183 2834 munera,dum
3204 2768 3259 2821 in
3280 2768 3570 2822 ecclesiam

1943 2858 2116 2911 sancti
2149 2858 2405 2914 Germani
2431 2875 2496 2913 ea
2517 2867 2791 2915 conantur
2820 2859 3201 2923 inferre,tanto
3221 2858 3571 2929 persentiunt

1943 2955 2071 3002 ante
2100 2947 2275 3018 ipsius
2305 2947 2588 3003 introitum
2617 2947 2859 3003 basilica:
2889 2946 3070 3003 deﬁxa
3094 2949 3429 3018 pondere,ut
3452 2948 3569 3002 haec

1945 3057 2295 3114 nequaquam
2329 3043 2612 3113 potuerint
2660 3043 2889 3097 ulterius
2945 3058 3202 3097 emovere
3242 3058 3412 3107 ;cum
3460 3057 3561 3112 per

1947 3133 2192 3189 triduum
2226 3134 2278 3188 id
2311 3134 2588 3188 enitentes
2618 3133 2769 3187 omni
2802 3133 3092 3207 gestierint
3120 3133 3411 3187 conamine
3441 3149 3569 3202 per-
3649 3169 3652 3174 -

1950 3233 2188 3295 petrare.
2222 3224 2312 3280 Sic
2338 3225 2561 3279 demum
2598 3230 2739 3278 tecto
2766 3239 2933 3293 super
2952 3222 3133 3278 deﬁxa
3149 3223 3371 3277 condito
3395 3238 3572 3276 mem-

1866 3332 1916 3399 ρ
1948 3316 2047 3370 bra
2077 3315 2433 3380 confessoris,
2468 3331 2567 3385 per
2596 3314 2895 3369 triennium
2929 3314 3040 3369 illic
3067 3314 3140 3369 ita
3159 3314 3430 3369 mansisse
3464 3323 3571 3370 tra-

1948 3407 2172 3461 duntur.
2197 3406 2313 3471 Quo
2363 3405 2631 3475 temporis
2664 3412 2885 3475 peracto
2932 3405 3132 3476 spatio.
3177 3405 3247 3459 ad
3274 3406 3570 3461 ecclesiam

1944 3498 2119 3553 sancti
2155 3497 2458 3562 Laurentii,
2491 3495 2586 3551 ubi
2617 3498 2811 3552 vivens
2841 3498 2962 3568 ipse
2990 3497 3098 3551 sibi
3122 3498 3436 3568 sepulcrum
3473 3515 3574 3569 pa-

1946 3600 2178 3659 raverat,
2211 3593 2493 3649 celebrato
2541 3608 2642 3663 per
2699 3592 2942 3647 triduum
2975 3593 3214 3661 jejunio,
3247 3593 3564 3648 venerabile

1945 3699 2148 3753 corpus
2176 3683 2296 3753 ejus
2325 3683 2618 3754 perlatum,
2646 3692 2702 3737 et
2728 3682 2784 3737 in
2806 3699 2906 3738 suo
2946 3690 3266 3738 reverenter
3292 3691 3374 3738 est
3401 3684 3572 3754 depo-

1945 3778 2111 3832 situm
2166 3779 2528 3851 sarcOphago.
2584 3776 2777 3849 Ibique
2828 3783 3044 3832 constat
3090 3778 3395 3834 venerabili
3426 3778 3574 3834 cultu

1945 3876 2248 3937 servatum,
2268 3886 2447 3941 usque
2478 3870 2547 3924 ad
2592 3876 2840 3939 tempora
2886 3866 3066 3923 Karoli
3119 3867 3287 3938 regis,
3319 3874 3376 3921 et
3408 3867 3573 3924 Hinc-

1945 3957 2083 4012 mari
2111 3957 2537 4028 archiepiscopi,
2552 3957 2773 4029 quando
2787 3953 3127 4012 Nordmanni
3153 3954 3257 4009 hoc
3279 3962 3571 4025 cmperuut

1948 4065 2179 4121 regnum
2211 4048 2561 4120 depopulari.
2597 4049 2836 4113 Quorum
2870 4055 3078 4101 terrore
3105 4046 3375 4116 compulsi
3407 4061 3575 4101 cano-

1949 4141 2058 4196 nici
2092 4140 2342 4210 ejusdem
2375 4140 2502 4203 loci,
2551 4156 2757 4211 corpus
2803 4139 2969 4208 hujus
3018 4137 3235 4209 patroni
3273 4136 3358 4192 sui
3383 4137 3452 4190 de
3483 4153 3573 4191 se-

1947 4230 2139 4301 pulcro
2172 4230 2409 4285 levatum
2436 4246 2605 4301 super
2634 4229 2805 4284 altare
2844 4228 3019 4283 sancti
3054 4224 3329 4281 Laurentii
3365 4241 3573 4294 posue-

1945 4331 2092 4377 runt.
2129 4322 2283 4387 Quod
2313 4322 2444 4377 dum
2480 4320 2657 4389 ﬁeret,
2676 4328 2784 4376 tres
2798 4327 2967 4395 gutta)
2997 4318 3285 4392 sanguinis
3306 4318 3376 4372 de
3393 4317 3574 4388 capite

1944 4413 2122 4483 ipsius
2144 4413 2524 4479 deﬂuxerunt,
2566 4412 2643 4469 ita
2700 4420 2950 4467 recentes
2998 4418 3052 4465 et
3093 4409 3307 4476 calidae,
3342 4426 3404 4465 ac
3424 4410 3470 4464 si
3501 4411 3570 4465 de

1946 4504 2166 4559 vivente
2199 4504 2544 4576 proﬂuerent
2572 4519 2827 4574 corpore.
2860 4502 3061 4573 Sicque
3077 4501 3322 4556 delatum
3346 4508 3427 4556 est
3451 4501 3570 4555 Vir-

1945 4597 2177 4651 dunum.
2214 4595 2365 4651 Unde
2420 4595 2652 4652 relatum
2678 4596 2732 4651 in
2751 4594 3087 4651 ecclesiaest
3110 4595 3286 4651 sancti
3311 4593 3569 4650 Germani

211 4667 306 4734 lis,
330 4666 521 4722 densis
564 4667 924 4740 operiebatur
948 4667 1120 4736 silvis,
1167 4684 1306 4740 quas
1360 4670 1482 4740 ipse
1522 4670 1837 4735 succidens,
1859 4657 1918 4727 Ι)
1950 4690 2217 4747 locatum,

208 4758 437 4832 proprio
465 4758 575 4813 sibi
620 4758 814 4815 labore
871 4759 1127 4815 condidit
1192 4760 1591 4816 habitaculum.
1644 4761 1837 4817 Fertur

205 4862 397 4910 autem
427 4870 607 4923 avem,
630 4870 795 4927 quam
833 4871 1221 4925 nuncupamus
1251 4854 1546 4923 falconem,
1576 4857 1835 4927 praeviam

208 4958 267 5006 et
282 4948 439 5021 quasi
473 4948 785 5020 praeducem
846 4948 1081 5017 itineris,
1112 4949 1245 5005 dum
1272 4951 1454 5007 locum
1481 4949 1636 5005 illum
1665 4966 1836 5022 expe-

209 5047 377 5108 teret,
409 5040 694 5106 habuisse,
740 5057 865 5113 quaa
909 5042 1030 5098 loco
1077 5042 1260 5097 eidem
1306 5042 1595 5109 insederit,
1623 5058 1689 5099 ac
1740 5059 1839 5114 per

208 5134 463 5190 triduum
497 5133 590 5190 illo
608 5134 833 5191 rediens
859 5134 1081 5205 inloco,
1107 5137 1199 5192 ubi
1225 5153 1376 5194 nunc
1408 5138 1641 5193 habetur
1667 5139 1840 5194 altare

209 5225 270 5279 in
301 5226 518 5281 honore
545 5224 719 5281 sancti
777 5226 925 5281 Petri
972 5226 1229 5297 apostoli,
1260 5226 1383 5283 sine
1431 5227 1838 5299 permutatione

206 5313 506 5371 resederit.
538 5313 693 5370 Unde
715 5320 772 5371 et
799 5314 1120 5372 coenobium
1170 5315 1239 5370 ab
1274 5315 1382 5371 hoc
1403 5324 1606 5371 eventu
1634 5315 1715 5371 sic
1745 5331 1839 5371 vo-

204 5408 440 5464 citatum
495 5405 720 5477 plurimi
777 5414 1052 5464 asserunt.
1106 5407 1209 5463 Ubi
1256 5424 1381 5464 cum
1435 5408 1546 5464 Deo
1585 5407 1841 5465 devotius

205 5500 422 5557 servire
439 5498 722 5571 cwpisset,
783 5500 1042 5556 nonnulli
1074 5501 1248 5555 Deum
1281 5500 1553 5558 timentes.
1597 5517 1686 5559 res
1713 5518 1843 5557 suas

206 5590 392 5646 eidem
422 5589 710 5646 contulere
735 5607 750 5657 ;
774 5590 969 5664 sicque
999 5590 1247 5646 collectis
1287 5607 1474 5647 secum
1530 5591 1840 5658 monachis,

202 5681 529 5739 ccenobium
554 5681 657 5736 sub
682 5682 922 5755 regulari
953 5683 1243 5739 constituit
1273 5683 1648 5752 institutione,
1671 5693 1837 5757 atque

204 5769 354 5826 idem
385 5769 494 5825 sub
525 5769 740 5826 honore
765 5770 915 5826 beati
960 5770 1216 5827 Germani
1247 5772 1838 5830 aediﬁcavitmonaste-

206 5868 375 5924 rium.
412 5864 626 5932 Quibus
675 5865 925 5938 patratis,
983 5868 1051 5923 ad
1104 5883 1352 5926 sororem
1378 5885 1533 5925 suam
1579 5884 1834 5925 reversus

2009 4779 2236 4860 Interim
2267 4779 2397 4834 dum
2428 4793 2530 4834 suo
2560 4778 2781 4834 abesset
2834 4779 3195 4843 monasterio.
3228 4778 3571 4834 Nordmanui

1937 4868 2006 4923 ad
2037 4867 2091 4921 id
2122 4876 2495 4938 pervenerunt
2538 4884 2552 4921 :
2602 4867 2702 4921 sed
2762 4867 2997 4923 Domino
3051 4868 3183 4922 illud
3220 4874 3570 4941 protegente,

1939 4977 2043 5017 nec
2072 4958 2335 5015 ecclesias
2391 4959 2779 5024 incenderunt,
2810 4976 2913 5015 nec
2951 4960 3229 5027 homines,
3264 4959 3372 5013 nisi
3402 4977 3574 5015 unam

1939 5053 2209 5127 duntaxat
2233 5052 2545 5119 mulierem,
2599 5052 2941 5107 occiderunt.
3001 5051 3064 5106 Ut
3104 5057 3286 5106 autem
3322 5065 3574 5105 recesse-

1939 5150 2088 5212 runt,
2115 5144 2309 5200 altaria
2339 5144 2663 5200 muneribus
2719 5144 2835 5198 suis
2887 5143 3166 5198 cumulata
3210 5142 3577 5199 dimiserunt.

1939 5239 2120 5295 Altera
2158 5239 2277 5295 vice
2313 5238 2446 5295 dum
2485 5238 2819 5295 Nordmanni
2851 5238 2921 5292 ad
2948 5238 3206 5293 eumdem
3229 5237 3413 5294 locum
3447 5255 3577 5294 rur-

1941 5350 2036 5389 sus
2055 5333 2409 5399 accederent,
2443 5332 2668 5404 quidam
2714 5331 3017 5387 canonicus
3062 5332 3190 5399 loci,
3217 5331 3444 5388 nomine
3477 5333 3574 5389 0t-

1942 5421 2152 5489 tradus,
2182 5438 2384 5494 corpus
2402 5420 2577 5477 sancti
2628 5420 2933 5492 accipiens,
2967 5421 3198 5493 reliquis
3229 5421 3360 5498 fuga
3392 5422 3572 5494 dilap-

1943 5514 2042 5577 sis,
2076 5512 2196 5584 ipse
2226 5528 2351 5568 cum
2383 5527 2540 5568 sacro
2563 5526 2795 5582 corpore
2828 5511 2884 5566 in
2915 5512 3212 5584 quamdam
3243 5512 3576 5569 conscendit

1943 5602 2216 5658 arborem.
2248 5599 2423 5667 Quem
2446 5600 2683 5656 insecuti
2711 5601 2934 5676 pagani,
2968 5617 3146 5673 usque
3172 5602 3430 5673 adipsam
3450 5618 3573 5672 per-

1937 5697 2209 5747 venerunt
2246 5690 2502 5745 arborem
2543 5698 2599 5746 et
2628 5690 3251 5761 respicientessursum,
3286 5691 3566 5747 neminem

1938 5790 2239 5853 potuerunt
2267 5783 2520 5838 eamdem
2538 5783 2932 5839 conscendisse
2954 5783 3395 5854 deprehendere.
3420 5782 3565 5835 Idem

1936 5885 2066 5928 vero
2088 5870 2257 5927 frater
2286 5887 2387 5943 per
2410 5887 2609 5929 novem
2642 5872 2761 5928 dies
2793 5871 2932 5928 inibi
2951 5867 3565 5944 permanens,nihilque
