3912 6462
288 425 395 483 315

1416 430 1783 485 FLODOARDI
1824 428 2127 485 CANONICI
2169 430 2501 487 REMENSIS

3519 435 3623 492 316

282 556 483 625 vietus,
526 568 724 629 praeter
752 576 916 615 unam
947 561 1292 617 solummodo
1341 577 1566 616 sumens
1614 563 1893 637 glandem,
1927 574 1966 632 Α
1992 565 2284 619 sanitatem
2317 564 2732 636 integerrimam
2766 554 3012 635 i-ecipere
3067 562 3289 631 meruit,
3317 573 3373 619 et
3412 565 3494 620 sic
3520 582 3623 637 pe-

284 664 467 719 neque
493 650 718 718 famem,
744 669 923 724 neque
946 654 1090 707 sitim
1123 670 1313 723 passus
1338 652 1506 707 fuisse
1534 662 1889 709 memoratur.

283 744 598 816 Iterumque
623 753 753 801 tunc
786 744 940 802 locus
983 749 1127 801 idem
1160 748 1367 802 meritis
1389 750 1550 817 hujus
1575 750 1835 804 beativiri
1862 766 1893 804 a

281 839 524 915 caedibus
556 848 609 894 et
642 842 896 897 incendio
916 858 1253 915 paganorum
1279 844 1542 899 liberatus
1567 855 1668 900 est.
1699 847 1893 900 Postea

284 912 532 1001 contigit,
568 939 626 985 ut
656 933 877 1002 quidam
909 934 1219 1002 przedones,
1254 936 1418 1007 regia).
1450 937 1894 1004 majestatisinti—

283 1019 460 1082 deles,
483 1021 551 1074 ad
582 1023 835 1075 eumdem
896 1023 1220 1079 devenirent
1276 1026 1476 1089 locum,
1511 1035 1563 1081 et
1595 1044 1703 1082 non
1738 1028 1894 1083 inve-

281 1111 498 1166 nientes
538 1113 616 1167 ibi
666 1131 887 1169 manum
946 1124 1345 1191 repugnantem
1401 1119 1528 1188 sibi,
1585 1119 1891 1177 desolatum

282 1205 513 1270 praedari
546 1208 794 1280 aggressi
819 1215 944 1262 sunt
974 1209 1171 1264 locum.
1209 1211 1360 1275 Quod
1376 1211 1505 1265 dum
1538 1225 1888 1288 peragerent,

279 1297 438 1372 signa
469 1300 718 1354 ecclesiae
746 1302 919 1357 sancti
976 1302 1273 1369 Laurentii,
1345 1306 1568 1361 nemine
1613 1310 1886 1378 pulsante,

279 1406 478 1445 sonare
516 1403 826 1463 coeperunt,
859 1403 914 1451 et
944 1395 1054 1452 duo
1094 1397 1240 1451 cerei
1272 1414 1471 1469 supero
1497 1408 1624 1455 sunt
1656 1402 1781 1476 igne
1808 1403 1893 1456 di-

278 1487 484 1543 vinitus
510 1494 749 1548 accensi.
802 1493 1173 1550 Praedonibus
1214 1511 1342 1550 vero
1382 1497 1579 1552 timore
1629 1499 1893 1569 perculsis

279 1586 333 1633 et
362 1580 800 1653 aufugienlibus,
851 1603 997 1642 unus
1040 1604 1235 1642 eorum
1290 1589 1579 1660 prolapsus
1622 1591 1691 1645 ad
1718 1593 1891 1662 ipsam

278 1675 597 1728 monasterii
625 1684 838 1747 portam
893 1682 1120 1746 corruit,
1182 1687 1400 1753 tamque
1433 1683 1551 1753 ipso
1609 1702 1771 1755 quam
1798 1702 1892 1739 su-

279 1767 452 1839 perbo
484 1771 602 1840 ejus
640 1790 784 1846 equo
844 1777 1001 1832 ruina
1065 1780 1322 1847 contrito;
1362 1787 1510 1836 utres
1564 1799 1807 1852 quoque,
1839 1782 1893 1836 in

277 1864 482 1934 quibus
515 1867 698 1923 vinum
734 1869 1019 1928 deferebat
1040 1874 1302 1941 ablatum,
1335 1875 1569 1947 disrupti
1603 1887 1749 1932 sunt.
1778 1877 1893 1932 Ca2-

279 1960 381 2015 teri
410 1961 514 2017 hoc
562 1965 835 2035 videntes,
883 1970 1047 2025 donis
1097 1971 1392 2026 ecclesiam
1432 1983 1882 2041 muneraverunt,
1918 1952 1965 2019 Β
1994 1949 2169 2041 sar)?“

278 2063 543 2128 metuque
573 2058 750 2115 affecti
785 2070 1152 2117 recesserunt.

888 2174 1098 2230 CAPUT
1154 2177 1281 2231 XLI.

804 2248 881 2301 De
912 2249 1047 2302 villa
1089 2251 1365 2305 Wrtslicia.

352 2337 875 2406 llujusvenerabilis
923 2340 1027 2395 loci
1086 2344 1339 2398 canonici
1398 2344 1558 2401 famis
1614 2349 1893 2419 quondam

279 2431 609 2487 necessitate
639 2435 934 2505 compulsi,
991 2438 1227 2508 sumptis
1270 2456 1300 2493 a
1330 2456 1563 2510 corpore
1592 2444 1893 2496 venerandi

277 2524 493 2593 patroni
515 2525 597 2579 sui
634 2527 903 2598 reliquiis,
960 2530 1027 2583 ad
1054 2546 1208 2585 suam
1240 2534 1535 2603 quamdam
1569 2534 1772 2601 villam,
1798 2552 1893 2589 su-

280 2631 379 2685 pra
438 2617 612 2688 ripam
662 2619 840 2676 Rheni
884 2622 1067 2689 sitam,
1132 2635 1503 2696 cognomento
1553 2626 1890 2693 Waslieiam,

280 2726 444 2781 quam
474 2714 699 2783 quidam
715 2731 904 2770 eorum
923 2717 1355 2783 abbas,nomine
1375 2719 1680 2774 Adelardus
1712 2720 1891 2774 eidem

280 2807 589 2862 contulerat
617 2811 896 2876 emnobio,
960 2812 1187 2882 profecti
1218 2820 1345 2867 sunt
1398 2815 1496 2868 Ubi
1532 2815 1659 2868 dum
1685 2832 1897 2889 pagen—

281 2913 389 2961 ses,
424 2898 567 2953 alma
593 2909 922 2955 venerantes
963 2904 1333 2976 pignora,sua
1364 2904 1509 2959 dona
1539 2906 1754 2959 deferre
1783 2922 1894 2959 eu:-

281 2991 515 3060 pisseut,
571 2993 742 3048 abbas
795 2996 1020 3066 quidam
1079 3000 1416 3063 monasterii,
1476 3001 1624 3071 quod
1669 3009 1896 3055 vocatur

282 3082 492 3145 Bunna,
521 3100 757 3157 pergens
773 3087 839 3140 ad
854 3088 1235 3143 Willebertum
1264 3090 1651 3146 Coloniensem
1686 3109 1893 3162 praesu-

282 3170 411 3239 lem,
441 3175 605 3245 ecepit
633 3176 774 3231 hanc
814 3176 1080 3235 infamare
1133 3182 1507 3249 devotionem,
1552 3200 1652 3239 nec
1703 3200 1894 3239 revera

280 3262 455 3317 sancti
485 3265 718 3337 alicujus
781 3268 1011 3340 pignora
1065 3270 1193 3325 illuc
1219 3281 1470 3326 astruens
1528 3290 1647 3328 esse
1688 3274 1892 3329 delata.

281 3357 556 3415 Timentes
585 3370 767 3417 autem
828 3366 1078 3421 canonici
1133 3368 1226 3438 qui
1267 3370 1625 3435 advenerant,
1661 3385 1729 3423 ne
1754 3368 1894 3423 forte
1920 3421 1961 3442 η

282 3457 799 3531 constringerentur
827 3469 881 3514 et
902 3461 1308 3516 diseuterentur
1332 3464 1398 3517 ab
1432 3464 1715 3535 episeopo,
1751 3479 1894 3534 quo-

283 3548 428 3603 niam
462 3557 631 3605 totum
662 3554 835 3624 ipsius
860 3557 1031 3610 sancti
1067 3573 1267 3628 corpus
1298 3577 1483 3615 secum
1520 3559 1711 3615 haberi
1745 3559 1894 3613 fere-

281 3642 435 3710 bant,
467 3660 591 3700 mox
626 3654 682 3701 ut
714 3650 830 3705 haec
878 3651 1184 3721 audissent,
1217 3656 1317 3710 sub
1351 3657 1572 3713 duobus
1613 3660 1812 3714 diebus
1830 3661 1895 3715 ad

283 3753 444 3793 suum
479 3758 576 3812 per
603 3743 788 3799 leucas
822 3746 934 3801 fere
965 3756 1185 3804 centum
1221 3753 1437 3808 rediere
1456 3754 1851 3810 monasterium
1884 3775 1897 3809 :

281 3842 741 3904 assumentesque
773 3852 895 3891 cum
962 3839 1278 3913 integritate
1314 3842 1455 3897 beati
1495 3844 1593 3899 viri
1627 3847 1896 3913 membra,

281 3919 384 3972 sub
418 3922 642 3978 totidem
676 3926 877 3982 diebus
915 3930 983 3983 ad
1016 3939 1373 4000 praenotatam
1404 3945 1654 3992 remeant
1684 3939 1891 3993 villam.

283 4013 378 4105 hui
403 4015 531 4070 dum
563 4022 931 4093 propinquare
986 4027 1307 4097 cmpissent,
1358 4030 1439 4084 eis
1466 4032 1648 4087 adhuc
1673 4035 1741 4087 ab
1777 4035 1898 4105 ipsa

280 4103 407 4196 villa
437 4110 614 4178 spatio
646 4112 816 4168 leuem
866 4115 981 4172 fere
1029 4119 1386 4189 distantibus,
1435 4124 1683 4178 ecclesia!
1716 4103 1895 4196 signa,

284 4194 432 4249 nullo
464 4197 804 4269 impellente,
838 4222 1095 4263 resonare
1112 4214 1435 4280 erepereAt
1481 4214 1535 4266 hi
1570 4215 1663 4284 qui
1686 4194 1899 4269 reman-

281 4296 466 4343 serant
487 4290 542 4345 in
574 4294 767 4348 eodem
802 4297 921 4352 loco
942 4299 1126 4354 clerici
1160 4304 1263 4357 hoe
1292 4304 1601 4373 audientes,
1625 4315 1680 4362 et
1718 4315 1898 4377 patro-

285 4399 414 4438 num
438 4402 597 4440 suum
626 4389 886 4447 advenire
941 4394 1337 4469 intelligentes,
1371 4398 1587 4454 obviam
1611 4418 1732 4456 cum
1768 4419 1897 4458 cru-

283 4478 440 4534 cibus
471 4492 727 4553 pergunt,
763 4495 817 4541 et
846 4488 1058 4544 honore
1092 4492 1261 4563 digno
1291 4502 1523 4549 tutorem
1546 4514 1705 4551 suum
1721 4499 1900 4553 susei-

285 4572 464 4642 piunt.
490 4576 700 4638 Quibus
729 4579 1016 4637 missarum
1050 4586 1316 4640 solemnia
1349 4589 1898 4657 eelebrantibus,tria

286 4664 421 4719 inibi
464 4678 692 4738 repente
753 4672 908 4738 mira,
959 4676 1326 4748 contigerunt.
1381 4682 1702 4736 Contractus
1755 4699 1899 4737 unus

286 4768 523 4829 erectus,
551 4780 728 4819 carens
759 4768 980 4838 quidam
1007 4771 1368 4840 illuminatus,
1402 4784 1455 4828 et
1477 4776 1753 4847 loquelam
1779 4794 1896 4831 mu-

287 4858 372 4907 tus
403 4853 637 4927 adeptus
657 4866 759 4911 est.
792 4860 990 4915 Iterum
1026 4863 1471 4932 priefatusabbas
1511 4866 1899 4938 blasphemare

286 4945 379 4998 Dei
415 4961 525 5000 non
565 4950 816 5004 cessabat
862 4952 1145 5020 miracula,
1212 4972 1352 5027 quos
1419 4971 1635 5029 poterat
1664 4961 1902 5016 avisita-

287 5036 437 5092 tione
458 5043 630 5097 sancti
655 5053 929 5102 avertens.

356 5135 485 5197 Qua;
517 5136 642 5191 dum
677 5150 912 5211 gereret,
947 5143 1098 5199 febre
1128 5158 1414 5217 correptus
1447 5150 1517 5205 ita
1548 5152 1786 5223 graviter
1819 5162 1903 5210 est

286 5234 534 5295 vexatus,
561 5237 619 5284 ut
644 5248 744 5286 nec
769 5237 1123 5305 manducare,
1156 5256 1257 5294 nec
1290 5241 1505 5310 bibere,
1530 5245 1613 5297 vel
1640 5244 1902 5299 incedere

288 5328 491 5386 posset.
527 5324 827 5382 Ardoribus
856 5339 1038 5385 autem
1096 5334 1373 5409 languoris
1416 5339 1642 5408 hujusce
1682 5347 1902 5394 coactus

292 5412 412 5483 [al.,
454 5423 756 5491 cxcoctns],
786 5428 1005 5481 tandem
1038 5443 1321 5500 peceatum
1371 5451 1530 5489 suum
1559 5435 1899 5506 rCCOgnovit,

289 5512 344 5560 et
367 5506 503 5598 sella
534 5526 592 5561 se
651 5520 967 5584 gestatoria,
1024 5538 1199 5593 usque
1248 5525 1317 5579 ad
1354 5528 1624 5594 Rhenum,
1661 5528 1900 5598 indeque

291 5597 512 5672 navigio
541 5616 713 5670 usque
762 5604 828 5657 ad
889 5612 1203 5676 praedictam
1261 5616 1467 5681 villam,
1522 5618 1713 5688 sicque
1771 5597 1900 5670 aute

290 5694 539 5766 corporis
561 5695 687 5748 almi
736 5705 1082 5764 praesentiam
1115 5708 1343 5776 perferri
1378 5711 1538 5778 fecit;
1574 5712 1760 5782 ibique
1788 5709 1904 5765 cul-

290 5808 416 5863 pam
448 5807 604 5846 suam
630 5790 938 5857 confessus,
958 5798 1165 5854 absolvi
1186 5820 1244 5855 se
1272 5807 1451 5872 petiit,
1483 5806 1905 5877 etquantitatem

289 5901 429 5939 ceree
460 5883 547 5939 sui
577 5881 827 5949 corporis
854 5886 1083 5950 ponderi
1101 5906 1395 5962 coaequans
1423 5897 1614 5961 dedit;
1641 5895 1907 5963 factisque

290 5977 429 6032 votis
457 5972 750 6032 annuatim
791 5971 1090 6042 solvendis,
1146 5996 1245 6046 per
1274 5998 1369 6037 sex
1424 5991 1727 6041 remoratus
1765 5983 1904 6049 dies,

1997 653 2164 709 dibus
2193 653 2305 709 suis
2333 654 2400 708 ad
2443 670 2541 708 sua
2577 669 2745 708 sanus
2799 653 3045 708 recessit.
3080 654 3512 710 Demorantibus
3536 656 3626 711 hic

1998 750 2240 820 praefatis
2268 766 2367 821 per
2393 751 2523 805 anni
2557 750 2798 820 spatium
2838 766 2963 804 cum
2996 757 3229 822 patrono
3248 767 3347 806 suo
3387 751 3624 818 clericis,

1999 841 2147 894 nulla
2168 848 2226 894 ut
2257 839 2440 894 ferunt
2482 839 2602 892 dies
2632 839 2914 910 praeteriit,
2974 856 3084 910 quo
3140 856 3253 895 non
3288 840 3495 895 ibidem
3528 840 3624 895 Dei

1994 932 2256 986 miracula
2305 938 2673 1001 patrarentur.
2721 931 2782 984 In
2833 930 2968 1001 ipsis
2997 938 3181 985 autem
3208 930 3416 1005 vigiliis
3444 934 3622 987 sancti

1991 1024 2221 1079 Joannis
2254 1022 2528 1093 Baptistae,
2597 1022 3011 1077 conﬂuentibus
3061 1023 3132 1077 de
3175 1024 3414 1078 Saxonia
3445 1023 3624 1094 pluri-

1995 1115 2119 1180 bus,
2168 1120 2223 1168 et
2268 1130 2301 1168 a
2348 1112 2668 1186 longinquis
2714 1113 2886 1167 etiam
2942 1112 3288 1186 regionibus,
3333 1113 3525 1169 decem
3556 1122 3615 1169 et

1997 1213 2119 1262 octo
2171 1206 2409 1278 insignia
2451 1206 2755 1277 probantur
2805 1212 3027 1261 ostensa
3087 1223 3101 1270 ;
3154 1206 3358 1276 vixque
3414 1205 3620 1277 aliquis

1994 1312 2141 1369 aeger
2165 1295 2421 1359 accessit,
2453 1295 2548 1366 qui
2581 1310 2688 1349 non
2721 1310 2912 1365 sospes
2954 1295 3247 1365 alacerque
3300 1294 3622 1351 recesserit.

1996 1387 2096 1441 Ubi
2138 1394 2287 1441 tanta
2314 1402 2496 1440 rerum
2550 1386 2731 1440 delata
2786 1395 2868 1440 est
2899 1386 3083 1456 cepia,
3115 1395 3172 1439 ut
3213 1394 3268 1440 et
3299 1386 3403 1455 ipsi
3436 1386 3625 1441 clerici

1994 1479 2192 1533 exinde
2224 1479 2493 1560 viverent,
2539 1485 2593 1533 et
2622 1484 2853 1533 czeteros
2881 1477 3382 1549 quiremanserant
3414 1478 3470 1532 in
3504 1492 3629 1532 mo-

1994 1572 2232 1626 nasterio
2263 1578 2663 1636 sustentarent,
2693 1571 3092 1641 eeclesiamqee
3126 1570 3302 1641 ipsius
3331 1570 3471 1625 villae
3503 1586 3625 1624 am-

1994 1662 2329 1732 plitiearent,
2358 1662 2442 1715 vel
2484 1661 2829 1715 deeorarent.
2894 1660 3087 1714 Postea
3137 1659 3368 1733 contigit
3398 1665 3457 1713 ut
3494 1674 3626 1728 pro-

1996 1759 2120 1821 pter
2166 1767 2323 1822 aquze
2378 1750 2765 1821 indigentiam,
2820 1748 2967 1803 foras
3018 1757 3169 1801 extra
3225 1747 3623 1802 monasterium

1993 1861 2174 1909 suum,
2210 1844 2363 1898 idem
2421 1859 2637 1898 sacrum
2697 1857 2897 1911 corpus
2948 1843 3256 1907 etlerretur,
3291 1847 3345 1895 et
3395 1840 3616 1895 obviam

2196 1935 2377 1991 Iovini
2410 1933 2740 2008 pignoribus
2773 1941 3105 2004 portaretur.
3137 1931 3301 2000 Cujus
3325 1931 3457 1985 dum
3486 1929 3623 1986 fuis-

1993 2033 2076 2079 set
2103 2026 2159 2078 in
2190 2040 2479 2079 occursum
2522 2023 2817 2093 perlatum,
2881 2038 3007 2076 mox
3051 2029 3110 2075 ut
3138 2021 3300 2075 simul
3326 2028 3627 2085 venerunt,

1993 2117 2321 2172 obnubilato
2353 2116 2492 2171 ecelo
2521 2132 2644 2171 cum
2666 2132 2864 2189 magna
2923 2114 3144 2168 siccitas
3202 2113 3486 2176 existeret,
3523 2128 3634 2167 co-

1996 2207 2149 2277 piosa
2178 2204 2485 2276 pluviarum
2518 2203 2596 2258 vis
2628 2202 2797 2258 effusa
2829 2210 2915 2257 est
2944 2220 2959 2268 ;
2988 2210 3040 2257 et
3068 2203 3197 2256 dum
3233 2203 3636 2257 humectaren-

1995 2308 2085 2355 tur
2114 2300 2287 2353 imbre
2310 2298 2555 2353 omnium
2589 2296 2941 2358 vestimenta,
2978 2296 3141 2366 pallia
3171 2296 3461 2361 duntaxat,
3506 2309 3635 2365 quae

1994 2405 2160 2459 supra
2199 2392 2513 2442 sanctorum
2571 2386 2923 2456 prmfatorum
2984 2384 3308 2439 ferebantur
3368 2398 3629 2453 corpora,

1995 2478 2212 2549 penitus
2273 2477 2474 2531 intacta
2533 2485 2858 2530 manserunt
2905 2491 2936 2527 a
2982 2474 3184 2544 pluvia.
3251 2473 3331 2527 lbi
3390 2473 3624 2543 quidam

1994 2573 2179 2627 luscus
2220 2573 2405 2626 lumen
2448 2571 2635 2626 amissi
2687 2570 2886 2641 recipit
2942 2569 3109 2623 oculi.
3154 2568 3254 2632 Qui
3321 2568 3505 2622 statim
3537 2567 3628 2621 fu-

1993 2663 2172 2737 giens,
2209 2678 2316 2717 nec
2343 2662 2514 2716 Deum
2566 2659 2909 2735 gloriﬁcans,
2971 2666 3031 2714 ut
3060 2669 3178 2714 erat
3220 2658 3508 2727 jocularis,
3540 2659 3633 2712 in-

1996 2766 2185 2832 gratus
2239 2756 2597 2821 recessit;at
2647 2755 2743 2809 ubi
2798 2755 3024 2809 domum
3087 2754 3363 2823 pervenit,
3421 2753 3614 2808 lumen

1997 2851 2145 2922 quod
2193 2857 2475 2920 receperat
2507 2851 2703 2905 iterum
2765 2849 3025 2920 perdidit.
3060 2849 3193 2902 Dum
3224 2864 3355 2903 vero
3384 2864 3627 2919 perven-

1998 2956 2110 3001 tum
2153 2955 2235 3000 est
2261 2946 2329 2999 ad
2347 2927 2742 2999 monasterium
2769 2960 2892 2998 enm
2952 2943 3243 3013 utriusque
3272 2942 3448 2996 sancti
3498 2957 3626 2997 cor-

1999 3052 2152 3107 pore,
2191 3035 2265 3089 ita
2319 3035 2493 3089 sancti
2541 3034 2811 3088 Balderici
2874 3034 3075 3105 pignus
3127 3041 3210 3086 est
3242 3041 3633 3106 aggravatum,

1993 3136 2053 3181 ut
2076 3125 2393 3179 nullatenus
2448 3125 2660 3179 moveri
2710 3133 2915 3195 posset,
2963 3124 3143 3178 donec
3201 3122 3379 3176 sancti
3438 3122 3629 3177 Jovini

1994 3233 2168 3288 usque
2192 3217 2260 3271 ad
2290 3215 2601 3271 ezenobium
2622 3214 2937 3286 pracedere
2962 3215 3212 3269 membra
3237 3212 3519 3269 fecissent.

2068 3348 2201 3401 Cum
2230 3353 2408 3401 autem
2440 3346 2678 3401 domnus
2735 3345 2882 3400 Dado
2941 3345 3306 3399 Virdunensis
3333 3346 3632 3417 episcopus

1996 3441 2137 3495 hanc
2167 3456 2199 3493 a
2251 3456 2381 3514 rege
2438 3440 2701 3510 (ΑνηαίΓο
2760 3439 3206 3507 Transrhenensi)
3271 3438 3629 3509 impetrasset

2002 3534 2302 3601 abbatiam,
2334 3539 2387 3588 et
2411 3534 2529 3588 haec
2558 3533 2694 3586 mira
2725 3532 2988 3602 coepisset
3018 3530 3231 3597 audire,
3261 3530 3549 3585 constituit
3570 3537 3631 3585 ut

2002 3631 2265 3686 omnibus
2296 3630 2458 3683 annis
2491 3629 2655 3683 trium
2709 3628 3171 3683 monasteriorum
3213 3626 3632 3701 saera~pignora

2003 3728 2168 3782 simul
2208 3728 2262 3781 in
2296 3726 2599 3797 quemdam
2652 3724 2896 3779 medium
2939 3723 3293 3778 deferrentur
3322 3722 3504 3777 locum
3528 3736 3631 3777 no-

2005 3823 2154 3877 mine
2186 3822 2548 3876 Gaudiaeum.
2600 3820 2677 3874 De
2731 3819 2865 3873 sede
2892 3818 3106 3873 scilicet
3131 3817 3285 3872 urbis
3312 3816 3633 3870 Virdunen-

1998 3913 2073 3967 sis
2118 3920 2342 3965 sanctus
2394 3910 2656 3976 Vitonus,
2689 3915 2744 3963 et
2788 3916 3012 3963 sanctus
3064 3907 3346 3979 Agerinus,
3403 3914 3630 3960 sanctus

1996 4020 2127 4058 vero
2162 4002 2478 4056 Balderieus
2529 4002 2597 4056 de
2655 4000 2990 4056 monasterio
3033 4014 3155 4066 suo,
3189 4007 3244 4053 et
3274 4002 3497 4053 sanctus
3524 3996 3628 4051 Ro-

1999 4099 2189 4154 dvieus
2220 4098 2289 4153 de
2306 4098 2566 4152 Wasloio.
2605 4099 2666 4151 In
2690 4110 2798 4168 quo
2830 4104 3107 4151 conventu
3141 4094 3431 4148 innumera
3467 4101 3627 4162 post-A

2000 4194 2224 4248 modum
2278 4201 2407 4247 sunt
2463 4200 2673 4263 patrata
2730 4191 3013 4256 miracula,
3070 4197 3130 4245 ut
3159 4189 3244 4244 vix
3293 4188 3623 4260 praeterierit

1997 4286 2315 4355 hujusmodi
2375 4284 2561 4350 coitio,
2635 4284 2690 4337 in
2743 4300 2852 4354 qua
2912 4298 3024 4338 non
3056 4280 3256 4353 aliquis
3278 4278 3624 4335 infirmorum

2000 4379 2163 4434 fuerit
2211 4379 2476 4449 sospitate
2537 4379 2942 4451 redintegratus
2976 4396 2989 4431 :
3040 4376 3275 4431 maxime
3303 4384 3489 4429 tamen
3521 4375 3625 4443 illi,

1998 4470 2090 4541 qui
2153 4470 2457 4540 patrocinia
2494 4470 2643 4524 beati
2702 4468 2973 4523 Balderici
3032 4476 3166 4523 sunt
3203 4476 3465 4538 expetere
3495 4467 3623 4522 visi.

2000 4560 2245 4624 Quodam
2292 4560 2387 4614 tali
2420 4566 2696 4614 conventu
2733 4559 2956 4629 quidam
3011 4558 3224 4612 loeutus
3282 4564 3368 4610 est
3412 4564 3624 4619 mutus,

2000 4664 2165 4719 quem
2194 4648 2559 4703 Virdunensis
2580 4647 2913 4719 arripientes
2970 4662 3157 4701 secum
3204 4646 3406 4701 dueere
3433 4660 3631 4717 cmpe—

1922 4743 1977 4813 D
2000 4749 2148 4806 runt,
2174 4745 2485 4794 asserentes
2525 4739 2672 4809 quod
2704 4747 3017 4793 sanctorum
3050 4737 3248 4802 virtus,
3303 4750 3444 4808 quos
3464 4733 3630 4790 detu-

2003 4832 2199 4897 lerant,
2261 4831 2366 4885 hoc
2410 4830 2737 4884 miraculum
2789 4834 3177 4899 perpetrasset.
3233 4827 3435 4899 Sicque
3491 4826 3627 4881 dum

2003 4922 2241 4993 separati
2282 4922 2492 4993 quique
2545 4921 2883 4976 referrentur
2952 4919 3019 4974 ad
3080 4936 3200 4984 sua,
3246 4926 3397 4974 tanto
3450 4920 3630 4973 sancti

2002 5014 2274 5068 Balderici
2319 5014 2564 5083 pondere
2613 5022 2907 5085 aggravata
2953 5019 3082 5067 sunt
3135 5026 3278 5076 ossa,
3312 5017 3371 5066 ut
3403 5011 3634 5080 penitus

2003 5120 2228 5182 manere
2282 5105 2606 5159 viderentur
2662 5104 2988 5159 immobilia.
3045 5104 3123 5157 Ad
3155 5117 3322 5174 quem
3374 5102 3635 5157 miraculi

2004 5209 2283 5269 stuporem
2314 5198 2732 5253 recurrentibus
2762 5200 2970 5265 multis,
3005 5198 3136 5253 dum
3171 5203 3497 5269 quaeruntur
3519 5198 3633 5264 sui,

2003 5312 2101 5351 cur
2122 5296 2255 5350 inibi
2283 5295 2447 5350 vellet
2472 5294 2773 5358 immorari,
2804 5304 2860 5348 et
2906 5293 3040 5366 quid
3063 5294 3268 5348 ibidem
3303 5293 3638 5365 disponeret

2003 5390 2462 5461 Operari,aecidit
2516 5396 2576 5443 ut
2624 5388 3119 5460 requirereturille
3151 5387 3245 5459 qui
3270 5387 3490 5443 locutus
3517 5387 3639 5442 fue-

2004 5495 2088 5541 rat
2126 5493 2328 5541 mutus.
2358 5484 2712 5555 Tandemque
2771 5490 3080 5547 revocatus,
3152 5481 3251 5536 ubi
3314 5481 3383 5535 ad
3447 5481 3637 5536 locum

2003 5575 2479 5648 deﬁxiperduetus
2506 5582 2588 5630 est
2642 5573 2912 5648 pignoris,
2945 5589 3072 5628 mox
3128 5572 3343 5643 absque
3396 5571 3641 5627 difficul-

2006 5675 2114 5722 tate
2133 5667 2433 5733 sublatum,
2467 5672 2521 5720 et
2543 5666 2610 5719 ad
2652 5681 2813 5719 suum
2864 5679 3079 5717 sacrum
3130 5678 3333 5733 corpus
3351 5669 3642 5737 gratanter

2007 5765 2091 5811 est
2113 5758 2429 5813 coenobium
2457 5765 2817 5828 reportatum.

2080 5894 2343 5949 Prazfatus
2367 5895 2568 5967 prazsul
2601 5894 2771 5959 Dado,
2810 5902 3097 5965 postquam
3128 5891 3273 5945 hanc
3312 5890 3489 5943 sancti
3522 5890 3640 5944 Bal-

2006 5988 2177 6042 derici
2207 5989 2446 6045 obtinuit
2482 5989 2783 6061 [abbatiam
2837 6004 2924 6044 res
2978 5986 3243 6059 quasdam
3298 5991 3449 6039 trans
3483 5983 3639 6038 Rhe-
