3912 6408
221 378 327 435 317

874 378 1204 436 HISTORIA}
1241 380 1573 437 ECCLESIE
1611 382 1942 439 REMENSIS
1982 384 2159 439 LIBRI
2200 384 2525 450 QUATUOR.
2553 416 2626 424 ——
2668 385 2791 439 LIB.
2840 386 2923 440 IV.

3466 388 3571 445 318

220 534 356 573 num
388 522 525 575 sitas
546 519 616 574 ab
643 519 916 575 Adelardo
970 520 1174 576 abbate
1216 520 1286 576 ad
1316 520 1463 575 idem
1494 521 1705 577 dudum
1736 538 1852 579 mo-
1876 526 1928 597 Α
1948 540 2074 579 eum
2103 524 2320 580 clericis
2350 524 2604 589 recessit,
2629 530 2685 578 et
2714 524 2770 577 in
2804 524 3143 579 eminentem
3200 525 3344 581 villm
3394 528 3572 583 conti-

221 610 527 666 nasterium
586 611 764 678 datas,
815 627 915 682 pro
958 611 1086 667 villa
1140 613 1359 668 Gerlani
1413 620 1624 681 monte,
1677 630 1848 686 super

219 701 500 756 Mosellam
549 701 896 769 conjacente,
964 701 1214 756 mutavit.
1278 702 1357 756 Ad
1416 719 1586 774 quam
1637 703 1845 770 villam,

218 793 351 848 dum
380 793 673 848 sanciendi
728 793 834 848 sibi
892 810 1078 861 causa,
1122 793 1404 865 proficisci
1435 794 1631 849 fratres
1682 796 1849 865 hujus

219 886 672 961 congregationis
727 887 1104 957 praecepisset,
1141 886 1219 940 illi
1267 893 1614 942 assumentcs
1652 904 1848 943 secum

224 979 440 1051 patroni
471 978 580 1043 sui,
613 978 802 1033 domui
834 978 1094 1034 videlicet
1118 978 1391 1033 Balderici
1420 980 1693 1043 membra,
1718 996 1850 1050 pro-

224 1063 347 1119 fecti
370 1074 501 1120 sunt
531 1066 759 1137 exsequi
782 1067 1066 1135 jussa.Qui
1095 1068 1225 1121 dum
1259 1066 1326 1120 ad
1369 1066 1705 1139 villam,qure
1741 1069 1849 1123 De-

221 1174 289 1211 va
331 1158 394 1229 [j,
430 1158 597 1228 Dena]
643 1158 865 1225 dicitur,
933 1159 1341 1228 pervenissent,
1402 1166 1552 1214 tanto
1597 1161 1847 1230 pondere

220 1256 411 1301 sancta
439 1246 619 1302 deﬁxa
645 1255 775 1303 sunt
799 1248 1054 1323 pignora,
1110 1256 1169 1305 ut
1200 1252 1460 1324 progredi
1492 1268 1847 1323 nequaquam

218 1337 473 1392 valerent
495 1338 729 1392 ulterius
748 1354 815 1392 ea
850 1336 1118 1402 ferentes,
1143 1338 1391 1411 initoque
1425 1341 1750 1407 consilio,ut
1777 1343 1845 1396 ad

223 1428 515 1483 ecclesiam
547 1428 895 1484 deferrentur
924 1429 1101 1499 ipsius
1116 1430 1279 1496 villae,
1309 1432 1411 1486 sub
1444 1432 1654 1487 honore
1667 1434 1844 1488 sancti

222 1522 438 1577 Martini
460 1522 718 1588 dicatam,
748 1522 1066 1593 perferendi
1092 1524 1370 1595 recipiunt
1395 1526 1839 1594 possibilitatem.

223 1612 343 1676 Quo
371 1611 599 1681 perlatis
629 1611 977 1686 pignoribus.
1012 1622 1072 1667 ut
1093 1620 1215 1683 post
1236 1613 1548 1668 orationem
1580 1614 1650 1668 ab
1665 1616 1842 1669 eccle-

222 1702 307 1756 sia
337 1711 421 1757 est
443 1702 736 1771 perlatum,
789 1702 989 1757 iterum
1044 1704 1220 1758 sancti
1279 1714 1610 1777 aggravetur
1640 1722 1847 1776 corpu-

219 1792 438 1849 sculum
484 1810 499 1858 ;
546 1794 992 1866 mirantibusque
1051 1796 1289 1861 cunctis,
1341 1804 1396 1850 et
1461 1798 1609 1868 quod
1655 1798 1843 1869 aliqua

224 1887 363 1942 inibi
398 1890 544 1944 Deus
572 1905 673 1961 pro
711 1890 885 1944 sancti
929 1892 1015 1945 sui
1054 1890 1456 1963 glorificatione
1487 1894 1646 1966 signa
1675 1894 1844 1949 vellet

223 1977 526 2032 ostendere
585 1978 917 2049 quibusdam
959 1978 1289 2046 ferentibus,
1340 1980 1385 2034 si
1434 1980 1528 2051 qui
1583 1981 1845 2036 adessent

224 2069 368 2124 forte
396 2067 634 2135 debiles,
664 2077 749 2122 cst
779 2068 1127 2139 requisitum.
1179 2070 1618 2126 Advenientibus
1661 2079 1846 2126 autem

222 2159 374 2214 laesis
403 2158 705 2229 aliquibus,
739 2166 904 2230 atque
926 2160 1126 2215 delatis
1147 2162 1503 2233 quibusdam,
1522 2164 1603 2217 vir
1620 2164 1845 2235 quidam

220 2250 456 2305 claudus
470 2249 723 2321 erigitur,
754 2256 809 2304 et
836 2250 1044 2303 femina
1070 2251 1323 2322 quaedam
1357 2252 1593 2306 brachiis
1624 2253 1692 2306 ab
1721 2261 1846 2309 octo

221 2348 371 2395 retro
401 2339 566 2394 annis
629 2347 909 2394 contracta
967 2340 1278 2404 resolvitur,
1332 2341 1567 2413 duaeque
1621 2341 1847 2396 feminae

218 2447 382 2487 caecae
408 2441 538 2486 sunt
592 2430 938 2497 illuminatai,
983 2440 1037 2486 et
1096 2431 1280 2486 infans
1330 2449 1602 2488 annorum
1631 2441 1846 2504 septem

221 2532 409 2579 mutus
438 2523 591 2596 loqui
623 2523 811 2593 coepit.
837 2522 903 2576 In
937 2539 1046 2596 quo
1078 2525 1199 2580 loco
1227 2540 1359 2580 crux
1399 2525 1468 2580 ab
1502 2525 1678 2596 ipsius
1702 2526 1847 2580 villte

218 2618 550 2673 hominibus
581 2617 760 2688 posita
785 2624 888 2681 est,
919 2618 1016 2672 ubi
1048 2626 1240 2688 postea
1262 2620 1385 2675 dure
1407 2621 1629 2675 femina:
1657 2620 1847 2674 lumen

218 2709 510 2764 oculorum
544 2716 896 2777 receperunt.
924 2715 978 2762 et
1005 2709 1251 2763 candela).
1276 2710 1548 2765 divinitus
1577 2726 1844 2776 accensae,

220 2802 498 2873 multique
526 2801 765 2856 diversis
793 2809 926 2859 sunt
949 2802 1019 2856 ab
1050 2800 1473 2858 infirmitatibus
1495 2802 1738 2857 liberati.

851 2907 1061 2962 CAPUT
1086 2907 1247 2962 XLII.

292 3002 368 3054 De
392 2999 613 3054 ecclesia
639 3002 815 3053 sancti
836 3002 1079 3062 Romani,
1097 3004 1146 3053 et
1164 3001 1450 3055 miraculis
1477 3002 1536 3055 in
1558 3001 1779 3057 Galtam‘

754 3071 819 3141 [j,
860 3070 1099 3141 Gerlani]
1135 3075 1329 3125 monte.

296 3162 597 3219 Ecclesiam
630 3163 805 3218 sancti
835 3164 1086 3229 Romani,
1112 3164 1169 3217 in
1210 3163 1438 3235 praefata
1476 3165 1605 3219 villa
1636 3165 1845 3221 Gellani

222 3262 415 3309 monte
446 3261 839 3322 constructam,
864 3255 1075 3310 dudum
1122 3255 1248 3310 Milo
1316 3256 1648 3326 praepositus
1678 3271 1848 3311 cano-

220 3346 477 3402 nieorum
508 3348 672 3417 hujus
711 3347 815 3402 loci
872 3347 941 3402 ab
1001 3348 1084 3403 eis
1129 3347 1420 3402 auferebat
1470 3365 1483 3401 :
1517 3363 1681 3417 quam
1714 3347 1845 3402 dum

222 3437 440 3491 Bosone
470 3436 675 3491 comite
731 3436 839 3490 sibi
900 3452 1022 3491 eam
1072 3436 1339 3491 reddente
1393 3436 1751 3507 recepissent,
1791 3444 1846 3491 et

219 3528 400 3583 sancti
434 3527 702 3583 Balderici
735 3529 983 3584 membra
1013 3528 1145 3583 illuc
1179 3529 1519 3594 retulissent,
1555 3528 1849 3583 audientes

220 3616 383 3671 multi
416 3616 485 3671 ad
520 3617 696 3688 ipsius
721 3627 1011 3689 creperum
1036 3618 1317 3673 confluere
1349 3618 1677 3687 patrocinia.
1702 3618 1850 3672 Inter

222 3726 368 3783 quos
395 3710 521 3765 duae
563 3725 722 3765 caeca)
766 3710 985 3765 nobiles
1039 3709 1258 3764 feminae
1303 3709 1555 3763 deducta:
1597 3718 1746 3775 sunt,
1795 3715 1849 3763 et

222 3800 480 3872 qutedam
507 3799 720 3871 perlata
746 3799 1088 3871 paupercula
1136 3799 1397 3854 omnibus
1438 3798 1551 3853 fere
1583 3798 1850 3853 membris

221 3898 528 3949 contracta.
581 3890 748 3945 Nocte
799 3906 930 3945 vero
986 3890 1300 3964 vigiliarum
1355 3888 1529 3944 sancti
1593 3889 1845 3955 Romani,

223 3986 359 4039 dum
388 3983 460 4037 de
491 3997 644 4037 more
682 3981 983 4055 pervigiles
1037 3981 1093 4034 in
1144 3980 1381 4036 ecclesia
1434 3981 1851 4036 celebrarentur

219 4072 500 4137 excubiae,
546 4071 734 4127 subito
791 4078 999 4127 tantum
1046 4071 1257 4126 caelitus
1279 4079 1363 4127 est
1403 4071 1587 4126 lumen
1615 4069 1848 4125 effusum

221 4170 285 4216 ut
315 4159 503 4216 omnia
532 4175 655 4230 quae
703 4158 920 4213 fuerant
960 4175 1193 4214 accensa
1246 4158 1529 4214 videretur
1559 4159 1852 4213 luminaria

217 4268 509 4323 superare.
543 4252 724 4307 Altare
772 4257 1004 4315 tantum,
1039 4268 1207 4323 supra
1254 4252 1404 4323 quod
1458 4252 1634 4309 sancti
1694 4260 1853 4307 erant

222 4359 352 4399 ossa
369 4341 644 4413 deposita,
703 4342 878 4396 densa
921 4340 1029 4414 tegi
1060 4342 1357 4397 videbatur
1379 4342 1602 4408 nebula,
1636 4341 1853 4412 ipsum-

1870 1849 1918 1917 Β

1947 630 2111 687 gnam
2140 630 2333 683 rupem
2364 613 2750 668 conscendens
2799 627 2921 667 sese
2971 614 3029 668 in
3090 630 3338 685 praeceps
3396 616 3571 683 dedit,

1947 710 2136 780 sicque
2167 708 2385 763 attritus
2405 706 2598 787 jacuit,
2633 712 2960 762 utmortuus
2988 708 3073 762 vel
3102 708 3263 762 morti
3289 708 3575 765 videretur

1948 800 2252 871 proximus,
2287 799 2530 869 indeque
2563 799 2814 853 sublatus
2839 806 2966 853 ante
2989 799 3162 855 sancti
3180 800 3575 870 corporispne-

1948 891 2182 944 sentiam
2216 899 2299 944 est
2329 889 2884 959 deportatus,ibique
2905 890 3125 944 tandem
3161 906 3219 944 se
3237 889 3573 960 culpabilem

1950 984 2210 1047 reddens,
2247 982 2522 1053 insperate
2553 988 2802 1048 sanatus,
2864 988 2919 1037 et
2949 982 3182 1056 integra:
3216 983 3270 1037 iu
3304 982 3454 1039 brevi
3485 999 3574 1037 rc-

1949 1076 2171 1149 stitutus
2192 1083 2274 1129 est
2302 1075 2576 1144 sospitati.

2024 1169 2155 1221 Item
2187 1168 2320 1222 dum
2351 1184 2531 1237 nuper
2553 1168 2621 1221 ad
2653 1174 3125 1238 [ireememoratam
3156 1166 3343 1222 villam
3372 1166 3576 1223 Wasli-

1949 1262 2088 1315 ciam
2122 1260 2284 1326 hujus
2310 1261 2483 1315 sancti
2521 1261 2768 1314 membra
2800 1260 2972 1314 relata
3018 1259 3277 1325 fuissent,
3309 1259 3572 1331 quoniam

1949 1350 2284 1405 Godefridus
2314 1349 2586 1420 principis
2616 1349 2835 1404 Henrici
2879 1366 3068 1405 comes
3096 1348 3285 1420 palatii
3318 1348 3574 1403 eamdem

1947 1446 2264 1511 pervaserat
2287 1440 2495 1505 villam,
2548 1439 2772 1509 quidam
2812 1439 3139 1493 clericorum
3167 1437 3340 1493 sancti
3376 1437 3575 1492 Balde-

1948 1528 2045 1583 rici
2078 1528 2146 1582 ad
2201 1529 2463 1582 eumdem
2507 1527 2867 1582 Godcfridum
2923 1544 3021 1597 pro
3063 1529 3166 1582 hac
3220 1543 3389 1582 causa
3447 1542 3575 1597 per-

1950 1626 2247 1685 rexerunt;
2290 1619 2489 1691 etfcum
2549 1619 2756 1673 nullam
2800 1620 3023 1683 dignam
3087 1619 3396 1689 potuissent
3426 1618 3573 1690 apud

1950 1726 2076 1764 eum
2110 1709 2399 1780 percipere
2435 1709 2877 1778 responsionem,
2927 1724 3031 1762 nec
3066 1709 3239 1782 magis
3269 1723 3327 1762 se
3359 1723 3459 1777 pro
3492 1707 3575 1761 eis
3636 1770 3642 1781 Ι

1948 1802 2079 1855 inde
2108 1818 2275 1873 quam
2332 1817 2430 1872 pro
2489 1816 2590 1856 suo
2638 1817 2775 1855 cane
2831 1800 3103 1855 facturum
3166 1800 3570 1870 respondisset,

1947 1894 2183 1948 clericus
2208 1892 2432 1964 quidam
2466 1909 2530 1946 ex
2562 1892 2988 1947 hisintcntando
3013 1892 3267 1960 subjecit,
3284 1892 3431 1962 quod
3447 1890 3575 1946 cali-

1948 1985 2077 2039 dum
2121 1985 2355 2055 proinde
2413 1985 2673 2038 sudorem
2738 1984 3034 2039 sudaturus
3084 1992 3249 2050 esset,
3285 1999 3389 2038 nec
3418 1981 3573 2036 canis

1947 2092 2080 2130 suus
2111 2077 2399 2143 adjutnrus
2427 2094 2552 2131 eum
2588 2078 2740 2132 foret.
2777 2079 2870 2132 Ille
2896 2078 3225 2133 furibundus
3247 2079 3313 2131 ad
3339 2078 3454 2131 haec
3475 2093 3572 2131 eos

1947 2186 1976 2223 a
1997 2186 2097 2225 suo
2130 2170 2378 2241 praecipit
2404 2170 2528 2236 ejici
2563 2178 2887 2240 conspectu.
2941 2171 3149 2235 Quibus
3179 2169 3572 2224 recedentibus

1950 2259 2068 2329 ipse
2100 2275 2222 2313 mox
2239 2259 2423 2313 divina
2455 2259 3266 2330 plectiturultione,validaque
3286 2264 3575 2329 correptus

1947 2348 2103 2402 febre
2134 2348 2302 2417 cmpit
2354 2348 2677 2419 gravissime
2734 2348 2942 2413 vexari,
2976 2347 3277 2416 nimiisque
3311 2344 3572 2400 succendi

1948 2436 2242 2491 ardoribus
2294 2443 2460 2507 atque
2521 2436 2939 2491 ferventissimis
2989 2436 3221 2490 effluere
3253 2435 3571 2489 sudoribus.

1949 2524 2166 2579 Mittens
2217 2525 2384 2597 igitur
2431 2524 2500 2578 ad
2545 2525 2871 2594 episc0pum
2931 2524 3319 2579 Coloniensem
3353 2521 3574 2576 Wicfri-

1949 2611 2102 2677 dum,
2144 2613 2292 2667 hunc
2321 2614 2390 2667 ad
2422 2629 2479 2667 se
2531 2614 2720 2667 venire
2778 2614 2953 2683 petiit,
3013 2613 3178 2683 eique
3238 2628 3350 2665 rem
3388 2611 3576 2665 retulit

1948 2714 2114 2776 atque
2143 2706 2196 2759 id
2228 2705 2296 2760 ab
2329 2722 2394 2761 eo
2423 2707 2639 2761 consilii
2698 2707 2967 2777 percepit,
2989 2716 3047 2760 ut
3077 2707 3144 2760 ad
3173 2704 3431 2775 prmfutos
3461 2707 3577 2758 cle-

1950 2795 2094 2849 ricos
2127 2796 2387 2861 mitteret,
2419 2811 2626 2866 eosque
2659 2796 2727 2849 ad
2759 2810 2816 2848 se
2847 2794 3037 2849 venire
3060 2794 3288 2859 faciens,
3318 2800 3373 2845 et
3394 2799 3574 2845 errata

1953 2886 2260 2959 corrigens,
2294 2886 2362 2940 ab
2396 2885 2475 2941 eis
2513 2887 2583 2940 de
2614 2902 2713 2940 sua
2734 2884 3050 2939 infirmitate
3080 2883 3375 2938 concilium
3400 2888 3456 2935 et
3488 2895 3578 2949 pa-

1954 2977 2088 3031 riter
2116 2976 2380 3030 auxilium
2409 2985 2703 3047 quaereret.
2735 2976 2888 3039 Quod
2914 2975 3006 3027 ille
3046 2972 3371 3033 obaudieus,
3421 2977 3477 3024 et
3507 2970 3577 3023 ad

1952 3083 2050 3121 eos
2071 3066 2314 3130 mittens,
2347 3066 2414 3118 ad
2441 3082 2499 3120 se
2559 3065 2747 3119 venire
2797 3063 3093 3117 mandavit.
3123 3065 3186 3116 At
3234 3063 3434 3115 missus
3456 3060 3577 3126 ejus

1951 3163 2118 3233 typho
2149 3178 2251 3216 ceu
2268 3162 2565 3216 videbatur
2612 3161 2835 3214 inflatus
2863 3158 3161 3228 superbiae,
3194 3156 3381 3225 erepit,
3413 3161 3472 3206 ut
3506 3152 3575 3206 ad

1946 3270 2105 3308 suum
2130 3254 2416 3307 dominum
2448 3270 2572 3307 mox
2602 3253 2787 3307 clerici
2838 3234 3156 3325 pergerent,
3203 3244 3573 3316 imperitando

1949 3342 2269 3412 praecipere.
2296 3341 2503 3405 Quibus
2532 3339 2918 3406 renuentibus,
2965 3338 3064 3392 sed
3086 3352 3210 3390 eum
3244 3333 3575 3389 cbaritatem

1947 3452 2133 3490 secum
2167 3434 2345 3488 facere
2372 3433 2716 3505 rogantibus,
2758 3433 2850 3487 ille
2882 3431 3239 3501 contempsit,
3271 3443 3449 3498 eoque
3492 3440 3578 3478 re-

1949 3528 2204 3593 cedente,
2232 3527 2288 3579 in
2311 3525 2434 3595 ipso
2463 3539 2689 3597 egressu
2726 3540 2905 3595 equus
2927 3523 3048 3591 ejus
3087 3520 3343 3576 incitatus
3367 3518 3436 3572 ab
3460 3517 3577 3587 ipso

1950 3616 2251 3688 prosiliens
2282 3615 2410 3682 ruit,
2443 3623 2498 3669 et
2533 3614 2681 3669 collo
2714 3613 2888 3669 fracto
2922 3613 3150 3669 interiit.
3171 3612 3258 3667 Sic
3294 3610 3383 3665 ille
3402 3607 3582 3663 humi-

1950 3710 2114 3763 liatus
2144 3708 2212 3762 ad
2244 3706 2441 3761 fratres
2491 3705 2676 3771 rediit,
2730 3706 3061 3760 cbaritatem
3097 3720 3263 3774 quam
3295 3705 3583 3772 spreverat

1950 3798 2085 3870 egit,
2115 3806 2169 3852 et
2210 3797 2284 3851 ita
2314 3802 2597 3851 correctus
2630 3794 2884 3849 recessit.
2922 3789 3577 3859 Hinciterum.tertioque

1951 3889 2127 3943 vocati
2173 3895 2338 3958 atque
2384 3886 2559 3957 petiti,
2629 3886 2794 3953 hujus
2842 3883 3065 3938 tandem
3121 3882 3221 3936 viri
3282 3879 3580 3949 compertis

1952 3960 2345 4045 incommodis,
2379 3978 2447 4033 ad
2480 3994 2605 4031 eum
2641 3986 2752 4033 tum
2785 3976 3007 4030 demum
3033 3974 3283 4039 veniunt,
3317 3970 3579 4042 patientis

1953 4070 2367 4142 compatiuntur
2398 4068 2756 4135 cruciatibus,
2818 4075 2872 4121 et
2899 4065 3255 4121 confitentem
3290 4071 3577 4132 peccatum

1953 4178 2133 4225 suum,
2166 4159 2732 4228 emendationemque
2760 4156 3166 4227 promittentem
3189 4153 3446 4224 precibus
3464 4153 3582 4208 suis

1954 4256 2242 4309 absolvere
2290 4254 2531 4307 student.
2594 4252 2659 4305 At
2700 4250 2791 4305 ille
2840 4249 3021 4304 statim
3055 4265 3113 4303 se
3146 4246 3344 4303 melius
3377 4246 3576 4299 habere

1954 4347 2259 4418 professus,
2283 4346 2375 4399 ubi
2409 4360 2689 4400 recessere
2744 4342 2960 4409 fratres,
2995 4340 3294 4399 convaluit,
3331 4355 3419 4392 res
3446 4354 3582 4408 quas

221 4454 335 4511 Que
375 4435 515 4490 sacri
563 4434 814 4506 pignoris
868 4434 1025 4505 quasi
1065 4434 1275 4489 moveri
1298 4434 1628 4490 cernebatur
1665 4444 1852 4506 gesta-
1880 4433 1909 4445 "
1958 4440 2231 4495 invaserat
2259 4437 2523 4504 reddidit,
2547 4452 2611 4490 ac
2652 4435 2921 4505 deinceps
2947 4433 3016 4488 ab
3050 4448 3239 4487 earum
3263 4448 3321 4486 se
3353 4430 3580 4486 laesione

222 4544 373 4582 men.
402 4526 779 4596 Cumrepente
805 4540 917 4580 una
964 4541 1233 4580 caecarum
1288 4525 1549 4596 primum,
1608 4540 1846 4596 moxque

1953 4531 2242 4587 continuit.
2309 4532 2506 4583 Verum
2560 4535 2716 4583 tanta
2756 4528 2953 4581 domus
3010 4527 3130 4594 ejus
3182 4523 3377 4579 affecta
3426 4523 3580 4578 clade

221 4622 399 4676 altera
426 4636 548 4675 sese
580 4619 768 4674 videre
832 4621 1195 4691 proclamant.
1253 4620 1386 4673 Tum
1447 4591 2128 4685 modiajacenstuisse
2184 4619 2527 4691 perhibetur,
2584 4624 2645 4671 ut
2692 4617 2779 4671 vix
2846 4616 3016 4686 aliqui
3074 4613 3442 4669 remanserint
3486 4612 3581 4683 qui

218 4716 524 4775 contracta,
553 4708 649 4763 ubi
680 4709 851 4780 coepit
915 4708 1175 4772 clamare,
1237 4707 1620 4777 auxiliumque
1652 4707 1769 4769 Dei,
1801 4712 1855 4760 et

217 4799 400 4857 sancti
434 4797 700 4853 Balderici
741 4798 1051 4868 deprecari,
1087 4798 1353 4868 paulatim
1392 4796 1704 4861 resolvitur,
1739 4796 1855 4867 pri-

219 4909 376 4948 mum
417 4890 677 4957 brachiis,
701 4897 757 4946 et
783 4891 911 4946 inde
939 4891 1263 4961 poplitibus,
1296 4890 1475 4944 donec
1504 4888 1855 4944 erectastctit

222 4987 279 5040 in
308 4984 567 5056 pedibus.
600 4984 727 5048 Quae
756 4982 1108 5054 postmodum
1133 4979 1500 5045 sanaelfecta,
1523 4979 1849 5034 clericorum

217 5076 367 5146 stipe
401 5076 509 5129 huc
538 5088 712 5144 usque
730 5079 1091 5129 sustentatur.
1129 5072 1300 5146 Igitur
1322 5070 1452 5124 dum
1485 5070 1710 5140 praefato
1740 5085 1853 5124 mo-

220 5172 481 5221 rarentur
503 5165 559 5219 in
590 5164 710 5219 loco
735 5164 921 5219 clerici
979 5179 1103 5218 cum
1128 5162 1357 5236 pignore
1413 5176 1591 5222 sacro.
1620 5160 1854 5235 contigit

221 5255 464 5326 quadam
496 5269 729 5324 vespera
762 5269 886 5308 cum
917 5253 1081 5308 simul
1112 5254 1443 5320 residerent,
1476 5259 1535 5307 ut
1564 5252 1849 5320 cujusdam

222 5349 446 5404 Milonis
465 5348 628 5403 amici
661 5349 851 5415 homo,
892 5348 1162 5402 ebrietate
1220 5354 1385 5419 atque
1406 5345 1591 5402 furore
1618 5362 1853 5401 succen-

220 5437 619 5509 sus,coepisset
669 5438 739 5492 ad
798 5453 895 5494 eos
924 5438 1132 5505 dicere,
1162 5437 1298 5508 quid
1356 5436 1434 5490 ibi
1483 5434 1752 5503 facerent,
1800 5442 1854 5489 et

222 5547 394 5603 quare
429 5531 483 5586 in
515 5530 703 5585 villam
735 5530 953 5586 Milonis
977 5529 1208 5605 ingressi
1234 5528 1520 5584 fuissent?
1542 5527 1853 5592 Quibusre-

221 5622 641 5694 spondentibus
695 5623 844 5693 quod
898 5621 1077 5676 sancti
1158 5618 1429 5674 Balderici
1474 5633 1584 5673 non
1640 5616 1853 5671 Milonis

220 5713 436 5768 eaedem
473 5727 563 5765 res
592 5717 778 5765 essent
805 5728 820 5775 ;
856 5710 1065 5781 illoque
1123 5708 1536 5764 contradicente
1567 5707 1715 5778 quod
1738 5720 1848 5761 non

222 5800 495 5856 Balderici
551 5801 652 5856 sed
711 5800 929 5857 Milonis
963 5801 1325 5867 haberentur,
1373 5797 1845 5856 comminantibus

1955 4713 2165 4767 eisdem
2194 4713 2359 4766 rebus
2407 4710 2493 4764 usi
2538 4709 2753 4764 fuerant
2786 4726 2800 4773 ;
2836 4708 2940 4779 ipsi
2981 4707 3146 4762 etiam
3183 4706 3312 4776 equi
3335 4713 3392 4759 et
3412 4719 3583 4759 canes

1957 4800 2285 4867 interierint,
2310 4807 2366 4855 et
2420 4800 2539 4871 ipse
2568 4814 2855 4869 pervasor,
2898 4796 3131 4867 perditis
3180 4811 3301 4850 cum
3334 4804 3459 4848 cute
3488 4809 3583 4848 ca-

1957 4890 2122 4962 pillis,
2157 4897 2210 4945 et
2241 4888 2491 4962 ungulis,
2519 4886 2607 4943 vix
2636 4886 2896 4942 evaserit.

2564 4998 2772 5053 CAPUT
2792 4996 2967 5051 XLIII.

2167 5076 2242 5127 De
2269 5072 2534 5127 miraculo
2563 5074 2622 5124 in
2648 5072 2835 5126 Rheno
2875 5069 3095 5136 ﬂumine
3122 5068 3361 5135 patrato.

2023 5165 2173 5220 Tunc
2206 5164 2277 5219 ob
2314 5162 2721 5218 infestationem
2742 5161 3144 5234 Hungarorum,
3176 5175 3297 5228 quae
3328 5155 3581 5226 primitus

1953 5268 2020 5307 eo
2051 5259 2302 5322 tempore
2330 5252 2383 5306 in
2417 5254 2523 5307 hoc
2554 5258 2857 5307 emerserat
2895 5265 3149 5322 regnum,
3176 5247 3412 5303 concilio
3441 5245 3581 5300 inito

1952 5342 2202 5397 canonici
2235 5342 2412 5395 sancti
2471 5340 2738 5397 Balderici
2784 5340 3035 5394 Rhenum
3064 5355 3187 5393 cum
3222 5336 3450 5393 domino
3479 5352 3580 5390 suo

1952 5439 2315 5489 transmeant.
2375 5434 2506 5488 Inde
2572 5433 2811 5504 quadam
2868 5447 3100 5502 vespera
3147 5436 3476 5494 remeantes,
3526 5429 3579 5481 in

1952 5522 2198 5576 fluminis
2226 5521 2414 5576 medio
2447 5538 2642 5576 navem
2678 5521 2843 5590 jactis
2874 5520 3130 5594 defigunt
3159 5519 3437 5575 anchoris.
3475 5519 3580 5571 He-

1954 5614 2209 5685 lictisque
2242 5614 2434 5684 paucis
2464 5614 2521 5668 in
2584 5613 2704 5668 navi
2735 5630 2859 5668 cum
2907 5629 3064 5669 sacro
3107 5613 3340 5684 pignore
3397 5618 3579 5665 custo-

1954 5704 2139 5770 dibus,
2169 5703 2273 5774 ipsi
2291 5703 2359 5758 ad
2372 5703 2695 5774 praedictam
2730 5719 2991 5772 scapnam
3011 5696 3307 5775 properant
3328 5714 3576 5768 SUﬂEpOS—

1946 5796 2212 5853 sessionis
2249 5796 2431 5853 villam
2477 5796 2631 5868 [θοαί
2664 5796 3015 5867 Wastitiam].
3047 5796 3085 5850 Τ
3094 5812 3178 5851 res
3198 5808 3325 5848 vero
3347 5789 3568 5861 quidam
