3912 6462
312 436 418 492 319

1443 430 1807 486 FLODOARDI
1850 427 2151 483 CANONICI
2197 426 2523 482 REMENSIS

3546 428 3655 485 320

308 561 572 628 latrones,
604 571 890 633 comperto
943 560 1091 633 quod
1148 557 1305 629 pauci
1336 555 1673 611 resedissent
1700 554 1756 608 in
1796 553 1921 608 navi
1945 561 1999 627 Α
2026 552 2332 618 Guntmari,
2365 561 2420 606 et
2470 567 2536 605 ex
2586 551 2831 621 ipsorum
2882 551 3135 619 jussione
3184 552 3505 622 praedictum
3548 554 3654 609 iter

310 653 590 718 custodes,
621 653 811 724 ibique
843 655 1149 715 thesauros,
1189 649 1275 702 vel
1306 652 1627 702 ornamenta
1648 643 1822 698 sancti
1840 657 1924 696 re-

310 743 580 797 mansisse
614 743 735 809 rati,
766 755 1069 797 conscensa
1119 737 1353 819 tendupt
1406 734 1499 789 illo
1554 733 1767 805 cymba.
1795 731 1922 797 Sed,

310 840 608 905 antequam
634 834 1012 905 pertingerent
1034 830 1102 884 ad
1136 830 1308 898 ipsam
1337 843 1499 899 quam
1533 827 1795 897 petebant
1824 839 1927 877 na-

309 941 452 989 vem,
509 927 697 980 caecati
730 925 1014 987 divinitus,
1076 920 1406 992 perditoque
1460 935 1628 974 sensu
1655 917 1927 989 remigare

307 1033 417 1071 non
439 1019 708 1083 valentes,
742 1017 949 1087 impetu
974 1013 1218 1068 ﬂuminis
1234 1011 1363 1067 ferri
1390 1017 1697 1082 coeperunt.
1718 1009 1923 1079 Sicque

308 1111 558 1165 navicula
586 1127 781 1165 eorum
839 1109 986 1173 navi,
1026 1124 1149 1179 quae
1199 1105 1369 1160 sancti
1414 1120 1614 1174 corpus
1642 1103 1920 1172 servabat,

304 1202 539 1272 impacta
566 1201 938 1272 contritaque,
969 1198 1171 1254 mediis
1216 1214 1313 1253 eos
1363 1197 1418 1251 in
1448 1195 1710 1250 ﬂuetibus
1749 1194 1917 1249 dere-

304 1289 488 1360 liquit.
522 1291 761 1355 Quorum
790 1289 1009 1344 duobus
1040 1287 1210 1342 ﬂuvio
1230 1302 1349 1342 mox
1384 1280 1915 1355 abSorptis,tertius,

304 1382 396 1451 qui
422 1381 585 1436 etiam
620 1380 859 1435 famulus
902 1387 1020 1435 erat
1051 1378 1224 1434 sancti
1255 1377 1544 1442 Balderici,
1584 1376 1730 1444 jacta
1753 1389 1918 1429 manu

303 1485 495 1524 navem
530 1470 706 1524 sancti
733 1469 985 1540 arripuit,
1047 1477 1101 1523 et
1132 1468 1312 1522 taliter
1364 1466 1605 1521 evadens
1664 1470 1916 1529 mortem.

300 1560 741 1632 clericorumque
771 1561 1144 1633 perductusin
1168 1559 1538 1631 praasentiam,
1564 1556 1700 1611 nihil
1728 1571 1918 1610 eorum

302 1671 425 1725 quae
457 1668 652 1724 passus
682 1652 862 1706 fuerat
888 1651 1111 1705 edicere
1128 1650 1319 1716 valuit,
1348 1648 1599 1704 donecin
1619 1648 1918 1703 crastinum

299 1742 658 1807 refocillatus,
703 1756 982 1813 sensuque
1042 1746 1265 1810 recepto
1321 1738 1540 1793 tandem
1596 1753 1719 1808 quae
1765 1744 1921 1811 gesta

300 1834 521 1889 fuerant
546 1834 838 1888 enarravit.
902 1832 1193 1902 Postquam
1239 1846 1371 1885 vero
1430 1847 1461 1884 a
1518 1829 1743 1900 przefato
1797 1828 1919 1883 loco

301 1923 466 1990 hujus
490 1922 637 1977 beati
670 1922 770 1976 viri
801 1922 865 1976 ad
896 1937 1062 1974 suum
1094 1918 1491 1974 monasterium
1524 1924 1655 1971 sunt
1685 1932 1809 1971 ossa
1840 1933 1922 1970 re-
1949 1942 1995 2009 Β

300 2012 428 2076 lata,
460 2010 631 2065 multa
677 2009 815 2063 inibi
869 2008 1124 2063 feruntur
1180 2016 1407 2075 ostensa
1459 2006 1744 2070 miracula,
1799 2020 1920 2075 quae

302 2119 415 2174 prae
446 2102 802 2157 multitudine
851 2117 961 2156 non
1010 2101 1285 2154 habentur
1327 2099 1549 2169 scripta.
1582 2099 1715 2152 llluc
1746 2112 1924 2167 nuper

301 2196 526 2266 quidam
558 2212 769 2265 pauper
796 2194 1083 2250 candelam
1137 2193 1396 2249 deferens
1418 2194 1475 2247 in
1506 2192 1712 2246 circulo
1743 2191 1920 2245 devo-

300 2286 492 2352 lutam,
525 2285 688 2356 paulo
717 2291 842 2339 ante
857 2285 1047 2339 horam
1079 2283 1447 2354 veSpertinam
1480 2297 1648 2352 supra
1681 2280 1918 2334 loculum

297 2391 581 2431 sacrorum
615 2376 753 2429 hanc
785 2376 973 2445 posuit
1030 2375 1261 2430 ossium.
1307 2375 1408 2438 Qui
1467 2374 1604 2428 dum
1636 2373 1761 2426 data
1793 2386 1923 2425 ora-

299 2465 450 2518 tione
504 2464 808 2530 recederet,
870 2464 1054 2519 subito
1129 2464 1382 2534 candela,
1433 2479 1634 2534 supero
1690 2475 1922 2517 accensa

302 2555 451 2627 igne,
477 2557 651 2628 ‘cmpit
688 2558 903 2612 ardere.
965 2557 1094 2622 Qua}
1125 2557 1305 2611 donec
1361 2563 1545 2611 custos
1576 2554 1825 2609 ecclesiae
1852 2554 1920 2607 ad

297 2648 687 2718 vespertinalia
742 2648 1013 2719 pulsanda
1060 2648 1212 2701 venit
1266 2647 1445 2718 signa,
1481 2644 1668 2715 pallio,
1704 2642 1792 2697 cui
1818 2658 1916 2696 su-

298 2737 541 2805 perjecta
561 2737 804 2808 jaeebat,
833 2736 1026 2803 illzeso,
1053 2736 1523 2809 deﬂagravit,nec
1556 2733 1719 2787 ullam
1748 2732 1916 2801 pallio

298 2828 605 2895 la'sionem,
639 2829 727 2883 cui
757 2829 1090 2893 adhaerebat,
1142 2828 1398 2902 aggessit.
1434 2827 1595 2887 Multa
1650 2834 1920 2896 pra‘terea

295 2920 617 2985 sanitatum,
649 2919 1215 2991 clarificationumque
1248 2920 1455 2974 ibidem
1488 2918 1822 2974 creberrime
1846 2918 1913 2971 ad

298 3006 633 3061 declaranda
667 3008 842 3062 sancti
872 3009 955 3062 sui
981 3009 1176 3064 merita
1194 3009 1457 3064 Dominus
1488 3008 1781 3063 ostendere
1799 3007 1917 3080 dig-

297 3103 460 3149 natur
488 3095 770 3162 miracula,
805 3096 875 3151 ad
918 3098 1189 3153 honorem
1229 3099 1441 3154 scilicet
1473 3115 1536 3153 ac
1558 3098 1779 3153 laudem
1811 3113 1916 3153 no-

298 3182 461 3238 minis
480 3183 588 3250 sui,
621 3185 768 3256 quod
793 3193 875 3240 est
904 3186 1258 3241 benedictum
1288 3187 1346 3241 in
1371 3187 1590 3241 saecula.

894 3298 1106 3354 CAPUT
1134 3299 1313 3353 XLIV.

441 3387 516 3441 De
542 3388 821 3442 miraculis
850 3390 909 3442 in
934 3392 1258 3444 monasterio
1280 3394 1587 3444 sanctorum
1614 3391 1770 3444 Βουω

873 3476 935 3515 ac
970 3462 1134 3515 Deda:
1159 3463 1347 3528 factis.

369 3551 427 3604 ln
453 3560 872 3620 praememorato
926 3553 1168 3625 denique
1227 3554 1537 3625 puellarum
1571 3554 1915 3609 monasterio

297 3642 505 3709 (supra,
530 3659 656 3712 cap.
690 3643 865 3712 28),in
896 3661 1008 3717 quo
1026 3645 1374 3716 przefatarum
1397 3652 1709 3700 sanctarum
1733 3645 1911 3711 Bovae,

296 3749 361 3788 ac
401 3734 564 3789 Deda;
600 3736 862 3791 translata
889 3736 1099 3808 praefati
1129 3753 1320 3792 sumus
1360 3753 1614 3808 corpora,
1647 3736 1913 3792 nonnulla

300 3828 654 3898 post-modum
686 3836 894 3899 patrata
925 3832 1228 3901 probantur
1258 3831 1542 3886 miracula.
1567 3831 1666 3886 Ubi
1699 3829 1915 3901 frigori-

298 3917 389 3970 tici
414 3924 577 3988 atque
604 3918 836 3973 diversis
853 3920 1277 3994 aegritudinibus
1313 3920 1567 3990 occupati
1598 3920 1910 3984 venientes,

300 4013 485 4075 Optata
504 4017 789 4063 merentur
816 4010 1083 4080 sospitate
1112 4009 1306 4065 donari
1338 4010 1571 4064 maxime
1605 4008 1662 4063 in
1703 4008 1794 4062 die
1820 4024 1917 4063 so-

301 4097 602 4153 lemnitatis
632 4101 946 4155 earumdem
1004 4103 1192 4171 (idest
1244 4103 1313 4156 24
1375 4102 1635 4171 Aprilis).
1694 4108 1753 4154 tu
1809 4115 1916 4170 qua

297 4189 550 4258 quaedam
574 4204 754 4260 nuper
800 4190 1008 4261 puclla,
1066 4191 1261 4245 auditu
1302 4191 1574 4257 frustrata,
1632 4188 1683 4243 vi
1720 4188 1916 4244 invali-

300 4276 508 4331 tudinis
537 4295 737 4333 sensus
772 4280 937 4347 hujus
974 4280 1245 4335 obturatis
1276 4266 1575 4346 meatibus,
1599 4280 1913 4336 interventu

297 4368 618 4422 earumdem
684 4380 996 4423 sanctarum
1055 4369 1257 4424 Christi
1313 4362 1663 4440 sponsarum,
1698 4370 1913 4440 perdita

296 4456 506 4511 dudum
536 4458 727 4513 munia
745 4459 993 4529 recipere
1020 4460 1219 4515 meruit
1246 4460 1483 4515 aurium.

903 4577 1116 4633 GAPUT
1151 4577 1298 4633 XLV.

654 4650 729 4702 De
755 4650 963 4703 visione
1016 4650 1306 4719 cujusdam
1342 4651 1553 4720 puellm.

369 4738 609 4794 Habetur
638 4741 693 4793 in
717 4741 823 4796 hoc
853 4743 1187 4798 monasterio
1219 4745 1471 4814 quaedam
1502 4742 1906 4798 sanctimonia-

298 4829 548 4903 lisvirgo,
578 4831 759 4900 neptis
787 4831 1067 4900 quondam
1100 4832 1382 4887 Guntmari
1409 4832 1649 4905 religiosi
1682 4832 1910 4902 presby-

296 4918 419 4986 teri,
449 4919 675 4974 nomine
689 4920 955 4985 Ricuidis,
970 4920 1060 4975 cui
1075 4929 1447 4992 apparuerunt
1468 4923 1597 4977 olim
1619 4939 1718 4992 per
1732 4922 1907 4977 visum

295 5010 490 5066 beatus
516 5013 710 5067 Petrus
734 5013 1019 5083 apostolus
1044 5021 1098 5068 et
1128 5013 1322 5068 beatus
1352 5014 1658 5087 Remigius,
1690 5013 1909 5084 signiti-

294 5114 486 5158 cantes
514 5104 586 5169 ei,
618 5105 767 5176 quod
799 5105 903 5159 iter
931 5106 1114 5160 Romae
1153 5105 1356 5170 eidem,
1405 5106 1534 5160 dum
1569 5115 1914 5161 reverteren-

296 5199 387 5247 tur
406 5193 475 5246 ad
502 5193 696 5262 ipsam,
724 5197 1055 5266 prtecepturi
1108 5204 1334 5261 essent;
1363 5208 1839 5270 asserueruntque
1853 5216 1913 5253 se

296 5283 482 5337 medio
513 5301 700 5340 mense
722 5288 1056 5357 Septembri,
1096 5288 1308 5343 scilicet
1339 5288 1691 5344 Exaltationis
1710 5298 1913 5345 sanctae.

295 5375 607 5442 Crucisdie,
623 5396 961 5436 reversuros.
985 5384 1101 5447 Qua
1113 5385 1525 5454 exspectatione
1538 5401 1809 5455 suspensa
1825 5387 1913 5440 ni—

302 5464 378 5519 hil
410 5464 539 5518 inde
556 5466 742 5532 alicui,
776 5471 1052 5538 prohibita
1080 5474 1294 5529 scilicet
1323 5474 1391 5527 ab
1425 5475 1523 5539 eis,
1558 5492 1687 5529 ausa
1708 5485 1791 5531 est
1821 5478 1911 5530 in-

300 5552 517 5606 timare.
546 5552 641 5606 Die
668 5570 797 5608 vero
827 5574 935 5626 qua
983 5561 1349 5629 praedixerant
1386 5564 1681 5634 redituros,
1715 5566 1913 5620 iterum

303 5652 672 5711 apparaerunt
693 5646 766 5711 ei,
792 5647 1055 5713 jubentes
1082 5660 1140 5707 ut
1177 5655 1471 5711 accersiret
1511 5657 1730 5714 fratrem
1753 5676 1912 5714 suum

300 5727 653 5783 Frcderieum
676 5731 1076 5805 presbyterum,
1109 5751 1163 5795 et
1180 5743 1557 5799 exhortaretur
1578 5762 1702 5801 eum
1733 5748 1911 5819 sequi,

305 5823 467 5884 prout
499 5819 675 5890 magis
718 5822 1008 5889 potuisset,
1062 5829 1290 5900 vestigia
1324 5832 1588 5898 praemissi
1613 5837 1917 5891 sacerdotis

2026 645 2342 718 injungeret
2368 643 2446 696 illi
2478 658 2666 698 secum
2721 641 2973 713 exsequi,
3025 643 3118 697 tali
3151 644 3411 699 videlicet
3434 651 3651 713 tenore,

2027 748 2086 794 ut
2117 738 2185 791 ab
2215 754 2279 792 ea
2305 738 2395 791 die
2429 754 2529 792 nec
2560 737 2674 803 ille,
2706 753 2811 792 nec
2852 738 2973 808 ipsa
3019 753 3243 793 carnem
3265 740 3647 809 comederent,

2028 839 2123 886 aut
2153 831 2340 885 vinum
2388 830 2663 895 biberent,
2724 831 2903 885 donec
2938 831 3043 886 iter
3081 832 3261 902 ipsum
3312 833 3646 903 arriperent,

2030 922 2135 976 nisi
2167 928 2378 976 tantum
2417 922 2553 987 vini,
2602 930 2872 992 quantum
2901 923 3012 978 emi
3061 923 3336 993 potuisset
3355 940 3420 979 ex
3441 926 3645 994 pretio,

2030 1010 2179 1082 quod
2203 1026 2370 1080 super
2396 1009 2569 1065 altare
2600 1008 2880 1080 quoddam
2906 1008 2975 1064 ab
3008 1010 3150 1080 ipsis
3200 1011 3252 1065 ei
3294 1011 3649 1081 designatum

2023 1108 2308 1173 repertura
2345 1107 2511 1166 esset,
2543 1101 2663 1171 ipsa
2720 1100 2986 1156 duntaxat
3025 1101 3355 1172 perciperet.
3396 1102 3458 1157 Ut
3504 1118 3644 1177 ergo

2021 1194 2155 1249 inde
2185 1193 2361 1266 magis
2392 1194 2728 1249 crederetur.
2748 1193 3013 1264 quasdam
3030 1208 3271 1260 sorores,
3305 1201 3417 1249 tres
3449 1194 3652 1249 videli-

2020 1296 2108 1343 cet
2135 1286 2584 1342 sanctimoniales
2602 1286 2767 1354 hujus
2796 1288 3141 1353 monasterii,
3175 1288 3243 1342 ad
3266 1289 3323 1343 id
3346 1289 3642 1361 inquiren-

2020 1379 2150 1433 dum
2181 1377 2285 1432 sibi
2308 1384 2476 1432 testes
2506 1377 3209 1441 ascisceret,denominatis
3228 1377 3439 1434 scilicet
3452 1394 3647 1449 perso-

2020 1466 2129 1531 nis,
2170 1482 2309 1537 quas
2339 1466 2608 1521 advocare
2637 1465 2945 1520 debuisset.
2976 1466 3207 1521 Sanctus
3236 1474 3421 1522 autem
3452 1468 3646 1523 Remi-

2019 1561 2144 1634 gius
2176 1561 2282 1615 hoc
2310 1559 2542 1630 insuper
2580 1559 2815 1626 addidit,
2879 1567 2938 1614 ut
2994 1560 3206 1615 diceret
3226 1560 3328 1615 illa
3359 1560 3510 1615 fratri
3541 1576 3647 1616 suo

2024 1657 2300 1722 quatenus
2331 1657 2477 1706 esset
2498 1666 2730 1717 memor,
2764 1651 2912 1722 quod
2941 1651 3021 1704 illi
3052 1651 3332 1721 quondam
3364 1668 3646 1722 apparue—

2027 1748 2127 1806 rat,
2160 1747 2213 1793 et
2243 1739 2294 1793 ei
2322 1739 2754 1793 locutusiuerat.
2789 1739 3009 1792 Addcns
3041 1740 3207 1792 etiam
3240 1753 3340 1809 pro
3366 1739 3528 1812 signo
3555 1755 3649 1793 re-

2022 1831 2379 1905 cognitionis,
2410 1829 2558 1901 quod
2590 1846 2714 1884 eum
2741 1830 2796 1884 in
2822 1830 3001 1900 palma
3029 1830 3096 1884 de
3113 1830 3336 1886 cultello
3360 1830 3513 1885 visus
3526 1829 3649 1885 fue-

2024 1928 2105 1974 rat
2153 1919 2509 1989 percussisse.
2566 1920 2633 1972 At
2672 1918 2766 1972 illa
2810 1933 2937 1972 mox
2978 1919 3047 1973 ad
3098 1918 3390 1989 praefatum
3422 1920 3649 1973 fratrem

2023 2026 2184 2066 suum
2215 2012 2460 2077 mittens,
2505 2010 2783 2065 mandavit
2812 2011 2865 2065 ei
2894 2020 2955 2066 ut
2982 2011 3052 2065 ad
3081 2028 3155 2079 ,se
3199 2011 3525 2066 festinanter
3550 2026 3651 2066 ve-

2025 2104 2187 2159 niret.
2222 2103 2322 2167 Qui
2352 2103 2587 2158 veniens
2625 2118 2869 2158 sororem
2927 2119 3082 2157 suam
3112 2104 3246 2158 hora
3283 2103 3396 2172 jam
3420 2118 3654 2173 vesper—

2024 2194 2140 2248 tina
2161 2193 2410 2263 jejunam
2435 2193 2638 2259 adhuc,
2667 2202 2722 2248 et
2753 2192 2821 2247 de
2852 2192 3065 2248 visione
3087 2193 3245 2249 valde
3280 2192 3648 2263 stupefactam

2026 2283 2255 2338 invenit.
2299 2282 2428 2346 Quae
2476 2282 2754 2337 advocans
2784 2281 3172 2336 denominatas
3204 2281 3310 2335 sibi
3346 2281 3650 2336 sanctimo-

2023 2374 2217 2440 niales,
2243 2373 2447 2443 pariter
2461 2380 2590 2427 ante
2619 2372 2940 2427 denotatum
2969 2373 3139 2428 altare
3171 2380 3381 2443 septem
3400 2373 3647 2443 psalmos

2022 2466 2432 2537 poenitentiales
2458 2466 2910 2529 decantaverunt,
2937 2465 3140 2519 additis
3162 2465 3390 2535 insuper
3416 2464 3644 2519 litania-

2023 2572 2145 2609 rum
2177 2555 2818 2625 precibus,accesserunt
2835 2553 2906 2608 ad
2928 2554 3122 2620 altare,
3144 2561 3199 2608 et
3223 2561 3487 2608 exuentcs
3505 2569 3648 2623 ope-

2021 2646 2290 2713 rimentis,
2312 2652 2642 2717 repererunt
2669 2646 2723 2699 in
2747 2661 2923 2701 cornu
2940 2645 3189 2714 ejusdem
3213 2644 3401 2699 altaris
3416 2644 3645 2699 obolum

2020 2755 2269 2808 parvum,
2309 2755 2477 2809 quem
2524 2747 2872 2793 assumentes
2928 2753 3054 2791 cum
3103 2737 3405 2811 gratiarum
3423 2736 3648 2802 actione

2020 2832 2295 2887 dederunt
2321 2849 2422 2902 pro
2464 2832 2616 2897 vino,
2660 2832 2807 2902 quod
2857 2831 3240 2886 tantummodo
3264 2831 3381 2885 haec
3429 2831 3646 2886 sancti-

2021 2921 2280 2975 monialis
2302 2920 2463 2986 bibit,
2506 2936 2616 2975 non
2675 2920 2944 2990 deinceps
2996 2919 3235 2989 amplius
3271 2920 3459 2974 vinum
3482 2936 3643 2974 sum-

2019 3022 2199 3085 ptura,
2223 3013 2403 3068 donec
2432 3013 2537 3066 iter
2566 3011 2872 3080 injunctum
2927 3018 3035 3064 tam
3069 3012 3206 3082 ipsa,
3240 3027 3402 3081 quam
3438 3011 3643 3081 praedi-

2016 3110 2139 3157 ctus
2168 3102 2338 3157 frater
2366 3118 2519 3166 suus,
2538 3101 2761 3155 inirent.
2789 3100 2942 3164 Quod
2970 3100 3209 3154 fideliter
3230 3107 3285 3154 et
3314 3099 3649 3155 tiducialiter

2018 3190 2369 3260 arripientes,
2424 3204 2713 3260 prospere,
2764 3188 2875 3243 Deo
2900 3188 3155 3257 juvante,
3202 3196 3257 3243 et
3304 3187 3359 3244 S.
3393 3189 3560 3244 Petro
3591 3198 3647 3244 et

1943 3266 1991 3334 C
2016 3288 2204 3338 semoto
2241 3282 2489 3355 Remigio
2510 3280 3030 3355 suffragantibusmt
3061 3280 3199 3352 ipsis
3247 3282 3642 3352 promiserant,

2022 3380 2378 3444 peregerunt.
2400 3374 2473 3427 Ac
2498 3370 2764 3441 deinceps
2808 3386 2841 3424 a
2870 3370 3130 3424 carnibus
3162 3370 3257 3424 illa
3289 3378 3510 3441 (praeter
3538 3371 3648 3426 Do-

2021 3464 2307 3535 minicam)
2344 3464 2606 3530 abstinet,
2632 3479 2695 3518 ac
2726 3462 2904 3517 tribus
2932 3462 3133 3516 diebus
3163 3461 3221 3516 in
3269 3461 3642 3526 hebdomada,

2016 3573 2193 3627 usque
2214 3556 2345 3610 dum
2362 3557 2580 3628 signum
2611 3564 2776 3610 sonet
2804 3554 2872 3609 ad
2918 3554 3241 3621 secundam,
3285 3552 3423 3607 nihil
3455 3554 3646 3624 Operis

2015 3651 2147 3722 agit,
2169 3651 2520 3706 orationibus
2563 3656 2618 3703 et
2674 3647 2996 3718 psalmodiae
3052 3664 3255 3704 vacans
3295 3665 3310 3712 ;
3345 3648 3496 3718 quod
3528 3648 3640 3702 sibi

2016 3761 2194 3816 usqne
2224 3745 2291 3799 ad
2320 3752 2534 3815 septem
2557 3759 2734 3797 annos
2763 3750 3160 3798 commemorat
3176 3742 3483 3813 adimplere
3499 3759 3644 3813 prte-

2015 3843 2260 3907 ceptum.
2293 3836 2463 3891 Fratri
2495 3851 2628 3890 vero
2669 3849 2770 3889 suo
2794 3841 3221 3904 prtememorato
3251 3835 3357 3889 hoc
3384 3850 3415 3889 a
3436 3851 3641 3905 supra-

2019 3918 2405 3982 dictissanctis
2452 3942 2549 3997 per
2594 3926 2770 3996 ipsam
2812 3926 3135 3980 mandatum
3183 3932 3284 3992 est,
3306 3934 3369 3981 ut
3398 3933 3643 3997 quatuor

2018 4017 2215 4071 diebus
2258 4017 2315 4070 in
2358 4016 2711 4071 hebdomada
2738 4033 2769 4070 a
2821 4015 3104 4082 carnibus,
3136 4014 3288 4070 omni
3319 4031 3450 4070 vero
3483 4025 3642 4072 sexta

2019 4110 2154 4165 feria
2181 4128 2211 4164 a
2241 4111 2369 4166 vino
2391 4126 2613 4181 semper
2633 4111 2765 4165 dum
2787 4110 3074 4176 advixcrit,
3098 4110 3298 4164 debeat
3325 4110 3635 4167 abstinere.

2018 4202 2144 4264 Quae
2176 4208 2231 4255 et
2256 4199 2554 4255 observare
2584 4199 2686 4255 visi
2709 4204 2856 4252 sunt.

2619 4289 2829 4343 CAPUT
2852 4289 3022 4343 XLVI.

2226 4386 2300 4439 De
2327 4385 2494 4438 altera
2518 4386 2701 4440 Remis
2734 4382 3042 4452 puellarum
3070 4386 3412 4437 monasterio.

2084 4476 2331 4530 Alterum
2389 4477 2632 4548 denique
2685 4478 2931 4548 puellare
2988 4475 3389 4531 monasterium
3447 4477 3639 4533 Remis

2014 4563 2251 4620 habetur
2275 4567 2441 4621 situm
2464 4567 2531 4621 ad
2553 4574 2785 4638 portam,
2805 4584 2929 4638 quae
2952 4566 3082 4621 olim
3106 4564 3640 4631 Collaticia,scilicet

1939 4636 1991 4705 ο
2018 4674 2047 4711 a
2071 4658 2424 4714 conferendis
2453 4660 2751 4727 mercibus,
2793 4676 2941 4715 nunc
2972 4658 3281 4713 Basilicaris
3326 4658 3486 4728 [forte
3530 4660 3638 4714 Ba-

2010 4748 2186 4819 seillo]
2213 4755 2458 4813 vocatur,
2494 4765 2561 4803 eo
2578 4750 2725 4820 quod
2753 4750 2896 4804 circa
2919 4764 2976 4803 se
3000 4748 3242 4802 basilicis
3258 4746 3493 4814 dudum,
3522 4766 3639 4819 pra:

2011 4841 2225 4894 caeteris
2253 4841 2446 4911 portis,
2475 4841 2787 4896 abundasse
2818 4841 3024 4895 feratur
3047 4857 3175 4907 ;seu
3207 4840 3355 4910 quod
3369 4840 3642 4896 euntibus

2010 4929 2080 4982 ad
2109 4929 2418 4991 basilicam,
2472 4929 2527 4982 in
2566 4930 2687 4984 vico
2741 4930 2914 4984 sancti
2968 4928 3199 5001 Remigii
3240 4928 3638 4996 consistentes,

2015 5021 2201 5090 pervia
2226 5020 2408 5075 fuerit.
2440 5022 2617 5092 Supra
2636 5038 2802 5092 quam
2826 5012 3031 5076 domno
3081 5021 3376 5093 Rigoberto
3411 5020 3637 5075 habita~

2015 5111 2200 5193 culum
2224 5109 2391 5165 fuisse
2431 5110 2988 5166 commemoravimus
3035 5110 3091 5180 [l.
3124 5126 3184 5174 u,
3227 5125 3277 5163 c.
3334 5108 3446 5178 12].
3480 5109 3642 5172 Quod

2018 5202 2413 5257 monasterium
2463 5203 2737 5260 domnus:
2771 5202 3108 5256 Guntbertus
3151 5200 3234 5255 vir
3292 5198 3526 5253 illustris
3583 5200 3642 5255 in

2017 5297 2225 5350 honore
2280 5296 2453 5350 sancti
2519 5295 2660 5350 Petri
2744 5294 3113 5350 construxisse
3172 5292 3426 5359 traditur,
3486 5296 3643 5364 quod

2018 5386 2222 5459 regale,
2246 5386 2332 5439 vel
2355 5384 2538 5439 fiscale
2556 5391 2801 5447 vocatur,
2826 5400 2892 5438 eo
2915 5383 3062 5453 quod
3091 5382 3147 5436 in
3168 5381 3336 5451 regali
3362 5390 3642 5451 potestate

2015 5494 2194 5550 usque
2226 5479 2294 5532 ad
2328 5478 2595 5532 moderna
2660 5484 2908 5547 tempora
2957 5474 3123 5530 fuerit
3178 5473 3449 5528 habitum.
3483 5476 3643 5539 Quod

2015 5566 2411 5623 monasterium
2446 5566 2753 5621 Ludovicus
2784 5565 3084 5634 imperator
3113 5558 3367 5631 Alpheidi
3407 5558 3529 5628 [al.,
3551 5559 3645 5612 Al-

2018 5659 2168 5729 paidi
2222 5664 2270 5713 et
2323 5657 2498 5728 infra]
2563 5656 2689 5712 ﬁliae
2733 5673 2868 5722 suae,
2912 5655 3070 5710 uxori
3110 5651 3348 5725 Begonis
3393 5650 3644 5716 comitis,

2016 5752 2164 5805 dono
2211 5751 2385 5816 dedit,
2418 5750 2710 5821 eidemque
2754 5765 2910 5803 sacro
2954 5748 3074 5802 loco
3106 5742 3471 5800 immunitatis
3501 5759 3644 5811 pne-

2015 5846 2235 5906 ceptum
2248 5837 2550 5909 delegavit,
2566 5847 2624 5891 ut
2640 5844 2692 5891 et
2720 5846 2876 5908 pater
2894 5835 3072 5905 ipsius
3094 5831 3321 5888 Karolus
3338 5829 3644 5899 imperator
