3912 6404
230 425 336 483 321

892 420 1221 477 HISTORI/E
1262 417 1594 475 ECCLESIIE
1635 415 1963 473 REMENSIS
2004 414 2179 470 LIBIII
2219 409 2546 476 QUATUOR.
2578 438 2646 448 —
2680 406 2802 461 LIB.
2848 406 2930 460 IV.

3477 401 3583 459 322

228 559 426 629 egerat
446 554 602 610 olim.
637 552 795 618 Quod
845 551 1162 607 coenobium
1195 557 1388 621 postea
1427 565 1527 620 per
1557 548 1856 620 precariam
1887 550 1938 618 Α
1966 542 2357 615 praeceptionis
2409 540 2583 611 ipsius
2633 537 2781 611 regis
2832 534 3092 601 obtinuit,
3125 540 3178 588 et
3229 548 3327 604 pro
3381 532 3587 629 conﬁr-

228 637 415 718 ipsius
434 642 748 714 Alpheidis,
765 642 855 697 vel
878 640 1115 695 ﬁliorum
1143 640 1264 708 ejus
1287 639 1502 693 Letardi
1526 646 1580 693 et
1610 637 1860 703 Ebrardi,

228 734 303 789 ad
326 740 536 804 partem
569 741 626 787 et
672 730 1086 802 possessionem
1115 730 1403 784 Remensis
1429 728 1655 782 devenit
1683 727 1861 782 eccle-

228 823 350 878 siae.
368 822 464 878 Hic
476 821 672 877 haberi
691 820 957 877 asseritur
974 822 1112 876 deus
1127 820 1324 875 sanctii
1349 819 1579 874 Andreae
1596 818 1857 890 apostoli:

226 915 391 983 cujus
410 912 686 969 beneficia
715 913 897 981 multi,
931 913 1029 984 qui
1056 929 1183 968 eum
1211 912 1445 968 osculari
1473 919 1863 983 promerentur

224 1004 555 1077 frequenter
620 1005 986 1076 experiuntur
1042 1003 1267 1059 infirmi.
1327 1003 1576 1059 Vidimus
1633 1002 1744 1069 hic,
1801 1002 1859 1056 iu

227 1096 465 1152 ecclesia
495 1097 713 1152 scilicet
743 1098 908 1166 hujus
935 1096 1200 1163 cmuobii,
1234 1112 1455 1151 cereum
1488 1096 1617 1169 igne
1648 1093 1858 1150 caelesti

228 1192 314 1240 ter
356 1201 583 1257 quoque
614 1202 960 1252 accensum;
1021 1202 1187 1258 quem
1219 1202 1442 1242 cereum
1484 1185 1685 1241 collata
1733 1198 1861 1237 cera

226 1276 471 1333 fecerant
523 1278 752 1349 quidam
783 1279 933 1335 cives
975 1280 1297 1343 Remenses,
1340 1280 1436 1351 qui
1479 1279 1549 1333 ad
1585 1278 1861 1333 visitanda

224 1382 409 1437 nuper
428 1366 815 1437 Apostolorum
846 1367 1037 1423 limina
1070 1368 1303 1438 profecti
1331 1367 1579 1422 fuerant.
1612 1367 1861 1422 Vidimus

226 1457 285 1510 in
302 1458 412 1513 hoc
430 1472 656 1529 quoque
681 1460 1021 1515 monasterio
1048 1460 1288 1529 puellam
1317 1459 1611 1530 quamdam
1632 1459 1859 1513 sudasse

223 1546 580 1620 sanguinem,
632 1562 756 1619 quae
796 1556 925 1603 tunc
957 1548 1308 1603 hebdomade
1339 1548 1506 1619 plena
1549 1548 1726 1617 jacuit
1757 1547 1862 1600 im-

222 1645 398 1705 mota,
443 1639 601 1710 quasi
658 1648 897 1707 mortua,
941 1646 996 1695 et
1026 1640 1272 1696 visiones
1329 1641 1378 1695 ei
1428 1647 1558 1696 sunt
1617 1647 1858 1695 ostensa:

223 1729 536 1785 nonnulla.

811 1802 1022 1860 CAPUT
1076 1804 1275 1861 XLVII.

332 1897 411 1951 De
434 1895 630 1951 domno
681 1896 1011 1965 Guntberdo,
1051 1903 1102 1953 et
1128 1900 1305 1969 ipsius
1356 1913 1527 1953 umore
1561 1901 1744 1955 Berta.

292 2005 620 2065 Praemissus
698 2010 885 2082 itaque
962 2010 1201 2067 domnus
1265 2012 1606 2067 Guntbertus
1694 2010 1859 2080 hujus

217 2103 525 2160 instructor
554 2104 823 2172 ccenobii,
852 2105 1045 2161 relicta
1070 2107 1329 2181 conjuge,
1357 2106 1636 2162 maritima
1658 2112 1860 2176 petens

218 2194 369 2263 loca,
409 2195 503 2250 ille
559 2197 726 2251 etiam
772 2197 1175 2253 monasterium
1207 2198 1487 2270 quoddam
1537 2197 1858 2253 condidisse

215 2285 413 2342 fertur.
446 2286 550 2343 Ubi
589 2295 645 2343 et
682 2306 716 2344 a
752 2289 1007 2345 barbaris
1056 2290 1361 2346 decollatus
1400 2290 1856 2359 fuisse‘traditur,

217 2374 438 2429 Relicta
469 2390 603 2431 vero
630 2376 806 2447 ipsius
837 2378 1042 2432 domna
1074 2379 1232 2433 Berta
1270 2378 1586 2434 coenobium
1612 2376 1858 2449 puellare

216 2462 371 2533 apud
399 2463 774 2530 Avennacum,
817 2465 1048 2521 Domino
1092 2466 1198 2521 sibi
1231 2466 1413 2521 locum
1449 2482 1548 2537 per
1602 2466 1858 2540 angelum

215 2555 658 2621 demonstrante,
693 2558 1017 2613 construxit.
1055 2558 1117 2613 Et
1156 2559 1287 2613 dum
1324 2559 1462 2614 inibi
1507 2575 1705 2631 aquam
1746 2574 1856 2613 non

216 2642 474 2708 haberet,
508 2642 823 2714 impetravit
867 2661 898 2699 a
929 2646 1349 2716 possessoribus
1381 2647 1650 2717 proximae
1682 2646 1856 2713 silvae,

217 2735 437 2809 argenti
496 2736 638 2791 libra
673 2736 823 2805 data,
872 2737 1081 2794 fontem
1115 2739 1432 2810 quemdam,
1483 2738 1704 2794 duobus
1746 2738 1859 2793 fere

220 2827 471 2883 millibus
514 2844 545 2883 a
583 2844 684 2885 suo
711 2830 1050 2886 monasterio
1099 2831 1423 2886 distantem.
1468 2831 1542 2885 Ex
1572 2847 1681 2903 quo
1709 2830 1859 2886 fonte

219 2932 347 2971 mox
397 2916 548 2971 rivus
590 2933 847 2988 egressus
876 2926 1097 2974 secutus
1123 2927 1207 2975 est
1260 2935 1382 2975 eam
1442 2920 1511 2974 ad
1543 2919 1857 2975 coenobium

222 3012 588 3063 remeantem.
614 3006 715 3071 Qui
758 3007 938 3062 adhuc
974 3007 1201 3082 largiter
1224 3008 1481 3075 afﬂuens,
1500 3023 1602 3078 pro
1620 3024 1686 3063 eo
1709 3008 1858 3079 quod

219 3101 568 3156 tantumdem
608 3100 774 3157 fuerit
817 3110 1059 3174 emptus,
1092 3103 1256 3158 Bibra
1292 3104 1581 3159 vocitatur.
1618 3102 1859 3177 Privigni

221 3190 470 3261 denique
490 3190 665 3261 ipsius
682 3191 899 3247 domnae
921 3193 1110 3254 Bertaa,
1136 3192 1488 3265 insurgentes
1502 3201 1694 3247 contra
1711 3208 1856 3258 eam,

223 3281 635 3336 interemerunt
666 3282 832 3337 illam.
859 3282 959 3347 Qui
987 3283 1171 3337 statim
1196 3282 1378 3338 traditi
1405 3283 1616 3337 Satanm
1635 3282 1692 3336 in
1715 3282 1859 3337 inte-
1887 3288 1937 3358 (ς

227 3374 392 3428 ritum
409 3373 615 3440 carnis,
640 3372 709 3427 ab
737 3374 979 3430 humano
1001 3391 1168 3430 sensu
1191 3374 1248 3429 in
1269 3374 1554 3429 beluinam
1582 3374 1858 3429 feritatem

228 3468 448 3534 mutati,
468 3468 777 3524 decessisse
804 3468 923 3539 [ms.
954 3487 1032 3537 η,
1056 3469 1373 3540 defecisse],
1407 3468 1674 3525 feruntur.
1700 3470 1858 3539 Nepti

225 3576 362 3615 vero
388 3561 581 3616 domui
613 3562 921 3627 Guntberti,
957 3563 1184 3618 nomine
1214 3562 1458 3629 Manliae,
1480 3579 1603 3634 quae
1633 3563 1860 3619 sceleris

231 3654 401 3723 hujus
417 3662 794 3710 consentanea
815 3656 1012 3724 fuerat,
1029 3664 1192 3712 noctu
1206 3657 1455 3730 vigilanti
1475 3658 1684 3713 domna
1701 3659 1861 3712 Berta

227 3741 407 3798 fertur
429 3744 780 3815 apparuisse,
800 3745 964 3816 eique
993 3746 1345 3815 praecepisse,
1377 3755 1438 3799 ut
1456 3761 1658 3817 corpus
1670 3745 1859 3802 domui

227 3838 520 3893 Guntberti
549 3838 619 3893 ad
650 3840 799 3895 hunc
828 3839 1008 3895 locum
1042 3839 1274 3895 referrre
1296 3847 1596 3913 satageret,
1619 3857 1683 3896 ac
1707 3841 1863 3909 juxta

229 3946 393 3985 suum
426 3930 592 3985 funus
621 3931 944 3995 collocaret;
977 3932 1170 4003 sicque
1202 3932 1280 3987 illi
1316 3940 1604 4002 peccatum
1628 3932 1865 3988 consciae

234 4024 395 4079 necis
424 4038 539 4079 suae
571 4025 837 4080 Dominus
868 4025 1198 4099 indulgeret.
1234 4026 1363 4091 Qua
1395 4026 1617 4096 signum
1646 4034 1862 4096 petens,

233 4132 347 4189 quo
373 4117 482 4171 sibi
513 4118 800 4173 dimissum
829 4117 882 4172 id
926 4135 1050 4173 esse
1099 4120 1288 4186 sciret,
1320 4118 1529 4174 audivit
1558 4119 1707 4189 quod
1738 4133 1867 4173 mox

236 4212 461 4279 utjussa
480 4212 836 4282 complesset,
856 4228 921 4267 ex
944 4213 1065 4281 ejus
1079 4228 1174 4268 ore
1194 4214 1276 4268 vel
1303 4213 1528 4267 naribus
1551 4219 1869 4283 erumperet

237 4305 487 4379 sanguis.
521 4306 675 4370 Quod
722 4314 775 4360 et
823 4306 1109 4377 impletum
1139 4314 1241 4375 est,
1276 4307 1405 4362 dum
1445 4322 1646 4378 corpus
1676 4306 1865 4361 domui

238 4395 528 4449 Guntberti
575 4395 729 4464 juxta
784 4396 984 4469 pignus
1062 4396 1235 4451 Berta:
1295 4396 1631 4452 reconditur.
1699 4395 1869 4464 Hujus

235 4483 458 4538 domnae
483 4484 656 4538 Bertaa
689 4499 892 4554 corpus
920 4491 1044 4554 post
1075 4491 1296 4539 centum
1327 4485 1547 4540 circiter
1571 4499 1747 4539 annos
1777 4484 1866 4538 in-

230 4584 462 4631 ventum
495 4576 887 4648 estintegrum,
912 4584 965 4632 et
986 4578 1161 4652 plagae
1195 4577 1372 4648 ipsius
1400 4578 1477 4632 ita
1500 4584 1630 4632 tunc
1660 4576 1868 4632 recenti

1878 1913 1931 1982 B

1965 635 2166 689 mando
2198 650 2264 689 eo
2304 632 2431 686 huic
2471 628 2744 695 ecclesiae,
2776 644 2807 682 a
2846 626 3108 681 Formoso
3162 639 3306 696 papa
3347 622 3580 695 privile-

1961 728 2111 802 gium
2146 726 2463 799 apostolica:
2489 722 2639 778 sedis
2665 719 3002 792 impetravit.

2536 854 2743 910 CAPUT
2784 852 3012 907 XLVIII.

2138 952 2213 1005 De
2241 948 2450 1003 duabus
2479 947 2710 1000 ecclesiis
2750 944 2926 998 sancti
2959 941 3172 995 Hilarii
3211 940 3403 994 Remis.

2034 1059 2170 1113 Sunt
2210 1058 2301 1111 hic
2327 1055 2510 1110 Remis
2538 1053 2784 1108 ecclesiae
2816 1051 2938 1106 duae
2962 1050 3018 1104 in
3046 1050 3255 1105 honore
3284 1046 3460 1103 sancti
3488 1046 3583 1100 Hi-

1961 1143 2125 1202 larii:
2175 1163 2285 1200 una
2328 1144 2467 1199 infra
2517 1144 2813 1207 civitatem,
2862 1141 2917 1196 in
2965 1156 3072 1212 qua
3106 1155 3286 1210 nuper
3328 1138 3583 1210 quaedam

1962 1236 2148 1307 puella
2174 1240 2479 1301 contracta,
2520 1239 2573 1286 et
2600 1229 2897 1302 paralytica
2924 1229 3113 1283 divina
3158 1235 3242 1282 est
3267 1233 3449 1281 erecta
3474 1226 3585 1281 vir-

1961 1335 2077 1383 tute
2102 1344 2115 1393 ;
2151 1328 2342 1391 altera,
2375 1340 2497 1397 quae
2523 1331 2605 1378 est
2628 1322 2907 1394 antiquior
2927 1321 3189 1388 ecclesia,
3218 1325 3344 1374 ante
3371 1324 3586 1390 portam

1960 1422 2144 1475 Martis
2181 1420 2303 1486 sita,
2328 1436 2491 1490 quam
2543 1425 2768 1472 sanctus
2794 1414 3121 1488 Rigobertus
3145 1411 3391 1484 pontifex
3429 1420 3588 1466 ante-

1960 1510 2281 1567 cessoribus
2340 1511 2543 1565 nostris
2583 1508 2802 1563 clericis
2862 1508 2926 1561 ad
2960 1505 3293 1576 sepulturam
3340 1504 3585 1574 ipsorum

1960 1601 2134 1655 dedit.
2179 1601 2307 1665 Quae
2339 1599 2571 1663 dudum,
2604 1597 2817 1652 scilicet
2870 1602 2994 1650 ante
3026 1593 3448 1658 discessionem,
3496 1590 3583 1646 vel

1960 1690 2346 1760 expulsionem
2394 1687 2583 1743 domui
2644 1684 2848 1740 Artaldi
2906 1683 3174 1754 episcOpi,
3229 1681 3438 1737 crebris
3467 1681 3590 1735 illu-

1959 1783 2237 1838 strabatur
2292 1782 2594 1836 miraculis.
2643 1780 2798 1835 Unde
2830 1786 2885 1833 et
2937 1787 3071 1832 tunc
3121 1775 3190 1831 ab
3231 1790 3321 1844 eo,
3370 1774 3587 1830 civibus

1959 1890 2181 1947 quoque
2208 1871 2470 1948 suffragia
2494 1871 2825 1937 ferentibus,
2854 1869 3015 1925 tectis
3040 1884 3105 1924 ac
3131 1868 3289 1923 novis
3309 1872 3395 1921 est
3422 1882 3588 1937 repa-

1960 1971 2078 2019 rata
2111 1963 2484 2036 laquearibus.
2519 1961 2651 2016 Nam
2700 1960 2923 2031 quidam
2966 1972 3165 2021 caecus,
3193 1955 3419 2011 nomine
3450 1955 3589 2009 Pau-

1960 2057 2065 2122 lus,
2115 2055 2433 2111 admonitus
2484 2055 2539 2109 in
2572 2054 2803 2120 somnis,
2855 2059 2915 2107 ut
2943 2051 3010 2106 ad
3044 2049 3298 2105 eamdem
3331 2058 3587 2123 pergeret

1959 2145 2273 2212 ecclesiam,
2309 2145 2495 2200 lumen
2540 2143 2616 2197 ibi
2649 2148 2994 2214 recepturus,
3049 2139 3292 2207 advenit,
3325 2147 3381 2194 et
3427 2154 3588 2193 recu-

1959 2244 2154 2305 perato
2185 2233 2418 2300 lumine,
2453 2248 2556 2288 nec
2585 2247 2760 2299 mora,
2818 2230 3014 2285 videns
3051 2228 3326 2284 abcessit.‘
3356 2227 3585 2293 Quidam

1960 2344 2029 2382 ex
2054 2326 2303 2398 episcOpi
2344 2324 2564 2380 famulis
2614 2340 2741 2379 cum
2791 2323 2860 2377 ad
2911 2323 3086 2393 ipsam
3121 2327 3377 2394 pergeret
3405 2319 3587 2398 eccle-

1959 2416 2104 2470 siam
2155 2415 2485 2486 piscatorem
2519 2429 2644 2468 cum
2703 2412 2950 2482 piscibus
2980 2417 3107 2465 ante
3156 2392 3304 2464 fores
3339 2392 3587 2463 ecclesia:

1960 2504 2186 2559 obvium
2216 2504 2443 2568 habuit;
2476 2518 2616 2574 quos
2662 2501 3088 2572 apprehendens
3125 2500 3276 2555 velut
3305 2505 3591 2569 empturus

1960 2596 2206 2651 abstulit.
2261 2598 2324 2650 At
2366 2611 2579 2666 pauper
2622 2594 2715 2648 ille
2753 2593 3011 2665 piscator,
3045 2598 3104 2646 ut
3158 2590 3288 2646 inde
3328 2590 3434 2645 sibi
3463 2605 3587 2644 cum

1962 2692 2153 2740 sancto
2186 2684 2389 2739 Hilario
2429 2683 2772 2749 conveniret,
2816 2681 3173 2736 devotionum
3219 2680 3487 2734 clamores
3512 2679 3591 2733 lu-

1961 2777 2124 2852 gubri
2154 2785 2341 2831 mente
2374 2776 2429 2830 in
2463 2792 2588 2830 eum
2624 2773 2875 2847 ingessit.
2928 2773 2990 2827 At
3020 2772 3112 2827 ille
3142 2770 3458 2843 despiciens
3483 2770 3589 2824 hu-

1955 2869 2268 2938 juscemodi
2289 2884 2474 2935 voces,
2502 2868 2815 2932 ecclesiam,
2841 2865 2999 2937 quasi
3025 2865 3249 2919 missam
3277 2863 3583 2925 auditerus,

1963 2957 2202 3014 intravit.
2229 2957 2332 3012 Ubi
2364 2958 2494 3011 dum
2535 2963 2723 3022 staret,
2758 2955 2942 3010 subito
2973 2954 3198 3021 corruit,
3234 2953 3588 3029 graviterque

1960 3056 2187 3106 vexatus
2215 3050 2452 3118 ejicitur.
2506 3049 2581 3103 De
2614 3064 2722 3118 qua
2759 3047 3050 3101 vexatione
3082 3061 3190 3101 non
3245 3059 3417 3115 parvo
3443 3051 3593 3099 tem-

1960 3158 2093 3213 pore
2124 3141 2409 3197 laboravit.
2444 3140 2507 3195 lu
2540 3141 2702 3211 hujus
2729 3137 2978 3193 ecclesia!
3010 3136 3334 3192 ccemeterio
3357 3134 3584 3206 quidam

1960 3234 2273 3305 Scotigeua,
2308 3213 2403 3287 Dei
2434 3231 2655 3298 Servus,
2685 3229 2816 3284 olim
2839 3228 3107 3299 sepultus.
3133 3227 3241 3281 Sed
3272 3242 3396 3281 cum
3414 3226 3528 3295 jam
3558 3242 3591 3282 a

1961 3326 2167 3381 nostris
2197 3331 2253 3379 et
2304 3340 2528 3391 nomen,
2561 3332 2613 3378 et
2639 3322 2908 3378 memoria
2966 3320 3138 3391 ipsius
3170 3320 3470 3391 sepulturae
3506 3320 3591 3375 vi-

1960 3419 2187 3472 deretur
2216 3416 2448 3483 abolita,
2485 3414 2696 3486 apertis
2753 3430 2875 3469 sese
2908 3414 3078 3484 coepit
3130 3411 3483 3467 manifestare
3507 3411 3594 3466 vi-

1962 3507 2138 3560 sibus.
2173 3506 2304 3559 Nam
2338 3505 2467 3558 dum
2491 3503 2717 3575 quidam
2748 3502 2952 3557 civium
2983 3515 3093 3556 non
3122 3488 3590 3564 dehinfcrioribus,

1962 3596 2060 3650 sed
2094 3610 2304 3665 pauper
2336 3592 2524 3659 rebus,
2549 3591 2681 3646 olim
2714 3589 2919 3645 nostris
2943 3590 3144 3645 diebus
3166 3589 3399 3655 obisset,
3431 3588 3591 3643 amici

1964 3684 2083 3752 ejus
2134 3683 2200 3737 ad
2268 3679 2644 3755 Hildegarium
2700 3679 2864 3748 hujus
2917 3678 3164 3733 ecclesiae
3211 3676 3593 3748 presbyterum

1964 3777 2315 3841 accedentes,
2350 3779 2547 3845 petunt
2575 3771 2644 3826 ab
2691 3786 2757 3827 eo
2787 3778 2848 3825 ut
2906 3770 3086 3826 locum
3128 3770 3236 3824 sibi
3293 3770 3594 3841 sepultura)

1965 3868 2288 3939 impertiret,
2323 3866 2418 3921 ubi
2452 3865 2853 3936 sarcOphagum
2892 3862 3213 3933 reperirent
3240 3861 3294 3915 in
3328 3876 3439 3932 quo
3469 3876 3595 3916 cor-

1967 3976 2075 4031 pus
2131 3959 2305 4030 ipsius
2336 3957 2639 4013 recondere
2676 3961 2922 4026 possent,
2956 3954 3184 4025 quialde
3226 3952 3391 4008 rebus
3420 3953 3596 4024 ipsius

1967 4051 2117 4106 unde
2139 4056 2390 4105 emerent
2418 4064 2529 4104 non
2552 4048 2845 4102 haberent.
2883 4045 2983 4110 Qui
3003 4046 3133 4099 dum
3158 4044 3238 4100 eis
3260 4044 3431 4115 petita
3461 4059 3597 4101 con-

1968 4144 2250 4209 cessisset,
2307 4141 2651 4211 sepulturam
2711 4138 2853 4194 servi
2908 4137 3001 4191 Dei
3062 4144 3439 4208 aperucrunt;
3494 4137 3593 4191 sed

1970 4235 2152 4306 ipsum
2182 4234 2305 4302 ejus
2347 4232 2749 4305 sarc0pbagum
2802 4229 3016 4301 aperire
3048 4228 3435 4300 nequiverunt.
3479 4227 3597 4293 Quo

1969 4327 2180 4393 audito,
2224 4328 2517 4398 presbyter
2565 4324 2818 4388 accessit,
2860 4328 2916 4377 et
2962 4320 3368 4393 coopertorium
3408 4337 3597 4377 sarco-

1970 4419 2136 4494 phagi
2191 4418 2375 4472 levare
2431 4423 2670 4482 tentans,
2719 4413 3119 4486 aliquantulum
3153 4412 3371 4484 aperuit
3407 4414 3597 4485 sepul-

1969 4523 2144 4562 crum.
2191 4508 2261 4561 De
2293 4521 2402 4577 quo
2429 4520 2557 4560 mox
2600 4503 2898 4579 fragrantia
2928 4511 3093 4558 tantae
3119 4501 3406 4558 suavitatis
3433 4518 3590 4558 emao

1970 4599 2136 4665 navit,
2197 4605 2257 4652 ut
2310 4613 2592 4668 nunquam
2637 4613 2696 4650 se
2736 4594 3205 4651 delcctabiliorem
3264 4602 3496 4651 testatus
3525 4595 3595 4651 sit

234 4666 509 4723 efﬂuxere
533 4668 827 4743 sanguine.
853 4685 916 4724 ac
942 4670 987 4723 si
1010 4671 1203 4724 eadem
1232 4670 1366 4725 hora
1387 4669 1593 4725 viventi
1624 4669 1859 4725 fuissent

1973 4686 2216 4741 hausisse
2247 4686 2493 4740 odorem.
2520 4683 3025 4756 lntrospicicnsque
3053 4684 3202 4738 videt
3228 4698 3429 4756 corpus
3456 4685 3595 4742 inte-

234 4760 493 4833 ingestae.
510 4761 587 4814 Ad
605 4761 799 4817 horum
814 4762 1056 4833 denique
1069 4769 1386 4817 sanctorum
1401 4762 1673 4818 honorem
1687 4770 1742 4818 et
1754 4779 1869 4817 me-

234 4851 409 4908 ritum
435 4852 957 4922 demonstrandum,
1012 4856 1184 4910 multa
1214 4856 1565 4926 postmodum
1597 4856 1867 4912 Dominus

232 4941 498 5016 dignatus
519 4947 603 4998 est
630 4944 849 5013 operari
869 4943 1153 5003 miracula.
1181 4960 1301 5015 quae
1324 4959 1491 4999 causa
1512 4945 1864 5019 negligentiae

233 5048 348 5088 non
367 5032 645 5088 habentur
663 5034 920 5105 ascripta.
946 5035 1022 5088 De
1055 5034 1399 5105 quibuslibet
1416 5042 1596 5090 autem
1632 5036 1862 5091 tribula-

231 5123 488 5181 tionibus
520 5124 764 5196 ipsorum
793 5127 1149 5201 congregatio
1166 5127 1861 5199 Dominimisericordiam,

231 5230 336 5285 per
351 5228 546 5269 eorum
566 5214 1022 5271 intercessionem
1046 5217 1294 5287 expetiit,
1314 5216 1751 5272 misericorditer
1766 5218 1864 5272 im-

229 5321 465 5376 pensam
524 5304 631 5359 sibi
665 5307 1102 5362 consolationem
1134 5306 1423 5378 percipere
1463 5308 1679 5362 meruit.
1711 5308 1863 5373 Quie-

229 5393 360 5449 dam
407 5400 676 5465 pneterea
728 5395 929 5450 mulier
977 5395 1046 5451 ab
1099 5396 1267 5451 altare
1316 5397 1480 5465 hujus
1535 5399 1855 5453 monasterii

227 5484 469 5538 linteum
499 5498 680 5553 nuper
710 5483 885 5539 furata
912 5500 1101 5540 secum
1132 5484 1278 5555 ferre
1304 5486 1500 5552 voluit,
1532 5486 1632 5541 sed
1666 5489 1855 5559 egredi

226 5571 528 5627 ecclesiam
578 5572 731 5627 nullo
762 5574 928 5629 modo
974 5575 1173 5644 potuit,
1205 5586 1384 5632 donec
1413 5593 1572 5631 suum
1604 5578 1856 5634 confessa

230 5675 470 5733 reatum,
500 5667 780 5729 sublatum
812 5668 1051 5725 restituit
1078 5669 1234 5725 altari
1285 5673 1487 5728 velum.
1525 5673 1636 5728 Hoc
1667 5690 1860 5730 mona-

227 5757 487 5826 sterium,
541 5757 633 5814 vel
683 5757 964 5813 abbatiam
1013 5761 1251 5815 domnus
1304 5761 1471 5819 Fulco
1529 5764 1728 5833 praesul
1786 5765 1856 5818 ab

227 5852 423 5910 Odone
453 5867 585 5926 rege
614 5852 850 5909 concedi
890 5853 1139 5910 ecclesiae
1169 5854 1428 5912 Remensi
1466 5873 1567 5928 per
1596 5857 1855 5932 paginam

1964 4791 2123 4850 grum
2182 4772 2621 4829 sacerdotalibus
2679 4770 2870 4827 infulis
2908 4772 3249 4840 redimitum,
3307 4787 3593 4847 recompo-

1965 4878 2217 4933 nensque
2239 4862 2479 4934 sepulcri
2506 4861 2728 4932 pallam,
2753 4875 3059 4932 nouausus
3082 4868 3168 4916 est
3189 4861 3331 4916 hanc
3350 4862 3590 4934 amplius

1964 4951 2173 5007 violare
2204 4938 2578 5022 sepulturam;
2604 4949 2854 5022 permisit
2877 4957 3059 5004 tamen
3087 4956 3147 5004 ut
3176 4950 3323 5005 idem
3363 4965 3586 5024 corpus,

1965 5040 2232 5112 depositis
2270 5040 2627 5112 quibusdam,
2677 5046 3152 5110 superponeretur
3197 5039 3421 5097 tabulis.
3465 5041 3590 5114 Ipsa

1965 5142 2128 5188 nocte
2157 5133 2310 5188 visus
2337 5139 2419 5187 est
2451 5132 2503 5186 ei
2523 5131 2830 5187 avunculus
2858 5147 2995 5186 suus
3033 5130 3324 5203 presbyter
3352 5132 3409 5188 in
3440 5150 3589 5191 som-

1964 5221 2071 5287 nis,
2105 5221 2200 5291 qui
2226 5221 2339 5289 jam
2364 5220 2573 5275 dudum
2604 5220 2938 5286 decesserat,
2967 5235 3224 5275 asserens
3248 5222 3397 5293 quod
3427 5224 3589 5281 valde

1961 5308 2285 5364 offendisset
2316 5310 2486 5363 Deum
2511 5309 2783 5379 praeterita
2800 5308 2910 5376 die,
2928 5308 3168 5364 maxime
3197 5310 3243 5364 si
3268 5311 3586 5384 sepulcrum

1959 5403 2133 5455 sancti
2165 5402 2372 5457 violare
2405 5400 2869 5471 praesumpsisset.
2925 5401 3076 5457 Idem
3109 5419 3333 5478 quoque
3390 5405 3588 5463 beatus

1959 5494 2041 5549 vir
2066 5493 2293 5563 quidam
2330 5494 2436 5548 sub
2468 5494 2603 5563 ipsis
2632 5493 2833 5548 diebus
2862 5497 3138 5566 apparuit,
3171 5507 3226 5553 et
3252 5499 3382 5570 quia
3421 5500 3584 5555 valde

1958 5593 2280 5657 gravaretur
2302 5601 2414 5657 pne
2444 5586 2692 5655 pondere
2714 5593 2768 5641 et
2800 5587 3129 5662 indignitate
3155 5591 3458 5662 superjecti
3479 5592 3586 5647 sibi

1958 5674 2244 5729 cadaveris
2266 5674 2560 5741 intimavit,
2586 5685 2642 5731 et
2662 5682 2723 5731 ut
2749 5677 3020 5733 indicaret
3042 5679 3366 5752 presbytero
3386 5679 3583 5749 jussit:

1959 5766 2088 5838 quia
2120 5766 2227 5821 nisi
2260 5767 2367 5823 cito
2398 5783 2600 5839 corpus
2641 5770 2693 5823 id
2742 5769 2886 5842 [ms.,
2910 5773 3044 5844 jam]
3082 5772 3310 5828 fetidum
3340 5787 3372 5826 a
3398 5772 3585 5843 sepul-

1961 5868 2079 5915 tura
2090 5874 2190 5914 sua
2206 5860 2521 5933 repelleret,
2541 5862 2729 5919 divina
2755 5866 3084 5936 quantocius
3104 5866 3311 5921 ultione
3327 5864 3597 5936 plecten-'
