  <div class='ocr_page' id='page_1' title='image "/cluster/home/n/w/nwhite01/storage/ocr_20150623/134-135/uc1.31175013627537/681.png"; bbox 0 0 3912 6424; ppageno 0'>
   <div class='ocr_carea' id='block_1_1' title="bbox 340 424 445 482">
    <p class='ocr_par' dir='ltr' id='par_1_1' title="bbox 340 424 445 482">
     <span class='ocr_line' id='line_1_1' title="bbox 340 424 445 482; baseline -0.019 0"><span class='ocrx_word' id='word_1_1' title='bbox 340 424 445 482; x_wconf 81' lang='lat'>3&#39;23</span> 
     </span>
    </p>
   </div>
   <div class='ocr_carea' id='block_1_2' title="bbox 1457 421 2541 498">
    <p class='ocr_par' dir='ltr' id='par_1_2' title="bbox 1457 421 2541 498">
     <span class='ocr_line' id='line_1_2' title="bbox 1457 421 2541 498; baseline 0.001 -21"><span class='ocrx_word' id='word_1_2' title='bbox 1457 421 1822 478; x_wconf 84' lang='lat' dir='ltr'>FLODOARDI</span> <span class='ocrx_word' id='word_1_3' title='bbox 1866 422 2541 498; x_wconf 58' lang='lat' dir='ltr'>CANONICIIREMENSIS</span> 
     </span>
    </p>
   </div>
   <div class='ocr_carea' id='block_1_3' title="bbox 3577 427 3685 486">
    <p class='ocr_par' dir='ltr' id='par_1_3' title="bbox 3577 427 3685 486">
     <span class='ocr_line' id='line_1_3' title="bbox 3577 427 3685 486; baseline -0.028 0"><span class='ocrx_word' id='word_1_4' title='bbox 3577 427 3685 486; x_wconf 74' lang='grc'>324</span> 
     </span>
    </p>
   </div>
   <div class='ocr_carea' id='block_1_4' title="bbox 340 546 3685 625">
    <p class='ocr_par' dir='ltr' id='par_1_4' title="bbox 340 546 3685 625">
     <span class='ocr_line' id='line_1_4' title="bbox 340 546 3685 625; baseline 0.001 -24"><span class='ocrx_word' id='word_1_5' title='bbox 340 546 445 602; x_wconf 89' lang='lat' dir='ltr'>dus</span> <span class='ocrx_word' id='word_1_6' title='bbox 475 553 638 602; x_wconf 81' lang='lat' dir='ltr'>esset.</span> <span class='ocrx_word' id='word_1_7' title='bbox 671 546 767 601; x_wconf 89' lang='lat' dir='ltr'>llis</span> <span class='ocrx_word' id='word_1_8' title='bbox 796 546 1089 618; x_wconf 80' lang='lat' dir='ltr'>presbyter</span> <span class='ocrx_word' id='word_1_9' title='bbox 1120 547 1593 603; x_wconf 81' lang='lat' dir='ltr'>admonitionibus</span> <span class='ocrx_word' id='word_1_10' title='bbox 1623 549 1960 619; x_wconf 76' lang='lat' dir='ltr'>pavefactus,</span> <span class='ocrx_word' id='word_1_11' title='bbox 1987 557 2040 625; x_wconf 82' lang='grc' dir='ltr'><strong>Α</strong></span> <span class='ocrx_word' id='word_1_12' title='bbox 2065 552 2234 623; x_wconf 81' lang='lat' dir='ltr'>cepit,</span> <span class='ocrx_word' id='word_1_13' title='bbox 2268 551 2588 624; x_wconf 83' lang='lat' dir='ltr'>facturaque</span> <span class='ocrx_word' id='word_1_14' title='bbox 2619 550 2784 606; x_wconf 84' lang='lat' dir='ltr'>fidem</span> <span class='ocrx_word' id='word_1_15' title='bbox 2809 548 2988 617; x_wconf 88' lang='lat' dir='ltr'>dictis,</span> <span class='ocrx_word' id='word_1_16' title='bbox 3021 565 3143 605; x_wconf 92' lang='lat' dir='ltr'>cum</span> <span class='ocrx_word' id='word_1_17' title='bbox 3172 549 3376 605; x_wconf 88' lang='lat' dir='ltr'>marito</span> <span class='ocrx_word' id='word_1_18' title='bbox 3405 549 3474 605; x_wconf 88' lang='lat' dir='ltr'>ad</span> <span class='ocrx_word' id='word_1_19' title='bbox 3500 550 3685 606; x_wconf 89' lang='lat' dir='ltr'>vicum</span> 
     </span>
    </p>
   </div>
   <div class='ocr_carea' id='block_1_5' title="bbox 340 636 1961 708">
    <p class='ocr_par' dir='ltr' id='par_1_5' title="bbox 340 636 1961 708">
     <span class='ocr_line' id='line_1_5' title="bbox 340 636 1961 708; baseline 0 -15"><span class='ocrx_word' id='word_1_20' title='bbox 340 637 576 693; x_wconf 88' lang='lat' dir='ltr'>cadaver</span> <span class='ocrx_word' id='word_1_21' title='bbox 605 636 754 708; x_wconf 89' lang='lat' dir='ltr'>quod</span> <span class='ocrx_word' id='word_1_22' title='bbox 785 636 1084 707; x_wconf 62' lang='lat' dir='ltr'>sepulturae</span> <span class='ocrx_word' id='word_1_23' title='bbox 1121 637 1296 691; x_wconf 88' lang='lat' dir='ltr'>sancti</span> <span class='ocrx_word' id='word_1_24' title='bbox 1326 637 1733 707; x_wconf 90' lang='lat' dir='ltr'>superpositum</span> <span class='ocrx_word' id='word_1_25' title='bbox 1762 638 1961 706; x_wconf 88' lang='lat' dir='ltr'>fuerat,</span> 
     </span>
    </p>
   </div>
   <div class='ocr_carea' id='block_1_6' title="bbox 339 729 1963 802">
    <p class='ocr_par' dir='ltr' id='par_1_6' title="bbox 339 729 1963 802">
     <span class='ocr_line' id='line_1_6' title="bbox 339 729 1963 802; baseline 0.002 -19"><span class='ocrx_word' id='word_1_26' title='bbox 339 729 463 797; x_wconf 91' lang='lat' dir='ltr'>ejici</span> <span class='ocrx_word' id='word_1_27' title='bbox 498 729 627 785; x_wconf 88' lang='lat' dir='ltr'>fecit</span> <span class='ocrx_word' id='word_1_28' title='bbox 649 746 773 785; x_wconf 93' lang='lat' dir='ltr'>cum</span> <span class='ocrx_word' id='word_1_29' title='bbox 806 729 1180 796; x_wconf 89' lang='lat' dir='ltr'>festinatione,</span> <span class='ocrx_word' id='word_1_30' title='bbox 1212 738 1266 783; x_wconf 91' lang='lat' dir='ltr'>et</span> <span class='ocrx_word' id='word_1_31' title='bbox 1296 738 1485 799; x_wconf 91' lang='lat' dir='ltr'>aperta</span> <span class='ocrx_word' id='word_1_32' title='bbox 1516 730 1648 783; x_wconf 87' lang='lat' dir='ltr'>alibi</span> <span class='ocrx_word' id='word_1_33' title='bbox 1675 731 1963 802; x_wconf 85' lang='lat' dir='ltr'>sepultura</span> 
     </span>
    </p>
   </div>
   <div class='ocr_carea' id='block_1_7' title="bbox 340 818 1964 890">
    <p class='ocr_par' dir='ltr' id='par_1_7' title="bbox 340 818 1964 890">
     <span class='ocr_line' id='line_1_7' title="bbox 340 818 1964 890; baseline 0.001 -17"><span class='ocrx_word' id='word_1_34' title='bbox 340 819 670 873; x_wconf 84' lang='lat' dir='ltr'>recondidit.</span> <span class='ocrx_word' id='word_1_35' title='bbox 696 819 855 873; x_wconf 85' lang='lat' dir='ltr'>Visus</span> <span class='ocrx_word' id='word_1_36' title='bbox 876 824 958 872; x_wconf 86' lang='lat' dir='ltr'>est</span> <span class='ocrx_word' id='word_1_37' title='bbox 987 818 1131 872; x_wconf 91' lang='lat' dir='ltr'>idem</span> <span class='ocrx_word' id='word_1_38' title='bbox 1150 825 1375 873; x_wconf 89' lang='lat' dir='ltr'>sanctus</span> <span class='ocrx_word' id='word_1_39' title='bbox 1399 818 1615 873; x_wconf 91' lang='lat' dir='ltr'>Domini</span> <span class='ocrx_word' id='word_1_40' title='bbox 1637 826 1832 890; x_wconf 90' lang='lat' dir='ltr'>postea</span> <span class='ocrx_word' id='word_1_41' title='bbox 1851 821 1964 875; x_wconf 87' lang='lat' dir='ltr'>cui-</span> 
     </span>
    </p>
   </div>
   <div class='ocr_carea' id='block_1_8' title="bbox 342 907 1963 980">
    <p class='ocr_par' dir='ltr' id='par_1_8' title="bbox 342 907 1963 980">
     <span class='ocr_line' id='line_1_8' title="bbox 342 907 1963 980; baseline 0 -17"><span class='ocrx_word' id='word_1_42' title='bbox 342 909 466 963; x_wconf 90' lang='lat' dir='ltr'>dam</span> <span class='ocrx_word' id='word_1_43' title='bbox 499 909 723 974; x_wconf 90' lang='lat' dir='ltr'>rustico,</span> <span class='ocrx_word' id='word_1_44' title='bbox 758 907 1091 979; x_wconf 67' lang='lat' dir='ltr'>prmcipiens</span> <span class='ocrx_word' id='word_1_45' title='bbox 1121 907 1172 962; x_wconf 88' lang='lat' dir='ltr'>ei</span> <span class='ocrx_word' id='word_1_46' title='bbox 1203 915 1264 963; x_wconf 90' lang='lat' dir='ltr'>ut</span> <span class='ocrx_word' id='word_1_47' title='bbox 1294 907 1401 962; x_wconf 89' lang='lat' dir='ltr'>iret</span> <span class='ocrx_word' id='word_1_48' title='bbox 1428 907 1498 962; x_wconf 87' lang='lat' dir='ltr'>ad</span> <span class='ocrx_word' id='word_1_49' title='bbox 1520 909 1842 980; x_wconf 87' lang='lat' dir='ltr'>episcopum</span> <span class='ocrx_word' id='word_1_50' title='bbox 1864 911 1963 963; x_wconf 86' lang='lat' dir='ltr'>Ar-</span> 
     </span>
    </p>
   </div>
   <div class='ocr_carea' id='block_1_9' title="bbox 338 998 1961 1071">
    <p class='ocr_par' dir='ltr' id='par_1_9' title="bbox 338 998 1961 1071">
     <span class='ocr_line' id='line_1_9' title="bbox 338 998 1961 1071; baseline 0 -16"><span class='ocrx_word' id='word_1_51' title='bbox 338 1001 569 1066; x_wconf 89' lang='lat' dir='ltr'>toldum,</span> <span class='ocrx_word' id='word_1_52' title='bbox 591 1000 933 1054; x_wconf 88' lang='lat' dir='ltr'>etindicaret</span> <span class='ocrx_word' id='word_1_53' title='bbox 950 999 999 1053; x_wconf 91' lang='lat' dir='ltr'>ei</span> <span class='ocrx_word' id='word_1_54' title='bbox 1024 1015 1089 1054; x_wconf 91' lang='lat' dir='ltr'>ex</span> <span class='ocrx_word' id='word_1_55' title='bbox 1108 998 1295 1053; x_wconf 86' lang='lat' dir='ltr'>verbis</span> <span class='ocrx_word' id='word_1_56' title='bbox 1319 1000 1462 1068; x_wconf 88' lang='lat' dir='ltr'>ejus,</span> <span class='ocrx_word' id='word_1_57' title='bbox 1482 1007 1542 1054; x_wconf 88' lang='lat' dir='ltr'>ut</span> <span class='ocrx_word' id='word_1_58' title='bbox 1565 1016 1767 1070; x_wconf 90' lang='lat' dir='ltr'>corpus</span> <span class='ocrx_word' id='word_1_59' title='bbox 1787 1000 1961 1071; x_wconf 88' lang='lat' dir='ltr'>ipsius</span> 
     </span>
    </p>
   </div>
   <div class='ocr_carea' id='block_1_10' title="bbox 338 1091 1959 1165">
    <p class='ocr_par' dir='ltr' id='par_1_10' title="bbox 338 1091 1959 1165">
     <span class='ocr_line' id='line_1_10' title="bbox 338 1091 1959 1165; baseline 0 -18"><span class='ocrx_word' id='word_1_60' title='bbox 338 1095 484 1165; x_wconf 90' lang='lat' dir='ltr'>quod</span> <span class='ocrx_word' id='word_1_61' title='bbox 509 1102 660 1148; x_wconf 83' lang='lat' dir='ltr'>extra</span> <span class='ocrx_word' id='word_1_62' title='bbox 688 1092 927 1163; x_wconf 87' lang='lat' dir='ltr'>jacebat,</span> <span class='ocrx_word' id='word_1_63' title='bbox 961 1092 1104 1145; x_wconf 89' lang='lat' dir='ltr'>intra</span> <span class='ocrx_word' id='word_1_64' title='bbox 1127 1091 1414 1145; x_wconf 90' lang='lat' dir='ltr'>ecclesiam</span> <span class='ocrx_word' id='word_1_65' title='bbox 1442 1091 1777 1146; x_wconf 85' lang='lat' dir='ltr'>transferret.</span> <span class='ocrx_word' id='word_1_66' title='bbox 1805 1093 1959 1157; x_wconf 84' lang='lat' dir='ltr'>Quod</span> 
     </span>
    </p>
   </div>
   <div class='ocr_carea' id='block_1_11' title="bbox 340 1183 1955 1255">
    <p class='ocr_par' dir='ltr' id='par_1_11' title="bbox 340 1183 1955 1255">
     <span class='ocr_line' id='line_1_11' title="bbox 340 1183 1955 1255; baseline -0.001 -16"><span class='ocrx_word' id='word_1_67' title='bbox 340 1187 483 1240; x_wconf 88' lang='lat' dir='ltr'>idem</span> <span class='ocrx_word' id='word_1_68' title='bbox 516 1186 752 1240; x_wconf 86' lang='lat' dir='ltr'>rusticus</span> <span class='ocrx_word' id='word_1_69' title='bbox 800 1184 1051 1240; x_wconf 89' lang='lat' dir='ltr'>intimare</span> <span class='ocrx_word' id='word_1_70' title='bbox 1085 1184 1304 1251; x_wconf 89' lang='lat' dir='ltr'>timens,</span> <span class='ocrx_word' id='word_1_71' title='bbox 1344 1183 1586 1255; x_wconf 74' lang='lat' dir='ltr'>neglexit</span> <span class='ocrx_word' id='word_1_72' title='bbox 1616 1185 1955 1238; x_wconf 88' lang='lat' dir='ltr'>mandatum.</span> 
     </span>
    </p>
   </div>
   <div class='ocr_carea' id='block_1_12' title="bbox 337 1272 1961 1350">
    <p class='ocr_par' dir='ltr' id='par_1_12' title="bbox 337 1272 1961 1350">
     <span class='ocr_line' id='line_1_12' title="bbox 337 1272 1961 1350; baseline -0.002 -20"><span class='ocrx_word' id='word_1_73' title='bbox 337 1276 447 1330; x_wconf 89' lang='lat' dir='ltr'>Nec</span> <span class='ocrx_word' id='word_1_74' title='bbox 474 1276 637 1350; x_wconf 87' lang='lat' dir='ltr'>longe</span> <span class='ocrx_word' id='word_1_75' title='bbox 657 1282 782 1346; x_wconf 88' lang='lat' dir='ltr'>post</span> <span class='ocrx_word' id='word_1_76' title='bbox 805 1274 1001 1329; x_wconf 88' lang='lat' dir='ltr'>iterum</span> <span class='ocrx_word' id='word_1_77' title='bbox 1027 1289 1301 1343; x_wconf 88' lang='lat' dir='ltr'>apparens</span> <span class='ocrx_word' id='word_1_78' title='bbox 1321 1272 1626 1347; x_wconf 90' lang='lat' dir='ltr'>evigilanti,</span> <span class='ocrx_word' id='word_1_79' title='bbox 1654 1273 1861 1327; x_wconf 89' lang='lat' dir='ltr'>duriter</span> <span class='ocrx_word' id='word_1_80' title='bbox 1880 1273 1961 1327; x_wconf 92' lang='lat' dir='ltr'>in-</span> 
     </span>
    </p>
   </div>
   <div class='ocr_carea' id='block_1_13' title="bbox 337 1364 1955 1440">
    <p class='ocr_par' dir='ltr' id='par_1_13' title="bbox 337 1364 1955 1440">
     <span class='ocr_line' id='line_1_13' title="bbox 337 1364 1955 1440; baseline -0.004 -16"><span class='ocrx_word' id='word_1_81' title='bbox 337 1370 582 1439; x_wconf 88' lang='lat' dir='ltr'>crepavit</span> <span class='ocrx_word' id='word_1_82' title='bbox 611 1369 784 1432; x_wconf 91' lang='lat' dir='ltr'>illum,</span> <span class='ocrx_word' id='word_1_83' title='bbox 828 1383 999 1440; x_wconf 87' lang='lat' dir='ltr'>quare</span> <span class='ocrx_word' id='word_1_84' title='bbox 1031 1374 1364 1437; x_wconf 75' lang='lat' dir='ltr'>praeceptum</span> <span class='ocrx_word' id='word_1_85' title='bbox 1398 1364 1658 1440; x_wconf 82' lang='lat' dir='ltr'>neglexit,</span> <span class='ocrx_word' id='word_1_86' title='bbox 1692 1375 1745 1420; x_wconf 91' lang='lat' dir='ltr'>et</span> <span class='ocrx_word' id='word_1_87' title='bbox 1776 1365 1955 1421; x_wconf 92' lang='lat' dir='ltr'>corri-</span> 
     </span>
    </p>
   </div>
   <div class='ocr_carea' id='block_1_14' title="bbox 337 1457 1955 1532">
    <p class='ocr_par' dir='ltr' id='par_1_14' title="bbox 337 1457 1955 1532">
     <span class='ocr_line' id='line_1_14' title="bbox 337 1457 1955 1532; baseline -0.003 -17"><span class='ocrx_word' id='word_1_88' title='bbox 337 1462 497 1532; x_wconf 86' lang='lat' dir='ltr'>piens</span> <span class='ocrx_word' id='word_1_89' title='bbox 517 1461 674 1532; x_wconf 89' lang='lat' dir='ltr'>alapa</span> <span class='ocrx_word' id='word_1_90' title='bbox 691 1462 811 1529; x_wconf 90' lang='lat' dir='ltr'>ejus</span> <span class='ocrx_word' id='word_1_91' title='bbox 827 1458 1105 1531; x_wconf 82' lang='lat' dir='ltr'>percussit</span> <span class='ocrx_word' id='word_1_92' title='bbox 1127 1457 1422 1512; x_wconf 85' lang='lat' dir='ltr'>maxillam.</span> <span class='ocrx_word' id='word_1_93' title='bbox 1448 1457 1546 1522; x_wconf 87' lang='lat' dir='ltr'>Qui</span> <span class='ocrx_word' id='word_1_94' title='bbox 1570 1472 1695 1511; x_wconf 92' lang='lat' dir='ltr'>mox</span> <span class='ocrx_word' id='word_1_95' title='bbox 1710 1457 1955 1511; x_wconf 90' lang='lat' dir='ltr'>auditum</span> 
     </span>
    </p>
   </div>
   <div class='ocr_carea' id='block_1_15' title="bbox 337 1546 1957 1621">
    <p class='ocr_par' dir='ltr' id='par_1_15' title="bbox 337 1546 1957 1621">
     <span class='ocr_line' id='line_1_15' title="bbox 337 1546 1957 1621; baseline -0.002 -18"><span class='ocrx_word' id='word_1_96' title='bbox 337 1551 522 1604; x_wconf 88' lang='lat' dir='ltr'>amisit</span> <span class='ocrx_word' id='word_1_97' title='bbox 554 1550 725 1621; x_wconf 91' lang='lat' dir='ltr'>ipsius</span> <span class='ocrx_word' id='word_1_98' title='bbox 755 1549 904 1603; x_wconf 89' lang='lat' dir='ltr'>auris</span> <span class='ocrx_word' id='word_1_99' title='bbox 930 1549 987 1602; x_wconf 93' lang='lat' dir='ltr'>in</span> <span class='ocrx_word' id='word_1_100' title='bbox 1019 1564 1127 1619; x_wconf 90' lang='lat' dir='ltr'>qua</span> <span class='ocrx_word' id='word_1_101' title='bbox 1158 1563 1451 1618; x_wconf 91' lang='lat' dir='ltr'>percussus</span> <span class='ocrx_word' id='word_1_102' title='bbox 1482 1553 1563 1600; x_wconf 89' lang='lat' dir='ltr'>est</span> <span class='ocrx_word' id='word_1_103' title='bbox 1601 1552 1776 1618; x_wconf 88' lang='lat' dir='ltr'>parte,</span> <span class='ocrx_word' id='word_1_104' title='bbox 1806 1546 1957 1616; x_wconf 88' lang='lat' dir='ltr'>capi-</span> 
     </span>
    </p>
   </div>
   <div class='ocr_carea' id='block_1_16' title="bbox 337 1633 1960 1708">
    <p class='ocr_par' dir='ltr' id='par_1_16' title="bbox 337 1633 1960 1708">
     <span class='ocr_line' id='line_1_16' title="bbox 337 1633 1960 1708; baseline -0.002 -17"><span class='ocrx_word' id='word_1_105' title='bbox 337 1638 520 1708; x_wconf 90' lang='lat' dir='ltr'>tisque</span> <span class='ocrx_word' id='word_1_106' title='bbox 555 1638 747 1693; x_wconf 91' lang='lat' dir='ltr'>dolore</span> <span class='ocrx_word' id='word_1_107' title='bbox 781 1654 879 1708; x_wconf 90' lang='lat' dir='ltr'>per</span> <span class='ocrx_word' id='word_1_108' title='bbox 908 1636 1199 1690; x_wconf 91' lang='lat' dir='ltr'>dimidium</span> <span class='ocrx_word' id='word_1_109' title='bbox 1224 1633 1337 1689; x_wconf 89' lang='lat' dir='ltr'>fere</span> <span class='ocrx_word' id='word_1_110' title='bbox 1367 1642 1596 1689; x_wconf 87' lang='lat' dir='ltr'>vexatus</span> <span class='ocrx_word' id='word_1_111' title='bbox 1625 1643 1707 1689; x_wconf 91' lang='lat' dir='ltr'>est</span> <span class='ocrx_word' id='word_1_112' title='bbox 1730 1651 1960 1689; x_wconf 87' lang='lat' dir='ltr'>annum.</span> 
     </span>
    </p>
   </div>
   <div class='ocr_carea' id='block_1_17' title="bbox 334 1727 1960 1800">
    <p class='ocr_par' dir='ltr' id='par_1_17' title="bbox 334 1727 1960 1800">
     <span class='ocr_line' id='line_1_17' title="bbox 334 1727 1960 1800; baseline -0.003 -15"><span class='ocrx_word' id='word_1_113' title='bbox 334 1731 549 1785; x_wconf 90' lang='lat' dir='ltr'>Deinde</span> <span class='ocrx_word' id='word_1_114' title='bbox 605 1730 825 1786; x_wconf 85' lang='lat' dir='ltr'>cuidam</span> <span class='ocrx_word' id='word_1_115' title='bbox 866 1730 1192 1800; x_wconf 80' lang='lat' dir='ltr'>presbytero</span> <span class='ocrx_word' id='word_1_116' title='bbox 1222 1729 1275 1783; x_wconf 90' lang='lat' dir='ltr'>in</span> <span class='ocrx_word' id='word_1_117' title='bbox 1303 1728 1497 1784; x_wconf 88' lang='lat' dir='ltr'>eadem</span> <span class='ocrx_word' id='word_1_118' title='bbox 1550 1728 1805 1794; x_wconf 83' lang='lat' dir='ltr'>ecclesia,</span> <span class='ocrx_word' id='word_1_119' title='bbox 1856 1727 1960 1782; x_wconf 91' lang='lat' dir='ltr'>sub</span> 
     </span>
    </p>
   </div>
   <div class='ocr_carea' id='block_1_18' title="bbox 335 1816 1961 1891">
    <p class='ocr_par' dir='ltr' id='par_1_18' title="bbox 335 1816 1961 1891">
     <span class='ocr_line' id='line_1_18' title="bbox 335 1816 1961 1891; baseline -0.001 -19"><span class='ocrx_word' id='word_1_120' title='bbox 335 1819 621 1891; x_wconf 54' lang='lat' dir='ltr'>praemisso</span> <span class='ocrx_word' id='word_1_121' title='bbox 661 1818 950 1873; x_wconf 87' lang='lat' dir='ltr'>sacerdote</span> <span class='ocrx_word' id='word_1_122' title='bbox 1001 1816 1286 1885; x_wconf 85' lang='lat' dir='ltr'>servienti,</span> <span class='ocrx_word' id='word_1_123' title='bbox 1327 1834 1604 1889; x_wconf 87' lang='lat' dir='ltr'>apparens</span> <span class='ocrx_word' id='word_1_124' title='bbox 1661 1817 1717 1871; x_wconf 91' lang='lat' dir='ltr'>in</span> <span class='ocrx_word' id='word_1_125' title='bbox 1748 1816 1961 1872; x_wconf 80' lang='lat' dir='ltr'>visione</span> 
     </span>
    </p>
   </div>
   <div class='ocr_carea' id='block_1_19' title="bbox 336 1906 1960 1979">
    <p class='ocr_par' dir='ltr' id='par_1_19' title="bbox 336 1906 1960 1979">
     <span class='ocr_line' id='line_1_19' title="bbox 336 1906 1960 1979; baseline 0 -18"><span class='ocrx_word' id='word_1_126' title='bbox 336 1909 576 1979; x_wconf 83' lang='lat' dir='ltr'>quadam</span> <span class='ocrx_word' id='word_1_127' title='bbox 604 1907 891 1964; x_wconf 90' lang='lat' dir='ltr'>Dominica</span> <span class='ocrx_word' id='word_1_128' title='bbox 925 1915 1107 1972; x_wconf 90' lang='lat' dir='ltr'>nocte,</span> <span class='ocrx_word' id='word_1_129' title='bbox 1138 1907 1593 1975; x_wconf 88' lang='lat' dir='ltr'>admonuiteum,</span> <span class='ocrx_word' id='word_1_130' title='bbox 1622 1906 1960 1977; x_wconf 89' lang='lat' dir='ltr'>utepiscopo</span> 
     </span>
    </p>
   </div>
   <div class='ocr_carea' id='block_1_20' title="bbox 332 1995 1959 2068">
    <p class='ocr_par' dir='ltr' id='par_1_20' title="bbox 332 1995 1959 2068">
     <span class='ocr_line' id='line_1_20' title="bbox 332 1995 1959 2068; baseline -0.001 -18"><span class='ocrx_word' id='word_1_131' title='bbox 332 1996 623 2064; x_wconf 90' lang='lat' dir='ltr'>indicaret,</span> <span class='ocrx_word' id='word_1_132' title='bbox 657 2006 933 2068; x_wconf 89' lang='lat' dir='ltr'>quatenus</span> <span class='ocrx_word' id='word_1_133' title='bbox 965 2012 1168 2068; x_wconf 89' lang='lat' dir='ltr'>corpus</span> <span class='ocrx_word' id='word_1_134' title='bbox 1195 1997 1370 2068; x_wconf 89' lang='lat' dir='ltr'>ipsius</span> <span class='ocrx_word' id='word_1_135' title='bbox 1409 1996 1463 2050; x_wconf 91' lang='lat' dir='ltr'>in</span> <span class='ocrx_word' id='word_1_136' title='bbox 1506 1995 1823 2066; x_wconf 68' lang='lat' dir='ltr'>praedictam</span> <span class='ocrx_word' id='word_1_137' title='bbox 1864 2009 1959 2048; x_wconf 88' lang='lat' dir='ltr'>ec-</span> 
     </span>
    </p>
   </div>
   <div class='ocr_carea' id='block_1_21' title="bbox 336 2087 1957 2161">
    <p class='ocr_par' dir='ltr' id='par_1_21' title="bbox 336 2087 1957 2161">
     <span class='ocr_line' id='line_1_21' title="bbox 336 2087 1957 2161; baseline -0.002 -18"><span class='ocrx_word' id='word_1_138' title='bbox 336 2088 565 2144; x_wconf 89' lang='lat' dir='ltr'>clesiam</span> <span class='ocrx_word' id='word_1_139' title='bbox 597 2089 959 2157; x_wconf 85' lang='lat' dir='ltr'>transferret;</span> <span class='ocrx_word' id='word_1_140' title='bbox 1018 2089 1199 2144; x_wconf 90' lang='lat' dir='ltr'>locum</span> <span class='ocrx_word' id='word_1_141' title='bbox 1233 2104 1453 2161; x_wconf 87' lang='lat' dir='ltr'>quoque</span> <span class='ocrx_word' id='word_1_142' title='bbox 1508 2087 1605 2141; x_wconf 91' lang='lat' dir='ltr'>ubi</span> <span class='ocrx_word' id='word_1_143' title='bbox 1638 2087 1957 2158; x_wconf 88' lang='lat' dir='ltr'>ponendum</span> 
     </span>
    </p>
   </div>
   <div class='ocr_carea' id='block_1_22' title="bbox 334 2178 1959 2248">
    <p class='ocr_par' dir='ltr' id='par_1_22' title="bbox 334 2178 1959 2248">
     <span class='ocr_line' id='line_1_22' title="bbox 334 2178 1959 2248; baseline 0 -14"><span class='ocrx_word' id='word_1_144' title='bbox 334 2178 478 2235; x_wconf 92' lang='lat' dir='ltr'>foret</span> <span class='ocrx_word' id='word_1_145' title='bbox 508 2182 805 2236; x_wconf 87' lang='lat' dir='ltr'>ostendere</span> <span class='ocrx_word' id='word_1_146' title='bbox 847 2197 962 2236; x_wconf 91' lang='lat' dir='ltr'>non</span> <span class='ocrx_word' id='word_1_147' title='bbox 993 2181 1197 2248; x_wconf 90' lang='lat' dir='ltr'>omisit,</span> <span class='ocrx_word' id='word_1_148' title='bbox 1228 2181 1491 2236; x_wconf 89' lang='lat' dir='ltr'>intimans</span> <span class='ocrx_word' id='word_1_149' title='bbox 1523 2180 1572 2235; x_wconf 90' lang='lat' dir='ltr'>ei</span> <span class='ocrx_word' id='word_1_150' title='bbox 1617 2179 1853 2246; x_wconf 90' lang='lat' dir='ltr'>obitum,</span> <span class='ocrx_word' id='word_1_151' title='bbox 1904 2187 1959 2234; x_wconf 92' lang='lat' dir='ltr'>et</span> 
     </span>
    </p>
   </div>
   <div class='ocr_carea' id='block_1_23' title="bbox 332 2271 1961 2348">
    <p class='ocr_par' dir='ltr' id='par_1_23' title="bbox 332 2271 1961 2348">
     <span class='ocr_line' id='line_1_23' title="bbox 332 2271 1961 2348; baseline 0 -21"><span class='ocrx_word' id='word_1_152' title='bbox 332 2288 555 2327; x_wconf 87' lang='lat' dir='ltr'>causam</span> <span class='ocrx_word' id='word_1_153' title='bbox 587 2272 796 2341; x_wconf 90' lang='lat' dir='ltr'>obitus,</span> <span class='ocrx_word' id='word_1_154' title='bbox 824 2274 911 2328; x_wconf 86' lang='lat' dir='ltr'>vel</span> <span class='ocrx_word' id='word_1_155' title='bbox 943 2274 1213 2329; x_wconf 84' lang='lat' dir='ltr'>adventus</span> <span class='ocrx_word' id='word_1_156' title='bbox 1249 2274 1355 2341; x_wconf 87' lang='lat' dir='ltr'>sui,</span> <span class='ocrx_word' id='word_1_157' title='bbox 1397 2271 1717 2348; x_wconf 87' lang='lat' dir='ltr'>significans</span> <span class='ocrx_word' id='word_1_158' title='bbox 1747 2288 1806 2326; x_wconf 91' lang='lat' dir='ltr'>se</span> <span class='ocrx_word' id='word_1_159' title='bbox 1828 2272 1961 2327; x_wconf 91' lang='lat' dir='ltr'>Sco-</span> 
     </span>
    </p>
   </div>
   <div class='ocr_carea' id='block_1_24' title="bbox 331 2359 1960 2436">
    <p class='ocr_par' dir='ltr' id='par_1_24' title="bbox 331 2359 1960 2436">
     <span class='ocr_line' id='line_1_24' title="bbox 331 2359 1960 2436; baseline 0.001 -22"><span class='ocrx_word' id='word_1_160' title='bbox 331 2360 575 2434; x_wconf 85' lang='lat' dir='ltr'>tigenam</span> <span class='ocrx_word' id='word_1_161' title='bbox 610 2359 802 2427; x_wconf 89' lang='lat' dir='ltr'>fuisse,</span> <span class='ocrx_word' id='word_1_162' title='bbox 840 2361 1178 2433; x_wconf 85' lang='lat' dir='ltr'>Romamque</span> <span class='ocrx_word' id='word_1_163' title='bbox 1209 2362 1478 2418; x_wconf 89' lang='lat' dir='ltr'>orationis</span> <span class='ocrx_word' id='word_1_164' title='bbox 1510 2361 1684 2436; x_wconf 87' lang='lat' dir='ltr'>gratia</span> <span class='ocrx_word' id='word_1_165' title='bbox 1713 2377 1837 2416; x_wconf 91' lang='lat' dir='ltr'>cum</span> <span class='ocrx_word' id='word_1_166' title='bbox 1868 2374 1960 2415; x_wconf 91' lang='lat' dir='ltr'>so-</span> 
     </span>
    </p>
   </div>
   <div class='ocr_carea' id='block_1_25' title="bbox 331 2452 1962 2526">
    <p class='ocr_par' dir='ltr' id='par_1_25' title="bbox 331 2452 1962 2526">
     <span class='ocr_line' id='line_1_25' title="bbox 331 2452 1962 2526; baseline 0.001 -21"><span class='ocrx_word' id='word_1_167' title='bbox 331 2452 432 2506; x_wconf 90' lang='lat' dir='ltr'>ciis</span> <span class='ocrx_word' id='word_1_168' title='bbox 462 2452 693 2523; x_wconf 89' lang='lat' dir='ltr'>petendi</span> <span class='ocrx_word' id='word_1_169' title='bbox 725 2454 925 2509; x_wconf 88' lang='lat' dir='ltr'>itinere</span> <span class='ocrx_word' id='word_1_170' title='bbox 985 2463 1335 2526; x_wconf 87' lang='lat' dir='ltr'>occupatum,</span> <span class='ocrx_word' id='word_1_171' title='bbox 1380 2471 1410 2508; x_wconf 92' lang='lat' dir='ltr'>a</span> <span class='ocrx_word' id='word_1_172' title='bbox 1449 2453 1757 2508; x_wconf 89' lang='lat' dir='ltr'>latronibus</span> <span class='ocrx_word' id='word_1_173' title='bbox 1794 2469 1962 2524; x_wconf 90' lang='lat' dir='ltr'>super</span> 
     </span>
    </p>
   </div>
   <div class='ocr_carea' id='block_1_26' title="bbox 329 2543 1960 2618">
    <p class='ocr_par' dir='ltr' id='par_1_26' title="bbox 329 2543 1960 2618">
     <span class='ocr_line' id='line_1_26' title="bbox 329 2543 1960 2618; baseline 0.001 -21"><span class='ocrx_word' id='word_1_174' title='bbox 329 2543 572 2599; x_wconf 83' lang='lat' dir='ltr'>Axonam</span> <span class='ocrx_word' id='word_1_175' title='bbox 603 2543 831 2601; x_wconf 82' lang='lat' dir='ltr'>ﬂuvium</span> <span class='ocrx_word' id='word_1_176' title='bbox 876 2545 1048 2601; x_wconf 90' lang='lat' dir='ltr'>fuisse</span> <span class='ocrx_word' id='word_1_177' title='bbox 1081 2555 1455 2618; x_wconf 89' lang='lat' dir='ltr'>peremptum,</span> <span class='ocrx_word' id='word_1_178' title='bbox 1489 2547 1733 2617; x_wconf 80' lang='lat' dir='ltr'>indeque</span> <span class='ocrx_word' id='word_1_179' title='bbox 1758 2562 1960 2616; x_wconf 87' lang='lat' dir='ltr'>corpus</span> 
     </span>
    </p>
   </div>
   <div class='ocr_carea' id='block_1_27' title="bbox 329 2634 1959 2706">
    <p class='ocr_par' dir='ltr' id='par_1_27' title="bbox 329 2634 1959 2706">
     <span class='ocr_line' id='line_1_27' title="bbox 329 2634 1959 2706; baseline 0.001 -20"><span class='ocrx_word' id='word_1_180' title='bbox 329 2647 488 2687; x_wconf 91' lang='lat' dir='ltr'>suum</span> <span class='ocrx_word' id='word_1_181' title='bbox 512 2650 543 2688; x_wconf 90' lang='lat' dir='ltr'>a</span> <span class='ocrx_word' id='word_1_182' title='bbox 572 2634 741 2689; x_wconf 89' lang='lat' dir='ltr'>sociis</span> <span class='ocrx_word' id='word_1_183' title='bbox 772 2635 879 2689; x_wconf 92' lang='lat' dir='ltr'>huc</span> <span class='ocrx_word' id='word_1_184' title='bbox 896 2635 1163 2702; x_wconf 90' lang='lat' dir='ltr'>delatum,</span> <span class='ocrx_word' id='word_1_185' title='bbox 1188 2634 1379 2706; x_wconf 88' lang='lat' dir='ltr'>ibique</span> <span class='ocrx_word' id='word_1_186' title='bbox 1410 2635 1684 2705; x_wconf 89' lang='lat' dir='ltr'>sepultum</span> <span class='ocrx_word' id='word_1_187' title='bbox 1714 2652 1728 2701; x_wconf 94' lang='lat'><strong>;</strong></span> <span class='ocrx_word' id='word_1_188' title='bbox 1757 2650 1959 2705; x_wconf 85' lang='lat' dir='ltr'>prepa-</span> 
     </span>
    </p>
   </div>
   <div class='ocr_carea' id='block_1_28' title="bbox 330 2723 1960 2797">
    <p class='ocr_par' dir='ltr' id='par_1_28' title="bbox 330 2723 1960 2797">
     <span class='ocr_line' id='line_1_28' title="bbox 330 2723 1960 2797; baseline 0.001 -19"><span class='ocrx_word' id='word_1_189' title='bbox 330 2723 452 2779; x_wconf 90' lang='lat' dir='ltr'>lans</span> <span class='ocrx_word' id='word_1_190' title='bbox 474 2724 639 2779; x_wconf 91' lang='lat' dir='ltr'>etiam</span> <span class='ocrx_word' id='word_1_191' title='bbox 669 2740 871 2780; x_wconf 89' lang='lat' dir='ltr'>nomen</span> <span class='ocrx_word' id='word_1_192' title='bbox 895 2743 1081 2792; x_wconf 91' lang='lat' dir='ltr'>suum,</span> <span class='ocrx_word' id='word_1_193' title='bbox 1115 2727 1263 2797; x_wconf 90' lang='lat' dir='ltr'>quod</span> <span class='ocrx_word' id='word_1_194' title='bbox 1295 2736 1584 2781; x_wconf 86' lang='lat' dir='ltr'>vocaretur</span> <span class='ocrx_word' id='word_1_195' title='bbox 1605 2725 1960 2781; x_wconf 85' lang='lat' dir='ltr'>Morolilanus</span> 
     </span>
    </p>
   </div>
   <div class='ocr_carea' id='block_1_29' title="bbox 335 2814 1959 2888">
    <p class='ocr_par' dir='ltr' id='par_1_29' title="bbox 335 2814 1959 2888">
     <span class='ocr_line' id='line_1_29' title="bbox 335 2814 1959 2888; baseline 0.002 -19"><span class='ocrx_word' id='word_1_196' title='bbox 335 2814 473 2885; x_wconf 78' lang='lat' dir='ltr'>[sciL</span> <span class='ocrx_word' id='word_1_197' title='bbox 507 2816 1111 2888; x_wconf 82' lang='lat' dir='ltr'>Merolianus],jubens</span> <span class='ocrx_word' id='word_1_198' title='bbox 1138 2826 1196 2871; x_wconf 92' lang='lat' dir='ltr'>ut</span> <span class='ocrx_word' id='word_1_199' title='bbox 1220 2817 1274 2871; x_wconf 90' lang='lat' dir='ltr'>id</span> <span class='ocrx_word' id='word_1_200' title='bbox 1306 2834 1532 2885; x_wconf 89' lang='lat' dir='ltr'>nomen,</span> <span class='ocrx_word' id='word_1_201' title='bbox 1567 2834 1636 2872; x_wconf 91' lang='lat' dir='ltr'>ne</span> <span class='ocrx_word' id='word_1_202' title='bbox 1669 2818 1806 2871; x_wconf 89' lang='lat' dir='ltr'>forte</span> <span class='ocrx_word' id='word_1_203' title='bbox 1837 2834 1959 2872; x_wconf 87' lang='lat' dir='ltr'>me-</span> 
     </span>
    </p>
   </div>
   <div class='ocr_carea' id='block_1_30' title="bbox 329 2908 1957 2980">
    <p class='ocr_par' dir='ltr' id='par_1_30' title="bbox 329 2908 1957 2980">
     <span class='ocr_line' id='line_1_30' title="bbox 329 2908 1957 2980; baseline 0.002 -19"><span class='ocrx_word' id='word_1_204' title='bbox 329 2908 506 2962; x_wconf 91' lang='lat' dir='ltr'>moria</span> <span class='ocrx_word' id='word_1_205' title='bbox 561 2908 937 2976; x_wconf 86' lang='lat' dir='ltr'>delaberetur,</span> <span class='ocrx_word' id='word_1_206' title='bbox 970 2910 1248 2964; x_wconf 86' lang='lat' dir='ltr'>ascribere</span> <span class='ocrx_word' id='word_1_207' title='bbox 1291 2918 1531 2978; x_wconf 85' lang='lat' dir='ltr'>curaret,</span> <span class='ocrx_word' id='word_1_208' title='bbox 1573 2909 1957 2980; x_wconf 90' lang='lat' dir='ltr'>inclinansque</span> 
     </span>
    </p>
   </div>
   <div class='ocr_carea' id='block_1_31' title="bbox 330 3000 1961 3073">
    <p class='ocr_par' dir='ltr' id='par_1_31' title="bbox 330 3000 1961 3073">
     <span class='ocr_line' id='line_1_31' title="bbox 330 3000 1961 3073; baseline 0.003 -23"><span class='ocrx_word' id='word_1_209' title='bbox 330 3013 392 3051; x_wconf 91' lang='lat' dir='ltr'>se</span> <span class='ocrx_word' id='word_1_210' title='bbox 432 3008 758 3071; x_wconf 87' lang='lat' dir='ltr'>partemque</span> <span class='ocrx_word' id='word_1_211' title='bbox 817 3008 1003 3066; x_wconf 65' lang='lat' dir='ltr'>cretae,</span> <span class='ocrx_word' id='word_1_212' title='bbox 1046 3018 1167 3073; x_wconf 64' lang='lat' dir='ltr'>quin</span> <span class='ocrx_word' id='word_1_213' title='bbox 1212 3000 1701 3069; x_wconf 89' lang='lat' dir='ltr'>fortuitujacebat,</span> <span class='ocrx_word' id='word_1_214' title='bbox 1757 3017 1961 3072; x_wconf 89' lang='lat' dir='ltr'>apprc-</span> 
     </span>
    </p>
   </div>
   <div class='ocr_carea' id='block_1_32' title="bbox 328 3088 1959 3161">
    <p class='ocr_par' dir='ltr' id='par_1_32' title="bbox 328 3088 1959 3161">
     <span class='ocr_line' id='line_1_32' title="bbox 328 3088 1959 3161; baseline 0.003 -21"><span class='ocrx_word' id='word_1_215' title='bbox 328 3088 582 3142; x_wconf 87' lang='lat' dir='ltr'>hendens</span> <span class='ocrx_word' id='word_1_216' title='bbox 602 3088 757 3144; x_wconf 87' lang='lat' dir='ltr'>dedit</span> <span class='ocrx_word' id='word_1_217' title='bbox 784 3089 855 3152; x_wconf 89' lang='lat' dir='ltr'>ei,</span> <span class='ocrx_word' id='word_1_218' title='bbox 883 3090 1216 3161; x_wconf 65' lang='lat' dir='ltr'>praecipiens</span> <span class='ocrx_word' id='word_1_219' title='bbox 1239 3096 1298 3145; x_wconf 91' lang='lat' dir='ltr'>ut</span> <span class='ocrx_word' id='word_1_220' title='bbox 1327 3090 1458 3144; x_wconf 90' lang='lat' dir='ltr'>illud</span> <span class='ocrx_word' id='word_1_221' title='bbox 1489 3090 1755 3145; x_wconf 91' lang='lat' dir='ltr'>continuo</span> <span class='ocrx_word' id='word_1_222' title='bbox 1781 3090 1959 3145; x_wconf 85' lang='lat' dir='ltr'>adno-</span> 
     </span>
    </p>
   </div>
   <div class='ocr_carea' id='block_1_33' title="bbox 327 3178 1956 3251">
    <p class='ocr_par' dir='ltr' id='par_1_33' title="bbox 327 3178 1956 3251">
     <span class='ocr_line' id='line_1_33' title="bbox 327 3178 1956 3251; baseline 0.001 -18"><span class='ocrx_word' id='word_1_223' title='bbox 327 3184 466 3233; x_wconf 91' lang='lat' dir='ltr'>taret</span> <span class='ocrx_word' id='word_1_224' title='bbox 494 3178 548 3232; x_wconf 92' lang='lat' dir='ltr'>in</span> <span class='ocrx_word' id='word_1_225' title='bbox 580 3195 705 3234; x_wconf 91' lang='lat' dir='ltr'>arca</span> <span class='ocrx_word' id='word_1_226' title='bbox 752 3196 874 3251; x_wconf 61' lang='lat' dir='ltr'>qum</span> <span class='ocrx_word' id='word_1_227' title='bbox 906 3180 1048 3236; x_wconf 89' lang='lat' dir='ltr'>lecto</span> <span class='ocrx_word' id='word_1_228' title='bbox 1078 3179 1251 3251; x_wconf 90' lang='lat' dir='ltr'>ipsius</span> <span class='ocrx_word' id='word_1_229' title='bbox 1290 3179 1624 3234; x_wconf 77' lang='lat' dir='ltr'>adhaerebat.</span> <span class='ocrx_word' id='word_1_230' title='bbox 1661 3180 1828 3245; x_wconf 87' lang='lat' dir='ltr'>Quam</span> <span class='ocrx_word' id='word_1_231' title='bbox 1863 3179 1956 3234; x_wconf 89' lang='lat' dir='ltr'>ille</span> 
     </span>
    </p>
   </div>
   <div class='ocr_carea' id='block_1_34' title="bbox 2064 641 3684 715">
    <p class='ocr_par' dir='ltr' id='par_1_34' title="bbox 2064 641 3684 715">
     <span class='ocr_line' id='line_1_34' title="bbox 2064 641 3684 715; baseline -0.002 -17"><span class='ocrx_word' id='word_1_232' title='bbox 2064 644 2335 715; x_wconf 86' lang='lat' dir='ltr'>pervenit,</span> <span class='ocrx_word' id='word_1_233' title='bbox 2367 651 2423 698; x_wconf 86' lang='lat' dir='ltr'>et</span> <span class='ocrx_word' id='word_1_234' title='bbox 2455 644 2592 697; x_wconf 90' lang='lat' dir='ltr'>dans</span> <span class='ocrx_word' id='word_1_235' title='bbox 2612 658 2782 713; x_wconf 87' lang='lat' dir='ltr'>super</span> <span class='ocrx_word' id='word_1_236' title='bbox 2808 642 3171 712; x_wconf 88' lang='lat' dir='ltr'>quarumdam</span> <span class='ocrx_word' id='word_1_237' title='bbox 3200 641 3560 696; x_wconf 88' lang='lat' dir='ltr'>ecclesiarum</span> <span class='ocrx_word' id='word_1_238' title='bbox 3593 642 3684 696; x_wconf 85' lang='lat' dir='ltr'>al-</span> 
     </span>
    </p>
   </div>
   <div class='ocr_carea' id='block_1_35' title="bbox 2063 730 3682 801">
    <p class='ocr_par' dir='ltr' id='par_1_35' title="bbox 2063 730 3682 801">
     <span class='ocr_line' id='line_1_35' title="bbox 2063 730 3682 801; baseline 0 -15"><span class='ocrx_word' id='word_1_239' title='bbox 2063 732 2200 786; x_wconf 89' lang='lat' dir='ltr'>taria</span> <span class='ocrx_word' id='word_1_240' title='bbox 2224 732 2634 801; x_wconf 84' lang='lat' dir='ltr'>jusjurandum,</span> <span class='ocrx_word' id='word_1_241' title='bbox 2662 731 2885 785; x_wconf 91' lang='lat' dir='ltr'>tandem</span> <span class='ocrx_word' id='word_1_242' title='bbox 2915 730 3169 801; x_wconf 88' lang='lat' dir='ltr'>pervenit</span> <span class='ocrx_word' id='word_1_243' title='bbox 3210 730 3279 785; x_wconf 90' lang='lat' dir='ltr'>ad</span> <span class='ocrx_word' id='word_1_244' title='bbox 3311 731 3476 799; x_wconf 84' lang='lat' dir='ltr'>hujus</span> <span class='ocrx_word' id='word_1_245' title='bbox 3504 731 3682 786; x_wconf 89' lang='lat' dir='ltr'>eccle-</span> 
     </span>
    </p>
   </div>
   <div class='ocr_carea' id='block_1_36' title="bbox 2062 820 3684 891">
    <p class='ocr_par' dir='ltr' id='par_1_36' title="bbox 2062 820 3684 891">
     <span class='ocr_line' id='line_1_36' title="bbox 2062 820 3684 891; baseline -0.001 -14"><span class='ocrx_word' id='word_1_246' title='bbox 2062 824 2156 877; x_wconf 74' lang='lat' dir='ltr'>siae</span> <span class='ocrx_word' id='word_1_247' title='bbox 2187 824 2437 891; x_wconf 91' lang='lat' dir='ltr'>domum,</span> <span class='ocrx_word' id='word_1_248' title='bbox 2483 823 2758 879; x_wconf 89' lang='lat' dir='ltr'>accedens</span> <span class='ocrx_word' id='word_1_249' title='bbox 2801 823 2869 877; x_wconf 89' lang='lat' dir='ltr'>ad</span> <span class='ocrx_word' id='word_1_250' title='bbox 2906 823 3097 890; x_wconf 90' lang='lat' dir='ltr'>altare,</span> <span class='ocrx_word' id='word_1_251' title='bbox 3152 822 3283 877; x_wconf 89' lang='lat' dir='ltr'>dum</span> <span class='ocrx_word' id='word_1_252' title='bbox 3324 820 3460 877; x_wconf 88' lang='lat' dir='ltr'>falsa</span> <span class='ocrx_word' id='word_1_253' title='bbox 3498 832 3684 877; x_wconf 89' lang='lat' dir='ltr'>mente</span> 
     </span>
    </p>
   </div>
   <div class='ocr_carea' id='block_1_37' title="bbox 2062 910 3686 983">
    <p class='ocr_par' dir='ltr' id='par_1_37' title="bbox 2062 910 3686 983">
     <span class='ocr_line' id='line_1_37' title="bbox 2062 910 3686 983; baseline -0.001 -17"><span class='ocrx_word' id='word_1_254' title='bbox 2062 911 2273 979; x_wconf 90' lang='lat' dir='ltr'>dejerat</span> <span class='ocrx_word' id='word_1_255' title='bbox 2302 911 2573 983; x_wconf 89' lang='lat' dir='ltr'>improba,</span> <span class='ocrx_word' id='word_1_256' title='bbox 2605 917 2835 982; x_wconf 90' lang='lat' dir='ltr'>repente</span> <span class='ocrx_word' id='word_1_257' title='bbox 2873 918 3030 966; x_wconf 89' lang='lat' dir='ltr'>utero</span> <span class='ocrx_word' id='word_1_258' title='bbox 3061 910 3313 982; x_wconf 90' lang='lat' dir='ltr'>disrupto</span> <span class='ocrx_word' id='word_1_259' title='bbox 3343 911 3469 980; x_wconf 92' lang='lat' dir='ltr'>ojus</span> <span class='ocrx_word' id='word_1_260' title='bbox 3489 910 3686 967; x_wconf 84' lang='lat' dir='ltr'>labun-</span> 
     </span>
    </p>
   </div>
   <div class='ocr_carea' id='block_1_38' title="bbox 2061 999 3685 1071">
    <p class='ocr_par' dir='ltr' id='par_1_38' title="bbox 2061 999 3685 1071">
     <span class='ocr_line' id='line_1_38' title="bbox 2061 999 3685 1071; baseline 0 -17"><span class='ocrx_word' id='word_1_261' title='bbox 2061 1000 2151 1055; x_wconf 91' lang='lat' dir='ltr'>iur</span> <span class='ocrx_word' id='word_1_262' title='bbox 2182 1001 2349 1057; x_wconf 90' lang='lat' dir='ltr'>humo</span> <span class='ocrx_word' id='word_1_263' title='bbox 2406 1002 2677 1068; x_wconf 88' lang='lat' dir='ltr'>intranea,</span> <span class='ocrx_word' id='word_1_264' title='bbox 2717 999 3124 1071; x_wconf 89' lang='lat' dir='ltr'>procidensque</span> <span class='ocrx_word' id='word_1_265' title='bbox 3171 1006 3392 1056; x_wconf 90' lang='lat' dir='ltr'>mortua</span> <span class='ocrx_word' id='word_1_266' title='bbox 3441 1000 3685 1056; x_wconf 87' lang='lat' dir='ltr'>ostendit</span> 
     </span>
    </p>
   </div>
   <div class='ocr_carea' id='block_1_39' title="bbox 2062 1092 3679 1165">
    <p class='ocr_par' dir='ltr' id='par_1_39' title="bbox 2062 1092 3679 1165">
     <span class='ocr_line' id='line_1_39' title="bbox 2062 1092 3679 1165; baseline 0 -17"><span class='ocrx_word' id='word_1_267' title='bbox 2062 1110 2227 1165; x_wconf 90' lang='lat' dir='ltr'>quam</span> <span class='ocrx_word' id='word_1_268' title='bbox 2257 1110 2387 1148; x_wconf 89' lang='lat' dir='ltr'>vera</span> <span class='ocrx_word' id='word_1_269' title='bbox 2416 1101 2602 1148; x_wconf 87' lang='lat' dir='ltr'>essent</span> <span class='ocrx_word' id='word_1_270' title='bbox 2625 1110 2746 1165; x_wconf 55' lang='lat' dir='ltr'>qum</span> <span class='ocrx_word' id='word_1_271' title='bbox 2768 1094 2837 1148; x_wconf 90' lang='lat' dir='ltr'>de</span> <span class='ocrx_word' id='word_1_272' title='bbox 2859 1109 2919 1148; x_wconf 91' lang='lat' dir='ltr'>se</span> <span class='ocrx_word' id='word_1_273' title='bbox 2949 1093 3146 1148; x_wconf 91' lang='lat' dir='ltr'>marito</span> <span class='ocrx_word' id='word_1_274' title='bbox 3170 1092 3383 1148; x_wconf 88' lang='lat' dir='ltr'>fuerant</span> <span class='ocrx_word' id='word_1_275' title='bbox 3409 1093 3679 1148; x_wconf 78' lang='lat' dir='ltr'>intimate.</span> 
     </span>
    </p>
   </div>
   <div class='ocr_carea' id='block_1_40' title="bbox 2063 1185 3684 1256">
    <p class='ocr_par' dir='ltr' id='par_1_40' title="bbox 2063 1185 3684 1256">
     <span class='ocr_line' id='line_1_40' title="bbox 2063 1185 3684 1256; baseline 0.001 -17"><span class='ocrx_word' id='word_1_276' title='bbox 2063 1186 2158 1240; x_wconf 88' lang='lat' dir='ltr'>llle</span> <span class='ocrx_word' id='word_1_277' title='bbox 2191 1192 2324 1241; x_wconf 91' lang='lat' dir='ltr'>nutu</span> <span class='ocrx_word' id='word_1_278' title='bbox 2354 1186 2449 1240; x_wconf 93' lang='lat' dir='ltr'>Dei</span> <span class='ocrx_word' id='word_1_279' title='bbox 2471 1192 2835 1256; x_wconf 88' lang='lat' dir='ltr'>compunctus</span> <span class='ocrx_word' id='word_1_280' title='bbox 2863 1186 2932 1240; x_wconf 90' lang='lat' dir='ltr'>ad</span> <span class='ocrx_word' id='word_1_281' title='bbox 2962 1185 3312 1253; x_wconf 88' lang='lat' dir='ltr'>miraculum,</span> <span class='ocrx_word' id='word_1_282' title='bbox 3342 1186 3556 1240; x_wconf 88' lang='lat' dir='ltr'>vovisse</span> <span class='ocrx_word' id='word_1_283' title='bbox 3581 1194 3684 1241; x_wconf 85' lang='lat' dir='ltr'>tra-</span> 
     </span>
    </p>
   </div>
   <div class='ocr_carea' id='block_1_41' title="bbox 2060 1277 3685 1345">
    <p class='ocr_par' dir='ltr' id='par_1_41' title="bbox 2060 1277 3685 1345">
     <span class='ocr_line' id='line_1_41' title="bbox 2060 1277 3685 1345; baseline 0.001 -15"><span class='ocrx_word' id='word_1_284' title='bbox 2060 1278 2211 1333; x_wconf 85' lang='lat' dir='ltr'>ditur</span> <span class='ocrx_word' id='word_1_285' title='bbox 2234 1295 2294 1333; x_wconf 87' lang='lat' dir='ltr'>se</span> <span class='ocrx_word' id='word_1_286' title='bbox 2341 1278 2574 1333; x_wconf 89' lang='lat' dir='ltr'>ulterius</span> <span class='ocrx_word' id='word_1_287' title='bbox 2605 1278 2893 1333; x_wconf 90' lang='lat' dir='ltr'>mulierem</span> <span class='ocrx_word' id='word_1_288' title='bbox 2931 1292 3040 1332; x_wconf 91' lang='lat' dir='ltr'>non</span> <span class='ocrx_word' id='word_1_289' title='bbox 3097 1277 3411 1332; x_wconf 91' lang='lat' dir='ltr'>habiturum</span> <span class='ocrx_word' id='word_1_290' title='bbox 3443 1296 3460 1345; x_wconf 89' lang='lat'><strong><em>;</em></strong></span> <span class='ocrx_word' id='word_1_291' title='bbox 3515 1277 3685 1332; x_wconf 89' lang='lat' dir='ltr'>fami-</span> 
     </span>
    </p>
   </div>
   <div class='ocr_carea' id='block_1_42' title="bbox 2059 1368 3678 1444">
    <p class='ocr_par' dir='ltr' id='par_1_42' title="bbox 2059 1368 3678 1444">
     <span class='ocr_line' id='line_1_42' title="bbox 2059 1368 3678 1444; baseline 0.001 -21"><span class='ocrx_word' id='word_1_292' title='bbox 2059 1368 2301 1441; x_wconf 88' lang='lat' dir='ltr'>liamque</span> <span class='ocrx_word' id='word_1_293' title='bbox 2330 1369 2486 1425; x_wconf 87' lang='lat' dir='ltr'>uxori</span> <span class='ocrx_word' id='word_1_294' title='bbox 2528 1369 2837 1444; x_wconf 90' lang='lat' dir='ltr'>delegatam</span> <span class='ocrx_word' id='word_1_295' title='bbox 2878 1369 3059 1424; x_wconf 90' lang='lat' dir='ltr'>eidem</span> <span class='ocrx_word' id='word_1_296' title='bbox 3098 1368 3365 1424; x_wconf 88' lang='lat' dir='ltr'>addieens</span> <span class='ocrx_word' id='word_1_297' title='bbox 3405 1369 3678 1432; x_wconf 79' lang='lat' dir='ltr'>ecclesiae,</span> 
     </span>
    </p>
   </div>
   <div class='ocr_carea' id='block_1_43' title="bbox 2061 1457 3680 1531">
    <p class='ocr_par' dir='ltr' id='par_1_43' title="bbox 2061 1457 3680 1531">
     <span class='ocr_line' id='line_1_43' title="bbox 2061 1457 3680 1531; baseline 0 -19"><span class='ocrx_word' id='word_1_298' title='bbox 2061 1459 2201 1512; x_wconf 89' lang='lat' dir='ltr'>hanc</span> <span class='ocrx_word' id='word_1_299' title='bbox 2229 1458 2311 1512; x_wconf 91' lang='lat' dir='ltr'>eis</span> <span class='ocrx_word' id='word_1_300' title='bbox 2338 1458 2492 1512; x_wconf 88' lang='lat' dir='ltr'>dedit</span> <span class='ocrx_word' id='word_1_301' title='bbox 2523 1457 2724 1531; x_wconf 85' lang='lat' dir='ltr'>legem,</span> <span class='ocrx_word' id='word_1_302' title='bbox 2754 1464 2813 1512; x_wconf 91' lang='lat' dir='ltr'>ut</span> <span class='ocrx_word' id='word_1_303' title='bbox 2836 1457 3039 1528; x_wconf 89' lang='lat' dir='ltr'>capitis</span> <span class='ocrx_word' id='word_1_304' title='bbox 3077 1473 3302 1511; x_wconf 91' lang='lat' dir='ltr'>censum</span> <span class='ocrx_word' id='word_1_305' title='bbox 3332 1457 3539 1512; x_wconf 91' lang='lat' dir='ltr'>ibidem</span> <span class='ocrx_word' id='word_1_306' title='bbox 3571 1459 3680 1513; x_wconf 86' lang='lat' dir='ltr'>de—</span> 
     </span>
    </p>
   </div>
   <div class='ocr_carea' id='block_1_44' title="bbox 2059 1546 3677 1620">
    <p class='ocr_par' dir='ltr' id='par_1_44' title="bbox 2059 1546 3677 1620">
     <span class='ocr_line' id='line_1_44' title="bbox 2059 1546 3677 1620; baseline -0.001 -18"><span class='ocrx_word' id='word_1_307' title='bbox 2059 1548 2389 1620; x_wconf 90' lang='lat' dir='ltr'>penderent,</span> <span class='ocrx_word' id='word_1_308' title='bbox 2411 1547 2659 1616; x_wconf 85' lang='lat' dir='ltr'>nullique</span> <span class='ocrx_word' id='word_1_309' title='bbox 2681 1554 2878 1618; x_wconf 58' lang='lat' dir='ltr'>praeter</span> <span class='ocrx_word' id='word_1_310' title='bbox 2897 1546 2952 1600; x_wconf 88' lang='lat' dir='ltr'>id</span> <span class='ocrx_word' id='word_1_311' title='bbox 2965 1546 3191 1602; x_wconf 88' lang='lat' dir='ltr'>obnoxii</span> <span class='ocrx_word' id='word_1_312' title='bbox 3213 1546 3439 1602; x_wconf 89' lang='lat' dir='ltr'>servitio</span> <span class='ocrx_word' id='word_1_313' title='bbox 3470 1547 3677 1602; x_wconf 88' lang='lat' dir='ltr'>forent.</span> 
     </span>
    </p>
   </div>
   <div class='ocr_carea' id='block_1_45' title="bbox 2063 1635 3683 1709">
    <p class='ocr_par' dir='ltr' id='par_1_45' title="bbox 2063 1635 3683 1709">
     <span class='ocr_line' id='line_1_45' title="bbox 2063 1635 3683 1709; baseline -0.001 -19"><span class='ocrx_word' id='word_1_314' title='bbox 2063 1637 2191 1700; x_wconf 70' lang='lat' dir='ltr'>Qua:</span> <span class='ocrx_word' id='word_1_315' title='bbox 2210 1636 2431 1690; x_wconf 88' lang='lat' dir='ltr'>familia</span> <span class='ocrx_word' id='word_1_316' title='bbox 2461 1636 2565 1690; x_wconf 89' lang='lat' dir='ltr'>hac</span> <span class='ocrx_word' id='word_1_317' title='bbox 2588 1635 2693 1689; x_wconf 90' lang='lat' dir='ltr'>sibi</span> <span class='ocrx_word' id='word_1_318' title='bbox 2718 1636 2839 1709; x_wconf 85' lang='lat' dir='ltr'>lege</span> <span class='ocrx_word' id='word_1_319' title='bbox 2870 1644 3105 1698; x_wconf 88' lang='lat' dir='ltr'>servata,</span> <span class='ocrx_word' id='word_1_320' title='bbox 3136 1636 3205 1689; x_wconf 88' lang='lat' dir='ltr'>ad</span> <span class='ocrx_word' id='word_1_321' title='bbox 3228 1635 3338 1690; x_wconf 92' lang='lat' dir='ltr'>duo</span> <span class='ocrx_word' id='word_1_322' title='bbox 3367 1635 3565 1701; x_wconf 89' lang='lat' dir='ltr'>millia,</span> <span class='ocrx_word' id='word_1_323' title='bbox 3592 1636 3683 1690; x_wconf 90' lang='lat' dir='ltr'>vel</span> 
     </span>
    </p>
   </div>
   <div class='ocr_carea' id='block_1_46' title="bbox 2063 1723 3687 1795">
    <p class='ocr_par' dir='ltr' id='par_1_46' title="bbox 2063 1723 3687 1795">
     <span class='ocr_line' id='line_1_46' title="bbox 2063 1723 3687 1795; baseline -0.001 -15"><span class='ocrx_word' id='word_1_324' title='bbox 2063 1724 2300 1795; x_wconf 89' lang='lat' dir='ltr'>amplius</span> <span class='ocrx_word' id='word_1_325' title='bbox 2328 1725 2637 1780; x_wconf 86' lang='lat' dir='ltr'>excrevisse</span> <span class='ocrx_word' id='word_1_326' title='bbox 2671 1723 2942 1795; x_wconf 89' lang='lat' dir='ltr'>reperitur</span> <span class='ocrx_word' id='word_1_327' title='bbox 2970 1724 3170 1794; x_wconf 90' lang='lat' dir='ltr'>capita,</span> <span class='ocrx_word' id='word_1_328' title='bbox 3203 1733 3263 1778; x_wconf 91' lang='lat' dir='ltr'>ut</span> <span class='ocrx_word' id='word_1_329' title='bbox 3288 1724 3441 1789; x_wconf 88' lang='lat' dir='ltr'>olim,</span> <span class='ocrx_word' id='word_1_330' title='bbox 3469 1723 3687 1779; x_wconf 87' lang='lat' dir='ltr'>scilicet</span> 
     </span>
    </p>
   </div>
   <div class='ocr_carea' id='block_1_47' title="bbox 2062 1812 3687 1884">
    <p class='ocr_par' dir='ltr' id='par_1_47' title="bbox 2062 1812 3687 1884">
     <span class='ocr_line' id='line_1_47' title="bbox 2062 1812 3687 1884; baseline -0.001 -17"><span class='ocrx_word' id='word_1_331' title='bbox 2062 1821 2355 1884; x_wconf 75' lang='lat' dir='ltr'>antequam</span> <span class='ocrx_word' id='word_1_332' title='bbox 2418 1820 2727 1869; x_wconf 88' lang='lat' dir='ltr'>vastaretur</span> <span class='ocrx_word' id='word_1_333' title='bbox 2773 1829 2805 1867; x_wconf 86' lang='lat' dir='ltr'>a</span> <span class='ocrx_word' id='word_1_334' title='bbox 2844 1812 3116 1879; x_wconf 87' lang='lat' dir='ltr'>barbaris,</span> <span class='ocrx_word' id='word_1_335' title='bbox 3167 1812 3458 1869; x_wconf 90' lang='lat' dir='ltr'>duodecim</span> <span class='ocrx_word' id='word_1_336' title='bbox 3510 1812 3687 1867; x_wconf 88' lang='lat' dir='ltr'>libras</span> 
     </span>
    </p>
   </div>
   <div class='ocr_carea' id='block_1_48' title="bbox 1987 1878 3168 1983">
    <p class='ocr_par' dir='ltr' id='par_1_48' title="bbox 1987 1878 3168 1983">
     <span class='ocr_line' id='line_1_48' title="bbox 1987 1878 3168 1983; baseline -0.001 -19"><span class='ocrx_word' id='word_1_337' title='bbox 1987 1878 2036 1947; x_wconf 78' lang='grc' dir='ltr'>Β</span> <span class='ocrx_word' id='word_1_338' title='bbox 2062 1878 2273 1983; x_wconf 78' lang='lat' dir='ltr'>argenti</span> <span class='ocrx_word' id='word_1_339' title='bbox 2300 1909 2552 1980; x_wconf 89' lang='lat' dir='ltr'>partibus</span> <span class='ocrx_word' id='word_1_340' title='bbox 2584 1915 2867 1981; x_wconf 69' lang='lat' dir='ltr'>praestaret</span> <span class='ocrx_word' id='word_1_341' title='bbox 2897 1878 3168 1964; x_wconf 61' lang='lat' dir='ltr'>ecclesiae.</span> 
     </span>
    </p>
   </div>
   <div class='ocr_carea' id='block_1_49' title="bbox 2165 2022 3572 2151">
    <p class='ocr_par' dir='ltr' id='par_1_49' title="bbox 2165 2022 3572 2151">
     <span class='ocr_line' id='line_1_49' title="bbox 2165 2022 3572 2151; baseline -0.003 0"><span class='ocrx_word' id='word_1_342' title='bbox 2165 2098 2241 2151; x_wconf 88' lang='lat' dir='ltr'>De</span> <span class='ocrx_word' id='word_1_343' title='bbox 2281 2097 2562 2151; x_wconf 79' lang='lat' dir='ltr'>miraculis</span> <span class='ocrx_word' id='word_1_344' title='bbox 2617 2022 3065 2149; x_wconf 54' lang='grc' dir='ltr'>δαηξὲΡὲἵῖνὲέὲιί</span> <span class='ocrx_word' id='word_1_345' title='bbox 3108 2095 3287 2150; x_wconf 84' lang='lat' dir='ltr'>Remis</span> <span class='ocrx_word' id='word_1_346' title='bbox 3316 2094 3572 2148; x_wconf 79' lang='lat' dir='ltr'>ostensis.</span> 
     </span>
    </p>
   </div>
   <div class='ocr_carea' id='block_1_50' title="bbox 2131 2185 3684 2255">
    <p class='ocr_par' dir='ltr' id='par_1_50' title="bbox 2131 2185 3684 2255">
     <span class='ocr_line' id='line_1_50' title="bbox 2131 2185 3684 2255; baseline -0.001 -12"><span class='ocrx_word' id='word_1_347' title='bbox 2131 2189 2265 2243; x_wconf 84' lang='lat' dir='ltr'>Aliis</span> <span class='ocrx_word' id='word_1_348' title='bbox 2290 2190 2453 2244; x_wconf 90' lang='lat' dir='ltr'>etiam</span> <span class='ocrx_word' id='word_1_349' title='bbox 2485 2188 2768 2243; x_wconf 91' lang='lat' dir='ltr'>nonnullis</span> <span class='ocrx_word' id='word_1_350' title='bbox 2798 2187 2946 2243; x_wconf 90' lang='lat' dir='ltr'>beati</span> <span class='ocrx_word' id='word_1_351' title='bbox 2989 2187 3166 2243; x_wconf 88' lang='lat' dir='ltr'>Patris</span> <span class='ocrx_word' id='word_1_352' title='bbox 3198 2187 3362 2255; x_wconf 88' lang='lat' dir='ltr'>hujus</span> <span class='ocrx_word' id='word_1_353' title='bbox 3388 2185 3544 2242; x_wconf 90' lang='lat' dir='ltr'>urbis</span> <span class='ocrx_word' id='word_1_354' title='bbox 3576 2200 3684 2241; x_wconf 89' lang='lat' dir='ltr'>no-</span> 
     </span>
    </p>
   </div>
   <div class='ocr_carea' id='block_1_51' title="bbox 2058 2276 3684 2350">
    <p class='ocr_par' dir='ltr' id='par_1_51' title="bbox 2058 2276 3684 2350">
     <span class='ocr_line' id='line_1_51' title="bbox 2058 2276 3684 2350; baseline -0.002 -19"><span class='ocrx_word' id='word_1_355' title='bbox 2058 2283 2169 2332; x_wconf 90' lang='lat' dir='ltr'>stra</span> <span class='ocrx_word' id='word_1_356' title='bbox 2200 2277 2374 2332; x_wconf 87' lang='lat' dir='ltr'>fertur</span> <span class='ocrx_word' id='word_1_357' title='bbox 2403 2277 2664 2350; x_wconf 88' lang='lat' dir='ltr'>insignita</span> <span class='ocrx_word' id='word_1_358' title='bbox 2717 2276 3017 2332; x_wconf 87' lang='lat' dir='ltr'>miraculis.</span> <span class='ocrx_word' id='word_1_359' title='bbox 3071 2276 3143 2331; x_wconf 89' lang='lat' dir='ltr'>Ex</span> <span class='ocrx_word' id='word_1_360' title='bbox 3194 2276 3398 2348; x_wconf 85' lang='lat' dir='ltr'>quibus</span> <span class='ocrx_word' id='word_1_361' title='bbox 3449 2290 3516 2329; x_wconf 89' lang='lat' dir='ltr'>ea</span> <span class='ocrx_word' id='word_1_362' title='bbox 3555 2290 3684 2345; x_wconf 74' lang='lat' dir='ltr'>quae</span> 
     </span>
    </p>
   </div>
   <div class='ocr_carea' id='block_1_52' title="bbox 2058 2366 3682 2441">
    <p class='ocr_par' dir='ltr' id='par_1_52' title="bbox 2058 2366 3682 2441">
     <span class='ocr_line' id='line_1_52' title="bbox 2058 2366 3682 2441; baseline -0.001 -21"><span class='ocrx_word' id='word_1_363' title='bbox 2058 2373 2282 2421; x_wconf 87' lang='lat' dir='ltr'>sanctus</span> <span class='ocrx_word' id='word_1_364' title='bbox 2337 2366 2635 2441; x_wconf 85' lang='lat' dir='ltr'>Gregorius</span> <span class='ocrx_word' id='word_1_365' title='bbox 2655 2367 2995 2422; x_wconf 87' lang='lat' dir='ltr'>Turonensis</span> <span class='ocrx_word' id='word_1_366' title='bbox 3052 2366 3238 2438; x_wconf 72' lang='lat' dir='ltr'>(Gneo.</span> <span class='ocrx_word' id='word_1_367' title='bbox 3269 2367 3364 2420; x_wconf 84' lang='lat' dir='ltr'>lib.</span> <span class='ocrx_word' id='word_1_368' title='bbox 3399 2382 3451 2419; x_wconf 84' lang='lat' dir='ltr'>iv</span> <span class='ocrx_word' id='word_1_369' title='bbox 3481 2367 3682 2421; x_wconf 84' lang='lat' dir='ltr'>Mirac.</span> 
     </span>
    </p>
   </div>
   <div class='ocr_carea' id='block_1_53' title="bbox 2059 2454 3689 2525">
    <p class='ocr_par' dir='ltr' id='par_1_53' title="bbox 2059 2454 3689 2525">
     <span class='ocr_line' id='line_1_53' title="bbox 2059 2454 3689 2525; baseline -0.003 -14"><span class='ocrx_word' id='word_1_370' title='bbox 2059 2458 2116 2511; x_wconf 91' lang='lat' dir='ltr'>S.</span> <span class='ocrx_word' id='word_1_371' title='bbox 2145 2458 2395 2523; x_wconf 78' lang='lat' dir='ltr'>Martini,</span> <span class='ocrx_word' id='word_1_372' title='bbox 2416 2473 2465 2511; x_wconf 90' lang='lat' dir='ltr'>c.</span> <span class='ocrx_word' id='word_1_373' title='bbox 2506 2455 2597 2525; x_wconf 75' lang='grc'>26)</span> <span class='ocrx_word' id='word_1_374' title='bbox 2631 2455 2687 2509; x_wconf 90' lang='lat' dir='ltr'>in</span> <span class='ocrx_word' id='word_1_375' title='bbox 2717 2456 2834 2510; x_wconf 91' lang='lat' dir='ltr'>suis</span> <span class='ocrx_word' id='word_1_376' title='bbox 2864 2455 3252 2511; x_wconf 88' lang='lat' dir='ltr'>miraculorum</span> <span class='ocrx_word' id='word_1_377' title='bbox 3278 2454 3435 2509; x_wconf 90' lang='lat' dir='ltr'>libris</span> <span class='ocrx_word' id='word_1_378' title='bbox 3461 2460 3689 2508; x_wconf 87' lang='lat' dir='ltr'>enarrat</span> 
     </span>
    </p>
   </div>
   <div class='ocr_carea' id='block_1_54' title="bbox 2059 2543 3691 2621">
    <p class='ocr_par' dir='ltr' id='par_1_54' title="bbox 2059 2543 3691 2621">
     <span class='ocr_line' id='line_1_54' title="bbox 2059 2543 3691 2621; baseline -0.003 -19"><span class='ocrx_word' id='word_1_379' title='bbox 2059 2548 2152 2603; x_wconf 91' lang='lat' dir='ltr'>hic</span> <span class='ocrx_word' id='word_1_380' title='bbox 2190 2548 2385 2603; x_wconf 89' lang='lat' dir='ltr'>indere</span> <span class='ocrx_word' id='word_1_381' title='bbox 2416 2547 2647 2619; x_wconf 90' lang='lat' dir='ltr'>placuit,</span> <span class='ocrx_word' id='word_1_382' title='bbox 2694 2554 2756 2602; x_wconf 91' lang='lat' dir='ltr'>ut</span> <span class='ocrx_word' id='word_1_383' title='bbox 2784 2548 2829 2601; x_wconf 90' lang='lat' dir='ltr'>si</span> <span class='ocrx_word' id='word_1_384' title='bbox 2859 2548 2955 2618; x_wconf 91' lang='lat' dir='ltr'>qui</span> <span class='ocrx_word' id='word_1_385' title='bbox 2986 2548 3102 2601; x_wconf 70' lang='lat' dir='ltr'>haec</span> <span class='ocrx_word' id='word_1_386' title='bbox 3147 2546 3418 2621; x_wconf 86' lang='lat' dir='ltr'>legentes,</span> <span class='ocrx_word' id='word_1_387' title='bbox 3450 2561 3516 2600; x_wconf 92' lang='lat' dir='ltr'>ea</span> <span class='ocrx_word' id='word_1_388' title='bbox 3547 2543 3691 2599; x_wconf 91' lang='lat' dir='ltr'>forte</span> 
     </span>
    </p>
   </div>
   <div class='ocr_carea' id='block_1_55' title="bbox 2060 2635 3688 2713">
    <p class='ocr_par' dir='ltr' id='par_1_55' title="bbox 2060 2635 3688 2713">
     <span class='ocr_line' id='line_1_55' title="bbox 2060 2635 3688 2713; baseline -0.002 -20"><span class='ocrx_word' id='word_1_389' title='bbox 2060 2654 2170 2694; x_wconf 92' lang='lat' dir='ltr'>non</span> <span class='ocrx_word' id='word_1_390' title='bbox 2194 2639 2555 2713; x_wconf 87' lang='lat' dir='ltr'>legerint,hic</span> <span class='ocrx_word' id='word_1_391' title='bbox 2577 2640 2823 2711; x_wconf 90' lang='lat' dir='ltr'>reperire</span> <span class='ocrx_word' id='word_1_392' title='bbox 2851 2640 3085 2710; x_wconf 89' lang='lat' dir='ltr'>possint.</span> <span class='ocrx_word' id='word_1_393' title='bbox 3113 2639 3327 2693; x_wconf 79' lang='lat' dir='ltr'>Rerfert</span> <span class='ocrx_word' id='word_1_394' title='bbox 3350 2636 3500 2692; x_wconf 91' lang='lat' dir='ltr'>enim</span> <span class='ocrx_word' id='word_1_395' title='bbox 3532 2635 3688 2707; x_wconf 91' lang='lat' dir='ltr'>quod</span> 
     </span>
    </p>
   </div>
   <div class='ocr_carea' id='block_1_56' title="bbox 2060 2727 3692 2801">
    <p class='ocr_par' dir='ltr' id='par_1_56' title="bbox 2060 2727 3692 2801">
     <span class='ocr_line' id='line_1_56' title="bbox 2060 2727 3692 2801; baseline -0.003 -18"><span class='ocrx_word' id='word_1_396' title='bbox 2060 2736 2377 2783; x_wconf 88' lang='lat' dir='ltr'>transeunte</span> <span class='ocrx_word' id='word_1_397' title='bbox 2409 2745 2467 2784; x_wconf 92' lang='lat' dir='ltr'>se</span> <span class='ocrx_word' id='word_1_398' title='bbox 2490 2730 2769 2800; x_wconf 87' lang='lat' dir='ltr'>quondam</span> <span class='ocrx_word' id='word_1_399' title='bbox 2795 2744 2895 2799; x_wconf 91' lang='lat' dir='ltr'>per</span> <span class='ocrx_word' id='word_1_400' title='bbox 2910 2744 3112 2801; x_wconf 86' lang='lat' dir='ltr'>pagum</span> <span class='ocrx_word' id='word_1_401' title='bbox 3145 2727 3499 2789; x_wconf 82' lang='lat' dir='ltr'>Remensem,</span> <span class='ocrx_word' id='word_1_402' title='bbox 3537 2731 3692 2779; x_wconf 83' lang='lat' dir='ltr'>retu-</span> 
     </span>
    </p>
   </div>
   <div class='ocr_carea' id='block_1_57' title="bbox 2059 2817 3688 2892">
    <p class='ocr_par' dir='ltr' id='par_1_57' title="bbox 2059 2817 3688 2892">
     <span class='ocr_line' id='line_1_57' title="bbox 2059 2817 3688 2892; baseline -0.002 -17"><span class='ocrx_word' id='word_1_403' title='bbox 2059 2822 2184 2877; x_wconf 90' lang='lat' dir='ltr'>lerit</span> <span class='ocrx_word' id='word_1_404' title='bbox 2210 2821 2259 2875; x_wconf 91' lang='lat' dir='ltr'>ei</span> <span class='ocrx_word' id='word_1_405' title='bbox 2303 2820 2527 2892; x_wconf 87' lang='lat' dir='ltr'>quidam</span> <span class='ocrx_word' id='word_1_406' title='bbox 2557 2820 2868 2884; x_wconf 82' lang='lat' dir='ltr'>Remensis,</span> <span class='ocrx_word' id='word_1_407' title='bbox 2900 2835 3177 2874; x_wconf 84' lang='lat' dir='ltr'>carcerem</span> <span class='ocrx_word' id='word_1_408' title='bbox 3219 2820 3272 2873; x_wconf 89' lang='lat' dir='ltr'>in</span> <span class='ocrx_word' id='word_1_409' title='bbox 3302 2835 3417 2889; x_wconf 92' lang='lat' dir='ltr'>quo</span> <span class='ocrx_word' id='word_1_410' title='bbox 3444 2817 3688 2873; x_wconf 88' lang='lat' dir='ltr'>famulus</span> 
     </span>
    </p>
   </div>
   <div class='ocr_carea' id='block_1_58' title="bbox 2060 2907 3685 2981">
    <p class='ocr_par' dir='ltr' id='par_1_58' title="bbox 2060 2907 3685 2981">
     <span class='ocr_line' id='line_1_58' title="bbox 2060 2907 3685 2981; baseline -0.002 -17"><span class='ocrx_word' id='word_1_411' title='bbox 2060 2910 2236 2981; x_wconf 88' lang='lat' dir='ltr'>ipsius</span> <span class='ocrx_word' id='word_1_412' title='bbox 2265 2909 2507 2965; x_wconf 89' lang='lat' dir='ltr'>hominis</span> <span class='ocrx_word' id='word_1_413' title='bbox 2532 2910 2675 2963; x_wconf 91' lang='lat' dir='ltr'>inter</span> <span class='ocrx_word' id='word_1_414' title='bbox 2692 2908 3165 2979; x_wconf 91' lang='lat' dir='ltr'>reliquosvinctus</span> <span class='ocrx_word' id='word_1_415' title='bbox 3196 2908 3509 2975; x_wconf 89' lang='lat' dir='ltr'>tenebatur,</span> <span class='ocrx_word' id='word_1_416' title='bbox 3535 2907 3685 2963; x_wconf 91' lang='lat' dir='ltr'>beati</span> 
     </span>
    </p>
   </div>
   <div class='ocr_carea' id='block_1_59' title="bbox 2058 2996 3690 3070">
    <p class='ocr_par' dir='ltr' id='par_1_59' title="bbox 2058 2996 3690 3070">
     <span class='ocr_line' id='line_1_59' title="bbox 2058 2996 3690 3070; baseline -0.002 -14"><span class='ocrx_word' id='word_1_417' title='bbox 2058 2999 2273 3056; x_wconf 81' lang='lat' dir='ltr'>Martini</span> <span class='ocrx_word' id='word_1_418' title='bbox 2302 3000 2503 3054; x_wconf 89' lang='lat' dir='ltr'>virtute</span> <span class='ocrx_word' id='word_1_419' title='bbox 2545 2997 2901 3069; x_wconf 91' lang='lat' dir='ltr'>patefactum,</span> <span class='ocrx_word' id='word_1_420' title='bbox 2944 2998 3269 3068; x_wconf 89' lang='lat' dir='ltr'>vinctosque</span> <span class='ocrx_word' id='word_1_421' title='bbox 3300 2996 3370 3051; x_wconf 88' lang='lat' dir='ltr'>ab</span> <span class='ocrx_word' id='word_1_422' title='bbox 3411 2997 3690 3070; x_wconf 86' lang='lat' dir='ltr'>ergastulo</span> 
     </span>
    </p>
   </div>
   <div class='ocr_carea' id='block_1_60' title="bbox 2058 3089 3691 3159">
    <p class='ocr_par' dir='ltr' id='par_1_60' title="bbox 2058 3089 3691 3159">
     <span class='ocr_line' id='line_1_60' title="bbox 2058 3089 3691 3159; baseline -0.004 -10"><span class='ocrx_word' id='word_1_423' title='bbox 2058 3093 2364 3159; x_wconf 90' lang='lat' dir='ltr'>absolutos,</span> <span class='ocrx_word' id='word_1_424' title='bbox 2392 3091 2600 3146; x_wconf 88' lang='lat' dir='ltr'>liberos</span> <span class='ocrx_word' id='word_1_425' title='bbox 2631 3090 2990 3145; x_wconf 89' lang='lat' dir='ltr'>abscessisse.</span> <span class='ocrx_word' id='word_1_426' title='bbox 3034 3090 3160 3144; x_wconf 84' lang='lat' dir='ltr'>Erat</span> <span class='ocrx_word' id='word_1_427' title='bbox 3190 3089 3337 3144; x_wconf 92' lang='lat' dir='ltr'>enim</span> <span class='ocrx_word' id='word_1_428' title='bbox 3372 3090 3691 3158; x_wconf 89' lang='lat' dir='ltr'>hujusmodi</span> 
     </span>
    </p>
   </div>
   <div class='ocr_carea' id='block_1_61' title="bbox 2058 3178 3691 3253">
    <p class='ocr_par' dir='ltr' id='par_1_61' title="bbox 2058 3178 3691 3253">
     <span class='ocr_line' id='line_1_61' title="bbox 2058 3178 3691 3253; baseline -0.003 -15"><span class='ocrx_word' id='word_1_429' title='bbox 2058 3199 2266 3248; x_wconf 85' lang='lat' dir='ltr'>carcer,</span> <span class='ocrx_word' id='word_1_430' title='bbox 2299 3189 2360 3236; x_wconf 92' lang='lat' dir='ltr'>ut</span> <span class='ocrx_word' id='word_1_431' title='bbox 2398 3197 2567 3250; x_wconf 90' lang='lat' dir='ltr'>super</span> <span class='ocrx_word' id='word_1_432' title='bbox 2590 3187 2797 3235; x_wconf 90' lang='lat' dir='ltr'>struem</span> <span class='ocrx_word' id='word_1_433' title='bbox 2833 3179 3111 3253; x_wconf 85' lang='lat' dir='ltr'>tignorum</span> <span class='ocrx_word' id='word_1_434' title='bbox 3140 3194 3269 3233; x_wconf 90' lang='lat' dir='ltr'>axes</span> <span class='ocrx_word' id='word_1_435' title='bbox 3289 3178 3454 3233; x_wconf 89' lang='lat' dir='ltr'>validi</span> <span class='ocrx_word' id='word_1_436' title='bbox 3489 3194 3691 3249; x_wconf 89' lang='lat' dir='ltr'>super-</span> 
     </span>
    </p>
   </div>
   <div class='ocr_carea' id='block_1_62' title="bbox 327 3251 3683 3346">
    <p class='ocr_par' dir='ltr' id='par_1_62' title="bbox 327 3251 3683 3346">
     <span class='ocr_line' id='line_1_62' title="bbox 327 3251 3683 3346; baseline -0.001 -19"><span class='ocrx_word' id='word_1_437' title='bbox 327 3280 531 3327; x_wconf 90' lang='lat' dir='ltr'>cretam</span> <span class='ocrx_word' id='word_1_438' title='bbox 563 3272 714 3327; x_wconf 91' lang='lat' dir='ltr'>visus</span> <span class='ocrx_word' id='word_1_439' title='bbox 762 3279 842 3326; x_wconf 90' lang='lat' dir='ltr'>cst</span> <span class='ocrx_word' id='word_1_440' title='bbox 874 3272 1179 3343; x_wconf 87' lang='lat' dir='ltr'>accepisse,</span> <span class='ocrx_word' id='word_1_441' title='bbox 1214 3288 1532 3344; x_wconf 88' lang='lat' dir='ltr'>nomenque</span> <span class='ocrx_word' id='word_1_442' title='bbox 1564 3272 1950 3343; x_wconf 87' lang='lat' dir='ltr'>descripsisse.</span> <span class='ocrx_word' id='word_1_443' title='bbox 1985 3251 2035 3321; x_wconf 83' lang='lat' dir='ltr'>C</span> <span class='ocrx_word' id='word_1_444' title='bbox 2060 3274 2227 3346; x_wconf 88' lang='lat' dir='ltr'>positi</span> <span class='ocrx_word' id='word_1_445' title='bbox 2269 3272 2711 3344; x_wconf 89' lang='lat' dir='ltr'>pulpitarentur:</span> <span class='ocrx_word' id='word_1_446' title='bbox 2746 3288 2810 3327; x_wconf 88' lang='lat' dir='ltr'>ac</span> <span class='ocrx_word' id='word_1_447' title='bbox 2839 3272 3082 3343; x_wconf 91' lang='lat' dir='ltr'>desuper</span> <span class='ocrx_word' id='word_1_448' title='bbox 3107 3272 3203 3343; x_wconf 86' lang='lat' dir='ltr'>qui</span> <span class='ocrx_word' id='word_1_449' title='bbox 3235 3270 3490 3326; x_wconf 91' lang='lat' dir='ltr'>eumdem</span> <span class='ocrx_word' id='word_1_450' title='bbox 3524 3270 3683 3341; x_wconf 84' lang='lat' dir='ltr'>[orig.</span> 
     </span>
    </p>
   </div>
   <div class='ocr_carea' id='block_1_63' title="bbox 330 3359 1955 3435">
    <p class='ocr_par' dir='ltr' id='par_1_63' title="bbox 330 3359 1955 3435">
     <span class='ocr_line' id='line_1_63' title="bbox 330 3359 1955 3435; baseline 0.001 -20"><span class='ocrx_word' id='word_1_451' title='bbox 330 3359 394 3415; x_wconf 90' lang='lat' dir='ltr'>In</span> <span class='ocrx_word' id='word_1_452' title='bbox 430 3379 541 3433; x_wconf 90' lang='lat' dir='ltr'>quo</span> <span class='ocrx_word' id='word_1_453' title='bbox 574 3362 702 3416; x_wconf 92' lang='lat' dir='ltr'>dum</span> <span class='ocrx_word' id='word_1_454' title='bbox 737 3377 836 3432; x_wconf 90' lang='lat' dir='ltr'>pro</span> <span class='ocrx_word' id='word_1_455' title='bbox 857 3363 899 3417; x_wconf 94' lang='lat' dir='ltr'><strong><em>L</em></strong></span> <span class='ocrx_word' id='word_1_456' title='bbox 934 3362 1134 3429; x_wconf 90' lang='lat' dir='ltr'>littera,</span> <span class='ocrx_word' id='word_1_457' title='bbox 1164 3364 1203 3417; x_wconf 77' lang='lat' dir='ltr'>lt</span> <span class='ocrx_word' id='word_1_458' title='bbox 1232 3362 1521 3430; x_wconf 88' lang='lat' dir='ltr'>scriberet,</span> <span class='ocrx_word' id='word_1_459' title='bbox 1553 3361 1829 3435; x_wconf 85' lang='lat' dir='ltr'>corrigere</span> <span class='ocrx_word' id='word_1_460' title='bbox 1851 3363 1955 3417; x_wconf 93' lang='lat' dir='ltr'>hoc</span> 
     </span>
    </p>
   </div>
   <div class='ocr_carea' id='block_1_64' title="bbox 332 3453 1952 3520">
    <p class='ocr_par' dir='ltr' id='par_1_64' title="bbox 332 3453 1952 3520">
     <span class='ocr_line' id='line_1_64' title="bbox 332 3453 1952 3520; baseline -0.001 -10"><span class='ocrx_word' id='word_1_461' title='bbox 332 3471 457 3510; x_wconf 90' lang='lat' dir='ltr'>cum</span> <span class='ocrx_word' id='word_1_462' title='bbox 491 3454 727 3520; x_wconf 88' lang='lat' dir='ltr'>monuit,</span> <span class='ocrx_word' id='word_1_463' title='bbox 779 3461 834 3509; x_wconf 90' lang='lat' dir='ltr'>et</span> <span class='ocrx_word' id='word_1_464' title='bbox 865 3453 940 3509; x_wconf 90' lang='lat' dir='ltr'>ita</span> <span class='ocrx_word' id='word_1_465' title='bbox 972 3454 1026 3508; x_wconf 90' lang='lat' dir='ltr'>in</span> <span class='ocrx_word' id='word_1_466' title='bbox 1059 3456 1358 3509; x_wconf 89' lang='lat' dir='ltr'>crastinum</span> <span class='ocrx_word' id='word_1_467' title='bbox 1390 3455 1496 3510; x_wconf 89' lang='lat' dir='ltr'>hoc</span> <span class='ocrx_word' id='word_1_468' title='bbox 1543 3470 1745 3510; x_wconf 89' lang='lat' dir='ltr'>nomen</span> <span class='ocrx_word' id='word_1_469' title='bbox 1774 3455 1952 3509; x_wconf 85' lang='lat' dir='ltr'>ascri-</span> 
     </span>
    </p>
   </div>
   <div class='ocr_carea' id='block_1_65' title="bbox 329 3544 1951 3619">
    <p class='ocr_par' dir='ltr' id='par_1_65' title="bbox 329 3544 1951 3619">
     <span class='ocr_line' id='line_1_65' title="bbox 329 3544 1951 3619; baseline 0.001 -18"><span class='ocrx_word' id='word_1_470' title='bbox 329 3553 484 3617; x_wconf 88' lang='lat' dir='ltr'>ptum</span> <span class='ocrx_word' id='word_1_471' title='bbox 516 3544 799 3601; x_wconf 88' lang='lat' dir='ltr'>inventum</span> <span class='ocrx_word' id='word_1_472' title='bbox 846 3554 948 3611; x_wconf 88' lang='lat' dir='ltr'>est,</span> <span class='ocrx_word' id='word_1_473' title='bbox 1007 3556 1065 3601; x_wconf 90' lang='lat' dir='ltr'>ut</span> <span class='ocrx_word' id='word_1_474' title='bbox 1103 3554 1400 3602; x_wconf 83' lang='lat' dir='ltr'>testaretur</span> <span class='ocrx_word' id='word_1_475' title='bbox 1439 3547 1584 3603; x_wconf 90' lang='lat' dir='ltr'>idem</span> <span class='ocrx_word' id='word_1_476' title='bbox 1642 3547 1951 3619; x_wconf 81' lang='lat' dir='ltr'>presbyter,</span> 
     </span>
    </p>
   </div>
   <div class='ocr_carea' id='block_1_66' title="bbox 328 3633 1955 3709">
    <p class='ocr_par' dir='ltr' id='par_1_66' title="bbox 328 3633 1955 3709">
     <span class='ocr_line' id='line_1_66' title="bbox 328 3633 1955 3709; baseline 0.004 -22"><span class='ocrx_word' id='word_1_477' title='bbox 328 3634 478 3704; x_wconf 90' lang='lat' dir='ltr'>quod</span> <span class='ocrx_word' id='word_1_478' title='bbox 513 3633 793 3708; x_wconf 85' lang='lat' dir='ltr'>vigilando</span> <span class='ocrx_word' id='word_1_479' title='bbox 825 3651 927 3705; x_wconf 92' lang='lat' dir='ltr'>per</span> <span class='ocrx_word' id='word_1_480' title='bbox 955 3634 1100 3690; x_wconf 89' lang='lat' dir='ltr'>diem</span> <span class='ocrx_word' id='word_1_481' title='bbox 1164 3645 1268 3691; x_wconf 89' lang='lat' dir='ltr'>tam</span> <span class='ocrx_word' id='word_1_482' title='bbox 1303 3636 1446 3692; x_wconf 88' lang='lat' dir='ltr'>bene</span> <span class='ocrx_word' id='word_1_483' title='bbox 1478 3637 1722 3692; x_wconf 84' lang='lat' dir='ltr'>scribere</span> <span class='ocrx_word' id='word_1_484' title='bbox 1754 3638 1955 3709; x_wconf 89' lang='lat' dir='ltr'>nequi-</span> 
     </span>
    </p>
   </div>
   <div class='ocr_carea' id='block_1_67' title="bbox 327 3726 1955 3801">
    <p class='ocr_par' dir='ltr' id='par_1_67' title="bbox 327 3726 1955 3801">
     <span class='ocr_line' id='line_1_67' title="bbox 327 3726 1955 3801; baseline 0.004 -22"><span class='ocrx_word' id='word_1_485' title='bbox 327 3726 520 3779; x_wconf 87' lang='lat' dir='ltr'>visset.</span> <span class='ocrx_word' id='word_1_486' title='bbox 559 3727 766 3791; x_wconf 77' lang='lat' dir='ltr'>Quibus</span> <span class='ocrx_word' id='word_1_487' title='bbox 793 3729 1227 3784; x_wconf 87' lang='lat' dir='ltr'>revelationibus</span> <span class='ocrx_word' id='word_1_488' title='bbox 1248 3730 1494 3785; x_wconf 90' lang='lat' dir='ltr'>monitus</span> <span class='ocrx_word' id='word_1_489' title='bbox 1523 3729 1841 3801; x_wconf 88' lang='lat' dir='ltr'>episcopus,</span> <span class='ocrx_word' id='word_1_490' title='bbox 1869 3747 1955 3785; x_wconf 84' lang='lat' dir='ltr'>ec-</span> 
     </span>
    </p>
   </div>
   <div class='ocr_carea' id='block_1_68' title="bbox 325 3813 1950 3890">
    <p class='ocr_par' dir='ltr' id='par_1_68' title="bbox 325 3813 1950 3890">
     <span class='ocr_line' id='line_1_68' title="bbox 325 3813 1950 3890; baseline 0.003 -22"><span class='ocrx_word' id='word_1_491' title='bbox 325 3813 548 3868; x_wconf 87' lang='lat' dir='ltr'>clesiam</span> <span class='ocrx_word' id='word_1_492' title='bbox 577 3816 799 3886; x_wconf 90' lang='lat' dir='ltr'>quidem</span> <span class='ocrx_word' id='word_1_493' title='bbox 836 3818 1131 3872; x_wconf 87' lang='lat' dir='ltr'>restaurari</span> <span class='ocrx_word' id='word_1_494' title='bbox 1167 3819 1315 3886; x_wconf 90' lang='lat' dir='ltr'>fecit,</span> <span class='ocrx_word' id='word_1_495' title='bbox 1349 3819 1444 3874; x_wconf 88' lang='lat' dir='ltr'>sed</span> <span class='ocrx_word' id='word_1_496' title='bbox 1477 3835 1679 3890; x_wconf 91' lang='lat' dir='ltr'>corpus</span> <span class='ocrx_word' id='word_1_497' title='bbox 1702 3830 1950 3875; x_wconf 90' lang='lat' dir='ltr'>sanctum</span> 
     </span>
    </p>
   </div>
   <div class='ocr_carea' id='block_1_69' title="bbox 325 3911 1950 3985">
    <p class='ocr_par' dir='ltr' id='par_1_69' title="bbox 325 3911 1950 3985">
     <span class='ocr_line' id='line_1_69' title="bbox 325 3911 1950 3985; baseline 0.004 -24"><span class='ocrx_word' id='word_1_498' title='bbox 325 3922 437 3962; x_wconf 91' lang='lat' dir='ltr'>non</span> <span class='ocrx_word' id='word_1_499' title='bbox 479 3911 780 3965; x_wconf 89' lang='lat' dir='ltr'>transtulit.</span> <span class='ocrx_word' id='word_1_500' title='bbox 816 3911 928 3965; x_wconf 83' lang='lat' dir='ltr'>Nec</span> <span class='ocrx_word' id='word_1_501' title='bbox 959 3911 1052 3966; x_wconf 91' lang='lat' dir='ltr'>diu</span> <span class='ocrx_word' id='word_1_502' title='bbox 1081 3920 1273 3983; x_wconf 90' lang='lat' dir='ltr'>postea</span> <span class='ocrx_word' id='word_1_503' title='bbox 1326 3912 1407 3967; x_wconf 92' lang='lat' dir='ltr'>sic</span> <span class='ocrx_word' id='word_1_504' title='bbox 1438 3914 1487 3968; x_wconf 93' lang='lat' dir='ltr'>ei</span> <span class='ocrx_word' id='word_1_505' title='bbox 1517 3913 1771 3985; x_wconf 85' lang='lat' dir='ltr'>contigit,</span> <span class='ocrx_word' id='word_1_506' title='bbox 1804 3922 1864 3968; x_wconf 91' lang='lat' dir='ltr'>ut</span> <span class='ocrx_word' id='word_1_507' title='bbox 1897 3914 1950 3968; x_wconf 91' lang='lat' dir='ltr'>in</span> 
     </span>
    </p>
   </div>
   <div class='ocr_carea' id='block_1_70' title="bbox 322 4000 1953 4078">
    <p class='ocr_par' dir='ltr' id='par_1_70' title="bbox 322 4000 1953 4078">
     <span class='ocr_line' id='line_1_70' title="bbox 322 4000 1953 4078; baseline 0.006 -24"><span class='ocrx_word' id='word_1_508' title='bbox 322 4000 518 4056; x_wconf 91' lang='lat' dir='ltr'>eadem</span> <span class='ocrx_word' id='word_1_509' title='bbox 558 4003 794 4059; x_wconf 88' lang='lat' dir='ltr'>ecclesia</span> <span class='ocrx_word' id='word_1_510' title='bbox 817 4020 1001 4060; x_wconf 87' lang='lat' dir='ltr'>coram</span> <span class='ocrx_word' id='word_1_511' title='bbox 1034 4005 1262 4078; x_wconf 82' lang='lat' dir='ltr'>Hugone</span> <span class='ocrx_word' id='word_1_512' title='bbox 1294 4006 1547 4078; x_wconf 90' lang='lat' dir='ltr'>principe</span> <span class='ocrx_word' id='word_1_513' title='bbox 1577 4023 1637 4062; x_wconf 90' lang='lat' dir='ltr'>se</span> <span class='ocrx_word' id='word_1_514' title='bbox 1669 4006 1953 4063; x_wconf 85' lang='lat' dir='ltr'>abdicaret</span> 
     </span>
    </p>
   </div>
   <div class='ocr_carea' id='block_1_71' title="bbox 322 4090 1045 4168">
    <p class='ocr_par' dir='ltr' id='par_1_71' title="bbox 322 4090 1045 4168">
     <span class='ocr_line' id='line_1_71' title="bbox 322 4090 1045 4168; baseline 0.011 -26"><span class='ocrx_word' id='word_1_515' title='bbox 322 4090 592 4162; x_wconf 88' lang='lat' dir='ltr'>episcopii</span> <span class='ocrx_word' id='word_1_516' title='bbox 622 4093 1045 4168; x_wconf 90' lang='lat' dir='ltr'>gubernatione.</span> 
     </span>
    </p>
   </div>
   <div class='ocr_carea' id='block_1_72' title="bbox 924 4203 1345 4260">
    <p class='ocr_par' dir='ltr' id='par_1_72' title="bbox 924 4203 1345 4260">
     <span class='ocr_line' id='line_1_72' title="bbox 924 4203 1345 4260; baseline 0.002 -1"><span class='ocrx_word' id='word_1_517' title='bbox 924 4203 1132 4260; x_wconf 83' lang='lat' dir='ltr'>CAPUT</span> <span class='ocrx_word' id='word_1_518' title='bbox 1170 4205 1345 4260; x_wconf 83' lang='lat' dir='ltr'>XLIX.</span> 
     </span>
    </p>
   </div>
   <div class='ocr_carea' id='block_1_73' title="bbox 390 4292 1879 4367">
    <p class='ocr_par' dir='ltr' id='par_1_73' title="bbox 390 4292 1879 4367">
     <span class='ocr_line' id='line_1_73' title="bbox 390 4292 1879 4367; baseline 0.003 -21"><span class='ocrx_word' id='word_1_519' title='bbox 390 4294 466 4346; x_wconf 88' lang='lat' dir='ltr'>De</span> <span class='ocrx_word' id='word_1_520' title='bbox 494 4292 728 4347; x_wconf 85' lang='lat' dir='ltr'>ecclesiis</span> <span class='ocrx_word' id='word_1_521' title='bbox 762 4295 819 4347; x_wconf 86' lang='lat' dir='ltr'>in</span> <span class='ocrx_word' id='word_1_522' title='bbox 847 4294 1045 4347; x_wconf 82' lang='lat' dir='ltr'>honore</span> <span class='ocrx_word' id='word_1_523' title='bbox 1077 4298 1254 4348; x_wconf 78' lang='lat' dir='ltr'>sancti</span> <span class='ocrx_word' id='word_1_524' title='bbox 1281 4298 1513 4351; x_wconf 82' lang='lat' dir='ltr'>Martini</span> <span class='ocrx_word' id='word_1_525' title='bbox 1541 4299 1879 4367; x_wconf 83' lang='lat' dir='ltr'>circumqua-</span> 
     </span>
    </p>
   </div>
   <div class='ocr_carea' id='block_1_74' title="bbox 426 4368 1835 4435">
    <p class='ocr_par' dir='ltr' id='par_1_74' title="bbox 426 4368 1835 4435">
     <span class='ocr_line' id='line_1_74' title="bbox 426 4368 1835 4435; baseline 0.004 -18"><span class='ocrx_word' id='word_1_526' title='bbox 426 4380 528 4433; x_wconf 83' lang='lat' dir='ltr'>que</span> <span class='ocrx_word' id='word_1_527' title='bbox 554 4380 652 4432; x_wconf 81' lang='lat' dir='ltr'>per</span> <span class='ocrx_word' id='word_1_528' title='bbox 682 4368 847 4419; x_wconf 84' lang='lat' dir='ltr'>totum</span> <span class='ocrx_word' id='word_1_529' title='bbox 886 4368 1101 4419; x_wconf 82' lang='lat' dir='ltr'>circiter</span> <span class='ocrx_word' id='word_1_530' title='bbox 1135 4369 1463 4435; x_wconf 79' lang='lat' dir='ltr'>episcopium</span> <span class='ocrx_word' id='word_1_531' title='bbox 1493 4374 1835 4423; x_wconf 74' lang='lat' dir='ltr'>constructis.</span> 
     </span>
    </p>
   </div>
   <div class='ocr_carea' id='block_1_75' title="bbox 392 4455 1945 4528">
    <p class='ocr_par' dir='ltr' id='par_1_75' title="bbox 392 4455 1945 4528">
     <span class='ocr_line' id='line_1_75' title="bbox 392 4455 1945 4528; baseline 0.005 -20"><span class='ocrx_word' id='word_1_532' title='bbox 392 4455 453 4509; x_wconf 92' lang='lat' dir='ltr'>ln</span> <span class='ocrx_word' id='word_1_533' title='bbox 508 4455 717 4511; x_wconf 92' lang='lat' dir='ltr'>honore</span> <span class='ocrx_word' id='word_1_534' title='bbox 744 4473 968 4528; x_wconf 80' lang='lat' dir='ltr'>quoque</span> <span class='ocrx_word' id='word_1_535' title='bbox 1025 4457 1170 4513; x_wconf 86' lang='lat' dir='ltr'>beati</span> <span class='ocrx_word' id='word_1_536' title='bbox 1207 4458 1420 4514; x_wconf 84' lang='lat' dir='ltr'>Martini</span> <span class='ocrx_word' id='word_1_537' title='bbox 1472 4461 1657 4515; x_wconf 56' lang='lat' dir='ltr'>multae</span> <span class='ocrx_word' id='word_1_538' title='bbox 1706 4461 1945 4515; x_wconf 87' lang='lat' dir='ltr'>circum-</span> 
     </span>
    </p>
   </div>
   <div class='ocr_carea' id='block_1_76' title="bbox 320 4546 1941 4619">
    <p class='ocr_par' dir='ltr' id='par_1_76' title="bbox 320 4546 1941 4619">
     <span class='ocr_line' id='line_1_76' title="bbox 320 4546 1941 4619; baseline 0.005 -22"><span class='ocrx_word' id='word_1_539' title='bbox 320 4560 543 4615; x_wconf 88' lang='lat' dir='ltr'>quaque</span> <span class='ocrx_word' id='word_1_540' title='bbox 577 4560 677 4615; x_wconf 89' lang='lat' dir='ltr'>per</span> <span class='ocrx_word' id='word_1_541' title='bbox 708 4551 880 4599; x_wconf 92' lang='lat' dir='ltr'>totum</span> <span class='ocrx_word' id='word_1_542' title='bbox 922 4546 1140 4601; x_wconf 88' lang='lat' dir='ltr'>circiter</span> <span class='ocrx_word' id='word_1_543' title='bbox 1178 4547 1523 4619; x_wconf 87' lang='lat' dir='ltr'>episcOpium</span> <span class='ocrx_word' id='word_1_544' title='bbox 1558 4548 1833 4604; x_wconf 87' lang='lat' dir='ltr'>habentur</span> <span class='ocrx_word' id='word_1_545' title='bbox 1852 4566 1941 4606; x_wconf 91' lang='lat' dir='ltr'>ce—</span> 
     </span>
    </p>
   </div>
   <div class='ocr_carea' id='block_1_77' title="bbox 2056 3362 3689 3436">
    <p class='ocr_par' dir='ltr' id='par_1_77' title="bbox 2056 3362 3689 3436">
     <span class='ocr_line' id='line_1_77' title="bbox 2056 3362 3689 3436; baseline -0.002 -15"><span class='ocrx_word' id='word_1_546' title='bbox 2056 3366 2298 3435; x_wconf 85' lang='lat' dir='ltr'>eosdem]</span> <span class='ocrx_word' id='word_1_547' title='bbox 2334 3364 2737 3435; x_wconf 87' lang='lat' dir='ltr'>opprimerent,</span> <span class='ocrx_word' id='word_1_548' title='bbox 2758 3364 3010 3436; x_wconf 82' lang='lat' dir='ltr'>insignes</span> <span class='ocrx_word' id='word_1_549' title='bbox 3033 3364 3253 3419; x_wconf 87' lang='lat' dir='ltr'>fuerant</span> <span class='ocrx_word' id='word_1_550' title='bbox 3274 3362 3488 3433; x_wconf 88' lang='lat' dir='ltr'>lapides</span> <span class='ocrx_word' id='word_1_551' title='bbox 3509 3362 3689 3417; x_wconf 90' lang='lat' dir='ltr'>collo-</span> 
     </span>
    </p>
   </div>
   <div class='ocr_carea' id='block_1_78' title="bbox 2056 3454 3688 3513">
    <p class='ocr_par' dir='ltr' id='par_1_78' title="bbox 2056 3454 3688 3513">
     <span class='ocr_line' id='line_1_78' title="bbox 2056 3454 3688 3513; baseline -0.003 0"><span class='ocrx_word' id='word_1_552' title='bbox 2056 3458 2186 3513; x_wconf 89' lang='lat' dir='ltr'>cati.</span> <span class='ocrx_word' id='word_1_553' title='bbox 2222 3457 2597 3511; x_wconf 89' lang='lat' dir='ltr'>Nihilominus</span> <span class='ocrx_word' id='word_1_554' title='bbox 2624 3465 2678 3510; x_wconf 93' lang='lat' dir='ltr'>et</span> <span class='ocrx_word' id='word_1_555' title='bbox 2707 3457 2906 3510; x_wconf 90' lang='lat' dir='ltr'>ostium</span> <span class='ocrx_word' id='word_1_556' title='bbox 2947 3455 3185 3510; x_wconf 90' lang='lat' dir='ltr'>carceris</span> <span class='ocrx_word' id='word_1_557' title='bbox 3214 3470 3337 3510; x_wconf 89' lang='lat' dir='ltr'>sera</span> <span class='ocrx_word' id='word_1_558' title='bbox 3372 3454 3518 3509; x_wconf 86' lang='lat' dir='ltr'>ferro</span> <span class='ocrx_word' id='word_1_559' title='bbox 3557 3471 3688 3508; x_wconf 88' lang='lat' dir='ltr'>mu-</span> 
     </span>
    </p>
   </div>
   <div class='ocr_carea' id='block_1_79' title="bbox 2056 3545 3680 3620">
    <p class='ocr_par' dir='ltr' id='par_1_79' title="bbox 2056 3545 3680 3620">
     <span class='ocr_line' id='line_1_79' title="bbox 2056 3545 3680 3620; baseline -0.002 -14"><span class='ocrx_word' id='word_1_560' title='bbox 2056 3551 2192 3612; x_wconf 87' lang='lat' dir='ltr'>nita.</span> <span class='ocrx_word' id='word_1_561' title='bbox 2225 3549 2489 3615; x_wconf 89' lang='lat' dir='ltr'>obducto,</span> <span class='ocrx_word' id='word_1_562' title='bbox 2519 3549 2671 3603; x_wconf 88' lang='lat' dir='ltr'>clave</span> <span class='ocrx_word' id='word_1_563' title='bbox 2710 3549 2955 3620; x_wconf 87' lang='lat' dir='ltr'>pessulo,</span> <span class='ocrx_word' id='word_1_564' title='bbox 2996 3548 3385 3603; x_wconf 90' lang='lat' dir='ltr'>obserabatur.</span> <span class='ocrx_word' id='word_1_565' title='bbox 3421 3545 3530 3601; x_wconf 87' lang='lat' dir='ltr'>Sed</span> <span class='ocrx_word' id='word_1_566' title='bbox 3570 3548 3680 3603; x_wconf 86' lang='lat' dir='ltr'>vir-</span> 
     </span>
    </p>
   </div>
   <div class='ocr_carea' id='block_1_80' title="bbox 2058 3635 3687 3708">
    <p class='ocr_par' dir='ltr' id='par_1_80' title="bbox 2058 3635 3687 3708">
     <span class='ocr_line' id='line_1_80' title="bbox 2058 3635 3687 3708; baseline -0.003 -13"><span class='ocrx_word' id='word_1_567' title='bbox 2058 3648 2145 3695; x_wconf 88' lang='lat' dir='ltr'>tus</span> <span class='ocrx_word' id='word_1_568' title='bbox 2166 3638 2448 3697; x_wconf 83' lang='lat' dir='ltr'>antistitis.</span> <span class='ocrx_word' id='word_1_569' title='bbox 2477 3646 2541 3692; x_wconf 92' lang='lat' dir='ltr'>ut</span> <span class='ocrx_word' id='word_1_570' title='bbox 2569 3638 2686 3708; x_wconf 87' lang='lat' dir='ltr'>ipse</span> <span class='ocrx_word' id='word_1_571' title='bbox 2720 3637 2925 3693; x_wconf 88' lang='lat' dir='ltr'>relator</span> <span class='ocrx_word' id='word_1_572' title='bbox 2955 3636 3215 3703; x_wconf 88' lang='lat' dir='ltr'>asseruit,</span> <span class='ocrx_word' id='word_1_573' title='bbox 3256 3635 3468 3707; x_wconf 89' lang='lat' dir='ltr'>lapides</span> <span class='ocrx_word' id='word_1_574' title='bbox 3495 3636 3687 3707; x_wconf 85' lang='lat' dir='ltr'>pulpi-</span> 
     </span>
    </p>
   </div>
   <div class='ocr_carea' id='block_1_81' title="bbox 2055 3724 3686 3802">
    <p class='ocr_par' dir='ltr' id='par_1_81' title="bbox 2055 3724 3686 3802">
     <span class='ocr_line' id='line_1_81' title="bbox 2055 3724 3686 3802; baseline -0.001 -18"><span class='ocrx_word' id='word_1_575' title='bbox 2055 3738 2220 3801; x_wconf 87' lang='lat' dir='ltr'>taque</span> <span class='ocrx_word' id='word_1_576' title='bbox 2252 3727 2495 3796; x_wconf 90' lang='lat' dir='ltr'>disjecit,</span> <span class='ocrx_word' id='word_1_577' title='bbox 2528 3735 2751 3782; x_wconf 90' lang='lat' dir='ltr'>catenas</span> <span class='ocrx_word' id='word_1_578' title='bbox 2780 3726 3075 3802; x_wconf 87' lang='lat' dir='ltr'>confregit,</span> <span class='ocrx_word' id='word_1_579' title='bbox 3104 3727 3312 3781; x_wconf 88' lang='lat' dir='ltr'>trahem</span> <span class='ocrx_word' id='word_1_580' title='bbox 3334 3742 3457 3796; x_wconf 71' lang='lat' dir='ltr'>quae</span> <span class='ocrx_word' id='word_1_581' title='bbox 3473 3724 3686 3782; x_wconf 90' lang='lat' dir='ltr'>vincto-</span> 
     </span>
    </p>
   </div>
   <div class='ocr_carea' id='block_1_82' title="bbox 2056 3820 3678 3891">
    <p class='ocr_par' dir='ltr' id='par_1_82' title="bbox 2056 3820 3678 3891">
     <span class='ocr_line' id='line_1_82' title="bbox 2056 3820 3678 3891; baseline -0.001 -14"><span class='ocrx_word' id='word_1_582' title='bbox 2056 3839 2175 3877; x_wconf 88' lang='lat' dir='ltr'>rum</span> <span class='ocrx_word' id='word_1_583' title='bbox 2206 3820 2521 3877; x_wconf 88' lang='lat' dir='ltr'>coarctabat</span> <span class='ocrx_word' id='word_1_584' title='bbox 2546 3821 2719 3891; x_wconf 91' lang='lat' dir='ltr'>pedes</span> <span class='ocrx_word' id='word_1_585' title='bbox 2746 3820 2984 3889; x_wconf 87' lang='lat' dir='ltr'>aperuit,</span> <span class='ocrx_word' id='word_1_586' title='bbox 3017 3836 3080 3874; x_wconf 91' lang='lat' dir='ltr'>ac</span> <span class='ocrx_word' id='word_1_587' title='bbox 3116 3836 3219 3874; x_wconf 89' lang='lat' dir='ltr'>nec</span> <span class='ocrx_word' id='word_1_588' title='bbox 3248 3828 3491 3874; x_wconf 88' lang='lat' dir='ltr'>reserato</span> <span class='ocrx_word' id='word_1_589' title='bbox 3513 3820 3678 3889; x_wconf 91' lang='lat' dir='ltr'>ostio,</span> 
     </span>
    </p>
   </div>
   <div class='ocr_carea' id='block_1_83' title="bbox 2055 3908 3682 3981">
    <p class='ocr_par' dir='ltr' id='par_1_83' title="bbox 2055 3908 3682 3981">
     <span class='ocr_line' id='line_1_83' title="bbox 2055 3908 3682 3981; baseline -0.001 -16"><span class='ocrx_word' id='word_1_590' title='bbox 2055 3912 2310 3967; x_wconf 90' lang='lat' dir='ltr'>homines</span> <span class='ocrx_word' id='word_1_591' title='bbox 2369 3926 2469 3981; x_wconf 92' lang='lat' dir='ltr'>per</span> <span class='ocrx_word' id='word_1_592' title='bbox 2504 3927 2634 3964; x_wconf 90' lang='lat' dir='ltr'>aera</span> <span class='ocrx_word' id='word_1_593' title='bbox 2661 3910 2982 3965; x_wconf 90' lang='lat' dir='ltr'>sublevatos</span> <span class='ocrx_word' id='word_1_594' title='bbox 3036 3908 3198 3975; x_wconf 90' lang='lat' dir='ltr'>foras,</span> <span class='ocrx_word' id='word_1_595' title='bbox 3232 3918 3377 3965; x_wconf 91' lang='lat' dir='ltr'>tecto</span> <span class='ocrx_word' id='word_1_596' title='bbox 3429 3916 3682 3979; x_wconf 89' lang='lat' dir='ltr'>patente,</span> 
     </span>
    </p>
   </div>
   <div class='ocr_carea' id='block_1_84' title="bbox 2054 4001 3683 4076">
    <p class='ocr_par' dir='ltr' id='par_1_84' title="bbox 2054 4001 3683 4076">
     <span class='ocr_line' id='line_1_84' title="bbox 2054 4001 3683 4076; baseline -0.001 -18"><span class='ocrx_word' id='word_1_597' title='bbox 2054 4003 2330 4076; x_wconf 88' lang='lat' dir='ltr'>produxit,</span> <span class='ocrx_word' id='word_1_598' title='bbox 2356 4003 2548 4057; x_wconf 91' lang='lat' dir='ltr'>dicens</span> <span class='ocrx_word' id='word_1_599' title='bbox 2572 4020 2585 4056; x_wconf 92' lang='lat'>:</span> <span class='ocrx_word' id='word_1_600' title='bbox 2625 4023 2649 4052; x_wconf 84' lang='lat'>«</span> <span class='ocrx_word' id='word_1_601' title='bbox 2673 4003 2781 4075; x_wconf 87' lang='lat' dir='ltr'>Ego</span> <span class='ocrx_word' id='word_1_602' title='bbox 2813 4019 2931 4056; x_wconf 91' lang='lat' dir='ltr'>sum</span> <span class='ocrx_word' id='word_1_603' title='bbox 2956 4002 3239 4069; x_wconf 84' lang='lat' dir='ltr'>Martinus,</span> <span class='ocrx_word' id='word_1_604' title='bbox 3272 4002 3432 4055; x_wconf 89' lang='lat' dir='ltr'>miles</span> <span class='ocrx_word' id='word_1_605' title='bbox 3456 4001 3683 4066; x_wconf 88' lang='lat' dir='ltr'>Christi,</span> 
     </span>
    </p>
   </div>
   <div class='ocr_carea' id='block_1_85' title="bbox 2052 4093 3681 4165">
    <p class='ocr_par' dir='ltr' id='par_1_85' title="bbox 2052 4093 3681 4165">
     <span class='ocr_line' id='line_1_85' title="bbox 2052 4093 3681 4165; baseline -0.001 -15"><span class='ocrx_word' id='word_1_606' title='bbox 2052 4094 2338 4151; x_wconf 87' lang='lat' dir='ltr'>absolutor</span> <span class='ocrx_word' id='word_1_607' title='bbox 2356 4104 2557 4159; x_wconf 90' lang='lat' dir='ltr'>vester,</span> <span class='ocrx_word' id='word_1_608' title='bbox 2577 4094 2859 4149; x_wconf 89' lang='lat' dir='ltr'>abscedite</span> <span class='ocrx_word' id='word_1_609' title='bbox 2877 4111 3001 4149; x_wconf 92' lang='lat' dir='ltr'>cum</span> <span class='ocrx_word' id='word_1_610' title='bbox 3025 4110 3181 4165; x_wconf 91' lang='lat' dir='ltr'>pace,</span> <span class='ocrx_word' id='word_1_611' title='bbox 3211 4101 3265 4149; x_wconf 91' lang='lat' dir='ltr'>et</span> <span class='ocrx_word' id='word_1_612' title='bbox 3293 4093 3445 4148; x_wconf 90' lang='lat' dir='ltr'>abite</span> <span class='ocrx_word' id='word_1_613' title='bbox 3469 4094 3681 4149; x_wconf 89' lang='lat' dir='ltr'>securi.</span> 
     </span>
    </p>
   </div>
   <div class='ocr_carea' id='block_1_86' title="bbox 2050 4183 3681 4257">
    <p class='ocr_par' dir='ltr' id='par_1_86' title="bbox 2050 4183 3681 4257">
     <span class='ocr_line' id='line_1_86' title="bbox 2050 4183 3681 4257; baseline 0 -18"><span class='ocrx_word' id='word_1_614' title='bbox 2050 4184 2157 4239; x_wconf 89' lang='lat' dir='ltr'>Sed</span> <span class='ocrx_word' id='word_1_615' title='bbox 2187 4201 2308 4239; x_wconf 90' lang='lat' dir='ltr'>cum</span> <span class='ocrx_word' id='word_1_616' title='bbox 2351 4199 2478 4248; x_wconf 89' lang='lat' dir='ltr'>nos,</span> <span class='ocrx_word' id='word_1_617' title='bbox 2520 4183 2702 4254; x_wconf 88' lang='lat' dir='ltr'>inquit</span> <span class='ocrx_word' id='word_1_618' title='bbox 2734 4183 3051 4257; x_wconf 88' lang='lat' dir='ltr'>Gregorius,</span> <span class='ocrx_word' id='word_1_619' title='bbox 3084 4184 3150 4237; x_wconf 91' lang='lat' dir='ltr'>ad</span> <span class='ocrx_word' id='word_1_620' title='bbox 3186 4183 3681 4255; x_wconf 78' lang='lat' dir='ltr'>regemacceden-</span> 
     </span>
    </p>
   </div>
   <div class='ocr_carea' id='block_1_87' title="bbox 2051 4270 3682 4343">
    <p class='ocr_par' dir='ltr' id='par_1_87' title="bbox 2051 4270 3682 4343">
     <span class='ocr_line' id='line_1_87' title="bbox 2051 4270 3682 4343; baseline -0.001 -14"><span class='ocrx_word' id='word_1_621' title='bbox 2051 4280 2134 4329; x_wconf 88' lang='lat' dir='ltr'>tes</span> <span class='ocrx_word' id='word_1_622' title='bbox 2156 4274 2318 4343; x_wconf 87' lang='lat' dir='ltr'>hujus</span> <span class='ocrx_word' id='word_1_623' title='bbox 2346 4273 2568 4329; x_wconf 88' lang='lat' dir='ltr'>virtutis</span> <span class='ocrx_word' id='word_1_624' title='bbox 2607 4273 2929 4327; x_wconf 88' lang='lat' dir='ltr'>miraculum</span> <span class='ocrx_word' id='word_1_625' title='bbox 2960 4271 3388 4334; x_wconf 73' lang='lat' dir='ltr'>diffamaremus,</span> <span class='ocrx_word' id='word_1_626' title='bbox 3431 4270 3682 4327; x_wconf 84' lang='lat' dir='ltr'>afﬁrma-</span> 
     </span>
    </p>
   </div>
   <div class='ocr_carea' id='block_1_88' title="bbox 2047 4361 3679 4435">
    <p class='ocr_par' dir='ltr' id='par_1_88' title="bbox 2047 4361 3679 4435">
     <span class='ocr_line' id='line_1_88' title="bbox 2047 4361 3679 4435; baseline -0.001 -17"><span class='ocrx_word' id='word_1_627' title='bbox 2047 4363 2127 4418; x_wconf 86' lang='lat' dir='ltr'>vit</span> <span class='ocrx_word' id='word_1_628' title='bbox 2158 4380 2249 4418; x_wconf 89' lang='lat' dir='ltr'>rex</span> <span class='ocrx_word' id='word_1_629' title='bbox 2282 4362 2554 4435; x_wconf 89' lang='lat' dir='ltr'>quosdam</span> <span class='ocrx_word' id='word_1_630' title='bbox 2594 4378 2658 4418; x_wconf 92' lang='lat' dir='ltr'>ex</span> <span class='ocrx_word' id='word_1_631' title='bbox 2690 4362 2775 4417; x_wconf 91' lang='lat' dir='ltr'>his</span> <span class='ocrx_word' id='word_1_632' title='bbox 2827 4362 2921 4434; x_wconf 90' lang='lat' dir='ltr'>qui</span> <span class='ocrx_word' id='word_1_633' title='bbox 2975 4361 3213 4417; x_wconf 87' lang='lat' dir='ltr'>absoluti</span> <span class='ocrx_word' id='word_1_634' title='bbox 3254 4363 3474 4417; x_wconf 81' lang='lat' dir='ltr'>fuerant</span> <span class='ocrx_word' id='word_1_635' title='bbox 3520 4362 3590 4417; x_wconf 92' lang='lat' dir='ltr'>ad</span> <span class='ocrx_word' id='word_1_636' title='bbox 3617 4379 3679 4418; x_wconf 90' lang='lat' dir='ltr'>se</span> 
     </span>
    </p>
   </div>
   <div class='ocr_carea' id='block_1_89' title="bbox 2048 4451 3676 4526">
    <p class='ocr_par' dir='ltr' id='par_1_89' title="bbox 2048 4451 3676 4526">
     <span class='ocr_line' id='line_1_89' title="bbox 2048 4451 3676 4526; baseline -0.001 -16"><span class='ocrx_word' id='word_1_637' title='bbox 2048 4455 2292 4524; x_wconf 89' lang='lat' dir='ltr'>venisse,</span> <span class='ocrx_word' id='word_1_638' title='bbox 2334 4462 2498 4526; x_wconf 90' lang='lat' dir='ltr'>atque</span> <span class='ocrx_word' id='word_1_639' title='bbox 2530 4454 2989 4525; x_wconf 89' lang='lat' dir='ltr'>compositionem</span> <span class='ocrx_word' id='word_1_640' title='bbox 3026 4451 3157 4509; x_wconf 86' lang='lat' dir='ltr'>fisco</span> <span class='ocrx_word' id='word_1_641' title='bbox 3198 4454 3464 4522; x_wconf 88' lang='lat' dir='ltr'>debitam,</span> <span class='ocrx_word' id='word_1_642' title='bbox 3506 4471 3676 4525; x_wconf 89' lang='lat' dir='ltr'>quam</span> 
     </span>
    </p>
   </div>
   <div class='ocr_carea' id='block_1_90' title="bbox 2048 4544 3679 4612">
    <p class='ocr_par' dir='ltr' id='par_1_90' title="bbox 2048 4544 3679 4612">
     <span class='ocr_line' id='line_1_90' title="bbox 2048 4544 3679 4612; baseline 0.001 -14"><span class='ocrx_word' id='word_1_643' title='bbox 2048 4544 2122 4598; x_wconf 94' lang='lat' dir='ltr'>illi</span> <span class='ocrx_word' id='word_1_644' title='bbox 2158 4544 2373 4599; x_wconf 89' lang='lat' dir='ltr'>fredum</span> <span class='ocrx_word' id='word_1_645' title='bbox 2403 4552 2622 4612; x_wconf 87' lang='lat' dir='ltr'>vocant,</span> <span class='ocrx_word' id='word_1_646' title='bbox 2654 4553 2708 4600; x_wconf 90' lang='lat' dir='ltr'>et</span> <span class='ocrx_word' id='word_1_647' title='bbox 2738 4560 2796 4599; x_wconf 90' lang='lat' dir='ltr'>se</span> <span class='ocrx_word' id='word_1_648' title='bbox 2828 4544 2997 4600; x_wconf 90' lang='lat' dir='ltr'>fuisse</span> <span class='ocrx_word' id='word_1_649' title='bbox 3038 4546 3149 4601; x_wconf 90' lang='lat' dir='ltr'>reis</span> <span class='ocrx_word' id='word_1_650' title='bbox 3178 4546 3468 4601; x_wconf 78' lang='lat' dir='ltr'>indultum.</span> <span class='ocrx_word' id='word_1_651' title='bbox 3503 4565 3532 4596; x_wconf 67' lang='grc' dir='ltr'><strong>ν</strong></span> <span class='ocrx_word' id='word_1_652' title='bbox 3566 4544 3679 4600; x_wconf 82' lang='lat' dir='ltr'>Re-</span> 
     </span>
    </p>
   </div>
   <div class='ocr_carea' id='block_1_91' title="bbox 319 4622 3677 4713">
    <p class='ocr_par' dir='ltr' id='par_1_91' title="bbox 319 4622 3677 4713">
     <span class='ocr_line' id='line_1_91' title="bbox 319 4622 3677 4713; baseline 0 -23"><span class='ocrx_word' id='word_1_653' title='bbox 319 4637 521 4702; x_wconf 71' lang='lat' dir='ltr'>clcsize,</span> <span class='ocrx_word' id='word_1_654' title='bbox 553 4635 755 4691; x_wconf 89' lang='lat' dir='ltr'>divinis</span> <span class='ocrx_word' id='word_1_655' title='bbox 778 4638 1057 4693; x_wconf 90' lang='lat' dir='ltr'>miraculis</span> <span class='ocrx_word' id='word_1_656' title='bbox 1085 4638 1390 4707; x_wconf 63' lang='lat' dir='ltr'>illustratee,</span> <span class='ocrx_word' id='word_1_657' title='bbox 1415 4641 1480 4696; x_wconf 90' lang='lat' dir='ltr'>ad</span> <span class='ocrx_word' id='word_1_658' title='bbox 1515 4658 1637 4713; x_wconf 63' lang='lat' dir='ltr'>qua;</span> <span class='ocrx_word' id='word_1_659' title='bbox 1661 4642 1941 4697; x_wconf 92' lang='lat' dir='ltr'>neminem</span> <span class='ocrx_word' id='word_1_660' title='bbox 1968 4622 2025 4692; x_wconf 86' lang='lat' dir='ltr'>D</span> <span class='ocrx_word' id='word_1_661' title='bbox 2050 4634 2156 4691; x_wconf 88' lang='lat' dir='ltr'>fert</span> <span class='ocrx_word' id='word_1_662' title='bbox 2184 4636 2349 4691; x_wconf 90' lang='lat' dir='ltr'>etiam</span> <span class='ocrx_word' id='word_1_663' title='bbox 2380 4636 2527 4691; x_wconf 91' lang='lat' dir='ltr'>idem</span> <span class='ocrx_word' id='word_1_664' title='bbox 2552 4637 2846 4709; x_wconf 83' lang='lat' dir='ltr'>Gregorius</span> <span class='ocrx_word' id='word_1_665' title='bbox 2874 4638 2987 4705; x_wconf 85' lang='lat' dir='ltr'>(ubi</span> <span class='ocrx_word' id='word_1_666' title='bbox 3011 4654 3198 4709; x_wconf 83' lang='lat' dir='ltr'>supra,</span> <span class='ocrx_word' id='word_1_667' title='bbox 3226 4639 3321 4693; x_wconf 85' lang='lat' dir='ltr'>lib.</span> <span class='ocrx_word' id='word_1_668' title='bbox 3356 4656 3415 4705; x_wconf 85' lang='grc' dir='ltr'>ιι,</span> <span class='ocrx_word' id='word_1_669' title='bbox 3438 4654 3535 4707; x_wconf 86' lang='lat' dir='ltr'>cap</span> <span class='ocrx_word' id='word_1_670' title='bbox 3590 4639 3677 4705; x_wconf 79' lang='grc'>17)</span> 
     </span>
    </p>
   </div>
   <div class='ocr_carea' id='block_1_92' title="bbox 322 4725 1948 4802">
    <p class='ocr_par' dir='ltr' id='par_1_92' title="bbox 322 4725 1948 4802">
     <span class='ocr_line' id='line_1_92' title="bbox 322 4725 1948 4802; baseline 0.004 -23"><span class='ocrx_word' id='word_1_671' title='bbox 322 4725 604 4779; x_wconf 88' lang='lat' dir='ltr'>credimus</span> <span class='ocrx_word' id='word_1_672' title='bbox 629 4727 934 4781; x_wconf 84' lang='lat' dir='ltr'>enarranda</span> <span class='ocrx_word' id='word_1_673' title='bbox 966 4727 1241 4783; x_wconf 81' lang='lat' dir='ltr'>sufficere.</span> <span class='ocrx_word' id='word_1_674' title='bbox 1280 4730 1339 4783; x_wconf 88' lang='lat' dir='ltr'>In</span> <span class='ocrx_word' id='word_1_675' title='bbox 1361 4731 1483 4786; x_wconf 87' lang='lat' dir='ltr'>vico</span> <span class='ocrx_word' id='word_1_676' title='bbox 1506 4731 1746 4802; x_wconf 89' lang='lat' dir='ltr'>denique</span> <span class='ocrx_word' id='word_1_677' title='bbox 1774 4731 1948 4785; x_wconf 89' lang='lat' dir='ltr'>sancti</span> 
     </span>
    </p>
   </div>
   <div class='ocr_carea' id='block_1_93' title="bbox 317 4811 1950 4894">
    <p class='ocr_par' dir='ltr' id='par_1_93' title="bbox 317 4811 1950 4894">
     <span class='ocr_line' id='line_1_93' title="bbox 317 4811 1950 4894; baseline 0.006 -27"><span class='ocrx_word' id='word_1_678' title='bbox 317 4811 553 4889; x_wconf 77' lang='lat' dir='ltr'>Remigii</span> <span class='ocrx_word' id='word_1_679' title='bbox 576 4824 792 4870; x_wconf 88' lang='lat' dir='ltr'>constat</span> <span class='ocrx_word' id='word_1_680' title='bbox 818 4816 1053 4871; x_wconf 89' lang='lat' dir='ltr'>ecclesia</span> <span class='ocrx_word' id='word_1_681' title='bbox 1080 4818 1246 4885; x_wconf 87' lang='lat' dir='ltr'>hujus</span> <span class='ocrx_word' id='word_1_682' title='bbox 1272 4819 1416 4874; x_wconf 87' lang='lat' dir='ltr'>beati</span> <span class='ocrx_word' id='word_1_683' title='bbox 1443 4820 1800 4888; x_wconf 84' lang='lat' dir='ltr'>confessoris,</span> <span class='ocrx_word' id='word_1_684' title='bbox 1826 4836 1950 4894; x_wconf 71' lang='lat' dir='ltr'>quae</span> 
     </span>
    </p>
   </div>
   <div class='ocr_carea' id='block_1_94' title="bbox 316 4901 1944 4983">
    <p class='ocr_par' dir='ltr' id='par_1_94' title="bbox 316 4901 1944 4983">
     <span class='ocr_line' id='line_1_94' title="bbox 316 4901 1944 4983; baseline 0.006 -28"><span class='ocrx_word' id='word_1_685' title='bbox 316 4901 643 4959; x_wconf 88' lang='lat' dir='ltr'>clericorum</span> <span class='ocrx_word' id='word_1_686' title='bbox 673 4904 802 4960; x_wconf 90' lang='lat' dir='ltr'>olim</span> <span class='ocrx_word' id='word_1_687' title='bbox 834 4904 1008 4960; x_wconf 89' lang='lat' dir='ltr'>fertur</span> <span class='ocrx_word' id='word_1_688' title='bbox 1038 4906 1300 4961; x_wconf 89' lang='lat' dir='ltr'>habuisse</span> <span class='ocrx_word' id='word_1_689' title='bbox 1332 4911 1841 4983; x_wconf 81' lang='lat' dir='ltr'>congregationem,</span> <span class='ocrx_word' id='word_1_690' title='bbox 1876 4911 1944 4965; x_wconf 89' lang='lat' dir='ltr'>de</span> 
     </span>
    </p>
   </div>
   <div class='ocr_carea' id='block_1_95' title="bbox 318 5000 1945 5071">
    <p class='ocr_par' dir='ltr' id='par_1_95' title="bbox 318 5000 1945 5071">
     <span class='ocr_line' id='line_1_95' title="bbox 318 5000 1945 5071; baseline 0.005 -19"><span class='ocrx_word' id='word_1_691' title='bbox 318 5014 427 5071; x_wconf 90' lang='lat' dir='ltr'>qua</span> <span class='ocrx_word' id='word_1_692' title='bbox 456 5000 565 5055; x_wconf 89' lang='lat' dir='ltr'>tale</span> <span class='ocrx_word' id='word_1_693' title='bbox 596 5000 740 5071; x_wconf 90' lang='lat' dir='ltr'>apud</span> <span class='ocrx_word' id='word_1_694' title='bbox 798 5017 899 5056; x_wconf 88' lang='lat' dir='ltr'>nos</span> <span class='ocrx_word' id='word_1_695' title='bbox 933 5004 1165 5057; x_wconf 81' lang='lat' dir='ltr'>refertur</span> <span class='ocrx_word' id='word_1_696' title='bbox 1210 5003 1556 5059; x_wconf 90' lang='lat' dir='ltr'>miraculum.</span> <span class='ocrx_word' id='word_1_697' title='bbox 1590 5006 1820 5070; x_wconf 90' lang='lat' dir='ltr'>Quidam</span> <span class='ocrx_word' id='word_1_698' title='bbox 1861 5006 1945 5060; x_wconf 91' lang='lat' dir='ltr'>vir</span> 
     </span>
    </p>
   </div>
   <div class='ocr_carea' id='block_1_96' title="bbox 316 5091 1940 5172">
    <p class='ocr_par' dir='ltr' id='par_1_96' title="bbox 316 5091 1940 5172">
     <span class='ocr_line' id='line_1_96' title="bbox 316 5091 1940 5172; baseline 0.005 -27"><span class='ocrx_word' id='word_1_699' title='bbox 316 5091 564 5159; x_wconf 90' lang='lat' dir='ltr'>illustris,</span> <span class='ocrx_word' id='word_1_700' title='bbox 619 5109 744 5148; x_wconf 91' lang='lat' dir='ltr'>cum</span> <span class='ocrx_word' id='word_1_701' title='bbox 776 5094 1019 5150; x_wconf 85' lang='lat' dir='ltr'>duxisset</span> <span class='ocrx_word' id='word_1_702' title='bbox 1069 5110 1319 5161; x_wconf 91' lang='lat' dir='ltr'>uxorem,</span> <span class='ocrx_word' id='word_1_703' title='bbox 1356 5112 1463 5151; x_wconf 92' lang='lat' dir='ltr'>non</span> <span class='ocrx_word' id='word_1_704' title='bbox 1524 5097 1688 5172; x_wconf 88' lang='lat' dir='ltr'>longe</span> <span class='ocrx_word' id='word_1_705' title='bbox 1731 5106 1854 5168; x_wconf 90' lang='lat' dir='ltr'>post</span> <span class='ocrx_word' id='word_1_706' title='bbox 1884 5099 1940 5153; x_wconf 90' lang='lat' dir='ltr'>in</span> 
     </span>
    </p>
   </div>
   <div class='ocr_carea' id='block_1_97' title="bbox 315 5183 1941 5261">
    <p class='ocr_par' dir='ltr' id='par_1_97' title="bbox 315 5183 1941 5261">
     <span class='ocr_line' id='line_1_97' title="bbox 315 5183 1941 5261; baseline 0.006 -25"><span class='ocrx_word' id='word_1_707' title='bbox 315 5183 730 5253; x_wconf 87' lang='lat' dir='ltr'>expeditionem</span> <span class='ocrx_word' id='word_1_708' title='bbox 746 5197 1022 5259; x_wconf 64' lang='lat' dir='ltr'>praecepto</span> <span class='ocrx_word' id='word_1_709' title='bbox 1042 5188 1187 5261; x_wconf 83' lang='lat' dir='ltr'>regis</span> <span class='ocrx_word' id='word_1_710' title='bbox 1215 5189 1515 5260; x_wconf 90' lang='lat' dir='ltr'>profectus,</span> <span class='ocrx_word' id='word_1_711' title='bbox 1540 5190 1744 5261; x_wconf 91' lang='lat' dir='ltr'>diuque</span> <span class='ocrx_word' id='word_1_712' title='bbox 1757 5207 1941 5247; x_wconf 89' lang='lat' dir='ltr'>mora-</span> 
     </span>
    </p>
   </div>
   <div class='ocr_carea' id='block_1_98' title="bbox 318 5275 1938 5353">
    <p class='ocr_par' dir='ltr' id='par_1_98' title="bbox 318 5275 1938 5353">
     <span class='ocr_line' id='line_1_98' title="bbox 318 5275 1938 5353; baseline 0.007 -29"><span class='ocrx_word' id='word_1_713' title='bbox 318 5276 430 5335; x_wconf 89' lang='lat' dir='ltr'>tus,</span> <span class='ocrx_word' id='word_1_714' title='bbox 464 5278 756 5341; x_wconf 88' lang='lat' dir='ltr'>postquam</span> <span class='ocrx_word' id='word_1_715' title='bbox 786 5275 1007 5330; x_wconf 91' lang='lat' dir='ltr'>domum</span> <span class='ocrx_word' id='word_1_716' title='bbox 1038 5278 1314 5343; x_wconf 89' lang='lat' dir='ltr'>rediisset,</span> <span class='ocrx_word' id='word_1_717' title='bbox 1344 5278 1717 5353; x_wconf 82' lang='lat' dir='ltr'>significatum</span> <span class='ocrx_word' id='word_1_718' title='bbox 1750 5288 1833 5334; x_wconf 92' lang='lat' dir='ltr'>est</span> <span class='ocrx_word' id='word_1_719' title='bbox 1860 5281 1938 5335; x_wconf 90' lang='lat' dir='ltr'>illi</span> 
     </span>
    </p>
   </div>
   <div class='ocr_carea' id='block_1_99' title="bbox 315 5355 1940 5438">
    <p class='ocr_par' dir='ltr' id='par_1_99' title="bbox 315 5355 1940 5438">
     <span class='ocr_line' id='line_1_99' title="bbox 315 5355 1940 5438; baseline 0.008 -27"><span class='ocrx_word' id='word_1_720' title='bbox 315 5355 463 5429; x_wconf 88' lang='lat' dir='ltr'>quod</span> <span class='ocrx_word' id='word_1_721' title='bbox 491 5373 629 5412; x_wconf 87' lang='lat' dir='ltr'>uxor</span> <span class='ocrx_word' id='word_1_722' title='bbox 670 5360 789 5428; x_wconf 83' lang='lat' dir='ltr'>ejus</span> <span class='ocrx_word' id='word_1_723' title='bbox 820 5362 1090 5419; x_wconf 86' lang='lat' dir='ltr'>adulterio</span> <span class='ocrx_word' id='word_1_724' title='bbox 1120 5364 1314 5421; x_wconf 89' lang='lat' dir='ltr'>fuisset</span> <span class='ocrx_word' id='word_1_725' title='bbox 1344 5376 1618 5438; x_wconf 89' lang='lat' dir='ltr'>corrupta.</span> <span class='ocrx_word' id='word_1_726' title='bbox 1653 5368 1823 5432; x_wconf 86' lang='lat' dir='ltr'>Quam</span> <span class='ocrx_word' id='word_1_727' title='bbox 1854 5370 1940 5424; x_wconf 86' lang='lat' dir='ltr'>vir</span> 
     </span>
    </p>
   </div>
   <div class='ocr_carea' id='block_1_100' title="bbox 312 5449 1937 5530">
    <p class='ocr_par' dir='ltr' id='par_1_100' title="bbox 312 5449 1937 5530">
     <span class='ocr_line' id='line_1_100' title="bbox 312 5449 1937 5530; baseline 0.009 -27"><span class='ocrx_word' id='word_1_728' title='bbox 312 5465 540 5504; x_wconf 88' lang='lat' dir='ltr'>uxorem</span> <span class='ocrx_word' id='word_1_729' title='bbox 577 5449 836 5525; x_wconf 86' lang='lat' dir='ltr'>diligens,</span> <span class='ocrx_word' id='word_1_730' title='bbox 870 5455 962 5509; x_wconf 91' lang='lat' dir='ltr'>tali</span> <span class='ocrx_word' id='word_1_731' title='bbox 1014 5458 1420 5514; x_wconf 87' lang='lat' dir='ltr'>examinatione</span> <span class='ocrx_word' id='word_1_732' title='bbox 1472 5460 1706 5530; x_wconf 91' lang='lat' dir='ltr'>probare</span> <span class='ocrx_word' id='word_1_733' title='bbox 1759 5461 1937 5518; x_wconf 89' lang='lat' dir='ltr'>voluit</span> 
     </span>
    </p>
   </div>
   <div class='ocr_carea' id='block_1_101' title="bbox 311 5541 1932 5623">
    <p class='ocr_par' dir='ltr' id='par_1_101' title="bbox 311 5541 1932 5623">
     <span class='ocr_line' id='line_1_101' title="bbox 311 5541 1932 5623; baseline 0.01 -29"><span class='ocrx_word' id='word_1_734' title='bbox 311 5541 521 5605; x_wconf 89' lang='lat' dir='ltr'>audita,</span> <span class='ocrx_word' id='word_1_735' title='bbox 555 5548 613 5596; x_wconf 91' lang='lat' dir='ltr'>ut</span> <span class='ocrx_word' id='word_1_736' title='bbox 644 5558 810 5612; x_wconf 88' lang='lat' dir='ltr'>supra</span> <span class='ocrx_word' id='word_1_737' title='bbox 840 5562 992 5602; x_wconf 89' lang='lat' dir='ltr'>sacra</span> <span class='ocrx_word' id='word_1_738' title='bbox 1040 5551 1397 5605; x_wconf 89' lang='lat' dir='ltr'>ecclesiarum</span> <span class='ocrx_word' id='word_1_739' title='bbox 1433 5569 1554 5623; x_wconf 63' lang='lat' dir='ltr'>quae</span> <span class='ocrx_word' id='word_1_740' title='bbox 1592 5552 1646 5606; x_wconf 90' lang='lat' dir='ltr'>in</span> <span class='ocrx_word' id='word_1_741' title='bbox 1681 5552 1781 5609; x_wconf 85' lang='lat' dir='ltr'>hac</span> <span class='ocrx_word' id='word_1_742' title='bbox 1811 5554 1932 5609; x_wconf 90' lang='lat' dir='ltr'>vico</span> 
     </span>
    </p>
   </div>
   <div class='ocr_carea' id='block_1_102' title="bbox 313 5630 1933 5711">
    <p class='ocr_par' dir='ltr' id='par_1_102' title="bbox 313 5630 1933 5711">
     <span class='ocr_line' id='line_1_102' title="bbox 313 5630 1933 5711; baseline 0.009 -28"><span class='ocrx_word' id='word_1_743' title='bbox 313 5630 591 5685; x_wconf 84' lang='lat' dir='ltr'>habentur</span> <span class='ocrx_word' id='word_1_744' title='bbox 620 5646 758 5685; x_wconf 91' lang='lat' dir='ltr'>uxor</span> <span class='ocrx_word' id='word_1_745' title='bbox 798 5632 904 5687; x_wconf 89' lang='lat' dir='ltr'>sibi</span> <span class='ocrx_word' id='word_1_746' title='bbox 932 5637 1141 5700; x_wconf 89' lang='lat' dir='ltr'>juraret</span> <span class='ocrx_word' id='word_1_747' title='bbox 1189 5639 1379 5693; x_wconf 89' lang='lat' dir='ltr'>altaria</span> <span class='ocrx_word' id='word_1_748' title='bbox 1412 5642 1559 5711; x_wconf 89' lang='lat' dir='ltr'>quod</span> <span class='ocrx_word' id='word_1_749' title='bbox 1602 5641 1706 5696; x_wconf 90' lang='lat' dir='ltr'>hoc</span> <span class='ocrx_word' id='word_1_750' title='bbox 1745 5643 1933 5698; x_wconf 89' lang='lat' dir='ltr'>crimi-</span> 
     </span>
    </p>
   </div>
   <div class='ocr_carea' id='block_1_103' title="bbox 311 5719 1926 5800">
    <p class='ocr_par' dir='ltr' id='par_1_103' title="bbox 311 5719 1926 5800">
     <span class='ocr_line' id='line_1_103' title="bbox 311 5719 1926 5800; baseline 0.009 -28"><span class='ocrx_word' id='word_1_751' title='bbox 311 5734 381 5773; x_wconf 89' lang='lat' dir='ltr'>ne</span> <span class='ocrx_word' id='word_1_752' title='bbox 432 5725 577 5774; x_wconf 86' lang='lat' dir='ltr'>esset</span> <span class='ocrx_word' id='word_1_753' title='bbox 609 5719 855 5787; x_wconf 88' lang='lat' dir='ltr'>innoxia,</span> <span class='ocrx_word' id='word_1_754' title='bbox 887 5723 1076 5795; x_wconf 89' lang='lat' dir='ltr'>sicque</span> <span class='ocrx_word' id='word_1_755' title='bbox 1117 5726 1378 5781; x_wconf 91' lang='lat' dir='ltr'>immunis</span> <span class='ocrx_word' id='word_1_756' title='bbox 1415 5728 1523 5784; x_wconf 92' lang='lat' dir='ltr'>sibi</span> <span class='ocrx_word' id='word_1_757' title='bbox 1576 5732 1926 5800; x_wconf 89' lang='lat' dir='ltr'>postmodum</span> 
     </span>
    </p>
   </div>
   <div class='ocr_carea' id='block_1_104' title="bbox 309 5805 1924 5889">
    <p class='ocr_par' dir='ltr' id='par_1_104' title="bbox 309 5805 1924 5889">
     <span class='ocr_line' id='line_1_104' title="bbox 309 5805 1924 5889; baseline 0.007 -24"><span class='ocrx_word' id='word_1_758' title='bbox 309 5805 453 5865; x_wconf 86' lang='lat' dir='ltr'>foret</span> <span class='ocrx_word' id='word_1_759' title='bbox 481 5824 511 5863; x_wconf 92' lang='lat' dir='ltr'>a</span> <span class='ocrx_word' id='word_1_760' title='bbox 544 5824 703 5865; x_wconf 90' lang='lat' dir='ltr'>noxa.</span> <span class='ocrx_word' id='word_1_761' title='bbox 737 5810 889 5876; x_wconf 90' lang='lat' dir='ltr'>Quod</span> <span class='ocrx_word' id='word_1_762' title='bbox 931 5812 1024 5868; x_wconf 86' lang='lat' dir='ltr'>illa</span> <span class='ocrx_word' id='word_1_763' title='bbox 1055 5830 1166 5869; x_wconf 90' lang='lat' dir='ltr'>non</span> <span class='ocrx_word' id='word_1_764' title='bbox 1199 5814 1470 5887; x_wconf 89' lang='lat' dir='ltr'>abnuens,</span> <span class='ocrx_word' id='word_1_765' title='bbox 1510 5826 1765 5889; x_wconf 88' lang='lat' dir='ltr'>prompta</span> <span class='ocrx_word' id='word_1_766' title='bbox 1794 5836 1924 5876; x_wconf 81' lang='lat' dir='ltr'>sus-</span> 
     </span>
    </p>
   </div>
   <div class='ocr_carea' id='block_1_105' title="bbox 2048 4727 3681 4797">
    <p class='ocr_par' dir='ltr' id='par_1_105' title="bbox 2048 4727 3681 4797">
     <span class='ocr_line' id='line_1_105' title="bbox 2048 4727 3681 4797; baseline 0 -16"><span class='ocrx_word' id='word_1_767' title='bbox 2048 4742 2107 4781; x_wconf 89' lang='lat' dir='ltr'>se</span> <span class='ocrx_word' id='word_1_768' title='bbox 2136 4727 2415 4797; x_wconf 89' lang='lat' dir='ltr'>quondam</span> <span class='ocrx_word' id='word_1_769' title='bbox 2447 4728 2589 4781; x_wconf 89' lang='lat' dir='ltr'>hanc</span> <span class='ocrx_word' id='word_1_770' title='bbox 2621 4728 2815 4781; x_wconf 87' lang='lat' dir='ltr'>urbem</span> <span class='ocrx_word' id='word_1_771' title='bbox 2841 4728 3067 4797; x_wconf 88' lang='lat' dir='ltr'>petisse,</span> <span class='ocrx_word' id='word_1_772' title='bbox 3102 4736 3156 4782; x_wconf 92' lang='lat' dir='ltr'>et</span> <span class='ocrx_word' id='word_1_773' title='bbox 3187 4728 3242 4781; x_wconf 91' lang='lat' dir='ltr'>in</span> <span class='ocrx_word' id='word_1_774' title='bbox 3275 4728 3517 4783; x_wconf 87' lang='lat' dir='ltr'>sacrario</span> <span class='ocrx_word' id='word_1_775' title='bbox 3570 4727 3681 4782; x_wconf 83' lang='lat' dir='ltr'>hu-</span> 
     </span>
    </p>
   </div>
   <div class='ocr_carea' id='block_1_106' title="bbox 2042 4815 3680 4890">
    <p class='ocr_par' dir='ltr' id='par_1_106' title="bbox 2042 4815 3680 4890">
     <span class='ocr_line' id='line_1_106' title="bbox 2042 4815 3680 4890; baseline -0.001 -20"><span class='ocrx_word' id='word_1_776' title='bbox 2042 4816 2136 4885; x_wconf 87' lang='lat' dir='ltr'>jus</span> <span class='ocrx_word' id='word_1_777' title='bbox 2168 4815 2457 4870; x_wconf 80' lang='lat' dir='ltr'>Remensis</span> <span class='ocrx_word' id='word_1_778' title='bbox 2504 4816 2753 4870; x_wconf 61' lang='lat' dir='ltr'>ecclesiae</span> <span class='ocrx_word' id='word_1_779' title='bbox 2808 4816 3027 4890; x_wconf 85' lang='lat' dir='ltr'>Sigonis</span> <span class='ocrx_word' id='word_1_780' title='bbox 3056 4833 3243 4871; x_wconf 85' lang='lat' dir='ltr'>aurem</span> <span class='ocrx_word' id='word_1_781' title='bbox 3281 4816 3503 4871; x_wconf 90' lang='lat' dir='ltr'>surdam</span> <span class='ocrx_word' id='word_1_782' title='bbox 3529 4816 3680 4871; x_wconf 87' lang='lat' dir='ltr'>refe-</span> 
     </span>
    </p>
   </div>
   <div class='ocr_carea' id='block_1_107' title="bbox 2049 4907 3677 4982">
    <p class='ocr_par' dir='ltr' id='par_1_107' title="bbox 2049 4907 3677 4982">
     <span class='ocr_line' id='line_1_107' title="bbox 2049 4907 3677 4982; baseline 0.002 -21"><span class='ocrx_word' id='word_1_783' title='bbox 2049 4908 2294 4962; x_wconf 85' lang='lat' dir='ltr'>rendarii</span> <span class='ocrx_word' id='word_1_784' title='bbox 2327 4907 2600 4982; x_wconf 88' lang='lat' dir='ltr'>Sigeberti</span> <span class='ocrx_word' id='word_1_785' title='bbox 2632 4908 2800 4982; x_wconf 84' lang='lat' dir='ltr'>regis,</span> <span class='ocrx_word' id='word_1_786' title='bbox 2852 4909 3052 4964; x_wconf 86' lang='lat' dir='ltr'>virtute</span> <span class='ocrx_word' id='word_1_787' title='bbox 3083 4909 3232 4965; x_wconf 88' lang='lat' dir='ltr'>beati</span> <span class='ocrx_word' id='word_1_788' title='bbox 3284 4909 3520 4977; x_wconf 81' lang='lat' dir='ltr'>Martini,</span> <span class='ocrx_word' id='word_1_789' title='bbox 3568 4927 3677 4965; x_wconf 83' lang='lat' dir='ltr'>cu-</span> 
     </span>
    </p>
   </div>
   <div class='ocr_carea' id='block_1_108' title="bbox 2039 4997 3680 5070">
    <p class='ocr_par' dir='ltr' id='par_1_108' title="bbox 2039 4997 3680 5070">
     <span class='ocr_line' id='line_1_108' title="bbox 2039 4997 3680 5070; baseline 0.001 -19"><span class='ocrx_word' id='word_1_790' title='bbox 2039 4998 2131 5067; x_wconf 90' lang='lat' dir='ltr'>jus</span> <span class='ocrx_word' id='word_1_791' title='bbox 2156 4997 2507 5053; x_wconf 88' lang='lat' dir='ltr'>habebantur</span> <span class='ocrx_word' id='word_1_792' title='bbox 2546 4998 2693 5069; x_wconf 87' lang='lat' dir='ltr'>apud</span> <span class='ocrx_word' id='word_1_793' title='bbox 2720 5014 2778 5052; x_wconf 91' lang='lat' dir='ltr'>se</span> <span class='ocrx_word' id='word_1_794' title='bbox 2821 4998 3072 5070; x_wconf 83' lang='lat' dir='ltr'>pignora,</span> <span class='ocrx_word' id='word_1_795' title='bbox 3108 4999 3236 5053; x_wconf 91' lang='lat' dir='ltr'>dum</span> <span class='ocrx_word' id='word_1_796' title='bbox 3262 4999 3680 5070; x_wconf 86' lang='lat' dir='ltr'>collcqueretur</span> 
     </span>
    </p>
   </div>
   <div class='ocr_carea' id='block_1_109' title="bbox 2043 5089 3559 5163">
    <p class='ocr_par' dir='ltr' id='par_1_109' title="bbox 2043 5089 3559 5163">
     <span class='ocr_line' id='line_1_109' title="bbox 2043 5089 3559 5163; baseline 0.001 -18"><span class='ocrx_word' id='word_1_797' title='bbox 2043 5106 2256 5159; x_wconf 90' lang='lat' dir='ltr'>secum,</span> <span class='ocrx_word' id='word_1_798' title='bbox 2297 5090 2482 5146; x_wconf 89' lang='lat' dir='ltr'>subito</span> <span class='ocrx_word' id='word_1_799' title='bbox 2523 5089 2851 5161; x_wconf 88' lang='lat' dir='ltr'>patefactam</span> <span class='ocrx_word' id='word_1_800' title='bbox 2882 5100 3047 5163; x_wconf 86' lang='lat' dir='ltr'>atque</span> <span class='ocrx_word' id='word_1_801' title='bbox 3077 5099 3322 5147; x_wconf 89' lang='lat' dir='ltr'>sanatam</span> <span class='ocrx_word' id='word_1_802' title='bbox 3365 5090 3559 5147; x_wconf 89' lang='lat' dir='ltr'>fuisse.</span> 
     </span>
    </p>
   </div>
   <div class='ocr_carea' id='block_1_110' title="bbox 2687 5196 3017 5252">
    <p class='ocr_par' dir='ltr' id='par_1_110' title="bbox 2687 5196 3017 5252">
     <span class='ocr_line' id='line_1_110' title="bbox 2687 5196 3017 5252; baseline 0 -1"><span class='ocrx_word' id='word_1_803' title='bbox 2687 5196 2898 5251; x_wconf 83' lang='lat' dir='ltr'>CAPUT</span> <span class='ocrx_word' id='word_1_804' title='bbox 2933 5196 3017 5252; x_wconf 87' lang='lat' dir='ltr'>L1.</span> 
     </span>
    </p>
   </div>
   <div class='ocr_carea' id='block_1_111' title="bbox 2468 5287 3238 5353">
    <p class='ocr_par' dir='ltr' id='par_1_111' title="bbox 2468 5287 3238 5353">
     <span class='ocr_line' id='line_1_111' title="bbox 2468 5287 3238 5353; baseline 0 -13"><span class='ocrx_word' id='word_1_805' title='bbox 2468 5287 2545 5341; x_wconf 79' lang='lat' dir='ltr'>De</span> <span class='ocrx_word' id='word_1_806' title='bbox 2573 5292 2763 5341; x_wconf 87' lang='lat' dir='ltr'>sancta</span> <span class='ocrx_word' id='word_1_807' title='bbox 2792 5290 2980 5342; x_wconf 87' lang='lat' dir='ltr'>Macra</span> <span class='ocrx_word' id='word_1_808' title='bbox 3004 5288 3238 5353; x_wconf 59' lang='lat' dir='ltr'>uirgine.</span> 
     </span>
    </p>
   </div>
   <div class='ocr_carea' id='block_1_112' title="bbox 2108 5371 3678 5452">
    <p class='ocr_par' dir='ltr' id='par_1_112' title="bbox 2108 5371 3678 5452">
     <span class='ocr_line' id='line_1_112' title="bbox 2108 5371 3678 5452; baseline 0.004 -25"><span class='ocrx_word' id='word_1_809' title='bbox 2108 5371 2274 5428; x_wconf 88' lang='lat' dir='ltr'>Passa</span> <span class='ocrx_word' id='word_1_810' title='bbox 2307 5380 2391 5428; x_wconf 88' lang='lat' dir='ltr'>est</span> <span class='ocrx_word' id='word_1_811' title='bbox 2424 5373 2479 5428; x_wconf 91' lang='lat' dir='ltr'>in</span> <span class='ocrx_word' id='word_1_812' title='bbox 2513 5375 2618 5431; x_wconf 92' lang='lat' dir='ltr'>hoc</span> <span class='ocrx_word' id='word_1_813' title='bbox 2652 5376 2909 5430; x_wconf 83' lang='lat' dir='ltr'>Remensi</span> <span class='ocrx_word' id='word_1_814' title='bbox 2939 5391 3081 5449; x_wconf 90' lang='lat' dir='ltr'>pago</span> <span class='ocrx_word' id='word_1_815' title='bbox 3114 5376 3277 5431; x_wconf 90' lang='lat' dir='ltr'>beata</span> <span class='ocrx_word' id='word_1_816' title='bbox 3307 5375 3486 5432; x_wconf 85' lang='lat' dir='ltr'>Macra</span> <span class='ocrx_word' id='word_1_817' title='bbox 3517 5377 3678 5452; x_wconf 87' lang='lat' dir='ltr'>virgo</span> 
     </span>
    </p>
   </div>
   <div class='ocr_carea' id='block_1_113' title="bbox 2036 5463 3677 5539">
    <p class='ocr_par' dir='ltr' id='par_1_113' title="bbox 2036 5463 3677 5539">
     <span class='ocr_line' id='line_1_113' title="bbox 2036 5463 3677 5539; baseline 0.004 -22"><span class='ocrx_word' id='word_1_818' title='bbox 2036 5463 2140 5518; x_wconf 88' lang='lat' dir='ltr'>sub</span> <span class='ocrx_word' id='word_1_819' title='bbox 2200 5464 2513 5520; x_wconf 83' lang='lat' dir='ltr'>Rictiovaro</span> <span class='ocrx_word' id='word_1_820' title='bbox 2572 5466 2854 5537; x_wconf 64' lang='lat' dir='ltr'>praefecto,</span> <span class='ocrx_word' id='word_1_821' title='bbox 2894 5484 3016 5538; x_wconf 67' lang='lat' dir='ltr'>quia</span> <span class='ocrx_word' id='word_1_822' title='bbox 3069 5477 3191 5538; x_wconf 86' lang='lat' dir='ltr'>post</span> <span class='ocrx_word' id='word_1_823' title='bbox 3229 5467 3677 5539; x_wconf 89' lang='lat' dir='ltr'>iusuperabilem</span> 
     </span>
    </p>
   </div>
   <div class='ocr_carea' id='block_1_114' title="bbox 2037 5553 3676 5631">
    <p class='ocr_par' dir='ltr' id='par_1_114' title="bbox 2037 5553 3676 5631">
     <span class='ocr_line' id='line_1_114' title="bbox 2037 5553 3676 5631; baseline 0.006 -26"><span class='ocrx_word' id='word_1_824' title='bbox 2037 5553 2238 5608; x_wconf 79' lang='lat' dir='ltr'>Christi</span> <span class='ocrx_word' id='word_1_825' title='bbox 2271 5554 2678 5611; x_wconf 81' lang='lat' dir='ltr'>confessionem</span> <span class='ocrx_word' id='word_1_826' title='bbox 2713 5557 3038 5631; x_wconf 86' lang='lat' dir='ltr'>gravissima</span> <span class='ocrx_word' id='word_1_827' title='bbox 3069 5565 3343 5615; x_wconf 86' lang='lat' dir='ltr'>tormenta</span> <span class='ocrx_word' id='word_1_828' title='bbox 3383 5575 3676 5631; x_wconf 88' lang='lat' dir='ltr'>perpessa,</span> 
     </span>
    </p>
   </div>
   <div class='ocr_carea' id='block_1_115' title="bbox 2038 5644 3676 5719">
    <p class='ocr_par' dir='ltr' id='par_1_115' title="bbox 2038 5644 3676 5719">
     <span class='ocr_line' id='line_1_115' title="bbox 2038 5644 3676 5719; baseline 0.005 -23"><span class='ocrx_word' id='word_1_829' title='bbox 2038 5650 2162 5712; x_wconf 88' lang='lat' dir='ltr'>post</span> <span class='ocrx_word' id='word_1_830' title='bbox 2192 5644 2621 5699; x_wconf 89' lang='lat' dir='ltr'>mammillarum</span> <span class='ocrx_word' id='word_1_831' title='bbox 2646 5646 3070 5715; x_wconf 86' lang='lat' dir='ltr'>abscissionem,</span> <span class='ocrx_word' id='word_1_832' title='bbox 3096 5655 3151 5703; x_wconf 92' lang='lat' dir='ltr'>et</span> <span class='ocrx_word' id='word_1_833' title='bbox 3180 5648 3531 5719; x_wconf 87' lang='lat' dir='ltr'>repentinam</span> <span class='ocrx_word' id='word_1_834' title='bbox 3566 5666 3676 5705; x_wconf 89' lang='lat' dir='ltr'>cu-</span> 
     </span>
    </p>
   </div>
   <div class='ocr_carea' id='block_1_116' title="bbox 2028 5732 3674 5807">
    <p class='ocr_par' dir='ltr' id='par_1_116' title="bbox 2028 5732 3674 5807">
     <span class='ocr_line' id='line_1_116' title="bbox 2028 5732 3674 5807; baseline 0.007 -24"><span class='ocrx_word' id='word_1_835' title='bbox 2028 5732 2300 5787; x_wconf 87' lang='lat' dir='ltr'>rationem</span> <span class='ocrx_word' id='word_1_836' title='bbox 2326 5751 2427 5805; x_wconf 91' lang='lat' dir='ltr'>per</span> <span class='ocrx_word' id='word_1_837' title='bbox 2448 5735 2757 5807; x_wconf 84' lang='lat' dir='ltr'>angelicam</span> <span class='ocrx_word' id='word_1_838' title='bbox 2784 5737 2837 5790; x_wconf 90' lang='lat' dir='ltr'>in</span> <span class='ocrx_word' id='word_1_839' title='bbox 2864 5752 3084 5793; x_wconf 88' lang='lat' dir='ltr'>carcere</span> <span class='ocrx_word' id='word_1_840' title='bbox 3107 5739 3511 5806; x_wconf 88' lang='lat' dir='ltr'>visitationem,</span> <span class='ocrx_word' id='word_1_841' title='bbox 3541 5742 3674 5795; x_wconf 93' lang='lat' dir='ltr'>dum</span> 
     </span>
    </p>
   </div>
   <div class='ocr_carea' id='block_1_117' title="bbox 2028 5840 2384 5896">
    <p class='ocr_par' dir='ltr' id='par_1_117' title="bbox 2028 5840 2384 5896">
     <span class='ocr_line' id='line_1_117' title="bbox 2028 5840 2384 5896; baseline 0.011 -18"><span class='ocrx_word' id='word_1_842' title='bbox 2028 5840 2198 5895; x_wconf 88' lang='lat' dir='ltr'>super</span> <span class='ocrx_word' id='word_1_843' title='bbox 2242 5842 2384 5896; x_wconf 90' lang='lat' dir='ltr'>prun</span> 
     </span>
    </p>
   </div>
   <div class='ocr_carea' id='block_1_118' title="bbox 2493 5830 3678 5895">
    <p class='ocr_par' dir='ltr' id='par_1_118' title="bbox 2493 5830 3678 5895">
     <span class='ocr_line' id='line_1_118' title="bbox 2493 5830 3678 5895; baseline 0.01 -12"><span class='ocrx_word' id='word_1_844' title='bbox 2493 5835 2547 5883; x_wconf 80' lang='lat' dir='ltr'>et</span> <span class='ocrx_word' id='word_1_845' title='bbox 2588 5830 2815 5887; x_wconf 90' lang='lat' dir='ltr'>testulas</span> <span class='ocrx_word' id='word_1_846' title='bbox 2843 5847 3107 5888; x_wconf 90' lang='lat' dir='ltr'>accensas</span> <span class='ocrx_word' id='word_1_847' title='bbox 3156 5832 3303 5889; x_wconf 88' lang='lat' dir='ltr'>nuda</span> <span class='ocrx_word' id='word_1_848' title='bbox 3328 5833 3678 5895; x_wconf 86' lang='lat' dir='ltr'>volutaretur</span> 
     </span>
    </p>
   </div>
  </div>
