3912 6406
219 414 328 468 3ἓῦ

882 415 1208 472 lIISTOIII/E
1248 419 1578 476 ECCI.ESI.—'E
1620 423 1945 479 IIEMENSIS
1987 425 2159 480 LIBRI
2203 427 2527 490 QUATUOII.
2555 459 2622 467 —-
2665 431 2790 484 LIB.
2818 432 2877 484 IV

3459 437 3561 489 326

209 568 339 606 cum
365 551 626 622 precibus
650 561 703 607 et
732 556 1031 625 gratiarum
1061 558 1395 623 actionibus,
1432 561 1842 616 immaculatum
1873 569 1918 634 Α
1949 564 2072 633 set],
2107 564 2467 636 rediissetque
2499 566 2743 632 tandem,
2773 569 2881 622 Deo
2907 569 3138 636 jubente
3169 570 3558 642 tranquillitas,

209 642 326 697 Deo
358 643 598 697 reddens
641 645 918 714 spiritum,
953 663 1016 701 ac
1070 649 1413 717 triumphans
1444 653 1840 716 advers1rium,

210 733 353 788 inibi
390 735 510 790 Izcta
542 737 703 806 petiit
743 738 964 793 coelum.
997 739 1204 811 Corpus
1264 743 1382 810 ejus
1410 744 1555 797 haud
1590 745 1779 814 procul
1812 761 1842 798 a

209 822 337 878 loco
375 824 468 878 ubi
529 842 692 895 passa
736 835 838 893 est,
873 834 1002 884 tunc
1036 831 1242 884 exstitit
1300 834 1644 886 tumulatum.
1678 835 1840 888 Multa

207 933 341 972 vero
376 925 497 987 post
519 934 791 973 annorum
815 921 1088 975 curricula
1120 923 1334 976 cuidam
1361 923 1602 979 bubulco
1650 927 1838 995 pervi-

209 1010 624 1076 sionemlocus,
661 1028 770 1083 quo
816 1014 1137 1069 beatissima
1173 1017 1326 1088 virgo
1389 1020 1611 1073 condita
1638 1019 1833 1087 fuerat,

203 1101 361 1169 juxta
395 1107 688 1175 quamdam
723 1107 773 1160 in
811 1109 1022 1163 honore
1057 1111 1204 1164 beati
1234 1113 1442 1166 Martini
1466 1122 1832 1168 constructam

208 1198 524 1262 ecclesiam,
553 1200 826 1253 revelatus
854 1209 954 1255 est.
1005 1203 1062 1256 In
1092 1220 1201 1274 quo
1243 1206 1360 1259 visu
1395 1207 1742 1266 admouetur,
1776 1215 1834 1260 ut

205 1303 412 1356 corpus
451 1289 834 1343 sacratissima:
858 1291 1086 1362 virginis
1128 1293 1269 1346 intra
1330 1295 1610 1364 pra-fatain
1656 1297 1836 1349 eccle-

202 1377 342 1429 siam
377 1378 776 1432 reconderetur
809 1380 1290 1446 honorificentius,
1342 1393 1614 1453 quatenus
1641 1386 1836 1439 incolis

204 1465 460 1531 ejusdem
494 1466 619 1531 loci,
650 1475 814 1536 prout
865 1469 1117 1532 decebat,
1172 1471 1544 1527 innotesceret
1573 1475 1835 1528 manifes-

201 1553 334 1607 tius.
368 1554 522 1618 Quod
556 1562 610 1609 et
651 1572 776 1610 mox
827 1573 856 1611 a
907 1558 1038 1612 viris
1097 1559 1207 1614 Deo
1267 1562 1599 1615 amabilibus
1630 1580 1830 1636 magno

197 1655 419 1702 constat
450 1657 733 1719 peractum
777 1651 998 1706 decore.
1039 1654 1095 1706 In
1147 1669 1258 1723 quo
1291 1656 1468 1710 donec
1512 1658 1830 1712 venerabile

196 1753 405 1808 corpus
436 1740 557 1808 ejus
582 1741 878 1810 requievit,
915 1742 1154 1815 insignia
1212 1761 1309 1813 per
1359 1745 1532 1815 ipsius
1563 1747 1831 1800 interces-

194 1829 415 1883 sionem
438 1838 792 1900 suntpatrata
818 1833 1101 1890 miracula.
1136 1835 1214 1888 lbi
1257 1837 1385 1889 caeci
1415 1837 1614 1903 visum,
1646 1838 1828 1891 claudi

1948 659 2258 728 presbyter,
2294 660 2383 730 qui
2417 661 2619 714 sanctis
2644 662 3012 729 descrviebat,
3035 675 3087 717 et
3112 665 3176 717 ad
3214 666 3558 736 prepriajam

1945 753 2149 804 dudum
2184 754 2362 806 redire
2395 754 2671 824 capiebat,
2703 757 3028 810 acceleravit
3081 765 3394 811 sanctorum
3417 775 3560 812 mar-

1944 854 2121 918 tyrum
2155 853 2344 924 glebas
2390 853 2602 914 tollere,
2633 859 2686 904 et
2716 852 2781 903 ad
2837 851 3075 902 dicatum
3111 849 3220 902 sibi
3251 849 3432 903 locum
3468 867 3558 903 re-

1944 941 2103 994 ferre.
2143 941 2374 1010 Postque
2406 940 2682 994 ceh:brata
2741 939 3033 991 missarum
3064 937 3334 992 solemnia
3365 937 3558 991 levan-

1942 1040 2028 1083 tur
2059 1048 2086 1083 a
2119 1029 2500 1082 sacerdotiluis
2553 1034 2763 1081 sacrata
2830 1026 3045 1080 Christo
3087 1041 3338 1094 corpora,
3393 1036 3558 1097 atque

1939 1136 2060 1172 cum
2089 1136 2286 1190 magna
2345 1119 2673 1186 populorui'u
2712 1116 2955 1169 referunt
2989 1115 3287 1168 comitante
3320 1122 3556 1170 caterva.

1939 1209 2175 1278 Contigit
2208 1217 2389 1261 autem
2425 1209 2566 1260 diem
2596 1207 2764 1266 illam,
2791 1223 2910 1276 qua!
2941 1204 3222 1258 Dominica
3243 1204 3563 1257 scilieetha-

1938 1301 2193 1364 bebatur,
2222 1309 2510 1353 ventorum
2587 1302 2715 1352 Ilatu
2779 1297 2945 1350 fuisse
3009 1297 3342 1360 nimbosam,
3401 1296 3563 1351 itaut

1939 1411 2133 1448 omnes
2159 1393 2423 1456 candela',
2459 1408 2580 1462 quae
2610 1392 2676 1444 ad
2707 1390 3032 1460 obsequium
3067 1399 3381 1443 sanctorum
3417 1388 3562 1444 ferc-

1939 1486 2162 1551 bautur,
2192 1485 2242 1538 vi
2278 1484 3027 1554 turbinisexstinguerentur.
3062 1481 3304 1551 Cumque
3325 1498 3561 1551 carpen-

1937 1584 2018 1629 tes
2059 1576 2160 1628 iter
2192 1583 2398 1643 partem
2465 1573 2707 1626 fluminis
2762 1572 2994 1624 fuissent
3053 1571 3307 1643 ingrcssi,
3366 1587 3560 1625 cereus

1935 1668 2028 1738 qui
2064 1677 2189 1720 ante
2248 1678 2563 1721 sanctorum
2626 1667 2855 1738 pignora
2910 1664 3190 1717 ferebatur
3229 1664 3553 1730 exstinctus,

1936 1765 2161 1825 repente
2186 1756 2402 1808 caelitus
2449 1771 2736 1814 accensus,
2774 1752 3033 1807 omnibus
3076 1752 3269 1804 mirum
3304 1753 3557 1807 exhibuit

1933 1848 2336 1918 spectaculum.
2377 1848 2576 1917 Sicque
2605 1846 2748 1900 inter
2775 1849 3096 1902 commistos
3125 1847 3394 1919 grandine
3424 1848 3560 1900 nim-

191 1938 472 2010 gressum,
504 1922 655 1976 surdi
689 1923 964 1985 δυάίῑυηιε
1005 1926 1236 1980 Domino
1266 1927 1385 1994 eius
1446 1927 1675 1982 Obtcmu
1712 1929 1824 1982 ῙῖιΓ-
1858 1898 1904 1964 B
1931 1939 2051 2005 bos,
2078 1948 2130 1993 et
2159 1948 2444 1994 ventorum
2477 1940 2638 1993 flatus
2666 1941 2733 1992 ad
2758 1948 2994 2010 quatuor
3019 1939 3129 1993 fere
3149 1940 3320 1993 millia
3340 1940 3558 1994 duravit

190 2009 386 2080 giente
410 2020 853 2080 promeruerunt.
916 2013 1244 2068 Procedenti
1280 2030 1408 2069 vero
1467 2023 1714 2086 tempore
1747 2018 1829 2071 vir

191 2101 423 2171 quidam
445 2111 708 2158 strenuus
726 2113 1036 2160 sanctarum
1058 2106 1314 2160 fundator
1336 2107 1582 2163 ctcultor
1601 2111 1822 2176 aedium,

190 2197 424 2250 nomine
458 2197 758 2268 Daugulfus
792 2198 854 2269 [j,
902 2201 1245 2274 Dangulfus],
1286 2203 1405 2269 ejus
1428 2203 1519 2256 ubi
1551 2221 1697 2258 nunc
1729 2223 1824 2259 vc-

193 2292 446 2352 neratur,
473 2286 722 2342 fundavit
751 2289 1039 2359 templum,
1065 2291 1120 2343 in
1152 2307 1262 2362 quo
1285 2292 1430 2344 illius
1461 2294 1829 2348 sacratissima

190 2379 479 2432 transtulit
510 2381 780 2446 membra,
816 2393 1082 2456 regnante
1113 2401 1312 2458 magno
1360 2385 1692 2455 imperatore
1728 2388 1828 2442 Ca—

191 2467 315 2522 rolo
351 2468 483 2532 ;ubi
519 2486 630 2524 non
687 2471 918 2526 minima
950 2489 1195 2544 quoque,
1233 2477 1464 2531 Domino
1507 2487 1827 2548 praistaute,

187 2575 342 2629 saepe
373 2561 642 2616 miracula
676 2575 1014 2635 peraguntur
1046 2567 1175 2636 (:26).
1212 2567 1382 2631 Quam
1425 2586 1601 2640 nuper
1633 2571 1819 2624 eccle-

187 2652 354 2718 siam,
401 2659 657 2724 tempore
719 2656 938 2711 scilicet
1015 2661 1421 2728 persecutionis
1476 2662 1819 2734 IIungaricac,

189 2744 365 2799 iidem
398 2745 616 2800 barbari
650 2750 989 2805 succendere
1050 2753 1360 2822 cupientes,
1398 2770 1623 2809 acervos
1649 2772 1822 2826 quos-

194 2835 324 2888 dam
368 2835 588 2906 frugum
617 2855 868 2909 magnos,
903 2841 996 2910 qui
1051 2842 1245 2911 parieti
1293 2845 1539 2910 ejusdem
1564 2845 1819 2899 adluese-

193 2934 337 2992 rant,
373 2927 702 2995 incendunt,
734 2933 1056 3004 exustisque
1083 2935 1389 3005 segetibus,
1451 2938 1669 2990 flamma
1695 2937 1821 2990 licet

190 3019 444 3074 CCCICSltD
479 3029 623 3075 tecta
656 3021 956 3088 Iambcnte,
1020 3026 1272 3080 eamdem
1306 3038 1487 3081 tamen
1516 3029 1820 3082 accendere

190 3113 588 3182 nequiverunt.

835 3187 1044 3243 CAPUT
1078 3189 1186 3244 LII.

373 3278 448 3327 Dc
487 3279 692 3331 sanctis
723 3279 917 3345 Ruﬁno
949 3284 997 3332 et
1033 3281 1246 3333 Valerio
1289 3285 1646 3349 martyri/nes.

269 3385 484 3440 Eodem
518 3394 769 3457 tempore
820 3405 929 3458 quo
994 3391 1106 3444 luce
1161 3407 1314 3444 sacra
1345 3391 1500 3464 virgo
1544 3409 1701 3463 passa
1721 3401 1822 3456 est,

195 3477 508 3532 lancinator
537 3480 660 3547 ejus
712 3481 1057 3535 Rictiovarus
1115 3500 1212 3552 per
1267 3484 1460 3538 urbem
1525 3487 1822 3539 Remorum

197 3570 500 3634 transiens,
528 3578 578 3625 et
608 3572 875 3642 quosdam
909 3574 1252 3630 Christianos
1275 3576 1343 3629 ad
1367 3577 1639 3630 culturam
1683 3579 1824 3631 deo-

191 3680 312 3716 rum
348 3665 713 3733 compellens,
739 3675 797 3720 ut
829 3683 924 3721 eos
952 3685 1218 3738 superare
1248 3671 1522 3740 nequivit,
1562 3670 1825 3723 trucidari

190 3758 480 3828 praecepit.
521 3759 580 3810 Et
614 3775 870 3831 egressus
902 3761 1031 3815 inde
1066 3763 1428 3831 reperitduos
1455 3764 1720 3832 quosdam
1740 3762 1824 3815 vi-

193 3864 283 3901 ros
328 3847 582 3901 Lufinum
612 3857 664 3902 et
697 3849 994 3915 Valerium,
1044 3850 1151 3904 fide
1190 3852 1387 3906 Christi
1434 3853 1708 3914 robustos,
1740 3869 1826 3906 rc—

200 3939 412 4012 galium
441 3946 625 3994 tamen
672 3941 992 3996 horreorum
1045 3945 1321 3998 custodes.
1387 3945 1532 4008 Quos
1562 3960 1822 4014 compre-

201 4031 434 4094 hensos,
454 4030 547 4083 ubi
582 4031 852 4100 comperit
876 4031 1386 4087 Christidilectione
1413 4033 1828 4087 eteonfessioue

196 4119 576 4184 firmissimos,
614 4120 790 4190 plagis
821 4121 1057 4175 afflictos
1098 4122 1354 4176 diuturna
1380 4123 1616 4178 carceris
1648 4140 1828 4176 mace-

199 4215 342 4267 ravit
364 4213 707 4267 retrusione:
741 4214 833 4267 ubi
885 4215 1134 4285 angelica
1191 4215 1508 4269 visitatione
1537 4231 1599 4270 ac
1627 4231 1828 4269 conso-

195 4303 412 4357 latione
441 4302 668 4356 relevati
697 4311 749 4356 et
775 4303 1064 4356 confortati
1098 4311 1244 4358 sunt.
1278 4305 1365 4358 Sic
1391 4303 1578 4358 invicti
1607 4303 1825 4357 tandem

197 4394 432 4464 reperti,
465 4393 752 4464 capitalem
809 4394 999 4448 subire
1051 4395 1402 4450 sententiam.
1441 4395 1684 4466 Cumque
1717 4411 1826 4449 non

195 4497 325 4557 post
359 4487 524 4560 longa
558 4490 826 4557 temporis
881 4487 1166 4544 intervalla
1197 4489 1263 4542 ad
1299 4489 1489 4542 urbem
1534 4489 1824 4543 Remorum

195 4576 573 4630 sacratissima
613 4577 1026 4632 deducerentur
1072 4595 1263 4632 eorum
1322 4578 1570 4632 membra
1610 4577 1828 4632 feretris

1931 2044 1994 2081 ex
2012 2028 2274 2082 miracqu
2302 2027 2536 2081 flamma.
2559 2028 2835 2097 Disposuit
2860 2029 3104 2098 denique
3121 2037 3308 2098 postea
3334 2029 3558 2099 presby-

1932 2129 2013 2174 ter
2039 2138 2257 2174 cereum
2285 2121 2460 2190 ipsum
2495 2121 2549 2173 in
2585 2121 2868 2174 meliorem
2905 2121 3132 2175 formam
3163 2122 3229 2174 de
3250 2122 3443 2175 eadem
3469 2137 3557 2175 re-

1931 2210 2094 2265 ficere
2129 2229 2270 2265 cera.
2308 2212 2554 2282 Cumque
2589 2212 2640 2264 id
2671 2229 2698 2265 a
2729 2212 3114 2266 sacerdotibus
3144 2213 3250 2265 sibi
3293 2213 3554 2280 subjectis

1933 2301 2264 2365 efticeretur,
2300 2302 2496 2354 mirum
2529 2302 2674 2356 dictu
2747 2303 2892 2356 inter
2931 2319 3127 2366 manus
3155 2318 3344 2357 eorum
3376 2304 3556 2358 mollis

1931 2393 2069 2472 σξιψὶ
2083 2403 2099 2445 t,
2120 2408 2366 2446 crescere
2392 2411 2451 2447 ce
2463 2402 2598 2458 ra,et
2624 2395 2677 2448 in
2711 2412 2963 2468 magnam
2983 2395 3350 2465 grandescere
3383 2411 3555 2466 quan-

1933 2473 2164 2517 titatcm.

2543 2537 2749 2592 CAPUT
2796 2539 2928 2592 LIII.

2214 2629 2287 2679 De
2313 2629 2904 2681 miraculiseorundem
2936 2634 3260 2684 sanctorum.

1999 2742 2243 2813 Cumque
2278 2743 2353 2796 illi
2390 2749 2696 2813 stupentes,
2728 2745 3176 2816 admirantesque
3223 2755 3551 2817 perstrepe-

1925 2846 2065 2898 rent,
2100 2837 2383 2908 ingressus
2414 2840 2725 2908 presbyter,
2761 2841 3022 2895 etvidens
3044 2849 3257 2894 auctam
3280 2841 3357 2895 sic
3382 2841 3550 2895 fuisse

1923 2946 2103 2984 ceram
2139 2931 2375 2985 credidit
2407 2949 2505 2986 eos
2538 2933 2698 2986 aliam
2734 2949 2914 2987 ceram
2945 2933 3040 2993 illi,
3076 2933 3226 3003 quod
3260 2949 3368 2987 non
3404 2949 3549 3002 pra)-

1923 3028 2164 3090 eeperat,
2201 3022 2487 3089 adjecisse.
2523 3023 2629 3075 Sed
2671 3023 2894 3097 cognito
2930 3024 3150 3076 tandem
3183 3040 3212 3076 a
3244 3023 3554 3078 sacerdoti-

1929 3109 2056 3174 bus,
2091 3111 2236 3179 quod
2268 3112 2564 3175 acciderat,
2627 3112 2910 3172 miraculo,
2943 3113 3052 3165 Deo
3081 3113 3284 3183 gratias
3316 3113 3452 3185 egit,
3495 3119 3551 3166 ct

1930 3216 2110 3254 ceram
2138 3201 2191 3253 in
2225 3201 2458 3254 ecclesia
2476 3202 2540 3254 ad
2567 3201 2887 3255 memoriam
2913 3208 3073 3254 tanta:
3096 3201 3171 3254 rei
3204 3201 3551 3271 reposuit.De

1862 3273 1911 3341 Ο
1934 3308 2040 3360 qua
2068 3307 2193 3343 cera
2227 3290 2470 3343 Riculfus
2498 3291 2852 3342 Suessionum
2886 3289 3219 3342 venerabilis
3251 3291 3551 3360 episcopus

1928 3379 2191 3448 reliquias
2222 3377 2325 3430 sibi
2357 3377 2556 3430 deferri
2588 3377 2772 3445 jussit.
2804 3377 2909 3430 Sed
2943 3385 2996 3431 ct
3028 3378 3329 3431 vicinarum
3363 3377 3549 3432 eccle-

1928 3469 2132 3521 siarum
2169 3467 2412 3539 religiosi
2448 3467 3060 3536 presbyteriexindeob
3091 3467 3440 3522 devotionem
3461 3484 3556 3522 ex-

1929 3563 2129 3634 petitas
2161 3561 2458 3631 particulas
2489 3561 2539 3612 in
2571 3559 2825 3613 ecclesiis
2857 3559 3251 3613 venerabiliter
3285 3559 3553 3614 condide-

1928 3662 2076 3708 runt.
2105 3653 2220 3706 Alia
2255 3660 2436 3705 autem
2468 3651 2604 3715 vice,
2641 3667 2763 3703 eum
2785 3652 2852 3703 de
2885 3650 3214 3704 Suessonica
3245 3650 3552 3705 civitatein

1929 3761 2034 3815 qua
2066 3745 2133 3797 ob
2162 3742 2397 3795 similem
2429 3743 2869 3810 persecutionem
2900 3741 3066 3793 delati
3102 3741 3339 3806 fuerant,
3365 3743 3430 3795 ad
3470 3743 3554 3797 Io-

1929 3852 2053 3890 cum
2090 3833 2370 3904 proprium
2398 3833 2753 3896 referrentur,
2789 3831 3018 3884 claudus
3038 3831 3262 3901 quidam
3289 3848 3409 3885 cum
3437 3848 3550 3885 crc-

1933 3927 2065 3977 teris
2094 3926 2186 3993 qui
2220 3931 2534 3976 sanctorum
2549 3938 2781 3991 corpora
2810 3922 3006 3975 devoto
3037 3921 3555 3976 comitabanturob-

1932 4017 2148 4086 sequio,
2185 4013 2564 4083 reptabundus
2596 4011 2793 4065 annisu
2828 4027 2937 4081 quo
2973 4019 3204 4080 poterat,
3232 4011 3544 4066 incedebat.

1933 4110 2049 4162 Non
2083 4109 2308 4178 quidem
2339 4107 2483 4159 hunc
2542 4115 2735 4159 natura
2775 4105 3033 4158 claudum
3068 4104 3419 4173 produxerat,
3451 4107 3549 4158 sed

1933 4216 1997 4252 ex
2019 4208 2265 4268 tempore
2283 4198 2358 4250 illi
2389 4205 2692 4250 accesserat
2708 4212 2992 4266 gressuum
3011 4195 3546 4250 delendadebilitas.

1933 4293 2176 4361 Cumque
2208 4293 2277 4345 ad
2309 4291 2516 4358 villam,
2547 4307 2668 4360 quae
2722 4290 2951 4343 V'asneia
2990 4289 3210 4354 dicitur,
3246 4289 3549 4356 venissent,

1933 4397 2055 4434 mox
2083 4380 2280 4435 nativae
2337 4378 2651 4432 rectiludini
2701 4377 3006 4442 restitutus,
3061 4376 3320 4446 projectis
3374 4377 3552 4430 admi-

1931 4469 2133 4524 niculis
2163 4470 2278 4523 suis
2309 4470 2474 4538 coepit
2504 4468 2703 4520 vadere
2729 4467 2952 4536 plantis,
2978 4475 3031 4520 ct
3060 4467 3229 4518 Deum
3264 4467 3317 4519 in
3345 4466 3552 4521 sanctis

1929 4563 2042 4616 suis
2082 4560 2390 4613 mirabilem
2433 4575 2527 4613 ore
2559 4559 2872 4612 collaudare
2902 4557 3156 4631 gratanti.
3196 4559 3464 4612 Prmtcrca
3496 4557 3550 4611 in

195 4668 482 4737 imposita,
516 4666 566 4719 in
614 4667 736 4722 loco
791 4668 908 4733 illo,
977 4667 1071 4722 ubi
1115 4684 1264 4722 nunc
1288 4667 1552 4720 [υῃιυιίιίίι
1585 4667 1828 4736 ipsorum
1851 4648 1904 4716 D
1933 4670 2026 4707 C’US
2051 4652 2142 4722 ({UI
2184 4667 2398 4704 ςᾶοΐυιη
2431 4650 2610 4703 1001111]
2666 4649 2868 4702 VIOIIII'C
2902 4659 2955 4703 CI,
2989 4667 3075 4703 I‘CS
3105 4649 3314 4703 δᾶηοιίε
3345 4660 3549 4721 marty-

196 4761 563 4832 requiescunt
603 4775 744 4826 ossa,
789 4761 860 4814 ila
912 4767 1041 4816 tunc
1095 4759 1293 4816 feretra
1323 4761 1530 4830 sunt[c.
1568 4763 1601 4814 ί.
1627 4759 1822 4814 ferun-

193 4850 300 4919 tur]
337 4855 654 4923 aggravata,
688 4858 745 4902 ut
776 4865 1124 4920 nequaquam
1162 4851 1280 4904 loco
1314 4849 1522 4903 moveri
1552 4849 1821 4906 valerent.

197 4939 261 4993 Et
294 4939 366 4993 ita
399 4939 511 4992 Deo
545 4937 775 5006 jubente
833 4937 1034 4992 factum
1094 4954 1214 4992 esse
1277 4938 1564 5008 probatur,
1616 4948 1675 4994 ut
1727 4940 1821 4993 ubi

195 5027 540 5100 pauperibus
558 5026 924 5097 eleemosynze
957 5027 1350 5081 distribuerant
1375 5027 1822 5101 Iargitatem,ibi-

196 5123 320 5176 dem
351 5135 584 5175 suorum
629 5134 920 5189 corporum
972 5129 1181 5193 gratam
1225 5119 1573 5190 perciperent
1600 5120 1822 5190 requie-

195 5213 426 5266 tionem.
462 5209 566 5264 Sed
595 5209 724 5263 dum
775 5225 954 5279 nuper
1009 5225 1147 5281 gens
1177 5209 1412 5262 barbara
1439 5209 1821 5263 Nordmauuo-

191 5322 311 5359 rum
335 5303 594 5358 szcvitura
625 5317 682 5354 se
697 5300 886 5355 Galliis
919 5300 1232 5366 infudisset,
1255 5299 1326 5355 ob
1351 5299 1624 5353 vitandam
1653 5298 1818 5366 hujus

191 5388 606 5457 persecutionis
665 5389 982 5459 procellam,
1039 5405 1231 5443 eorum
1267 5390 1494 5463 pignora
1525 5390 1592 5443 ad
1623 5389 1815 5442 urbem

188 5490 318 5534 sunt
351 5481 683 5535 Remenscm
716 5479 920 5542 delata,
954 5479 1247 5549 positaque
1281 5479 1336 5532 in
1378 5479 1525 5533 beati
1559 5477 1699 5532 Petri
1732 5495 1817 5532 ec-

187 5572 379 5634 clesia,
411 5579 466 5627 et
497 5589 599 5643 per
622 5571 743 5625 dies
771 5572 1038 5642 plurimos
1084 5572 1285 5625 ibidem
1320 5572 1422 5626 sub
1458 5573 1665 5628 honore
1695 5588 1813 5625 ser-

186 5669 326 5717 vata.
361 5663 425 5717 At
453 5678 576 5716 cum
605 5661 721 5730 jam
752 5661 998 5727 demum,
1021 5661 1270 5714 barbaris
1311 5661 1724 5726 recedentibus,
1760 5663 1813 5715 in

184 5765 286 5804 nos
326 5750 599 5805 bacchata
638 5748 733 5802 diu
765 5755 1065 5818 tempestas
1123 5748 1438 5804 desedisset
1468 5749 1811 5820 [i,desaevis-

251 5860 368 5929 (26)
414 5860 560 5914 Loco
593 5874 817 5913 nomem
859 5866 941 5911 est
973 5859 1190 5914 Fismes.

1929 4746 2082 4799 ribus
2113 4745 2400 4817 delegatus
2434 4744 2732 4812 pervadere
2771 4743 3210 4814 nituntur,quam
3236 4745 3343 4798 cito
3358 4743 3547 4799 divina

1927 4842 2063 4895 ultio
2095 4850 2366 4904 exeratur,
2415 4856 2527 4893 uno
2560 4840 2814 4909 exemplo
2870 4839 3108 4893 squieiat
3139 4839 3545 4893 demonstrare.

1925 4934 2195 5004 Tempore
2218 4950 2328 5003 quo
2363 4933 2506 4986 inter
2534 4950 2693 5005 rcges
2725 4934 2968 4986 Odouem
3001 4941 3053 4986 et
3076 4932 3545 5004 Karolumgravcs

1925 5027 2234 5099 agebantur
2266 5027 2593 5081 Francorum
2631 5027 2682 5079 in
2715 5042 2884 5098 regno
2939 5025 3250 5090 discordize,
3281 5041 3379 5094 per
3403 5025 3545 5079 hanc

1923 5121 2272 5177 Occasionem
2302 5119 2450 5174 licito
2494 5119 2699 5189 rapime
2749 5127 2802 5173 et
2833 5118 3275 5188 depriedationes
3311 5118 3542 5185 fiebant,

1922 5210 2213 5264 confusum
2248 5217 2362 5263 erat
2422 5210 2611 5280 fasque
2668 5208 2932 5278 nefasque
2965 5226 2977 5273 ;
3014 5225 3288 5279 nusquam
3325 5209 3419 5264 Dei
3449 5221 3544 5266 aut

1924 5299 2283 5352 humanarum
2316 5298 2478 5352 timor
2510 5299 2716 5370 legum,
2749 5299 2843 5351 sed
2870 5297 2918 5350 vi
2943 5305 2994 5350 et
3015 5299 3261 5367 potentia
3284 5299 3543 5354 universa

1919 5388 2282 5450 constabant;
2312 5388 2609 5456 aliquando
2642 5387 2705 5440 ad
2739 5387 2946 5451 villam,
2980 5405 3100 5457 quze
3137 5389 3369 5443 Basilica
3401 5389 3542 5444 dici-

1919 5489 2007 5533 tur
2039 5478 2660 5550 prawlonesadfuerunt,
2681 5490 3083 5550 cmpcruntque
3114 5497 3310 5536 omnes
3331 5498 3542 5552 paupe-

1920 5589 2038 5625 rum
2072 5571 2468 5626 substantiolas
2498 5570 2734 5625 auferre.
2756 5572 2904 5627 Tune
2933 5574 3185 5644 quaedam
3214 5575 3540 5630 muliercula

1917 5680 2040 5718 cum
2082 5664 2411 5734 supellectili
2442 5679 2539 5716 sua
2563 5663 2781 5736 fugiens
2811 5666 2876 5718 ad
2901 5665 3190 5721 ecclesiam
3220 5675 3536 5722 sanctorum

1917 5761 2238 5825 martyrum,
2272 5769 2432 5807 cursu
2487 5753 2836 5822 rapidissimo
2879 5757 3161 5810 tendebat.
3198 5757 3364 5820 Quam
3406 5754 3532 5824 qui-
