3912 6462
362 505 465 561 327

1459 496 1838 559 FLODOABDI
1880 496 2186 557 CANONICI
2225 494 2575 555 REMENSIS.

3588 496 3696 555 328

354 634 478 690 dam
506 649 572 689 ex
611 632 700 689 his
733 632 828 705 qui
852 632 920 688 ad
948 632 1308 705 praedandum
1333 637 1622 699 venerant,
1642 631 1714 686 ita
1734 637 1795 686 ut
1819 629 1977 687 sede-
2007 630 2059 702 Α
2078 634 2293 702 quaret.
2327 627 2504 693 Quod,
2537 642 2662 682 cum
2716 641 2818 698 per
2840 625 2962 681 dies
3010 624 3221 699 aliquot
3241 624 3423 695 fieret,
3448 590 3555 683 nec
3586 626 3700 697 jam

352 722 450 777 bat
472 737 619 795 equo
647 721 999 778 velocissime
1039 722 1257 792 insequi
1287 720 1472 791 coepit,
1505 719 1699 775 volens
1730 734 1850 774 eam
1881 727 1976 774 ω-

352 827 509 883 pere,
550 818 606 867 et
636 810 781 867 seria
801 826 901 866 sua
930 810 1010 865 illi
1066 809 1304 865 auferre.
1360 808 1468 863 Sed
1498 824 1622 863 cum
1652 807 1877 880 quidam
1904 807 1975 863 de

354 903 665 959 astantibus
692 902 902 959 diceret
936 921 948 956 ε
982 901 1101 957 Noli
1147 900 1334 968 miser,
1375 899 1489 957 noli
1523 900 1673 955 illam
1694 900 1751 954 in
1772 898 1971 955 atrium

353 1001 671 1049 sanctorum
703 991 921 1063 insequi
980 996 1310 1063 martyrum,
1345 1006 1415 1046 ne
1445 989 1543 1044 tibi
1592 989 1723 1046 mali
1762 987 1973 1062 aliquid

354 1084 658 1158 contingat.
679 1084 776 1138 llle
815 1081 954 1137 nihil
975 1083 1204 1150 veritus,
1227 1082 1470 1138 admisso
1503 1096 1649 1153 equo
1683 1079 1974 1153 rapidissi-

352 1191 441 1231 me
472 1176 777 1251 fugientem
812 1175 1211 1246 insequebatur
1230 1174 1636 1231 mulierculam.
1667 1174 1732 1229 At
1751 1174 1847 1228 ubi
1868 1173 1975 1245 pri-

354 1269 464 1326 mis
493 1271 634 1326 atrio
662 1269 898 1341 pedibus
950 1286 1131 1342 equus
1186 1269 1407 1337 institit,
1465 1270 1650 1325 subito
1680 1278 1974 1325 cernuatus

351 1362 568 1418 cecidit.
602 1362 794 1418 Sessor
817 1368 1000 1418 autem
1034 1361 1154 1431 ejus
1184 1372 1295 1418 tam
1325 1361 1476 1435 gravi
1517 1361 1771 1417 allisione
1806 1353 1976 1417 v‘exa—

352 1463 441 1510 tus
462 1463 564 1523 est,
588 1460 702 1509 uta
722 1468 939 1510 summo
967 1470 1115 1529 genu
1145 1454 1394 1527 usquead
1412 1454 1632 1525 pedem,
1663 1453 1887 1525 dirupta
1903 1454 1977 1508 ti-

351 1543 467 1611 bia,
498 1558 624 1599 caro
645 1544 797 1599 velut
824 1542 970 1599 ferro
1001 1543 1177 1599 incisa
1204 1542 1536 1609 debisceret,
1598 1556 1773 1614 osque
1794 1541 1975 1613 ipsum

351 1632 535 1688 carnis
577 1630 845 1706 tegimine
879 1631 1000 1703 [ms.
1033 1635 1074 1700 ἱ,
1103 1630 1364 1704 tegmine]
1399 1632 1691 1699 nudatum,
1718 1637 1930 1703 pateret
1959 1648 1974 1698 ;

351 1731 405 1779 et
426 1723 522 1796 qui
544 1723 822 1795 superbus
866 1740 1038 1796 eques
1082 1731 1330 1791 venerat,
1356 1724 1469 1793 jam
1498 1724 1840 1792 humiliatus,
1874 1739 1978 1780 nec

349 1816 466 1871 suis
487 1815 728 1887 pedibus
754 1816 1018 1872 incedere
1031 1815 1244 1884 valens,
1264 1815 1525 1872 manibus
1540 1816 1741 1873 alienis
1751 1816 1819 1872 de
1834 1817 1976 1873 atrio

2075 737 2135 776 se
2157 720 2298 777 intra
2316 720 2462 777 vasis
2508 718 2800 792 angustias
2856 717 3040 789 liquor
3092 717 3364 774 divinitus
3390 726 3588 775 auctus
3610 732 3705 774 ca-

2075 820 2251 882 peret,
2270 827 2335 867 ac
2379 810 2634 887 guttatim
2667 810 2724 864 in
2752 818 2954 865 terram
2987 807 3206 875 ﬂueret,
3248 809 3486 865 clericus
3516 809 3704 866 eccle-

2074 902 2172 958 size
2194 902 2370 974 ipsius
2397 910 2583 958 custos
2602 901 2709 956 hoc
2747 901 2900 957 solus
2926 899 3338 967 animadvertit,
3359 907 3416 955 et
3447 898 3703 969 subjecto

2073 1007 2202 1047 vase
2232 992 2429 1058 altero,
2471 990 2616 1047 intra
2644 1005 2850 1063 paucos
2907 989 3030 1045 dies
3059 989 3129 1047 ad
3192 1004 3369 1045 unum
3397 988 3700 1045 sextarium

2074 1082 2317 1158 collegit,
2342 1080 2645 1154 furtimque
2676 1081 2992 1154 abscondit;
3015 1088 3217 1154 putans
3239 1079 3434 1136 infelix
3447 1080 3701 1138 divinum

2075 1174 2398 1230 miraculum
2441 1173 2765 1246 cupiditatis
2821 1189 2934 1229 sua:
2988 1172 3104 1230 fore
3145 1172 3560 1244 compendium,
3645 1179 3705 1227 et

2074 1266 2223 1322 unde
2251 1265 2648 1337 providebatur
2672 1265 2935 1321 omnibus
2956 1264 3353 1337 patrocinium,
3385 1263 3515 1319 inde
3551 1263 3707 1320 clan-

2075 1357 2356 1412 destinum
2403 1372 2464 1413 se
2498 1372 2660 1429 posse
2701 1356 2942 1413 credidit
2988 1355 3257 1428 perficere
3307 1355 3534 1411 furtum.
3588 1355 3701 1411 Sed

2077 1445 2345 1513 Christus,
2374 1444 2469 1518 qui
2516 1451 2740 1502 sanctos
2793 1460 2924 1501 suos
2971 1442 3271 1500 miriﬁcare
3323 1443 3471 1516 apud
3506 1457 3707 1500 omnes

2078 1538 2422 1606 decreverat,
2455 1553 2570 1594 non
2593 1538 2688 1595 diu
2737 1538 2993 1610 permisit
3065 1537 3258 1603 latere,
3291 1536 3376 1593 vel
3418 1535 3570 1592 illius
3599 1553 3709 1608 pu-

2080 1633 2323 1689 dendum
2349 1632 2585 1699 facinus,
2608 1632 2695 1689 vel
2724 1632 2874 1706 quod
2913 1632 2982 1687 ad
3010 1647 3236 1688 suorum
3260 1637 3560 1703 martyrum
3582 1630 3708 1706 glo-

2078 1722 2217 1777 riam
2239 1724 2549 1778 contulerat
2587 1738 2811 1777 munus.
2860 1721 2993 1777 Nam
3048 1720 3287 1792 quadam
3337 1719 3429 1775 die
3451 1719 3706 1786 domum,

2078 1829 2200 1886 quae
2230 1813 2475 1869 basilicae
2494 1813 2759 1878 adhazret,
2789 1812 2846 1867 in
2878 1827 2987 1884 qua
3007 1811 3176 1865 etiam
3203 1808 3568 1866 Suessonicus
3581 1807 3709 1880 epi-

351 1910 603 1966 ecclesiae
634 1910 915 1981 projectus
945 1918 1048 1965 est.
1089 1910 1241 1965 Tunc
1258 1926 1404 1982 equo
1426 1917 1481 1966 et
1501 1926 1623 1982 quae
1655 1910 1861 1966 habere
1877 1925 1978 1981 po-
2000 1915 2053 1985 B
2077 1923 2304 1980 scopus,
2336 1923 2458 1963 cum
2477 1906 2607 1963 illuc
2633 1905 2850 1962 accedit
2876 1920 3103 1962 manere
3134 1903 3444 1971 consuevit,
3467 1900 3708 1975 presby-

350 1998 458 2054 tuit
487 1998 691 2055 sanctis
721 1999 1054 2071 martyribus
1098 2015 1200 2072 pro
1229 2015 1296 2056 eo
1348 2001 1511 2065 datis,
1544 1998 1709 2056 morti
1744 2000 1973 2071 quidem

347 2087 663 2144 subtractus
679 2095 798 2153 cst;
829 2088 928 2144 sed
961 2087 1113 2161 quod
1142 2089 1446 2159 supervixit
1493 2089 1759 2159 temporis
1790 2088 1972 2144 inuti-

350 2180 420 2235 lis
451 2189 505 2236 et
560 2180 697 2236 nulli
753 2181 907 2253 Operi
963 2188 1125 2252 aptus
1169 2181 1288 2249 fuit,
1354 2181 1735 2238 testimonium
1770 2181 1974 2237 divinae

350 2271 574 2327 virtutis
621 2272 676 2327 in
708 2288 809 2327 sua
857 2271 1143 2328 debilitate
1174 2272 1597 2340 circumferens,
1625 2282 1680 2329 et
1702 2272 1823 2329 aliis
1848 2273 1976 2345 qui-

350 2363 568 2436 busque
597 2363 874 2419 salubrem
921 2365 1198 2432 timorem,
1244 2366 1497 2437 exemplo
1554 2374 1779 2437 patrata:
1812 2365 1869 2421 in
1918 2381 1976 2421 se

353 2451 602 2517 ultionis,
633 2452 936 2521 incutiens,
984 2469 1055 2508 ne
1101 2454 1232 2508 talia
1260 2462 1490 2529 agentes
1523 2454 1729 2510 similia
1757 2452 1979 2524 patian-

351 2548 460 2596 tur.
489 2541 630 2596 Illud
666 2557 890 2613 quoque
942 2542 1318 2612 notissimum,
1349 2551 1405 2599 et
1443 2544 1705 2601 omnibus
1742 2543 1981 2599 habetur

350 2635 736 2710 pervulgatum
779 2676 794 2703 ,
868 2637 937 2691 ad
997 2645 1316 2694 sanctorum
1365 2644 1666 2709 martyrum
1725 2638 1980 2708 sepulcra

350 2726 541 2782 oleum
590 2727 891 2800 aliquando
940 2730 1204 2785 crevisse.
1236 2729 1526 2802 Siquidem
1556 2729 1852 2801 presbyter
1882 2746 1979 2785 vas

347 2816 627 2888 quoddam
659 2815 827 2872 fictile
849 2817 1004 2885 juxta
1038 2817 1210 2873 altare
1244 2826 1525 2889 posuerat,
1546 2818 1612 2872 ad
1637 2818 1977 2874 servandum

349 2905 556 2967 oleum,
592 2905 741 2976 quod
774 2905 983 2960 ibidem
1010 2906 1080 2961 ad
1112 2905 1322 2962 fontem
1367 2908 1622 2973 luminis,
1657 2906 1855 2963 ardere
1878 2908 1977 2964 de-

350 2993 537 3049 bebat.
573 2996 630 3049 In
655 3009 766 3066 quo
799 3011 930 3051 vase
978 3012 1172 3066 parum
1217 2995 1444 3067 quidem
1471 2995 1581 3052 olei
1610 3005 1970 3064 remanserat,

351 3083 560 3153 majore
589 3083 710 3152 ejus
740 3091 896 3155 parte
924 3084 982 3139 in
1021 3084 1347 3154 lychnorum
1381 3084 1589 3140 lumine
1620 3094 1972 3157 consumpta,

2073 2006 2159 2055 ter
2193 1997 2381 2055 nescio
2429 1998 2564 2071 quid
2608 2014 2789 2055 causa}
2833 1996 3026 2065 fuerit,
3075 1997 3380 2071 ingressus,
3432 1994 3575 2051 vidit
3604 2009 3707 2051 vas

2075 2089 2215 2145 illud
2240 2090 2364 2145 oleo
2396 2087 2764 2160 superﬂuere,
2787 2087 3091 2144 etmiratur
3111 2087 3259 2143 unde
3282 2086 3379 2142 illa
3415 2092 3565 2141 esset
3590 2083 3706 2140 olei

2075 2181 2257 2253 copia,
2280 2197 2406 2237 cum
2440 2180 2555 2236 illic
2601 2194 2829 2252 perraro
2886 2178 3203 2248 hujusmodi
3244 2176 3480 2235 inveniri
3524 2175 3709 2248 possit

2076 2273 2279 2345 liquor,
2304 2273 2473 2343 coepit
2539 2270 2887 2343 percunctari
2956 2270 3221 2327 clericum
3268 2269 3408 2327 tanti
3454 2266 3708 2325 criminis

2078 2364 2386 2434 conscium,
2429 2364 2589 2434 cujus
2635 2370 2784 2419 esset
2841 2361 3050 2430 oleum,
3082 2362 3317 2434 autquis
3338 2360 3472 2417 illud
3503 2360 3583 2415 ibi
3601 2359 3709 2416 de—

2081 2456 2380 2529 posuisset.
2406 2456 2517 2512 Sed
2533 2471 2654 2512 cum
2671 2455 2765 2510 ille
2787 2454 3018 2521 diceret,
3050 2454 3267 2509 nescire
3287 2469 3346 2510 sc
3370 2453 3522 2509 unde
3535 2459 3708 2517 esset,

2082 2548 2262 2621 pueri,
2297 2548 2392 2619 qui
2418 2548 2488 2602 ad
2522 2546 2817 2602 discendos
2847 2546 3091 2617 psalmos
3143 2544 3351 2601 ibidem
3382 2543 3713 2600 residebant

2081 2646 2139 2693 et
2166 2653 2283 2695 rem
2311 2652 2532 2693 omnem
2565 2641 2852 2701 noverant,
2878 2634 3264 2689 indicaverunt
3294 2633 3621 2704 presbytero
3654 2638 3713 2686 et

2082 2726 2285 2782 factum
2309 2724 2634 2781 miraculum
2664 2733 2719 2781 et
2742 2722 2992 2780 custodis
3020 2721 3244 2778 furtum.
3291 2721 3387 2777 llle
3426 2719 3712 2777 hocaudi—

2081 2818 2135 2867 to
2166 2812 2278 2868 cito
2309 2812 2376 2867 ad
2403 2828 2499 2867 vas
2537 2811 2687 2884 quod
2739 2811 2895 2881 juxta
2949 2809 3123 2865 altare
3150 2810 3333 2865 stabat
3369 2807 3623 2878 recurrit,
3653 2817 3711 2863 et

2079 2903 2458 2975 pavimentum
2486 2904 2669 2958 adhuc
2690 2903 2798 2958 olei
2820 2900 3196 2957 exundatione
3219 2900 3702 2957 madensinvenit.

2078 2994 2324 3067 Cumque
2356 2995 2687 3050 immensum
2715 2994 2769 3049 in
2801 2994 3006 3050 sanctis
3028 2992 3141 3049 suis
3158 2990 3497 3069 gloriﬁcaret
3511 2994 3707 3058 Deum,

2074 3086 2217 3141 alius
2245 3085 2468 3158 quidam
2495 3087 2564 3142 de
2616 3085 2946 3141 custodibus
2975 3085 3201 3141 advenit
3228 3091 3284 3140 et
3310 3084 3605 3141 confessus
3625 3092 3710 3140 est

354 3187 477 3229 cum
510 3178 741 3244 repente
770 3171 935 3244 caepit
978 3188 1252 3239 crescere,
1276 3180 1331 3228 et
1362 3173 1515 3229 nullo
1561 3173 1893 3245 inspiciente
1917 3175 1973 3230 in
2073 3191 2135 3231 se
2166 3191 2421 3248 magnam
2462 3181 2677 3246 partem
2712 3173 2819 3230 olei
2868 3173 3066 3244 ipsius,
3106 3172 3260 3228 nullo
3292 3180 3455 3241 teste,
3489 3173 3709 3239 tulisse,

355 3262 533 3331 majus
580 3260 793 3336 augeri,
851 3261 1031 3318 donec
1066 3278 1129 3319 os
1157 3262 1305 3319 vasis
1336 3279 1594 3319 crescens
1619 3265 1804 3321 oleum
1836 3281 1976 3320 exae-
2076 3273 2131 3322 et
2156 3265 2251 3321 ubi
2283 3266 2481 3334 voluit,
2524 3272 2579 3322 et
2607 3267 2753 3323 sicut
2790 3266 2967 3322 voluit
2996 3265 3353 3337 expendisse.

919 3651 1967 3782 AUCTARIUM
2086 3650 3155 3832 FLODOARDI

357 3889 466 3955 Ea:
510 3888 717 3957 codice
782 3890 1179 3977 Igniacensi,
1245 3893 1358 3979 qui
1415 3893 1693 3961 continet
1754 3891 2566 4049 Breviariumdflodoardi
2632 3889 2815 3957 libris
2885 3888 3129 3956 duobus
3195 3884 3707 3972 comprehensum

1749 4001 1898 4049 cum
1945 4002 2143 4049 annon
2195 4001 2307 4048 τοι).

1749 4001 1898 4050 cum
1945 4001 2307 4070 appcnazce.

1377 4166 1546 4232 (Apud
1580 4165 1766 4228 Labbe,
1794 4165 2035 4217 Biblioth.
2069 4132 2171 4213 mss
2195 4204 2212 4225 ,
2246 4174 2364 4225 tom.
2396 4164 2459 4225 Il,
2493 4165 2701 4231 p.363.)

1835 4302 2204 4316 -ᾙ

425 4444 570 4517 (Post
601 4445 941 4516 epitaphium
967 4446 1486 4516 Fulconiscpiswpi,
1511 4445 1610 4501 lib.
1642 4462 1718 4515 iv,
1746 4462 1848 4518 cap
1889 4448 1968 4518 8):
1997 4453 2048 4524 ο
2076 4455 2206 4505 nota
2234 4447 2531 4505 conventio
2562 4447 2749 4504 habita
2781 4448 2926 4505 inter
2944 4447 3244 4504 canonicos
3278 4450 3480 4503 sanctae
3518 4442 3703 4500 Mariae

355 4534 604 4605 Denique
649 4534 965 4590 Winmarus
1014 4536 1138 4605 ejus
1186 4534 1590 4607 interemptor,
1642 4543 1774 4603 etc.,
1806 4553 1977 4608 usque
2078 4537 2368 4593 Remensis
2397 4553 2461 4592 ac
2507 4544 2712 4594 sanctae
2766 4537 2949 4593 Mariae
3006 4536 3391 4593 Noviomensis
3440 4536 3509 4591 de
3541 4536 3706 4590 tertia

354 4618 550 4676 finivit.
584 4621 647 4675 At
676 4637 810 4677 vero
864 4622 1126 4693 praefatus
1169 4623 1333 4678 Fulco
1387 4630 1577 4695 utpote
1617 4624 1699 4681 vir
1727 4625 1975 4696 sapiens,
2079 4635 2233 4699 parte
2256 4626 2401 4683 villae
2427 4643 2551 4699 qua:
2597 4627 2798 4684 dicitur
2844 4627 3116 4683 Bidricus.
3152 4626 3468 4681 Harduinus
3495 4625 3707 4681 Novio-

354 4708 640 4781 Deumque
700 4710 906 4764 timens
974 4717 1365 4767 testamentum
1389 4728 1549 4767 suum
1599 4713 1712 4782 jam
1763 4713 1977 4769 dudum
2079 4719 2291 4774 mensis
2317 4720 2568 4775 ecclesiae
2601 4719 3049 4787 archidiaconus,
3083 4725 3276 4791 postea
3293 4724 3475 4773 autem
3504 4716 3710 4792 Lingo-

352 4801 726 4870 ordinaverat,
755 4810 810 4856 et
856 4803 924 4857 de
976 4803 1100 4873 jure
1150 4804 1471 4874 patrimonii
1502 4805 1586 4860 sui
1646 4805 1977 4877 quibusdam

352 4894 607 4949 ecclesiis
636 4894 1010 4963 distribuerat,
1052 4895 1199 4950 inter
1248 4913 1385 4968 quas
1432 4897 1690 4952 Ecclesiae
1717 4897 1980 4952 Remensi

353 5002 454 5057 pro
482 4987 679 5041 animae
707 5003 822 5042 suae
849 4988 1098 5043 remedio
1128 4987 1316 5043 villam
1371 4990 1696 5045 Nemincum
1728 5006 1850 5062 qua:
1877 4990 1983 5046 sita

353 5086 436 5134 est
463 5079 518 5135 in
550 5080 872 5152 episcOpatu
895 5081 1249 5136 Noviomensi
1287 5083 1543 5149 contulit,
1564 5083 1979 5150 cujusrcdditas

354 5190 455 5245 pro
510 5173 663 5230 illius
714 5174 985 5230 memoria
1030 5176 1318 5231 annuatim
1365 5179 1664 5233 recolenda
1694 5179 1982 5235 canonicis

356 5264 728 5319 Rcmensibus
760 5264 1105 5321 dividuntur.
1157 5268 1231 5322 De
1264 5267 1423 5336 cujus
1453 5268 1618 5323 etiam
1644 5268 1787 5322 villa:
1810 5284 1979 5322 censu

355 5354 613 5410 canonici
640 5355 1039 5412 Noviomenses
1084 5359 1291 5413 habent
1329 5342 1565 5432 singulis
1590 5359 1751 5413 annis
1771 5359 1984 5415 solidos

354 5463 417 5500 Lx
442 5444 591 5502 illius
623 5455 879 5504 monetae.
937 5450 1106 5519 Cujus
1150 5461 1337 5506 autem
1394 5451 1785 5506 conventionis
1813 5466 1981 5506 causa

356 5533 570 5588 nummi
599 5535 687 5589 isti
712 5536 1336 5595 ecclesizeNoviomensi
1356 5540 1425 5594 ab
1442 5539 1685 5595 Ecclesia
1715 5538 1975 5594 Rcmensi

353 5625 765 5695 persolvuntur,
798 5627 890 5681 hic
919 5645 1202 5699 apponere
1227 5648 1338 5688 non
1362 5632 1725 5706 incongruum
1742 5631 1980 5686 aestima-

354 5735 478 5774 mus
509 5738 525 5773 :
559 5726 617 5775 ut
662 5734 794 5792 ergo
845 5718 1061 5776 facilius
1090 5724 1197 5779 hoc
1244 5726 1625 5789 ostendamus,
1654 5723 1978 5779 memoriale

352 5812 792 5887 scriptumillius
813 5813 955 5884 pacti
982 5815 1111 5871 huic
1140 5818 1296 5889 Operi
1327 5819 1710 5876 adnectamus.

427 5928 455 5956 «
478 5908 543 5961 In
584 5904 811 5961 nomine
837 5911 1039 5959 sanctae
1066 5914 1120 5962 et
1158 5908 1459 5966 individuze
1499 5910 1798 5977 Trinitatis,
1844 5927 1985 5981 prae-

2082 4810 2275 4867 nensis
2305 4809 2481 4866 factus
2512 4811 2830 4883 epiSCOpus,
2856 4811 3033 4883 ipsam
3067 4811 3283 4865 tertiam
3317 4815 3528 4881 partem
3562 4808 3706 4863 villa:

2082 4909 2438 4980 supradictae,
2468 4926 2591 4982 quae
2621 4909 2727 4965 sibi
2758 4925 2789 4964 a
2841 4907 3167 4980 parentibus
3213 4907 3338 4977 jure
3368 4904 3709 4959 haereditatis

2082 5008 2349 5065 cesserat,
2377 4997 2637 5054 fratribus
2693 4997 2943 5055 ecclesize
2982 4995 3367 5053 Noviomensis
3394 5010 3494 5066 pro
3521 5009 3708 5049 reme-

2082 5092 2174 5148 dio
2212 5093 2411 5149 animae
2442 5108 2555 5149 suae
2580 5093 2909 5159 contulerat,
2941 5107 3107 5163 quam
3148 5090 3276 5145 dum
3306 5088 3472 5163 longe
3504 5087 3705 5144 remoti

2082 5190 2356 5251 tenerent,
2385 5184 2678 5254 praedones
2727 5181 2973 5257 regionis
3003 5197 3104 5252 per
3130 5179 3448 5235 invasiones
3479 5177 3708 5234 crebras

2082 5283 2247 5348 atque
2279 5276 2649 5347 prmdationes
2694 5276 3058 5331 vehementer
3108 5271 3425 5329 vastabant.
3456 5269 3575 5334 Qua
3607 5285 3710 5324 ne-

2083 5365 2338 5421 cessitate
2370 5364 2667 5436 compulsi,
2699 5363 2797 5420 sed
2832 5370 2886 5419 et
2916 5379 2947 5417 a
2988 5359 3248 5416 fratribus
3288 5359 3580 5414 Remensis
3612 5376 3709 5416 ec-

2082 5455 2263 5511 clesia:
2294 5455 2636 5523 commoniti,
2673 5454 2742 5509 ad
2768 5453 3101 5508 Treccnsum
3144 5466 3261 5505 eam
3297 5450 3576 5505 dederunt
3607 5465 3706 5521 pro

2079 5546 2237 5602 libris
2268 5565 2325 5602 in
2357 5563 2710 5603 nummorum
2742 5545 3266 5613 Vermandensium,
3295 5557 3436 5614 quos
3465 5542 3707 5617 singulis

2082 5637 2242 5692 annis
2260 5638 2578 5709 acciperent
2608 5637 2676 5692 de
2700 5652 2871 5692 censu
2931 5635 3075 5705 apud
3106 5632 3431 5689 Nemincum
3459 5631 3515 5685 in
3568 5630 3706 5686 festo

2081 5725 2134 5781 S.
2163 5725 2431 5796 Dionysii.
2464 5726 2617 5791 Quod
2686 5726 2731 5781 si
2785 5726 2855 5781 de
2913 5741 3084 5780 censu
3134 5721 3401 5779 solvendo
3433 5719 3707 5793 injustitia

1998 5831 2056 5900 ι)
2083 5814 2223 5870 facta
2251 5814 2437 5882 fuerit,
2464 5814 2795 5870 emendetur
2845 5812 2966 5886 lege
3026 5812 3151 5869 fori.
3194 5812 3249 5867 Si
3275 5825 3406 5868 vero
3433 5809 3568 5865 villa
3591 5810 3708 5883 ipsa

2085 5914 2294 5963 vastata
2313 5906 2495 5974 fuerit,
2540 5908 2843 5963 Remenses
2869 5905 3062 5963 fratres
3099 5904 3168 5961 ab
3203 5905 3302 5960 hac
3329 5902 3705 5959 conventione

356 5999 608 6053 sentibus
630 6004 688 6052 et
737 5995 938 6050 futuris
966 6005 1167 6051 sanctae
1215 6001 1405 6055 matris
1435 6001 1693 6056 Ecclesia:
1739 6000 1872 6056 ﬁliis
1915 6003 1987 6057 sit
2087 5998 2215 6054 ideo
2262 6014 2376 6054 non
2419 5999 2665 6055 resiliant
2698 6018 2713 6066 ;
2745 6000 2873 6055 etsi
2935 5997 3228 6053 emendata
3280 5994 3467 6057 fuerit,
3502 5993 3707 6049 Novio-
