3912 6410
164 363 277 420 329

736 360 1126 422 COLVENERII
1165 362 1389 422 SCHOL.
1436 362 1503 420 IN
1541 362 1712 423 HIST.
1755 363 1918 422 REM.
1958 360 2138 420 ECCL.
2165 391 2235 404 —
2273 361 2340 419 IN
2379 358 2632 419 LIBRUM
2674 357 2956 417 PRIMUM.
3000 426 3021 435 _

3401 362 3508 423 330

160 517 390 560 menses
416 500 616 558 fratres
639 502 695 558 in
715 518 816 559 sua
843 504 1211 563 conventione
1248 505 1376 562 ideo
1429 506 1794 564 nihilominus
1813 512 1870 583 Α
1890 504 2344 578 archiepiscopus
2374 503 2519 560 dirui
2542 502 2692 571 fecit,
2733 502 2959 575 quando
2980 501 3146 558 etiam
3176 501 3297 574 ipse
3326 503 3510 559 eccle-

160 602 553 665 permaneant.
588 592 760 663 Hujus
792 610 924 650 vero
954 595 1342 652 conventionis
1375 597 1513 652 ratio
1534 596 1679 653 facta
1708 606 1795 656 est

159 682 398 740 consilio
420 690 591 754 atque
613 697 892 738 consensu
912 683 1164 740 Widonis
1179 685 1610 757 archiepiscopi,
1627 687 1795 743 Odal-

159 770 265 826 rici
324 770 636 843 praepositi,
698 770 956 827 Richardi
1007 772 1225 841 decani,
1288 774 1493 830 Odonis
1529 776 1791 844 cantoris,

161 876 386 916 necnon
437 859 611 917 totius
656 861 1127 936 congregationis.
1182 864 1245 918 At
1294 879 1360 919 ex
1412 864 1585 920 altera
1636 874 1794 936 parte

164 951 433 1007 similiter
453 966 722 1007 concessa
741 959 825 1007 est
853 952 957 1008 ista
988 953 1283 1009 conventio
1306 953 1560 1009 Balduini
1584 955 1792 1011 Novio-

161 1044 377 1099 mensis
410 1043 666 1115 episcOpi
690 1044 993 1111 voluntate,
1018 1051 1183 1117 atque
1210 1046 1444 1102 consilio
1472 1047 1792 1121 Haganonis

165 1131 479 1205 praepositi,
508 1132 760 1188 Rotberti
779 1132 997 1200 decani,
1032 1134 1314 1207 totiusque
1345 1136 1794 1208 congregationis

158 1221 450 1277 communi
482 1220 768 1295 suﬂragio.
802 1222 1038 1293 Insuper
1069 1222 1235 1278 etiam
1266 1233 1504 1296 utraque
1528 1240 1655 1295 pars
1692 1241 1793 1280 vo-

156 1315 344 1369 lentes
399 1321 620 1385 pactum
666 1315 772 1370 hoc
802 1312 922 1370 fore
958 1321 1312 1386 perpetuum,
1367 1317 1639 1388 scriptum
1671 1315 1794 1371 fieri

160 1408 517 1481 delegerunt,
574 1408 724 1480 quod
768 1417 913 1464 esset
957 1408 1016 1462 in
1061 1410 1465 1481 sempiternum
1519 1410 1795 1481 praedictae

160 1496 558 1552 conventionis
575 1497 975 1553 testimonium.
1008 1500 1202 1553 Actum
1224 1514 1370 1552 anno
1393 1498 1794 1553 incarnationis

162 1589 473 1644 Dominicis
501 1588 641 1643 mill.
682 1606 755 1657 LI,
814 1588 1118 1645 indictione
1153 1606 1231 1657 Ill,
1268 1597 1532 1665 regnante
1561 1590 1794 1645 Henrico

166 1696 328 1756 rege,
360 1695 508 1736 anno
554 1696 712 1747 χχιιι,
765 1681 1277 1752 archiepiscopatus
1325 1682 1516 1739 domni
1546 1682 1795 1737 Widonis

168 1787 323 1828 anno
361 1788 540 1839 xvuii,
595 1771 852 1827 Balduini
910 1772 1159 1844 episcopi
1211 1773 1595 1829 Noviomensis
1646 1787 1794 1829 anno

1894 600 2032 656 siam
2063 598 2300 654 duorum
2361 613 2588 654 arcuum
2635 595 2989 669 longitudine
3044 594 3346 667 ampliavit,
3370 595 3511 651 etin

1894 703 2236 760 unoquoque
2262 687 2435 742 latere
2493 684 2688 742 turrim
2730 700 2899 740 unam
2926 682 3202 740 aediﬁcare
3233 683 3516 740 inchoavit

1895 795 2042 835 anno
2069 777 2338 834 incarnati
2368 776 2533 833 Verbi
2565 777 2726 833 1152.
2771 775 2881 832 Sed
2912 775 3179 848 quoniam
3199 775 3270 830 de
3300 775 3512 847 praedi-

1895 877 1984 926 cta
2009 868 2276 941 opinione
2308 868 2461 923 nulla
2501 867 2557 922 in
2607 865 2749 922 libro
2803 865 3099 922 Flodoardi
3128 864 3338 921 mentio
3359 865 3515 921 inve-

1896 962 2064 1026 nitur,
2099 961 2374 1016 incertum
2407 975 2530 1015 esse
2555 958 2797 1026 videtur,
2847 957 3000 1031 quod
3056 972 3242 1029 neque
3279 955 3507 1028 scripto,

1895 1066 2077 1121 neque
2103 1056 2240 1104 teste
2272 1049 2457 1120 aliquo
2479 1046 2892 1119 comprobatur.
2934 1045 3223 1102 Porroiste
3248 1045 3515 1102 Flodoar-

1895 1138 2017 1207 dus,
2052 1143 2146 1214 qui
2182 1144 2346 1213 hujus
2376 1141 2565 1213 operis
2612 1148 2698 1197 est
2746 1148 2960 1209 auctor,
3001 1139 3105 1197 fuit
3127 1146 3518 1212 contempora-

1896 1248 2034 1287 neus
2065 1231 2296 1287 Herivzei
2327 1229 2760 1302 archipraesulis,
2822 1230 3050 1302 Seulphi
3103 1242 3328 1302 quoque
3350 1237 3518 1302 atque

1896 1325 2130 1392 Artoldi,
2179 1330 2239 1379 ut
2299 1342 2365 1379 ex
2424 1324 2602 1395 ipsius
2657 1323 2841 1379 verbis
2891 1323 3275 1394 perpenditur,
3327 1330 3382 1379 et
3420 1322 3516 1396 qui

1898 1413 2115 1469 minora
2133 1415 2329 1469 horum
2362 1429 2534 1484 opera
2579 1412 2878 1480 enarravit,
2899 1427 3012 1467 rem
3044 1411 3203 1468 istam
3234 1430 3514 1488 magnam,

1896 1506 1942 1561 si
1974 1522 2166 1561 verum
2194 1521 2318 1561 esse
2368 1504 2555 1571 sciret,
2597 1504 2828 1560 forsitan
2874 1520 2986 1560 non
3031 1504 3331 1560 omisisset.
3373 1506 3516 1561 Sane

1897 1593 2159 1667 prefatus
2198 1592 2438 1660 Seulfus,
2471 1599 2531 1649 ut
2569 1594 2837 1665 scriptum
2872 1592 3165 1660 habemus,
3197 1593 3521 1650 immunita-

1897 1690 2009 1738 tem
2028 1682 2252 1739 claustri
2276 1682 2440 1738 nobis
2465 1682 2699 1756 largitus
2727 1690 2832 1750 est,
2872 1682 3132 1739 videlicet
3160 1683 3357 1738 domos
3381 1699 3519 1738 ven-

1896 1772 2091 1837 dendi,
2131 1772 2379 1839 emendi,
2410 1788 2511 1827 seu
2555 1771 2794 1828 invicem
2851 1771 3249 1839 commutandi,
3279 1787 3378 1844 pro
3409 1789 3521 1844 qua

169 1880 295 1921 vm.
330 1883 358 1915 »
1821 1900 1871 1968 Β
1896 1864 2191 1937 largitione
2219 1864 2505 1920 annuatim
2544 1863 2920 1920 defunctionis
2974 1864 3097 1933 ejus
3142 1865 3290 1920 diem
3323 1865 3519 1922 recoli-
3578 1921 3598 1948 ,

242 1958 377 2012 Item
408 1955 506 2010 lib.
540 1971 615 2023 iv,
646 1970 771 2025 cap.
825 1955 916 2023 19,
941 1960 1070 2028 post
1120 1960 1281 2026 finem
1310 1960 1507 2028 capitis
1541 1974 1555 2012 :
1588 1959 1664 2013 De
1690 1957 1794 2013 isto
1824 1952 1870 1968 "
1896 1970 2042 2020 mus,
2072 1954 2161 2009 cui
2192 1954 2355 2008 etiam
2378 1952 2647 2025 obsequio
2689 1953 2892 2024 Tilpini
2929 1960 3094 2026 atque
3121 1955 3374 2012 Widonis
3398 1971 3521 2013 me-

166 2044 422 2116 Senlpho
454 2043 716 2100 solebant
745 2045 931 2102 dicere
983 2047 1162 2103 nostri
1218 2055 1601 2103 antecessores
1645 2048 1796 2120 quod
1898 2043 2152 2110 moriam,
2181 2041 2277 2113 qui
2302 2041 2481 2112 pridie
2528 2058 2693 2113 quam
2737 2040 2841 2097 iste
2887 2041 3270 2112 decesserunt,
3298 2052 3355 2100 et
3373 2044 3521 2100 mul-

169 2136 294 2206 ipse
324 2132 691 2205 ampliaverat
738 2134 1007 2206 templum
1069 2136 1175 2191 hoc
1230 2145 1497 2208 quantum
1546 2136 1799 2192 continet
1898 2143 1954 2192 ta
1983 2134 2241 2192 Ecclesia
2272 2134 2420 2191 bona
2458 2135 2836 2202 contulerunt,
2869 2149 2980 2191 non
3021 2136 3301 2193 immerito
3321 2138 3523 2207 adjun—

164 2223 463 2297 longitudo
484 2238 713 2279 arcuum
742 2224 929 2280 trium.
961 2224 1226 2280 Dicebant
1252 2241 1477 2297 quoque
1508 2226 1658 2298 quod
1679 2225 1797 2299 ipse
1898 2224 2099 2297 gimus.
2133 2225 2290 2280 Nunc
2320 2225 2506 2296 itaque
2537 2224 2822 2295 paululum
2855 2224 3115 2300 digressi.
3143 2226 3212 2282 ad
3240 2224 3517 2283 narratio-

166 2320 418 2371 veterem
446 2310 644 2369 turrim
664 2317 1077 2382 construxerat,
1109 2330 1275 2385 quam
1312 2314 1550 2371 domnus
1569 2315 1800 2372 Samson
1902 2317 1988 2372 nis
2016 2317 2216 2372 seriem
2246 2317 2540 2374 articulum
2561 2318 2908 2374 reducamus.

785 2714 889 2822 IN
956 2715 1307 2821 LIBROS
1372 2717 1846 2824 HISTORIM
1916 2718 2397 2825 REMENSIS
2463 2718 2929 2824 EGCLESIIE

960 2940 1719 3071 SCHOLIA
1802 2936 2134 3070 SEU
2223 2941 2740 3072 NOT/E

210 3183 480 3257 Quibus
510 3180 803 3244 obscura
834 3200 1119 3263 quaeque
1148 3183 1593 3261 illustrantur,
1629 3185 1833 3247 dubia
1862 3188 1923 3247 et
1952 3185 2253 3248 involuta
2278 3184 2719 3265 explicantur,
2755 3183 2995 3247 mutila
3021 3201 3097 3247 ac
3127 3184 3484 3265 depravata

1359 3286 1755 3366 supplentur
1783 3290 1845 3350 et
1876 3285 2345 3349 emendantur.

1210 3454 1560 3519 AUCTORE
1603 3453 1933 3518 GEORGIO
1977 3449 2486 3517 COLVENERIO.

168 3644 275 3707 SS.
329 3642 663 3719 Theologiae
691 3638 927 3699 doctore
972 3646 1025 3697 et
1070 3637 1238 3719 regio
1275 3634 1696 3719 acordinario
1726 3636 1797 3694 in
1826 3633 2157 3719 Academia
2184 3633 2489 3719 Duacenci
2526 3629 2860 3719 professoria
2901 3632 3230 3711 collegiate
3275 3633 3529 3696 ecclesiae

1083 3717 1146 3776 S.
1199 3717 1365 3777 Petri
1404 3717 1720 3793 praeposito
1764 3724 1817 3776 ct
1864 3714 2194 3775 Academiae
2234 3714 2621 3775 caneeliario.

1340 3919 1444 3981 (Ea:
1476 3918 1777 3969 Bibliotheca
1804 3918 2036 3979 Patrum,
2070 3924 2189 3968 tom.
2214 3916 2393 3979 XVII.)

948 4291 1469 4391 SCHOLIA
1548 4292 1672 4388 IN
1728 4271 2208 4387 LIBRUM
2286 4290 2796 4388 PRIMUM.

830 4701 1193 4759 PROLOGUS.

265 4794 543 4849 Prceclaro
567 4794 805 4864 praesuli
841 4797 910 4850 R.
949 4795 1303 4850 Hadoardus.
1365 4793 1455 4849 Sic
1509 4809 1632 4849 cum
1668 4792 1733 4848 Β.
1761 4792 1820 4848 Ρ.

192 4887 409 4943 Iacobo
458 4886 759 4942 Sirmondo
807 4886 1184 4954 extendimus,
1215 4901 1339 4941 cum
1389 4901 1491 4940 ms.
1525 4884 1596 4939 sit
1625 4884 1665 4938 R
1698 4883 1734 4937 F
1766 4884 1825 4949 L,

193 4977 316 5044 ubi,
347 4982 410 5032 ut
449 4976 597 5031 idem
628 4975 961 5031 Sirmondus
977 4975 1073 5041 ait,
1104 4990 1206 5046 per
1233 4973 1552 5029 litteramR.
1576 4972 1832 5028 nonnulli

1850 4727 1901 4798 Ο
1997 4701 2164 4771 Cujus
2190 4701 2354 4755 etiam
2381 4700 2645 4766 famicem
2684 4698 3396 4769 prodeuntibusdemterum.
3431 4698 3543 4756 Hoc

1925 4800 2009 4850 est
2039 4807 2163 4848 eum
2197 4791 2292 4863 qui
2323 4807 2353 4847 a
2391 4790 2630 4846 dexteris
2679 4798 2762 4846 est
2813 4791 2882 4846 iis
2929 4792 3023 4863 qui
3050 4791 3326 4848 civitatem
3357 4791 3544 4864 ingre-

1929 4887 2173 4943 diuntur.

2002 4978 2197 5033 Nautaa
2219 4974 2488 5044 siquidem
2512 4988 2744 5043 cygnum
2788 4973 2979 5029 bonam
3002 4973 3299 5045 prognosin
3320 4970 3548 5041 prodere

196 5074 397 5138 putant
422 5065 777 5137 Rodulphum
830 5065 1152 5136 episcopum
1197 5063 1618 5118 Laudunensem
1663 5060 1834 5115 intel-
1931 5067 2141 5134 feriati,
2162 5068 2224 5119 ut
2243 5066 2323 5119 ait
2364 5064 2637 5119 Emitius.
2689 5062 2810 5118 Haec
2851 5063 3018 5117 verba
3043 5077 3167 5116 cum
3200 5061 3438 5115 disticho
3459 5076 3550 5115 se-

195 5154 317 5227 ligi,
350 5170 518 5226 quem
549 5154 741 5209 scribit
759 5154 816 5209 in
847 5153 1118 5210 Chronico
1170 5168 1270 5208 suo
1306 5151 1396 5207 hic
1424 5158 1616 5207 auctor
1644 5158 1835 5206 noster
1936 5164 2142 5224 quentc
2170 5158 2391 5222 sumpta
2410 5156 2539 5205 sunt
2564 5166 2629 5206 ex
2656 5150 2867 5205 Isidoro
2890 5149 2988 5204 lib.
3020 5165 3094 5204 xu
3126 5148 3409 5223 Originum
3432 5148 3550 5204 sive

195 5244 406 5300 obiisse
436 5259 587 5300 anno
615 5243 724 5301 948
756 5261 770 5298 :
803 5259 990 5316 neque
1021 5244 1139 5299 haec
1169 5241 1403 5298 historia
1444 5239 1682 5296 ulterius
1710 5254 1835 5311 pro-
1935 5242 2425 5315 Etymologiarum,
2457 5256 2577 5310 cap.
2611 5241 2666 5306 7,
2695 5255 2761 5295 ex
2813 5255 2922 5311 quo
2962 5238 3140 5308 adjeci
3169 5238 3422 5295 voculam
3446 5242 3549 5295 ait.

195 5336 477 5411 greditur.
1938 5334 2184 5388 Isidorus
2225 5347 2291 5388 ea
2349 5330 2659 5400 desumpsit
2709 5346 2774 5384 ex
2823 5330 3014 5386 Servio
3045 5330 3104 5384 in
3134 5345 3150 5385 ι
3181 5329 3425 5399 Ᾱὲηθίἀ..
3486 5332 3554 5386 ad

1933 5442 2154 5483 versum
2182 5442 2195 5480 ε

266 5517 488 5573 Fratris
516 5515 787 5571 militibus
940 5517 1300 5582 interfectum.
1328 5513 1419 5568 Sic
1445 5511 1635 5568 omnia
1651 5526 1838 5567 exem—
2153 5512 2333 5577 Aspice
2357 5513 2582 5562 laetantes
2604 5512 2683 5561 bis
2730 5525 2876 5561 senos
2906 5512 3103 5577 agmine
3135 5527 3339 5578 cygnos.

197 5604 400 5677 plaria,
436 5612 607 5675 atque
642 5603 720 5658 ita
750 5603 1070 5674 frequenter
1089 5603 1356 5674 loquitur,
1386 5600 1681 5658 subaudita
1695 5614 1841 5672 praa-
1939 5596 2113 5652 Habet
2133 5600 2315 5649 autem
2349 5594 2626 5649 distichon
2672 5595 2778 5649 hoc
2823 5594 3076 5650 ZEmilius
3106 5594 3286 5651 Macer
3309 5596 3367 5651 in
3393 5593 3561 5651 Orni-

196 5697 507 5771 positione,
532 5710 638 5767 pro
670 5710 703 5750 a
733 5695 914 5751 fratris
939 5694 1232 5764 militibus,
1262 5710 1431 5767 quam
1452 5693 1726 5764 adjecitJ.
1750 5692 1840 5749 Sic
1945 5688 2231 5763 thogonia,
2268 5701 2452 5758 ,quem
2498 5686 2702 5741 librum
2750 5686 2883 5743 citat
2907 5687 3169 5756 Servius;
3203 5689 3335 5744 item
3356 5685 3566 5742 Nonius

194 5789 346 5847 infra
370 5805 501 5861 cap.
531 5787 587 5844 6.
619 5786 795 5843 turbis
808 5792 1041 5844 remotus
1065 5787 1449 5859 popularibus.
1945 5779 2259 5850 Marcellus,
2280 5778 2451 5837 verbo
2514 5784 2785 5850 prosecta.
2825 5779 2928 5837 Ubi
2976 5785 3162 5838 tamen
3188 5794 3291 5852 pro
3314 5776 3566 5835 .Emiiius

507 5890 817 5955 Punon.
872 5888 1213 5958 CXXXV.
2415 5944 2445 5969 .
3197 5884 3269 5942 11

748 5422 961 5479 CAPUT
1009 5422 1294 5478 PRIMUM.
