3912 6406
401 371 501 427 331

1240 367 1639 425 COLVENERII
1681 367 1957 422 SCHOLIA
1998 367 2063 421 IN
2106 366 2277 421 lllST.
2322 365 2607 421 REMENS.
2652 365 2917 421 ECCLES.

3647 368 3759 425 332

401 508 546 562 male
576 507 781 579 legitur
808 508 1070 574 Licinius,
1122 513 1181 560 ut
1225 505 1377 561 docti
1404 504 1760 560 adnotarunt.
1802 504 2027 558 Servius
2052 509 2103 576 Α
2134 503 2278 576 Orig.
2313 519 2432 574 pro,
2461 521 2567 559 non
2604 507 2871 571 fecissent.
2908 503 2971 557 Et
3001 504 3164 573 paulo
3197 511 3321 575 post
3354 506 3451 559 :Eo
3476 505 3543 559 de
3568 506 3760 559 media

401 602 500 657 ubi
558 617 725 670 supra
781 600 850 654 ad
894 615 1153 654 versum:
1207 600 1471 666 Ignavum
1536 598 1716 664 fucos,
1775 598 2023 652 nominat

402 694 643 749 Marcum
693 692 997 747 IEmilium.
1048 690 1203 755 Quod
1268 704 1400 745 vero
1456 689 1527 743 de
1588 688 1877 743 anseribus
1934 689 2024 743 hic

401 780 776 852 subjungitur,
798 785 1077 849 sumptum
1107 786 1190 832 est
1213 793 1277 832 ex
1311 777 1509 833 eodem
1537 777 1733 832 lsidori
1760 777 1905 843 loco,
1927 776 2024 831 ubi

403 871 473 926 dc
504 869 769 941 Capitolio
799 883 899 939 per
926 882 1152 922 anseres
1197 874 1412 922 servato
1469 866 1599 922 citat
1632 866 1865 933 Livium,
1899 866 2027 921 Plu-

405 964 653 1020 tarchum
686 970 741 1018 et
762 962 1001 1017 Florum.
1034 961 1242 1026 Quibus
1273 962 1401 1016 addi
1426 968 1608 1032 potest
1640 961 1966 1016 Pliniuslib.
1994 976 2026 1015 x

405 1057 539 1113 Hist.
571 1055 691 1110 Nat.
750 1070 873 1125 cap.
920 1054 1011 1119 22,
1045 1061 1102 1109 et
1130 1054 1231 1108 lib.
1267 1070 1417 1123 xxix,
1462 1070 1507 1110 c.
1539 1057 1597 1122 4,
1630 1054 1818 1125 etipse
1848 1054 2027 1128 Virgi-

404 1147 515 1203 lius
535 1147 634 1202 lib.
669 1163 759 1201 vm
782 1145 1043 1201 Aineidos
1072 1147 1175 1201 sub
1198 1144 1387 1201 finem.

479 1237 637 1292 Urbis
665 1240 842 1290 autem
868 1241 1067 1291 nostra:
1103 1252 1295 1292 nomen
1316 1241 1732 1292 Durocortorum
1752 1236 2028 1307 quondam

403 1325 627 1380 dictum.
662 1323 742 1378 Ita
796 1324 900 1379 hoc
918 1323 1040 1380 loco
1071 1336 1127 1380 et
1174 1324 1320 1381 infra
1361 1341 1583 1397 semper
1612 1326 1806 1399 legunt
1830 1340 2024 1379 exem-

404 1416 581 1489 plaria
610 1414 667 1470 C.
699 1415 765 1469 Μ.
788 1424 845 1471 et
873 1416 923 1484 J,
956 1433 1057 1488 pro
1085 1433 1196 1490 quo
1227 1418 1281 1473 S.
1312 1418 1522 1490 ubique
1552 1418 1837 1473 substituit
1862 1421 2029 1472 Duro-

402 1508 615 1560 cortum
648 1520 664 1570 ;
695 1504 846 1575 quod
874 1503 1317 1578 legiturquidem
1347 1505 1715 1580 vulgariterin
1732 1513 1881 1560 textu
1894 1505 2027 1561 Julii

403 1596 629 1653 Caesaris
658 1596 780 1651 loco
814 1596 903 1651 hic
929 1597 1188 1670 allegato.
1219 1598 1421 1653 Verum
1453 1598 1678 1654 Fulvius
1717 1599 1941 1654 Ursinus
1968 1598 2025 1652 in

401 1690 522 1745 suis
540 1687 1025 1744 emendationibus
1055 1695 1283 1744 testatur
1313 1690 1368 1744 in
1397 1690 1542 1747 libro
1570 1706 1672 1747 suo
1700 1706 1731 1745 a
1752 1692 2027 1746 sexcentis

404 1797 552 1855 pene
579 1781 742 1837 annis
784 1781 1118 1853 conscripto,
1160 1789 1215 1837 et
1249 1782 1359 1838 alio
1393 1783 1582 1838 codice
1614 1784 1875 1839 Vaticano
1915 1783 2024 1858 legi

402 1832 839 1935 Burocortorum,
872 1832 1152 1941 quomodo
1194 1877 1248 1925 et
1294 1871 1625 1927 Ptolomaeus
1652 1872 1784 1945 legit
1832 1832 2100 1942 Ampi-3

403 1960 672 2026 κόρτορον.
705 1957 908 2012 Eadem
940 1956 1105 2013 lectio
1133 1957 1396 2028 probatur
1415 1976 1482 2014 ex
1520 1960 1753 2028 Ethice,
1790 1969 1846 2016 et
1874 1978 2028 2017 com-

407 2048 678 2104 mentario
700 2048 1011 2120 Hieronymi
1040 2048 1234 2104 Surita;
1264 2050 1335 2105 ad
1367 2050 1712 2106 ltinerarium
1742 2053 2025 2121 Antonini,

405 2144 462 2192 et
488 2153 555 2192 ex
582 2137 874 2193 Hincmaro
906 2137 1067 2208 epist.
1092 2137 1147 2203 6,
1174 2137 1320 2192 inter
1347 2153 1443 2194 eas
1473 2155 1596 2210 qua!
1618 2140 1806 2195 a’R.P.
1838 2142 2027 2195 Buszeo

406 2226 573 2283 editis
591 2233 740 2293 sunt,
772 2243 821 2284 c.
866 2229 952 2285 18.
988 2228 1179 2285 Petrus
1206 2230 1442 2297 Divaaus,
1473 2238 1527 2286 et
1553 2232 1895 2288 Abrahamus
1924 2233 2027 2289 Or-

405 2318 572 2373 telius
625 2319 681 2373 in
724 2335 826 2375 suo
863 2320 1140 2378 Thesauro
1197 2322 1578 2397 Gcographico
1617 2327 2031 2381 Durocottorum

404 2410 673 2478 scribunt,
714 2418 920 2467 mutata
953 2413 1133 2469 littera
1164 2431 1195 2469 r
1226 2414 1283 2468 in
1313 2420 1356 2469 t.

483 2502 721 2557 Vastatis
769 2504 1101 2571 regionibus,
1123 2508 1420 2560 emercitum
1453 2507 1649 2561 Casar.
1686 2506 1774 2561 Sic
1802 2505 1929 2581 Orig
1980 2515 2033 2563 et

406 2592 461 2656 C.
497 2608 597 2663 pro
627 2609 737 2665 quo
785 2594 916 2649 MSJ
946 2596 1090 2650 male
1134 2597 1323 2668 legunt
1372 2600 1540 2664 factis
1596 2599 1917 2665 legionibus,
1976 2606 2034 2654 ut

405 2682 687 2739 declarant
706 2699 772 2739 ea
791 2699 916 2755 qua;
955 2683 1013 2738 in
1052 2685 1265 2739 Caesare
1294 2686 1637 2756 prmeedunt.

474 2776 717 2831 £thicus
769 2779 933 2831 etiam
990 2779 1049 2831 in
1108 2777 1533 2848 Cosmographia
1611 2781 1690 2833 sic
1747 2784 2026 2834 memorat.

402 2867 583 2922 Verba
603 2883 725 2939 quae
753 2867 883 2923 citat
911 2868 1171 2940 leguntur
1199 2869 1256 2922 in
1279 2869 1567 2924 ltinerario
1593 2869 2024 2940 provinciarum.

406 2955 556 3026 quod
578 2956 854 3012 Antonino
885 2960 1150 3030 Augusto,
1179 2958 1316 3013 alias
1347 2958 1622 3014 Antonino
1648 2959 1777 3029 imp.
1802 2960 2029 3015 ascribi-

404 3050 515 3112 tur,
545 3051 600 3099 et
629 3044 686 3098 in
704 3044 950 3100 editione
978 3045 1278 3100 Basileensi
1324 3047 1461 3101 1575
1489 3046 1687 3103 ιΈιιιίρὶ
1706 3047 2031 3123 Cosmogra—

2131 602 2300 661 nocte,
2335 613 2451 666 pro,
2481 613 2538 651 eo
2568 597 2654 649 die
2683 596 2863 649 media
2892 600 3062 650 nocte.

2196 687 2466 741 Etdocilis
2490 693 2662 740 rector
2691 688 2919 739 rostrati
2949 686 3115 753 Belga
3147 688 3343 740 covini.
3370 686 3445 739 [ta
3477 686 3532 739 in
3552 687 3606 741 S.
3634 702 3762 741 cor-

2126 784 2337 829 rectum
2364 790 2427 828 cx
2452 773 2597 847 Orig.
2658 788 2768 845 quo
2825 774 2991 828 modo
3024 782 3078 827 ct
3105 774 3131 828 J
3165 774 3317 848 legit,
3352 791 3477 829 cum
3506 775 3573 829 Μ.
3606 776 3761 846 legat

2127 867 2417 918 monstrati
2438 865 2663 931 Belgaco
2689 865 2854 917 vinci.
2881 864 2941 916 In
2972 862 3209 934 Corpore
3243 864 3563 932 Poetarum,
3598 865 3761 919 edito

2129 952 2382 1026 Lugduni
2413 951 2567 1017 1603,
2598 952 2804 1025 legitur
2820 967 3045 1024 quoque
3075 954 3371 1007 monstrati
3399 961 3453 1007 et
3483 953 3541 1007 in
3572 953 3763 1024 primo

2126 1060 2289 1098 versu
2320 1046 2489 1099 Aturi
2517 1059 2616 1114 pro
2644 1047 2854 1112 Satyri,
2897 1061 3021 1099 cum
3052 1061 3184 1099 vera
3209 1046 3395 1114 lectio,
3425 1053 3485 1100 ut
3516 1045 3570 1100 in
3605 1046 3763 1100 The-

2127 1147 2291 1187 sauro
2321 1148 2421 1187 suo
2453 1132 2615 1187 docet
2640 1132 2899 1199 Ortelius,
2922 1133 3189 1201 sitAtyri.
3227 1133 3320 1188 Est
3346 1140 3529 1187 autem
3553 1134 3763 1203 Atyrus

2128 1221 2505 1276 Tarbellorum
2537 1221 2591 1275 in
2632 1220 2805 1275 Gallia
2859 1222 3186 1292 Aquitanica
3218 1221 3419 1276 ﬂuvius
3450 1237 3762 1291 erumpens

2129 1310 2187 1365 in
2216 1310 2511 1366 Oceanum.
2544 1310 2713 1366 Porro
2753 1311 2987 1365 covinus
3015 1317 3099 1365 est
3146 1310 3333 1364 rhedaz
3375 1325 3472 1365 seu
3503 1310 3757 1364 vehiculi

2127 1398 2309 1454 falcati
2333 1417 2531 1475 genus,
2565 1415 2676 1472 quo
2707 1400 2953 1455 Britanni
3002 1410 3059 1455 et
3115 1400 3252 1456 Galli
3295 1400 3350 1455 in
3383 1401 3592 1473 praeliis
3628 1409 3761 1457 ute-

2128 1491 2349 1547 bantur.

2771 1585 2979 1641 CAPUT
3017 1587 3109 1641 Ill.

2198 1676 2255 1732 S.
2285 1674 2553 1746 Sinicium
2574 1677 2828 1731 videlicet
2893 1679 3222 1732 Suessonicoz
3250 1677 3391 1730 sedis
3416 1678 3623 1746 primo,
3657 1690 3763 1729 no-

2128 1742 2479 1838 trum'postea
2501 1772 2813 1839 praesulem.
2844 1770 2905 1823 Et
2936 1769 3084 1823 infra
3105 1742 3479 1825 Suessonicdm
3507 1776 3564 1823 et
3593 1769 3763 1824 Sues-

2128 1863 2265 1915 soni.
2303 1861 2424 1916 Haec
2454 1868 2538 1915 est
2560 1862 2713 1932 quasi
2735 1870 3003 1932 perpetua
3032 1861 3195 1917 lectio
3216 1860 3550 1932 antiquioris
3566 1876 3763 1914 exem-

2128 1948 2298 2019 plaris
2327 1950 2395 2016 M,
2421 1967 2586 2022 quam
2618 1951 2652 2004 S
2711 1951 2919 2023 ubique
2972 1952 3201 2006 mutavit
3257 1949 3445 2004 addita
3511 1950 3759 2018 litterai,

2127 2043 2462 2115 scripsitque
2519 2045 2871 2098 Suessionicae
2909 2052 2963 2098 et
3002 2046 3300 2109 Suessioni,
3334 2050 3437 2098 etc.
3464 2042 3573 2097 Sed
3607 2042 3761 2097 anti-

2129 2151 2291 2206 quam
2327 2136 2568 2191 retinere
2624 2136 2850 2206 placuit,
2884 2151 2950 2190 eo
2981 2136 3130 2207 quod
3176 2135 3563 2206 probationem
3597 2150 3757 2188 suam

2133 2230 2332 2284 habeat
2363 2245 2427 2285 ex
2478 2231 2803 2297 Ptolomaeo,
2856 2230 3070 2285 [Ethico
3103 2236 3156 2283 et
3210 2229 3351 2291 aliis,
3387 2236 3553 2299 atque
3586 2227 3757 2282 etiam

2130 2336 2197 2375 ex
2226 2320 2429 2377 Gallica
2459 2336 2593 2377 voce
2626 2322 2893 2388 Soissons,
2950 2320 3163 2374 tametsi
3219 2318 3622 2390 posterioribus
3651 2333 3763 2372 saa-

2131 2412 2272 2467 culis
2297 2413 2402 2467 alia
2431 2413 2795 2478 situsitatior,
2830 2412 3021 2484 quaein
3052 2411 3196 2466 Julio
3230 2410 3440 2465 Cresare
3474 2410 3760 2464 interdum

2134 2502 2430 2572 reperitur.
2470 2503 2582 2556 Nec
2610 2503 2777 2557 refert
2799 2510 2981 2557 utrum
3010 2503 3114 2556 hoc
3139 2518 3208 2555 an
3235 2500 3327 2554 illo
3363 2500 3528 2554 modo
3562 2498 3766 2554 effera-

2136 2599 2240 2646 tur.
2278 2590 2545 2644 Caeterum
2607 2590 2808 2645 veritas
2837 2590 3077 2644 historias
3142 2589 3232 2643 hic
3282 2599 3518 2642 narratae
3568 2604 3635 2641 ex
3694 2604 3763 2642 eo

2133 2681 2492 2737 confirmatur
2519 2682 2670 2752 quod
2697 2682 2750 2735 S.
2781 2682 2963 2736 Sixtus
2993 2690 3047 2736 et
3076 2680 3130 2735 S.
3160 2680 3399 2734 Sinicius
3429 2680 3519 2745 (de
3552 2678 3762 2749 quibus

2132 2770 2520 2843 Martyrologia
2574 2769 2832 2823 Kalendis
2880 2768 3247 2839 Septembris)
3280 2775 3560 2838 ponantur
3592 2768 3758 2839 primi

2132 2862 2186 2916 in
2243 2862 2492 2935 catalogo
2542 2861 2932 2931 episcoporum
2983 2859 3466 2926 Suessonensium,
3513 2860 3657 2913 sicut
3702 2869 3759 2912 et

2132 2950 2508 3017 Remensium,
2541 2958 2601 3004 ut
2638 2950 2827 3004 videre
2859 2955 2941 3003 est
2970 2949 3024 3002 in
3056 2948 3257 3003 tabulis
3289 2948 3511 3003 Antonii
3544 2948 3754 3001 Demo-

2131 3046 2334 3114 charis,
2368 3046 2465 3101 ubi
2500 3045 2813 3100 referuntur
2843 3044 3167 3115 martyrium
3202 3044 3345 3114 passi
3376 3042 3481 3098 sub
3510 3042 3756 3109 Nerone,

404 3136 550 3208 phiae
564 3136 939 3211 subjungitur,
960 3145 1153 3209 estque
1183 3138 1486 3194 verisimile
1515 3140 1787 3195 IEthicum
1820 3142 2028 3197 utrius—
2056 3154 2105 3223 Ο
2128 3141 2271 3196 sicut
2302 3149 2355 3195 et
2381 3140 2673 3195 Amansius
2729 3140 2925 3194 horum
2976 3154 3284 3193 successor.
3314 3140 3489 3208 Atque
3522 3137 3593 3191 ob
3630 3153 3755 3192 eam

402 3245 511 3299 que
534 3235 812 3284 auctorem
842 3245 983 3285 esse.
1017 3229 1277 3285 Videatur
1310 3230 1561 3302 pmfatio
1608 3232 1767 3287 dictae
1827 3233 2027 3289 editio-

403 3322 511 3376 nis.
555 3320 1001 3396 Cosmographiae
1054 3324 1260 3379 zEthici
1320 3326 1638 3397 philos0phi
1689 3326 2022 3384 meminitS.

404 3412 712 3469 Everardus
743 3413 1082 3470 Cisoniensis
1100 3417 1154 3471 id
1184 3432 1284 3471 suo
1318 3424 1672 3473 testamento.

471 3503 543 3556 Μ.
569 3504 630 3557 Ρ.
660 3504 733 3557 Μ.
761 3503 838 3557 Ita
874 3504 1082 3576 ubique
1123 3506 1404 3577 exemplar
1447 3514 1697 3561 nostrum
1748 3507 1813 3561 M.
1866 3507 2023 3572 Quod

404 3593 548 3665 lege,
569 3594 726 3648 milia
742 3596 864 3664 plus
914 3600 1111 3663 minus,
1180 3598 1263 3653 vel
1320 3598 1507 3670 potius
1531 3601 1710 3654 millia
1736 3616 2022 3669 passuum,

404 3690 465 3737 ut
488 3681 600 3737 vult
630 3678 993 3754 Hieronymus
1014 3685 1191 3740 Surita
1238 3686 1395 3742 initio
1425 3687 1512 3741 sui
1543 3686 1933 3743 Commentarii
1967 3686 2024 3742 in

398 3777 512 3846 jam
545 3775 752 3833 dictum
807 3777 1179 3844 ltinerarium,
1215 3778 1461 3835 refutans
1490 3778 1653 3833 aliam
1685 3779 2023 3850 interpreta-

404 3867 612 3922 tionem
646 3883 661 3921 :
694 3867 848 3932 Quod
872 3867 1103 3938 liquido,
1153 3867 1353 3937 inquit,
1386 3868 1715 3923 conﬁrmare
1750 3871 2026 3941 possimus

401 3959 519 4014 vias
544 3975 638 4013 eas
667 3960 831 4014 certis
880 3966 934 4013 et
970 3960 1357 4014 constantibus
1389 3961 1633 4031 lapidum
1657 3961 2025 4018 dimensioni-

402 4048 506 4104 bus
523 4046 692 4102 fuisse
724 4047 1042 4103 demetatas.
1073 4048 1177 4103 Pro
1204 4063 1312 4119 quo
1336 4057 1391 4103 et
1422 4049 1559 4103 illud
1592 4049 1743 4116 facit,
1776 4051 1924 4122 quod
1966 4051 2023 4105 in

403 4136 524 4208 ipso
544 4135 841 4192 Itinerario
869 4151 981 4190 non
1003 4135 1381 4208 legantur-nisi
1411 4136 1533 4191 duae
1559 4137 1753 4192 litteras
1786 4138 2021 4195 M.P.—J

403 4224 678 4279 distinctis
724 4223 945 4295 punctis
991 4223 1173 4295 posuit
1230 4223 1295 4279 Μ.
1334 4223 1513 4293 P.M.,
1575 4226 1780 4280 omissa
1808 4226 2022 4301 virgula

404 4312 808 4384 superjacente.

474 4428 605 4482 Item
633 4429 1044 4483 aDurocortero
1078 4428 1425 4495 Divodorum,
1460 4435 1515 4483 et
1545 4428 1709 4499 paulo
1741 4436 1888 4500 post,
1916 4432 2019 4485 Di-

2128 3250 2372 3300 causam,
2406 3241 2544 3288 teste
2570 3233 2764 3287 eodem
2784 3233 3140 3298 Demochare,
3166 3231 3465 3301 epiSCOpus
3495 3229 3757 3284 Suessio-

2128 3323 2321 3377 nensis
2350 3323 2587 3392 primum
2622 3323 2800 3376 locum
2824 3321 3041 3377 obtinet
3069 3320 3216 3374 inter
3234 3317 3614 3391 suﬁraganeos
3635 3317 3759 3388 epi-

2126 3428 2325 3484 scopos
2353 3412 2648 3483 provincia
2681 3412 3049 3478 Remensis,et
3077 3411 3220 3464 inter
3242 3426 3339 3465 eos
3377 3410 3629 3463 dccauus
3656 3426 3764 3479 ap-

2128 3510 2384 3580 pellatur,
2426 3508 2774 3578 primamque
2794 3522 2986 3562 vocem
3004 3505 3223 3561 obtinet
3248 3505 3302 3558 in
3336 3503 3763 3558 deliberationi-

2127 3603 2249 3669 bus,
2275 3609 2377 3657 etc.
2414 3617 2426 3654 :
2460 3601 2587 3671 quia
2636 3599 2891 3654 videlicet
2949 3598 3115 3652 iidem
3164 3596 3394 3651 fuerunt
3426 3596 3591 3667 primi
3621 3596 3757 3666 epi-

2126 3690 2279 3761 scopi
2310 3690 2720 3744 Suessonenses
2750 3694 2803 3742 et
2834 3688 3159 3741 Remenses.
3210 3684 3441 3739 Nomina
3472 3700 3605 3739 vero
3635 3684 3756 3754 epi-

2125 3800 2419 3853 sc0p0rum
2451 3782 2545 3853 qui
2578 3782 2710 3836 olim
2732 3782 2958 3834 subesse
2988 3780 3171 3834 solent
3192 3778 3619 3848 archiepisc0po
3647 3778 3756 3832 Re-

2126 3875 2302 3929 mensi
2334 3874 2452 3927 haec
2474 3883 2605 3927 sunt
2636 3890 2649 3925 :
2680 3871 3113 3935 Suessionensis,
3149 3868 3586 3932 Catalaunensis,
3611 3868 3756 3922 Lau-

2126 3966 2393 4023 dunensis
2445 3966 2870 4030 Bcllovacensns,
2912 3961 3321 4027 Ambianeusis,
3352 3960 3753 4015 Noviodunen-

2125 4056 2222 4119 sis,
2275 4053 2751 4119 Silvanectensis,
2830 4050 3273 4117 Camaracensis,
3345 4049 3750 4116 Atrebatensis,

2124 4143 2488 4199 Tornacensis
2518 4151 2572 4197 et
2628 4140 2979 4196 Morinensis.
3014 4140 3221 4194 Deletis
3251 4147 3434 4192 autem
3464 4138 3698 4193 Morinis
3723 4155 3752 4191 a

2126 4235 2315 4291 Carolo
2338 4234 2391 4289 V
2424 4232 2732 4304 imp.1553,
2764 4234 2924 4287 sedes
2948 4231 3281 4302 episc0palis
3295 4246 3358 4284 ex
3381 4236 3535 4300 parte
3564 4236 3749 4284 trans-

2122 4323 2232 4379 lata
2260 4333 2344 4378 est
2375 4322 3003 4392 Bononiam,manetque
3034 4319 3405 4376 Bononiensis
3442 4319 3747 4389 episcOpus

2121 4416 2304 4470 eidem
2346 4414 2605 4469 Remensi
2661 4413 3090 4483 metrOpolitano
3121 4411 3422 4480 subjectus.
3457 4411 3567 4465 Sed
3597 4426 3746 4465 anno

402 4500 686 4571 vadorum.
736 4514 1101 4588 Frequentius
1153 4517 1210 4571 in
1249 4516 1398 4573 dicto
1441 4518 1727 4573 itinerario
1758 4518 2021 4574 scribitur

2156 4509 2283 4574 559,
2314 4506 2373 4560 in
2402 4506 2683 4561 erectione
2714 4520 2981 4560 novorum
3014 4504 3071 4558 in
3104 4504 3292 4578 Belgio
3325 4502 3744 4575 episcOpatuum

405 4606 1059 4680 Divodorum,quomodo
1080 4608 1378 4664 verisimile
1411 4617 1496 4664 est
1525 4611 1769 4666 secundo
1796 4625 2022 4682 quoque

404 4694 528 4751 loco
559 4695 858 4770 legendum
902 4712 1046 4763 esse,
1078 4697 1159 4752 uti
1199 4697 1331 4773 legit
1383 4698 1434 4753 .l.
1478 4698 1603 4754 Haec
1634 4698 1802 4754 hodie
1829 4698 2024 4754 civitas

404 4787 687 4852 Mctensis,
719 4795 813 4843 aut
835 4789 1075 4844 Theonis
1109 4789 1238 4844 villa
1258 4805 1384 4845 esse
1411 4791 1674 4846 creditur.

476 4881 606 4935 Item
669 4896 703 4934 a
780 4883 995 4948 Bagaco
1058 4883 1411 4938 Nervicorum
1486 4882 1720 4938 Restitui
1800 4899 1900 4955 pro
1954 4883 2023 4938 ab

403 4971 645 5036 Agracco
668 4984 735 5023 ex
764 4968 913 5024 dicto
945 4968 1256 5036 ltinerario,
1300 4970 1356 5024 in
1385 4986 1495 5041 quo
1561 4978 1742 5026 tamen
1768 4972 2023 5043 quandam

405 5057 742 5128 exemplaria
771 5057 962 5130 legunt
989 5058 1275 5127 Bajacum.
1311 5058 1541 5113 Videtur
1570 5068 1753 5115 autem
1785 5060 2023 5135 intelligi

405 5144 672 5214 oppidum
702 5145 1023 5214 Hannoniaa,
1064 5147 1215 5217 quod
1238 5154 1370 5203 tunc
1392 5147 1659 5203 Bavacum
1691 5148 1911 5203 dicitur.

1051 5294 1259 5351 CAPUT
1313 5297 1380 5351 ll.

482 5398 677 5453 Castra
697 5402 756 5454 in
810 5403 1156 5458 altitudinem
1198 5404 1347 5474 peda
1373 5421 1447 5460 xu
1485 5406 1798 5476 fossamque
1820 5407 2023 5477 ped-um

406 5503 536 5543 xwu
564 5492 776 5557 munire
792 5491 965 5560 jubet.
1008 5494 1217 5550 Clarius
1245 5495 1390 5570 Orig.
1427 5514 1440 5551 :
1479 5520 1499 5547 ι
1535 5497 1720 5552 Castra
1742 5498 1800 5552 in
1839 5498 2026 5554 altitu-

406 5574 593 5632 dinem
622 5578 826 5648 pedum
846 5595 922 5633 xu
948 5581 1091 5638 vallo
1116 5582 1372 5655 fossaque
1403 5585 1787 5660 duodeviginti
1818 5586 2022 5657 pedum

406 5666 623 5722 munire
642 5665 823 5734 jubet.
859 5691 883 5713 ιι

479 5755 614 5813 Cum
641 5759 800 5825 ﬁnem
827 5761 1183 5826 oppugnandi
1212 5776 1323 5815 nos:
1358 5763 1695 5829 fecisset.Sic
1722 5764 1934 5820 restitui
1959 5780 2023 5825 ex

2124 4598 2606 4673 perbullamPauli
2633 4598 2721 4665 IV,
2768 4598 3066 4653 subtractae
3120 4595 3609 4666 suntametrOpoli
3646 4596 3751 4649 Re-

2125 4692 2302 4748 mensi
2335 4690 2768 4755 Cameracensis,
2827 4689 3207 4744 Atrebatensis
3238 4697 3292 4745 et
3356 4688 3747 4751 Tornacensis,

2123 4789 2180 4837 et
2207 4782 2371 4837 sedes
2391 4778 2803 4836 Cameracensis
2826 4784 3011 4833 erecta
3040 4786 3123 4832 est
3154 4776 3209 4831 in
3236 4776 3750 4847 metrOpolitanam,

2124 4870 2211 4926 cui
2244 4869 2509 4937 subjectae
2542 4874 2672 4923 sunt
2734 4866 3125 4921 Atrebacensis
3173 4873 3230 4920 et
3273 4866 3663 4930 Tornacensis,
3696 4873 3754 4920 et

2124 4958 2244 5014 aliae
2272 4958 2395 5013 duae
2427 4966 2679 5012 recenter
2706 4954 3205 5023 erectze,vidclicet
3236 4953 3671 5008 Audomarensis
3694 4960 3749 5008 et

2124 5046 2531 5103 Namurcensis.

2195 5140 2277 5194 Ac
2305 5139 2516 5192 beatum
2545 5138 2855 5192 Memmium
2887 5136 3253 5191 Cutalaunicoe
3281 5135 3435 5190 urbis
3470 5139 3748 5191 rectorem.

2127 5231 2223 5286 ilic
2252 5231 2463 5301 primus
2495 5229 2718 5300 ponitur
2738 5230 2793 5283 in
2822 5228 3071 5301 catalogo
3095 5227 3582 5281 Catalaunensium
3607 5243 3754 5297 pon-

2125 5317 2355 5372 tificum.
2389 5318 2461 5371 De
2493 5333 2560 5372 eo
2592 5317 2899 5373 Romanum
2948 5316 3419 5391 Martyrologium,
3468 5316 3750 5370 Usuardus

2125 5416 2180 5464 et
2208 5409 2299 5463 alii
2330 5410 2364 5462 5
2384 5409 2636 5483 Augusti.

2195 5500 2397 5567 Nepote
2424 5513 2542 5565 suo,
2580 5502 2641 5552 ut
2678 5500 2885 5566 ferunt,
2917 5503 3101 5552 sancto
3129 5500 3402 5553 Divitiuno
3432 5499 3691 5554 Suessoni
3718 5514 3752 5551 a

2124 5605 2179 5644 se
2198 5592 2453 5659 pontiﬁce
2490 5590 2765 5644 ordinato.
2800 5591 2858 5643 ln
2900 5589 2935 5643 C
2964 5590 3122 5645 deest
3149 5595 3354 5656 saneto,
3387 5606 3575 5661 neque
3606 5592 3746 5645 titu-

2125 5680 2275 5732 tulus
2299 5678 2608 5733 sanctitatis
2629 5679 2933 5749 apponitur
2961 5679 3017 5733 in
3047 5678 3251 5733 tabulis
3273 5679 3663 5747 Democharis,
3695 5679 3748 5733 in

2126 5766 2329 5835 quibus
2360 5767 2581 5822 tertium
2607 5768 2788 5825 locum
2815 5767 3050 5824 obtinet.
3084 5767 3146 5822 Et
3174 5782 3301 5822 cum
3338 5768 3530 5824 omnia
3557 5783 3748 5823 exem-
