3912 6460
184 445 296 504 333

1520 440 1589 496 IN
1631 435 1883 495 LIBRUM
1921 435 2205 494 PRIMUM.

3422 441 3531 499 334

181 578 363 650 plaria
388 582 578 635 nostra
604 575 795 649 legant
821 573 1080 632 Suessom’
1124 572 1183 628 in
1212 571 1415 640 dativo,
1447 571 1618 628 habet
1646 571 1811 629 θυεερ
1832 575 1887 643 Α
1915 582 2036 639 puS,
2072 567 2356 641 Prigenius
2384 568 2630 637 diacon.,
2662 588 2692 621 υ
2751 575 2807 624 et
2835 568 2892 623 in
2922 566 3171 643 margine
3220 570 3529 641 Bctausius,

181 675 357 729 sonis.

1908 666 2208 731 Prigemus,
2254 668 2401 717 recte
2460 667 2761 733 reponatur
2811 661 2868 716 in
2919 668 3092 732 textu,
3139 662 3424 720 Bctausius
3480 670 3535 719 et

253 762 490 818 Favebat
511 762 766 830 pignera.
797 757 886 814 Sic
915 756 1033 813 fere
1064 755 1276 828 ubique
1314 755 1501 811 omnia
1529 752 1812 826 exempla-
1910 754 2335 819 Primogenitus.
2359 751 2643 823 Sequitur.

182 851 290 920 ria,
321 851 424 906 etsi
456 850 541 905 MS
591 850 617 905 J
652 850 759 904 hoc
780 848 902 904 loco
945 848 1207 917 pignora,
1239 852 1372 912 ctc.,
1421 844 1537 900 fere
1577 844 1807 915 ubique.

184 940 331 995 Illud
363 946 545 995 tamen
574 937 894 1009 antiquitati
926 941 1217 992 consonat.
1244 934 1382 991 Hinc
1417 934 1590 989 Aldus
1618 934 1808 989 Manu-

188 1033 300 1088 tius
320 1032 379 1086 in
406 1032 651 1103 epitome
680 1028 1089 1101 orthographia:
1107 1042 1244 1094 suae,
1276 1047 1305 1078 α
1323 1030 1550 1096 Pignus,
1568 1027 1814 1097 pigneris

188 1118 455 1176 dicebant
476 1128 718 1186 veteres,
746 1120 1000 1188 pignoris
1028 1115 1383 1188 posteriores.
1427 1136 1454 1167 »

264 1213 592 1269 Clericorum
614 1213 831 1281 pariter
848 1213 1043 1265 enituit
1066 1213 1388 1265 ministeriis
1408 1210 1681 1266 decorata.
1715 1209 1816 1275 Qui

192 1319 345 1359 nunc
370 1303 644 1366 canonici,
680 1302 811 1359 olim
849 1302 1175 1373 simpliciter
1204 1302 1393 1358 clerici
1436 1301 1814 1358 nominaban-

192 1404 302 1459 tur,
336 1402 397 1450 ut
426 1401 643 1451 constat
671 1410 736 1450 ex
766 1394 1121 1465 antiquorum
1164 1394 1385 1467 scriptis
1418 1402 1472 1450 et
1501 1409 1566 1450 ex
1603 1393 1817 1451 Joanne

189 1483 411 1539 Molano
440 1483 542 1538 lib.
573 1500 592 1539 ι
625 1483 697 1538 de
729 1481 1040 1550 Canonicis,
1070 1500 1117 1539 c.
1150 1486 1206 1539 2.

840 1576 1050 1633 CAPUT
1092 1577 1176 1632 IV.

268 1667 400 1733 Quae
428 1674 725 1722 narrantur
753 1666 861 1721 hoc
890 1682 1011 1737 cap.
1046 1666 1117 1721 de
1138 1666 1333 1739 primis
1358 1666 1697 1737 martyribus
1721 1683 1820 1722 ur-

192 1757 287 1813 bis
308 1756 622 1824 Remensis,
643 1757 949 1823 Timotheo,
980 1756 1322 1827 Appollinari
1352 1763 1405 1812 et
1433 1756 1579 1824 aliis,
1598 1756 1823 1812 desum-

193 1856 292 1919 pta
312 1854 443 1903 suut
472 1862 537 1902 ex
566 1846 726 1913 actis,
761 1861 885 1918 quae
917 1846 1295 1918 manuscripta
1323 1863 1386 1901 se
1415 1844 1623 1903 habere
1645 1852 1820 1903 testa-

193 1945 286 1994 tur
329 1940 530 1996 Baron.
571 1940 631 1993 in
682 1938 829 1994 notis
875 1938 945 1993 ad
985 1938 1141 1994 Rom.
1184 1939 1555 2012 Martyrolog,
1613 1939 1703 1994 die
1752 1937 1824 1994 23

196 2034 454 2109 Augusti,
502 2047 737 2105 quorum
767 2033 876 2089 hoc
903 2040 988 2088 est
1034 2032 1321 2089 exordium
1353 2051 1366 2088 :
1402 2057 1428 2081 «ι
1462 2032 1576 2111 Sub
1605 2032 1824 2088 Nerone

196 2128 556 2197 imperatore,
591 2125 890 2197 Lampadio
921 2125 1177 2197 praeside,
1210 2149 1237 2173 ι»
1294 2132 1400 2182 etc.
1435 2125 1512 2181 Eo
1552 2125 1699 2181 enim
1732 2124 1823 2179 die

196 2216 564 2273 conformiter
603 2214 936 2282 Flodoardo,
977 2214 1098 2270 dies
1122 2213 1408 2270 natalitius
1438 2229 1629 2269 eorum
1685 2213 1827 2268 assi-

195 2312 421 2380 gnatur,
474 2312 531 2360 et
581 2303 672 2359 die
725 2304 1059 2375 praecedenti
1119 2302 1172 2358 8.
1217 2303 1386 2358 Mauri
1438 2310 1493 2358 et
1551 2302 1826 2358 sociorum

196 2401 522 2466 martyrum.
551 2394 792 2465 Tempus
830 2394 993 2449 etiam
1026 2393 1181 2448 addit
1210 2392 1406 2448 Petrus
1430 2391 1518 2447 ’de
1548 2391 1831 2447 Natalibus

199 2487 301 2543 lib.
333 2504 427 2555 vn,
455 2502 504 2542 c.
538 2486 630 2553 95,
661 2485 924 2542 videlicet
962 2485 1107 2541 circa
1138 2500 1341 2539 annum
1382 2483 1601 2539 Domini
1632 2484 1721 2540 57.
1755 2484 1831 2538 De

199 2576 428 2643 iisdem,
460 2581 515 2630 et
553 2574 832 2646 praecipue
864 2573 1027 2629 beato
1059 2573 1270 2642 Mauro,
1300 2572 1410 2629 late
1440 2573 1553 2645 agit
1588 2571 1832 2628 Joannes

198 2664 455 2721 Molanus
498 2665 555 2719 in
607 2664 894 2719 Natalibus
946 2664 1038 2718 SS.
1084 2662 1280 2738 Belgii,
1331 2661 1423 2717 die
1470 2662 1542 2716 22
1597 2662 1827 2735 August.

198 2758 336 2813 Nam
381 2773 584 2827 corpus
616 2756 867 2825 ejusdem
907 2756 1056 2812 beati
1104 2754 1278 2809 Mauri
1319 2754 1465 2826 quod
1500 2755 1608 2810 hoc
1647 2753 1828 2825 capite

199 2846 401 2902 scribit
436 2846 782 2901 Flodoardus
818 2844 1087 2900 reservari
1128 2844 1186 2898 in
1224 2843 1459 2897 ecclesia
1500 2843 1557 2896 Β.
1601 2842 1828 2909 Celsini,

200 2943 331 3007 post
349 2940 566 2990 aetatem
590 2934 766 3005 ipsius
786 2932 1100 2994 Flodoardi,
1139 2931 1243 2987 sub
1261 2930 1545 3001 Arnulpho
1567 2928 1828 2984 Remensi

202 3028 652 3100 archiepiscOpo,
699 3036 980 3083 reservato
1019 3027 1223 3098 capite,
1272 3027 1419 3082 circa
1465 3041 1670 3080 annum
1719 3023 1833 3080 Do-

203 3118 342 3173 mini
377 3118 515 3172 1012
542 3117 867 3172 translatum
914 3122 997 3171 est
1028 3115 1386 3188 in'BeIgium,
1419 3114 1487 3170 ad
1518 3114 1698 3170 locum
1745 3114 1833 3168 di-

1980 845 2104 897 Post
2132 856 2288 910 quem
2313 842 2486 911 Aper,
2516 841 2643 896 inde
2667 842 3068 897 Maternianus.
3094 839 3168 896 De
3199 841 3307 897 hoc
3329 839 3538 897 additio

1915 936 2111 992 Molani
2142 935 2211 990 ad
2230 936 2672 1010 Martyrologium
2704 936 2937 992 Usuardi
2967 935 3038 993 30
3066 935 3270 1007 Aprilis
3297 954 3311 991 :
3347 960 3374 986 ιι
3431 936 3540 992 Eo-

1915 1029 2039 1084 dem
2087 1028 2179 1083 die
2211 1027 2411 1083 natalis
2435 1030 2611 1084 sancti
2654 1027 2992 1084 Maderniani
3032 1028 3323 1084 Remensis
3356 1028 3540 1083 archi-

1916 1122 2190 1197 episcOpi,
2225 1122 2319 1192 qui
2348 1127 2535 1178 sextus
2576 1121 2720 1177 rexit
2754 1120 3007 1176 eamdem
3035 1119 3356 1176 Ecclesiam.
3394 1144 3421 1167 ιι
3449 1120 3540 1175 Ιη-

1918 1222 2003 1269 ter
2025 1217 2230 1285 Aprum
2259 1213 2725 1270 etMaternianum
2748 1213 3118 1269 Demochares
3141 1212 3332 1283 adjicit
3356 1211 3544 1268 Disco-

1919 1307 2078 1375 Iium,
2111 1322 2278 1378 quem
2302 1316 2518 1362 sextum
2553 1305 2684 1362 facit
2712 1306 2879 1376 hujus
2898 1305 3050 1361 sedis
3079 1304 3427 1377 episcopum,
3447 1303 3545 1377 qui

1919 1396 2271 1466 subscriptus
2299 1395 2501 1469 legitur
2526 1396 2583 1450 in
2613 1394 2850 1451 concilio
2881 1393 3296 1470 Agrippinensi,
3322 1393 3426 1449 sub
3445 1395 3545 1449 Ju-

1918 1486 1996 1543 lio
2045 1503 2188 1559 papa
2219 1487 2399 1558 primo
2428 1488 2641 1556 Icontra
2679 1486 3013 1559 Euphratem
3067 1485 3370 1554 celebrato,
3399 1485 3548 1541 circa

1919 1594 2125 1634 annum
2152 1577 2369 1634 Domini
2397 1579 2522 1635 346.
2551 1578 2660 1633 Sed
2690 1577 2830 1634 forte
2866 1577 3257 1633 fuerittantum
3289 1576 3545 1649 chorepi-

1919 1687 2145 1742 scopus,
2186 1671 2273 1726 vel
2323 1670 2651 1726 titulotenus
2690 1670 2988 1726 Remorum
3044 1670 3361 1742 episcopus,
3392 1675 3454 1724 ut
3477 1668 3549 1723 de

1919 1763 2055 1818 Abel
2087 1762 2312 1834 quidam
2335 1761 2692 1833 respondent.
2716 1762 2853 1817 Nam
2874 1761 3212 1818 Discholium
3241 1761 3397 1815 illum
3432 1774 3547 1816 non

1930 1866 2052 1906 esse
2091 1850 2408 1905 addendum
2440 1850 2706 1921 probatur
2727 1850 2784 1904 in
2806 1849 3004 1921 primis
3035 1866 3103 1905 ex
3134 1855 3465 1906 testamento
3486 1848 3547 1904 Β.

1931 1941 2173 2017 Remigii
2223 1940 2365 1996 infra
2394 1957 2515 2012 cap.
2553 1941 2664 1996 18:
2726 1962 2754 1992 σι
2810 1940 3067 1997 Ecclesiae
3094 1940 3276 2012 inquit
3302 1940 3357 1996 8.
3390 1939 3551 2006 Sixti,

1924 2033 2018 2088 ubi
2052 2050 2176 2089 cum
2224 2034 2404 2089 tribus
2442 2032 2861 2089 successoribus
2891 2033 3011 2088 suis
3051 2032 3376 2104 requiescit.
3413 2051 3440 2085 »
3490 2030 3554 2087 Et

1924 2137 2123 2194 supra:
2187 2146 2212 2168 σε
2281 2122 2542 2178 Ecclesiae
2599 2122 2906 2179 Jovinianae
2940 2163 2955 2190 ,
3019 2132 3152 2189 ctc.,
3218 2122 3315 2178 ubi
3384 2121 3551 2178 etiam

1930 2211 2176 2283 quinque
2217 2210 2587 2279 confessores,
2643 2211 2883 2283 proximi
2922 2220 3307 2267 antecessores
3360 2209 3551 2265 domni

1928 2301 2153 2368 Nicasii,
2183 2308 2316 2370 ctc.,
2345 2302 2557 2358 conditi
2588 2309 2736 2358 sunt.
2779 2322 2810 2354 ι
2860 2302 2978 2359 Νοιι
3011 2311 3142 2358 sunt
3168 2302 3340 2374 igitur
3368 2302 3555 2373 plures

1932 2409 2097 2464 quam
2126 2408 2346 2460 novem,
2379 2394 2472 2467 qui
2502 2394 2820 2466 praecedunt
2856 2394 2909 2449 S.
2945 2394 3243 2451 Nicasium.
3297 2393 3554 2450 Secundo

1933 2500 1998 2539 ex
2030 2486 2263 2556 epistola
2294 2487 2498 2543 Ebonis
2526 2487 2594 2542 ad
2628 2485 2957 2543 Balduinum
2998 2488 3257 2544 Ferreum
3286 2486 3554 2542 Flandria:

1931 2575 2332 2643 marchionem,
2357 2592 2481 2648 quae
2499 2584 2674 2632 exstat
2688 2575 2838 2647 apud
2868 2575 3146 2632 Molanum
3176 2577 3232 2631 in
3257 2575 3411 2631 Natal
3427 2616 3438 2628 .
3457 2574 3553 2631 SS.

1931 2664 2104 2738 Belgii
2130 2665 2199 2719 14
2220 2664 2486 2730 Octobris,
2522 2666 2579 2721 in
2609 2682 2717 2737 qua
2737 2665 2939 2721 diserte
2974 2666 3165 2722 scribit
3204 2667 3263 2721 B.
3297 2664 3559 2721 Donatia-

1931 2773 2062 2812 num
2124 2757 2422 2828 septimum
2463 2757 2634 2813 fuisse
2673 2757 2822 2813 sedis
2862 2757 3157 2815 Remensis
3208 2757 3555 2829 episcopum.

1931 2848 2115 2904 Tertio
2154 2864 2220 2903 ex
2251 2848 2528 2904 Hincmari
2559 2846 2813 2918 epistola,
2847 2864 2970 2919 quae
3000 2846 3142 2902 infra
3173 2853 3347 2902 exstat
3372 2845 3475 2901 lib.
3501 2862 3557 2900 ιιι

1933 2953 2054 3009 cap.
2095 2937 2186 3003 2‘2,
2217 2937 2314 2991 ubi
2342 2937 2397 2992 S.
2442 2936 2753 3011 Remigium
2782 2943 2942 2992 vocat
2994 2935 3270 2992 decimum
3303 2933 3559 3007 quintum

1934 3029 2230 3085 Remorum
2260 3029 2764 3102 archiepiscopum.
2785 3026 2893 3084 Cur
2923 3036 3109 3084 autem
3135 3028 3206 3083 de
3228 3027 3313 3082 his
3343 3026 3564 3099 episco-

1934 3122 2020 3194 pis
2048 3128 2101 3177 et
2122 3122 2244 3176 aliis
2276 3121 2441 3191 hujus
2467 3122 2768 3193 provinciae
2790 3122 2996 3177 sanctis
3016 3136 3194 3191 pauca
3223 3119 3562 3187 scribantur,

202 3221 354 3267 ctum
384 3211 655 3278 Florinas,
686 3209 948 3265 dioecesis
981 3207 1332 3275 Leodiensis,
1367 3215 1429 3262 ut
1459 3214 1611 3277 patet
1637 3222 1700 3260 ex
1732 3206 1830 3262 lit-
1873 3273 1910 3283 Α
1934 3230 2153 3269 causam
2185 3212 2341 3269 affert
2371 3213 2486 3268 Ebo
2516 3213 2575 3267 in
2607 3212 2769 3281 citata
2825 3212 3098 3283 epistola:
3136 3230 3162 3261 α
3198 3210 3346 3280 Ejus,
3383 3211 3563 3283 inquit

203 3302 343 3355 teris
381 3299 557 3371 ipsius
586 3273 853 3369 Arnulpbi
887 3298 956 3352 ad
990 3297 1287 3353 Baltricum
1312 3273 1679 3352 Leodienscm
1707 3295 1833 3368 epi-
1863 3273 1913 3343 C
1936 3305 2280 3376 (Donatiani),
2326 3304 2617 3376 sanctique
2649 3273 2918 3378 Remigii,
2960 3319 3024 3359 ac
3070 3273 3563 3358 innumerabilium

204 3405 463 3460 scopum,
493 3404 631 3460 quas
658 3387 847 3443 videre
880 3394 963 3443 est
993 3386 1049 3442 in
1083 3388 1318 3443 Molano.

281 3483 387 3537 Ubi
428 3481 681 3536 dominus
731 3480 1117 3547 Gondebert-us,
1170 3482 1259 3534 vir
1303 3480 1665 3549 clarissimus,
1713 3496 1833 3536 cum

200 3589 380 3631 umore
401 3573 736 3629 suaBertha.
764 3572 838 3627 De
865 3572 951 3626 his
982 3573 1087 3626 late
1107 3570 1247 3627 infra
1268 3572 1361 3626 lib.
1387 3588 1462 3641 ιν,
1483 3588 1533 3629 c.
1565 3573 1635 3629 46
1665 3579 1720 3628 et
1746 3573 1835 3627 47.

881 3660 1093 3715 CAPUT
1121 3660 1183 3715 V.

280 3754 397 3812 Sub
425 3770 535 3826 quo
553 3756 844 3810 BetauSius
874 3755 1172 3823 reperitur,
1203 3755 1300 3823 qui
1328 3768 1448 3809 cum
1477 3753 1842 3821 Primogenito

203 3848 440 3903 diacone
476 3862 591 3914 suo,
620 3847 835 3917 primus
862 3861 930 3900 ea:
960 3845 1061 3899 hac
1087 3845 1308 3912 Belgica
1329 3846 1616 3914 provincia
1646 3845 1845 3912 legitur

204 3940 517 3995 Arelatensi
554 3941 749 4009 primae
776 3939 1093 4005 interfuisse
1120 3937 1348 4006 synodo,
1390 3938 1572 3993 relatae
1595 3953 1692 4007 per
1722 3939 1844 3991 Ma-

202 4030 397 4082 rinum
424 4029 732 4096 episcopum
777 4026 1083 4080 beatissimo
1107 4040 1271 4094 papa:
1323 4026 1617 4094 Sylvestro,
1666 4025 1837 4081 Volu-

203 4120 371 4172 siano
398 4120 451 4170 ct
477 4117 701 4171 Aniano
725 4115 1053 4170 consulibus.
1081 4113 1376 4169 Berausius
1403 4114 1537 4187 legit
1563 4114 1610 4168 M
1642 4121 1697 4169 et
1723 4113 1746 4168 J
1784 4113 1842 4167 in

207 4204 453 4261 elencho
504 4204 755 4274 archiep.
802 4203 1086 4270 Remens,
1117 4203 1399 4275 quomodo
1436 4204 1601 4259 etiam
1642 4205 1844 4279 legitur

1933 3402 2248 3452 sanctorum
2265 3394 2388 3449 vitae
2417 3393 2647 3465 scripta,
2670 3394 3066 3450 Wandalorum
3081 3393 3391 3452 vastatione
3417 3392 3565 3449 scias

1935 3502 2054 3542 esse
2075 3485 2274 3540 deleta.
2310 3504 2336 3536 ››

2008 3578 2148 3631 Hinc
2178 3577 2520 3630 Donatianus
2547 3578 2757 3631 exstitit
2782 3577 3082 3646 episcopus,
3114 3576 3271 3651 cujus
3298 3578 3461 3631 etiam
3475 3578 3567 3648 pi-
3613 3568 3619 3573 ’

1940 3666 2440 3738 gnora'maritimas
2460 3669 2520 3722 in
2538 3673 2725 3738 partes
2756 3671 2994 3739 episcopi
3019 3671 3461 3738 Noviomagensis
3485 3669 3569 3724 vel

1948 3758 2300 3813 Tornacensis
2349 3757 2603 3826 praelata.
2645 3755 2735 3811 Sic
2788 3762 2843 3810 et
2874 3754 3018 3810 infra
3062 3756 3310 3828 loquitur
3356 3764 3566 3821 auctor.

1946 3848 2273 3904 nominatim
2307 3847 2407 3903 lib.
2441 3864 2521 3915 ιιι,
2553 3863 2654 3919 cap
2685 3847 2776 3915 23,
2823 3847 2954 3919 quia
2985 3847 3229 3904 Ecclesia
3275 3847 3572 3904 Novioma-

1943 3938 2131 4012 gensis
2162 3946 2216 3994 et
2241 3938 2599 3994 Tornacensis
2623 3935 2898 3992 sexcentis
2926 3936 3088 3991 annis
3114 3936 3287 3991 unitae
3322 3934 3567 4006 fuerunt,

1942 4030 2199 4086 videlicet
2236 4038 2541 4102 atempore
2580 4029 2635 4085 8.
2670 4028 2939 4097 Medardi,
2980 4028 3076 4101 qui
3107 4026 3249 4084 obiit
3289 4043 3437 4085 anno
3462 4029 3572 4085 Do-

1942 4119 2079 4174 mini
2110 4120 2236 4184 556,
2279 4136 2457 4191 usque
2488 4119 2558 4175 ad
2606 4124 2824 4174 aetatem
2874 4118 2927 4173 8.
2974 4117 3237 4173 Bernardi
3274 4116 3572 4173 Claraeval-

1943 4208 2116 4264 lensis
2146 4207 2384 4263 abbatis.
2430 4207 2909 4279 Noviomagensis,
2946 4205 3058 4264 alio
3097 4206 3325 4263 nomine
3373 4204 3575 4264 Novio-

206 4299 281 4353 ad
306 4296 618 4371 marginem
640 4296 809 4352 tom.l
837 4295 1228 4365 Conciliorum,
1252 4297 1307 4352 in
1329 4295 1756 4369 subscriptione.
1784 4297 1843 4352 In
1949 4297 2234 4367 mensisjet
2251 4296 2695 4353 Noviodunensis
2716 4296 2881 4366 (Gal.,
2902 4297 3112 4366 Noyon)
3135 4296 3357 4353 dicitur.
3381 4295 3577 4352 Trans-

209 4385 459 4458 epistola
496 4400 628 4442 vero
656 4401 689 4440 a
716 4384 930 4456 synodo
962 4385 1165 4456 scripta
1204 4385 1272 4441 ad
1302 4386 1625 4443 Silvestrum
1655 4387 1850 4443 Ambi—
1950 4386 2095 4441 latus
2145 4394 2226 4441 est
2257 4394 2441 4440 autem
2498 4386 2589 4441 hic
2626 4386 2826 4441 beatus
2880 4384 3127 4457 pontifex
3176 4385 3245 4440 ad
3299 4383 3576 4460 insignem

212 4484 432 4545 tausus,
481 4485 537 4533 et
567 4478 624 4532 in
672 4478 908 4552 margin.
938 4480 1263 4546 Bethausus,
1307 4488 1366 4534 ut
1404 4480 1675 4536 Aaronius
1701 4494 1849 4536 anno
1952 4474 2221 4529 Flandrize
2262 4474 2552 4530 maritimae
2583 4473 2887 4537 civitatem,
2945 4473 3152 4545 Brugas
3180 4472 3425 4540 dictam,.
3455 4487 3578 4546 quae

212 4568 327 4623 314
355 4566 603 4642 corrigit.
630 4565 692 4634 ϐ,
733 4566 768 4621 8
797 4573 852 4622 et
875 4566 924 4622 J.
958 4567 1065 4624 hoc
1093 4568 1216 4624 loco
1248 4568 1556 4632 Betansius,
1590 4585 1656 4626 ex
1688 4567 1849 4625 tabu-
1871 4639 1906 4642 _
1951 4569 2078 4618 ante
2108 4563 2359 4633 subjecta
2389 4561 2494 4619 fuit
2527 4562 2786 4619 Ecclesia
2843 4562 3200 4631 Tornacensi,
3237 4562 3335 4619 sed
3377 4576 3578 4634 nuper,

212 4661 310 4726 lis,
342 4665 405 4714 ut
435 4639 684 4731 apparet,
716 4659 1069 4715 Democharis
1097 4660 1466 4732 scripserunt,
1499 4660 1595 4733 qui
1617 4668 1848 4717 testatur
1870 4639 1929 4710 D
1954 4655 2216 4712 videlicet
2271 4670 2417 4711 anno
2475 4654 2641 4723 1559,
2697 4655 2818 4726 ipsa
2874 4654 2930 4709 S.
2983 4652 3275 4713 Donatiani
3334 4654 3583 4710 Ecclesia

146 4766 159 4773 '
214 4765 350 4807 eum
383 4748 441 4804 in
472 4748 709 4804 concilio
738 4748 1043 4805 Arelatensi
1085 4751 1333 4807 secundo
1361 4752 1687 4807 Bethanium
1714 4750 1846 4817 dici,
1951 4753 2135 4801 erecta
2162 4753 2244 4800 est
2278 4744 2333 4798 in
2362 4743 2706 4799 cathedram.
2750 4742 2873 4799 Fuit
2907 4757 2974 4799 eo
3005 4743 3303 4799 translatus
3334 4750 3582 4814 tempore

217 4841 374 4914 quod
408 4846 564 4896 notat
593 4839 842 4896 habitum
872 4856 995 4897 esse
1025 4857 1171 4897 anno
1197 4841 1323 4897 316.
1353 4841 1560 4897 verum
1591 4858 1659 4897 ex
1677 4843 1849 4897 Baro-
1950 4835 2085 4891 dicti
2107 4835 2314 4891 Ebonis
2342 4834 2747 4906 archiepiscopi
2782 4834 3093 4903 Remensis,
3128 4842 3182 4890 et
3206 4832 3382 4889 Caroli
3411 4831 3581 4899 Calvi,

218 4931 321 4985 nio
347 4936 404 4985 et
429 4928 591 4985 dictis
616 4929 943 4986 consulibus
972 4930 1288 4986 ostenditur
1316 4929 1656 4986 celebratum
1683 4928 1852 4985 fuisse

218 5034 371 5076 anno
396 5018 525 5086 314,
555 5018 652 5091 qui
682 5026 766 5074 est
803 5016 1048 5073 Silvestri
1073 5015 1356 5089 pontificis
1387 5017 1597 5088 primus
1628 5026 1683 5073 et
1709 5016 1854 5073 Con-

221 5107 453 5165 stantini
493 5107 627 5178 imp.
680 5122 881 5163 nonus.
929 5106 1099 5162 Porro
1149 5122 1216 5161 ex
1257 5105 1517 5177 praesenti
1562 5105 1854 5162 Flodoardi

219 5201 345 5257 loco
401 5196 762 5256 confirmatur
791 5198 1067 5255 sententia
1118 5197 1347 5254 Caesaris
1374 5197 1613 5265 Baronii,
1645 5213 1754 5270 qua
1778 5197 1857 5253 ait

220 5290 522 5363 episcOpos
552 5290 677 5345 illos
723 5290 817 5361 qui
852 5290 907 5345 in
940 5289 1105 5345 tomis
1156 5287 1526 5344 Conciliorum
1558 5286 1856 5358 subscripti

223 5386 358 5435 sunt
382 5378 644 5435 secundae
674 5377 888 5448 synodo
911 5376 1246 5445 Arelatensi,
1269 5374 1703 5432 subscribendos
1735 5392 1858 5431 esse

222 5469 439 5542 primae,
473 5468 626 5542 quod
656 5475 879 5525 secutus
901 5476 985 5524 est
1026 5469 1085 5524 in
1118 5467 1547 5525 novissimorum
1581 5465 1864 5523 Concilio—

224 5581 353 5620 rum
405 5563 654 5620 editione
687 5561 1002 5619 Coloniensi
1035 5576 1180 5617 anno
1219 5560 1359 5616 1606
1387 5559 1471 5616 vir
1509 5558 1865 5615 doctissimus

222 5658 529 5714 Severinus
556 5657 773 5713 Binius.
800 5655 1005 5712 Poterit
1042 5661 1096 5709 et
1128 5653 1257 5709 hinc
1287 5658 1468 5709 textus
1497 5650 1860 5724 subscriptio-

224 5747 313 5803 nis
342 5746 659 5802 emendari.
694 5745 826 5801 Cum
860 5746 1010 5801 enim
1042 5743 1122 5799 ibi
1153 5744 1405 5820 legatur:
1450 5765 1478 5795 αι
1534 5741 1607 5798 Ex
1636 5758 1863 5814 provm-

222 5836 310 5892 cia
342 5834 672 5906 Galliarum,
693 5831 911 5892 civitate
941 5834 1258 5892 Remorum.
1294 5830 1617 5891 Ibethanius
1645 5831 1867 5904 episco-

1951 4940 2120 4993 anno,
2151 4931 2212 4980 ut
2239 4923 2477 4980 Iacobus
2525 4923 2779 4995 Meyerus
2808 4922 3001 4979 scribit
3025 4922 3082 4977 in
3110 4922 3228 4978 suis
3279 4920 3585 4978 Annalibus

1954 5016 2248 5084 Flandriae,
2279 5017 2404 5072 863.
2442 5015 2582 5071 Illud
2615 5023 2802 5071 tamen
2847 5031 2958 5071 non
2990 5021 3171 5086 potest
3201 5029 3324 5070 cum
3354 5013 3586 5069 veritate

1956 5106 2282 5174 subsistere,
2323 5105 2474 5178 quod
2503 5121 2616 5163 non
2664 5104 2875 5161 asserit
2901 5103 3152 5177 quidem,
3192 5103 3291 5159 sed
3324 5117 3385 5158 se
3420 5101 3585 5159 inve-

1958 5197 2104 5251 nisse
2130 5196 2323 5252 scribit
2353 5195 2503 5250 idem
2534 5194 2809 5266 Meyerus,
2837 5192 3102 5249 videlicet
3131 5208 3258 5248 eum
3286 5191 3355 5247 ab
3384 5184 3591 5265 Diony-

1957 5285 2041 5341 sio
2073 5284 2227 5339 urbis
2276 5284 2462 5340 Roma:
2489 5283 2757 5355 episcopo
2812 5282 2986 5338 sacris
3027 5282 3276 5338 ablutum
3317 5281 3589 5351 fontibus,

1960 5382 2320 5446 creatumque
2350 5372 2418 5427 ab
2449 5372 2646 5428 eodem
2683 5372 2981 5426 Remorum
3015 5358 3339 5441 pontificem
3373 5369 3595 5427 circiter

1962 5465 2160 5520 salutis
2207 5480 2412 5521 annum
2468 5464 2591 5519 270.
2639 5462 2794 5529 Nam,
2835 5468 2897 5517 ut
2924 5478 2990 5518 ex
3021 5461 3304 5534 pmdictis
3355 5470 3594 5530 constat,

1964 5557 2254 5614 Bctausius
2285 5557 2390 5613 luit
2430 5556 2723 5611 Remensis
2777 5554 3080 5627 episcopus
3109 5571 3255 5613 anno
3295 5555 3420 5615 3M.
3461 5558 3597 5612 Suc-

1963 5656 2250 5707 cesserunt
2302 5650 2353 5704 ei
2384 5649 2530 5720 Aper
2577 5654 2634 5703 et
2676 5647 3069 5716 Maternianus,
3117 5648 3320 5705 deinde
3345 5648 3600 5706 Donatia-

1965 5758 2090 5798 nus.
2122 5742 2190 5798 Ut
2218 5757 2350 5801 vero
2379 5740 2518 5796 nihil
2547 5740 2890 5807 omittamus,
2928 5740 2985 5796 in
3018 5740 3224 5797 tabulis
3249 5739 3601 5796 Democharis

1966 5840 2194 5890 vocatur
2226 5832 2284 5888 L.
2320 5829 2663 5889 Donatianus
2695 5830 2996 5901 Romanus,
3028 5828 3272 5889 Cornelii
3297 5835 3353 5886 et
3379 5827 3599 5885 Lucinae
