3912 6464
600 81 2481 108 Ἣ

378 469 488 544 335
1227 482 1619 541 COLVENERII
1659 479 1936 537 SCHOLIA
1975 475 2040 533 lN
2084 473 2250 530 HIST.
2290 476 2575 537 REMENS.
2618 478 2885 537 ECCLES.
3625 480 3736 539 336

370 616 540 676 ﬁlius.
582 619 711 687 Quae
741 618 809 676 de
841 617 965 674 Vita
994 616 1170 689 ipsius
1198 613 1455 681 existant,
1488 612 1717 668 adnotat
1751 610 2004 666 Molanus
2031 609 2087 681 Α
2109 620 2231 673 nos,
2285 607 2385 663 sed
2423 607 2631 664 multos
2668 622 2913 685 paganos
2948 605 3233 663 Wandalis
3289 606 3509 663 Arianis
3554 608 3737 665 fuisse

370 706 443 763 ad
472 706 784 764 Usuardum
816 707 886 763 15
923 704 1194 772 Octobris,
1236 701 1387 759 etde
1435 701 1614 774 ipsius
1639 700 2006 758 translatione
2107 698 2419 769 permistos.
2480 702 2635 767 Quod
2665 718 2796 758 vero
2838 701 3070 774 praedito
3123 707 3372 771 tempore
3431 702 3743 776 contigerit

374 798 445 854 ad
473 799 733 857 eumdem
768 798 917 854 diem
957 794 1285 852 Laurentius
1324 792 1535 850 Surius.

444 886 611 956 Quem
643 889 824 944 beatus
856 888 1161 943 Viventius.
1186 882 1359 952 Hujus
1378 882 1636 938 meminit
1662 881 1913 939 Molanus
1944 881 2003 937 in

373 978 663 1037 additione
686 978 757 1037 ad
785 977 1091 1035 Usuardum
1123 976 1214 1032 die
1253 976 1284 1033 7
1315 974 1684 1048 Septembris.

1015 1064 1229 1122 CAPUT
1272 1066 1358 1122 VI.

442 1160 768 1231 Antiquitus
807 1158 870 1213 in
898 1157 1117 1214 ecclesia
1169 1171 1290 1228 quae
1316 1157 1388 1211 ad
1444 1154 1724 1227 Apostolus
1775 1155 1999 1221 dicitur,

374 1253 650 1309 exstitisse
668 1251 874 1320 fertur.
898 1251 979 1306 lta
1006 1249 1074 1305 Μ.
1106 1257 1214 1305 etc.
1237 1249 1345 1305 Sed
1366 1248 1422 1304 in
1444 1248 1493 1303 M
1514 1248 1813 1305 recentiori
1836 1262 2001 1301 manu

371 1346 812 1419 superscriptum
839 1352 925 1402 est
950 1347 1007 1403 S.
1039 1346 1449 1416 Symphoriam‘.
1485 1344 1642 1410 Quod
1672 1344 1706 1399 S
1735 1343 1924 1399 retulit
1944 1341 2000 1396 in

371 1441 601 1502 textum.
631 1435 775 1491 sicut
795 1442 852 1491 et
880 1434 989 1490 alia
1015 1434 1268 1507 quaedam
1291 1434 1361 1489 ad
1378 1434 1804 1504 explicationem
1827 1430 1998 1503 perti-

371 1523 580 1587 nentia,
617 1524 722 1580 hoc
752 1524 919 1579 modo
946 1540 959 1578 :
999 1547 1025 1571 ‹‹
1058 1524 1188 1589 Quae
1218 1523 1288 1578 ad
1318 1522 1633 1593 Apostolos,
1664 1522 1818 1587 olim,
1850 1537 2001 1576 nunc

369 1613 427 1670 S.
444 1614 835 1687 Symphoriani
849 1614 1072 1683 dicitur,
1088 1635 1118 1666 α
1133 1614 1414 1687 quomodo
1430 1614 1596 1669 etiam
1614 1613 1749 1685 legit
1768 1613 1818 1673 J.
1838 1612 2000 1667 Eam-

369 1706 496 1761 dem
518 1707 939 1763 adnotationem
964 1708 1129 1763 habet
1146 1707 1203 1761 in
1223 1706 1429 1762 Gallico
1451 1722 1554 1761 suo
1575 1704 1877 1776 exemplari
1903 1705 1999 1758 Ni-

368 1797 559 1854 colaus
578 1798 886 1862 Chesneau,
910 1799 1157 1854 decanus
1172 1805 1227 1853 et
1242 1798 1543 1853 canonicus
1554 1798 1803 1866 ejusdem
1820 1795 2000 1851 eccle-

368 1885 465 1942 siae
510 1887 567 1942 S.
622 1888 1031 1959 Symphoriani.
1065 1888 1174 1943 Sed
1213 1903 1323 1944 non
1355 1887 1530 1958 probo
1580 1886 1730 1958 quod
1761 1886 1996 1940 adnota-

369 1978 551 2035 tiones
579 1979 914 2054 marginales
971 1980 1026 2035 in
1073 1987 1282 2035 textum
1333 1980 1666 2034 referentur.
1720 1978 1872 2033 Idem
1904 1985 1992 2033 ta-

370 2080 499 2122 men
532 2067 589 2122 in
618 2075 773 2123 textu
807 2067 1014 2123 habent
1043 2068 1231 2123 omnia
1258 2067 1593 2139 exemplaria
1619 2066 1721 2121 lib.
1768 2083 1829 2131 ιι,
1861 2081 1915 2120 c.
1937 2066 1990 2120 6.

441 2160 570 2225 Quae
625 2168 810 2215 autem
836 2160 945 2216 hoc
996 2160 1177 2232 capite
1236 2162 1307 2216 de
1364 2161 1628 2233 martyrio
1678 2162 1731 2217 S.
1792 2160 1993 2216 Nicasii

370 2246 668 2320 EutrOpia,
698 2258 754 2305 et
801 2250 1078 2306 sociorum
1107 2259 1291 2305 narrat
1319 2259 1532 2318 auctor,
1588 2267 1654 2306 ea
1683 2250 1995 2321 desumpsit

370 2354 470 2410 pro
499 2338 710 2407 majore
743 2345 895 2409 parte
925 2354 991 2393 ex
1021 2340 1193 2415 gestis
1234 2340 1484 2410 ipsorum
1512 2347 1837 2411 martyrum,
1869 2356 1992 2411 quae

371 2447 440 2487 ex
465 2431 838 2502 manuscripto
870 2432 1060 2487 codice
1093 2442 1340 2504 accepta,
1374 2434 1653 2489 habentur
1703 2433 1852 2504 apud
1881 2433 1991 2489 Su-

370 2527 513 2582 rium
579 2534 711 2582 tom.
746 2527 860 2594 Vll,
914 2528 1063 2598 apud
1092 2529 1395 2584 Vicentium
1449 2530 1505 2583 in
1544 2530 1780 2600 Speculo
1838 2529 1989 2595 hist,

369 2620 412 2675 l.
436 2637 546 2685 χιι,
572 2637 696 2693 σῳ.
731 2623 800 2676 37
823 2628 877 2678 et
904 2621 1012 2690 38;
1045 2623 1266 2678 Petrum
1295 2624 1365 2679 de
1396 2624 1682 2679 Natalibus
1715 2626 1755 2680 Ι.
1798 2642 1836 2695 ι,
1868 2641 1988 2696 cap.

365 2711 458 2779 69,
515 2720 569 2768 et
607 2713 663 2768 S.
697 2713 1035 2769 Antoninum
1077 2722 1219 2786 part.
1254 2733 1292 2769 ιι
1337 2716 1500 2782 Hist.,
1540 2717 1622 2771 tit.
1657 2716 1746 2784 11,
1780 2733 1901 2787 cap.
1937 2718 1989 2770 8.

366 2804 475 2861 Sed
507 2805 729 2877 plenius
764 2812 819 2860 et
850 2806 1151 2875 perfectius
1186 2806 1332 2862 inter
1357 2808 1507 2862 Vitas
1537 2808 1857 2863 Sanctorum
1891 2808 1995 2863 Co-

365 2896 531 2952 loniae
562 2912 795 2952 excusas
822 2896 879 2950 in
911 2898 1067 2965 folio,
1096 2899 1151 2952 in
1175 2898 1323 2970 ipsas
1353 2901 1532 2955 adhuc
1551 2901 1707 2971 quasi
1735 2910 1993 2975 typogra-

273 3045 277 3049 ,
365 2990 513 3062 phiae
545 2988 780 3045 infantia
806 3006 937 3045 ann.
978 2991 1139 3045 1483.
1170 2991 1302 3045 Item
1345 2991 1400 3045 in
1434 2990 1723 3047 breviariis
1755 2993 1994 3064 prepriis

364 3078 764 3134 cathedralium
806 3079 1185 3148 ecclesiarum,
1232 3079 1542 3147 Remensis,
1584 3080 1991 3152 Ambianensis,

360 3167 741 3223 Atrebatensis
784 3176 842 3223 et
879 3169 1197 3241 Brugensis.
1238 3168 1338 3223 Ubi
1394 3177 1522 3224 ante
1553 3171 1739 3225 omnia
1784 3172 1993 3226 consti-

2021 1933 2074 2003 B

2106 791 2211 849 hoc
2241 797 2561 867 martyrium
2615 808 2748 867 (non
2779 804 2985 852 autem.
3017 801 3078 851 ut
3129 794 3453 868 Sigebertus
3489 805 3649 852 notat
3677 798 3738 852 in

2106 884 2395 957 Chronico,
2427 905 2494 944 ex
2539 890 2878 964 vulgaribus,
2919 898 2981 945 ut
3021 888 3324 945 verisimile
3364 897 3449 944 est
3478 889 3733 947 Franco-

2103 994 2224 1033 rum
2249 979 2594 1050 Amnalibus,
2624 984 2727 1038 sub
2757 982 2970 1038 Hunnis
3000 997 3090 1038 an.
3118 982 3245 1049 453,
3287 988 3402 1050 aut,
3435 991 3494 1037 ut
3525 983 3738 1038 Demo-

2102 1067 2317 1134 chares,
2377 1070 2503 1142 454)
2563 1087 2630 1127 ex
2668 1072 2976 1128 Flodoardo
3032 1076 3220 1126 nostro
3266 1070 3553 1141 probatur,
3598 1072 3733 1143 quia

2101 1156 2243 1213 inter
2259 1159 2312 1213 S.
2335 1159 2631 1226 Nicasium,
2690 1168 2744 1216 et
2774 1161 2827 1216 S.
2860 1160 3171 1234 Remigium
3203 1159 3559 1214 intercedunt
3584 1177 3732 1233 qua—

2102 1255 2229 1304 tuor
2273 1249 2367 1304 alii
2421 1252 2692 1322 episcopi,
2744 1252 2838 1322 qui
2870 1251 3010 1305 infra
3066 1257 3426 1306 recensentur
3491 1268 3612 1322 cap.
3669 1253 3725 1308 9.

2101 1340 2269 1397 Porro
2305 1341 2359 1397 S.
2391 1342 2676 1415 Remigius
2728 1344 2867 1398 obiit
2897 1358 2988 1398 an.
3025 1343 3176 1398 Dom.
3217 1342 3343 1408 544,
3371 1342 3733 1413 episcopatus

2101 1433 2186 1487 sui
2224 1433 2314 1493 74.
2343 1433 2519 1489 aetatis
2549 1436 2638 1501 95,
2668 1441 2727 1489 ut
2756 1441 2905 1506 patet
2936 1450 2997 1489 ex
3056 1435 3230 1505 ipsius
3268 1434 3551 1506 epitaphio
3583 1436 3732 1490 infra

2101 1524 2207 1579 hoc
2242 1526 2439 1580 eodem
2471 1525 2593 1592 lib.,
2629 1541 2676 1581 c.
2705 1528 2792 1580 21.
2830 1527 2901 1579 Ex
2936 1542 3045 1597 quo
3076 1525 3332 1597 sequitur
3361 1542 3489 1580 eum
3520 1524 3727 1581 factum

2100 1632 2220 1671 esse
2252 1618 2575 1689 episcopum
2608 1636 2697 1673 an.
2731 1619 2863 1674 470.
2898 1620 3074 1690 Atque
3113 1619 3187 1673 ita
3214 1633 3312 1689 pro
3344 1626 3582 1689 quatuor
3605 1620 3733 1674 istis

2101 1706 2379 1778 episcOpis
2411 1708 2762 1764 intermediis
2809 1725 2919 1765 non
2952 1709 3400 1780 relinquerentur
3438 1710 3546 1764 nisi
3592 1711 3728 1764 anni

2100 1799 2169 1852 16
2200 1805 2293 1853 aut
2321 1800 2408 1853 17.
2444 1801 2597 1855 Adde
2629 1802 2776 1872 quod
2820 1801 2873 1855 S.
2909 1801 3276 1871 Hieronymus
3325 1801 3464 1856 obiit
3494 1818 3583 1855 an.
3619 1801 3722 1857 421

2100 1893 2193 1941 aut
2222 1888 2347 1942 422.
2379 1889 2554 1954 Quare
2577 1890 2806 1945 omnino
2837 1895 2965 1943 ante
2987 1890 3093 1944 hoc
3113 1890 3304 1945 saltem
3335 1898 3556 1961 tempus
3586 1905 3730 1947 con-

2096 1977 2282 2051 tigisse
2311 1987 2546 2050 oportet.
2572 1980 2822 2052 Denique
2843 1997 2943 2052 pro
2971 1982 3071 2035 hac
3098 1981 3377 2036 sententia
3407 1979 3535 2036 facit
3569 1982 3725 2052 quod

2094 2070 2238 2126 inter
2266 2077 2577 2127 coaetaneos
2609 2074 2665 2127 Β.
2718 2073 2918 2128 Nicasii
2948 2073 3268 2128 nominetur
3296 2074 3353 2127 Β.
3414 2073 3725 2139 Servatius,

2094 2164 2189 2236 qui
2243 2181 2592 2237 nequaquam
2623 2166 2824 2221 vixisse
2866 2175 3044 2238 potest
3100 2183 3277 2238 usque
3331 2166 3397 2221 ad
3440 2182 3529 2220 an.
3594 2166 3724 2221 453.

2096 2252 2306 2308 Fuisset
2353 2254 2503 2308 enim
2559 2253 2850 2325 plusquam
2899 2262 3124 2309 centum
3182 2255 3344 2309 annis
3398 2255 3726 2326 episcopus.

2094 2344 2349 2400 Interfuit
2387 2345 2536 2399 enim
2568 2346 2820 2401 conciliis
2847 2346 3161 2401 Sardicensi
3207 2353 3261 2401 et
3299 2347 3720 2419 Agrippinensi,

2094 2438 2388 2493 celebratis
2421 2440 2728 2508 respective
2778 2454 2924 2494 anno
2958 2438 3060 2494 343
3094 2446 3148 2493 et
3179 2439 3304 2493 346.
3346 2439 3503 2504 Quod
3535 2447 3725 2495 autem

2093 2527 2294 2601 legitur
2323 2531 2584 2584 trecentis
2634 2530 2794 2584 annis
2835 2529 3035 2586 vixisse
3067 2530 3390 2601 neutiquam
3432 2530 3725 2601 probabile

2097 2628 2197 2675 est.
2233 2621 2388 2685 Quod
2422 2629 2606 2675 tamen
2638 2621 2706 2675 ad
2740 2622 2941 2676 dictam
2976 2622 3033 2675 Β.
3081 2622 3395 2693 Hieronymi
3430 2622 3723 2693 epistolam

2096 2713 2314 2780 attinet,
2348 2713 2495 2768 salva
2552 2716 2876 2770 auctoritate
2908 2715 3149 2783 Baronii,
3194 2716 3370 2787 magis
3401 2715 3569 2771 credo
3599 2732 3722 2771 eam

2096 2801 2358 2872 scriptam
2399 2818 2520 2857 esse
2551 2818 2698 2858 anno
2746 2804 2870 2858 408.
2903 2804 3035 2858 Nam
3076 2820 3201 2858 cum
3258 2803 3533 2858 excidium
3565 2803 3724 2858 urbis

2097 2891 2389 2947 Remorum
2439 2894 2732 2966 contigerit
2762 2894 2815 2948 in
2875 2894 2984 2950 ﬁne
3015 2911 3144 2949 ann.
3194 2895 3317 2960 407,
3359 2894 3623 2950 videlicet
3651 2896 3722 2949 14

2095 2981 2377 3049 Decemb.,
2412 2999 2523 3038 non
2556 2982 2739 3053 potuit
2767 2984 2964 3039 eodem
2994 2999 3139 3038 anno
3168 2984 3287 3052 ejus
3314 2983 3393 3037 rei
3421 2983 3621 3039 notitia
3649 2984 3717 3037 ad

2094 3071 2153 3124 Β.
2185 3071 2576 3142 Hieronymum
2608 3072 2663 3126 in
2691 3073 3013 3129 Bethlehem
3046 3080 3480 3128 commorantem
3513 3088 3719 3143 perve-

2095 3160 2265 3214 nisse.
2300 3161 2480 3215 Altera
2509 3160 2807 3216 difficultas
2838 3163 2927 3217 hic
2966 3169 3048 3217 est
3076 3180 3088 3216 :
3129 3162 3209 3216 An
3250 3178 3282 3216 a
3308 3162 3616 3225 Wandalis,
3648 3177 3721 3215 an

362 3258 631 3315 tuendum
655 3268 737 3315 est
767 3260 837 3315 de
862 3268 1111 3330 tempore
1135 3275 1245 3331 quo
1274 3261 1393 3315 haec
1418 3261 1759 3317 acciderunt.
1796 3264 1909 3327 Qua
1930 3263 1988 3317 in
2022 3256 2221 3326 ί]νοΓο
2260 3252 2329 3306 ab
2374 3253 2584 3307 Hunnis
2625 3254 2771 3324 passi
2814 3255 2943 3321 sint,
2986 3255 3086 3309 sed
3130 3270 3253 3326 quae
3279 3254 3393 3322 jam
3427 3253 3720 3309 manifesta

362 3366 424 3404 re
454 3365 708 3425 magnam
768 3349 933 3404 nobis
964 3348 1265 3420 praaferunt
1303 3350 1481 3405 lucem
1512 3367 1577 3405 ea
1630 3368 1753 3423 qua:
1784 3352 1842 3406 in
1882 3352 1993 3408 fine

361 3442 529 3511 hujus
558 3459 679 3514 cap.
714 3442 954 3498 citantur
983 3459 1051 3497 ex
1088 3443 1248 3513 epist.
1295 3443 1332 3497 Β
1391 3444 1705 3515 Hieronymi
1739 3446 1809 3499 ad
1848 3448 1992 3518 Age-

363 3531 615 3586 ruchiam
645 3530 766 3586 sive
817 3531 887 3586 ad
919 3532 1258 3599 Gerontiam,
1292 3548 1457 3602 quam
1512 3532 1774 3602 scriptam
1830 3534 1992 3588 docet

362 3626 632 3683 Baronius
683 3627 742 3681 in
790 3627 986 3682 Annal.
1031 3644 1121 3682 an.
1181 3628 1306 3683 407.
1368 3629 1543 3693 Quare
1592 3628 1790 3684 eodem
1846 3646 1990 3685 anno

360 3720 662 3776 verisimile
703 3727 787 3776 est
826 3737 890 3776 ea
921 3721 1244 3793 contigisse.
1280 3721 1412 3775 Nam
1464 3721 1717 3776 Wandali
1750 3729 1805 3776 et
1836 3721 1991 3774 Alani

361 3808 542 3880 pridie
582 3807 695 3863 Kal.
730 3809 975 3864 Januarii
1008 3825 1154 3865 anno
1185 3810 1312 3874 406,
1354 3809 1589 3865 transito
1621 3810 1835 3876 Rheno,
1870 3809 1995 3863 Gal-

361 3897 464 3953 lias
494 3905 623 3952 sunt
644 3898 904 3973 ingressi,
936 3906 997 3953 ut
1028 3898 1198 3953 habet
1241 3899 1299 3952 B.
1330 3898 1566 3969 Prosper
1615 3898 1671 3952 in
1695 3897 1989 3964 Chronico,

360 3985 623 4043 videlicet
664 3987 900 4043 Arcadio
958 3994 1172 4043 sextum
1222 3994 1276 4042 et
1319 3988 1511 4043 Anicio
1570 3987 1748 4043 Probo
1821 4003 1988 4052 coss.,

361 4097 502 4154 quos
525 4082 594 4137 ad
627 4098 833 4138 annum
866 4083 1013 4138 hunc
1037 4081 1205 4137 refert
1250 4080 1597 4139 Christianus
1634 4084 1910 4151 Masszeus,
1935 4092 1989 4138 et

361 4176 655 4247 Baronius,
683 4176 788 4233 etsi
817 4177 1053 4248 Prosper
1082 4177 1151 4232 ad
1181 4193 1274 4233 an.
1319 4177 1445 4234 408.
1478 4179 1595 4233 Alia
1626 4179 1774 4233 enim
1807 4177 1981 4233 Chro-

359 4270 487 4327 nica
515 4270 935 4345 chronologiam
978 4271 1195 4326 Baronii
1242 4271 1462 4327 duobus
1495 4272 1654 4327 annis
1698 4277 1982 4341 superant.

2096 3343 2428 3414 relinquitur
2447 3360 2511 3399 ex
2539 3344 2815 3399 solutione
2842 3344 3064 3415 prioris.
3090 3345 3223 3399 Nam
3247 3345 3567 3399 Hunnorum
3589 3359 3720 3414 per—

2092 3439 2325 3505 secutio,
2355 3438 2719 3492 etGalliarum
2754 3455 2854 3509 per
2885 3453 2980 3493 eos
3010 3438 3238 3494 vastatio
3258 3438 3359 3492 sub
3393 3453 3525 3509 rege
3551 3436 3718 3492 Attila

2092 3530 2369 3601 posterior
2395 3541 2497 3595 est,
2545 3532 2803 3586 videlicet
2835 3532 2979 3585 circa
3030 3548 3234 3585 annum
3269 3530 3391 3585 450.
3440 3529 3557 3594 Quo
3588 3545 3725 3585 sane

2094 3629 2341 3693 tempore
2394 3623 2530 3678 vixit
2557 3623 2620 3681 Β.
2658 3623 2901 3677 Anianus
2934 3623 3345 3677 Aurelianensis
3398 3621 3720 3692 episcopus.

2093 3724 2147 3771 et
2180 3718 2236 3770 Β.
2280 3717 2464 3787 Lupus
2489 3717 2799 3782 Treccnsis,
2861 3715 2954 3786 qui
2989 3730 3341 3785 praepropere
3373 3714 3441 3767 ab
3494 3722 3726 3768 auctore

2093 3804 2184 3859 hic
2213 3806 2592 3870 nominantur,
2626 3805 2836 3876 quique
2868 3820 2994 3858 suas
3019 3804 3270 3859 civitates
3308 3801 3574 3873 precibus
3604 3802 3727 3857 suis

2093 3901 2147 3947 et
2179 3893 2389 3947 meritis
2440 3894 2817 3947 liberaverunt
2848 3908 2879 3946 a
2927 3892 3232 3946 vastatione
3266 3891 3440 3945 Attila:
3490 3890 3725 3947 Hunno-

2092 4001 2213 4039 rum
2238 3985 2399 4059 regis.
2433 3985 2538 4040 Sed
2571 3985 2640 4038 de
2672 3986 2727 4041 S.
2763 3986 2914 4055 Lupo
2955 3984 3130 4039 facilis
3150 3983 3326 4039 videri
3359 3991 3553 4053 posset
3578 3998 3718 4038 con-

2092 4077 2319 4144 ciliatio,
2349 4077 2478 4148 quia
2507 4077 2668 4131 annis
2694 4076 2762 4133 52
2794 4076 2897 4131 fuit
2919 4076 3235 4147 episcopus.
3272 4075 3335 4128 At
3353 4074 3537 4129 obstat
3568 4076 3721 4146 quod

2089 4170 2315 4224 demum
2343 4185 2487 4224 anno
2532 4169 2637 4224 427
2669 4170 2738 4223 ad
2780 4168 3096 4239 episcopale
3126 4167 3324 4221 solium
3373 4173 3599 4220 evectus
3625 4166 3719 4235 sit,

2079 4265 2233 4334 juxta
2262 4263 2530 4320 calculum
2563 4262 2806 4330 Baronii,
2839 4262 2932 4334 qui
2958 4275 3082 4315 eum
3111 4258 3429 4314 defunctum
3459 4265 3712 4314 recenset

361 4360 475 4418 Hoc
533 4361 682 4418 idem
740 4362 985 4418 referent
1040 4363 1235 4418 iisdem
1303 4378 1446 4418 coss.
1507 4361 1862 4418 Cassiodorus
1927 4362 1983 4415 in
2087 4374 2178 4413 an.
2212 4358 2336 4412 479.
2370 4356 2478 4411 Sed
2508 4355 2853 4412 excusandus
2908 4352 3268 4415 Flodoardus,
3300 4350 3394 4421 qui
3432 4349 3487 4403 in
3521 4350 3625 4404 hac
3658 4364 3715 4405 re

362 4454 632 4513 Chronico
686 4463 741 4512 et
761 4456 1029 4525 Zosimus,
1056 4458 1097 4511 l.
1138 4473 1211 4513 v1.
1246 4456 1449 4511 Eodem
1474 4456 1753 4527 pertinere
1770 4471 1891 4527 quae
1918 4454 1985 4510 de
2088 4446 2339 4519 sequitur
2365 4445 2736 4510 Hincmarum,
2779 4442 2921 4513 epist
2973 4442 3029 4509 5,
3060 4457 3107 4496 c.
3152 4441 3238 4500 17.
3274 4436 3419 4527 inter
3447 4454 3543 4492 eas
3571 4454 3712 4510 quas

359 4548 464 4604 hac
501 4550 822 4607 calamitosa
874 4550 1187 4623 irruptionc
1236 4551 1429 4607 scribit
1469 4525 1694 4607 Hieron.
1753 4525 1986 4621 epistola

2096 4535 2216 4591 R.P.
2240 4536 2397 4590 Joan.
2433 4535 2656 4588 Buszeus
2673 4531 2868 4587 edidit.
2888 4531 3030 4595 Quot
3054 4528 3215 4583 annis
3242 4525 3448 4581 sederit
3468 4527 3521 4581 S.
3548 4527 3713 4583 Ania-

355 4639 469 4710 jam
500 4639 668 4709 dicta,
720 4641 868 4697 circa
910 4617 1170 4698 cur-nde",
1203 4659 1413 4698 annum
1465 4642 1664 4697 assem
1714 4617 2191 4695 ArhajdusDnus
2218 4642 2327 4682 non
2379 4625 2602 4681 invenio
2656 4625 2711 4678 in
2745 4623 3012 4689 historiis,
3047 4621 3144 4676 sed
3177 4619 3387 4675 obiisse
3444 4617 3715 4710 scribitur

361 4729 635 4785 Pontacus
686 4729 743 4785 in
773 4731 892 4786 suis
933 4718 1082 4788 notis
1119 4722 1205 4787 ad
1239 4731 1443 4789 Chron.
1477 4731 1750 4802 PrOSperi.
1810 4731 1987 4802 Atque

360 4820 614 4894 inprimis
640 4824 760 4880 haec
789 4827 1068 4883 sententia
1128 4827 1394 4898 probatur
1428 4828 1684 4891 Baronio,
1722 4826 1853 4882 dum
1892 4842 1983 4881 an.

326 4906 331 4909 ’
360 4912 486 4980 407,
513 4920 641 4985 post
665 4915 830 4970 citata
856 4916 1053 4971 eadem
1087 4916 1405 4988 Hieronymi
1432 4916 1624 4982 verba,
1648 4919 1723 4972 ita
1751 4915 1987 4985 subjun-

358 5002 479 5077 git:
544 5022 565 5052 ι
600 5002 756 5069 Quod
799 5012 982 5060 autem
1041 5005 1187 5061 inter
1223 5006 1358 5060 alias
1417 5005 1711 5061 Galliarum
1761 5004 1984 5060 urbium

359 5091 547 5149 clades
596 5092 838 5152 Rhemos
874 5112 907 5151 a
943 5095 1228 5152 Wandalis
1281 5097 1485 5152 referat
1540 5097 1871 5162 devastatus,
1929 5095 1983 5150 in

359 5201 481 5241 eam
530 5186 862 5243 sententiam
912 5204 1000 5244 me
1072 5188 1247 5262 magis
1304 5188 1491 5256 trahit,
1557 5196 1617 5244 ut
1675 5189 1981 5244 existimem

358 5273 412 5328 S.
438 5273 717 5331 Nicasium
743 5276 866 5345 ejus
886 5277 1124 5334 civitatis
1144 5277 1494 5349 episcopum,
1518 5292 1629 5332 una
1652 5293 1775 5332 cum
1792 5293 1982 5333 sorore

357 5365 619 5438 Eutropia
648 5374 705 5424 et
723 5368 891 5423 sociis
920 5385 1040 5426 esse
1074 5371 1339 5442 martyrio
1369 5378 1688 5439 coronatos,
1722 5370 1853 5427 licet
1881 5371 1983 5426 ali-

359 5454 456 5527 qui
484 5455 554 5510 ad
584 5456 902 5513 Hunnorum
931 5459 987 5515 id
1016 5460 1259 5517 referant
1299 5468 1574 5540 tempora,
1598 5475 1830 5532 quorum
1862 5468 1982 5515 acta

310 5607 317 5611 ι
358 5543 637 5616 passionis
673 5560 833 5618 teque
863 5547 969 5603 sub
1002 5548 1284 5605 Wandalis
1314 5549 1466 5622 ipsos
1498 5565 1622 5605 esse
1646 5565 1841 5622 passos
1873 5550 1978 5605 ha-

355 5630 516 5701 bent,
551 5634 651 5689 sed
701 5634 868 5706 plane
911 5638 1241 5711 corrigenda
1277 5639 1336 5694 in
1380 5654 1447 5696 eo
1492 5639 1623 5694 dum
1681 5638 1979 5695 Wandalos

355 5740 607 5799 paganos
630 5725 801 5783 fuisse
830 5727 1071 5793 tradunt,
1122 5746 1260 5802 quos
1289 5731 1467 5803 liquet
1505 5729 1677 5787 fuisse
1707 5729 1977 5787 Christia-

308 5900 321 5905 Ἴ
356 5838 478 5883 nos.
542 5840 570 5876 α
625 5821 717 5887 Sic
755 5822 871 5879 ille.
922 5821 1128 5880 Verum
1167 5825 1317 5896 quod
1358 5826 1427 5881 ad
1457 5826 1735 5898 posterius
1785 5826 1982 5882 attinet

353 5913 660 5974 verisimile
690 5922 776 5975 est
814 5929 927 5997 non
958 5929 1155 5972 omnes
1180 5915 1482 5974 Wandalos
1510 5915 1682 5973 fuisse
1714 5915 1979 5973 Christia-

2087 4732 2177 4771 an.
2210 4716 2335 4771 453.
2367 4715 2565 4769 Verum
2608 4721 2663 4768 et
2713 4713 2859 4768 hunc
2889 4713 2983 4766 diu
3016 4712 3071 4766 in
3113 4711 3438 4780 episcopatu
3477 4706 3709 4774 vixisse,

2088 4813 2147 4860 et
2191 4813 2482 4875 utramque
2524 4802 2964 4874 persecutionem
3005 4800 3192 4856 videre
3247 4803 3494 4873 potuisse
3553 4815 3713 4858 exeo

2088 4900 2268 4964 potest
2296 4891 2506 4965 colligi,
2538 4892 2665 4963 quia
2694 4890 3016 4945 Vincentius
3045 4889 3453 4946 Bellovacensis
3485 4891 3555 4946 de
3587 4891 3713 4962 ipso

2086 4981 2220 5054 agit.
2269 4981 2366 5036 ubi
2424 4982 2495 5035 de
2527 4989 2701 5035 morte
2746 4979 2805 5033 Β.
2851 4977 3166 5049 Hieronymi
3210 4985 3265 5033 et
3314 4978 3712 5035 Wandalorum

2086 5071 2498 5141 persecutione,
2529 5077 2788 5141 tanquam
2814 5068 2882 5123 ab
2910 5084 2975 5123 eo
3002 5075 3248 5139 tempore
3271 5066 3466 5123 fuisset
3492 5068 3716 5139 episco-

2087 5178 2423 5235 pus,nempe
2452 5162 2548 5216 lib.
2584 5178 2675 5228 xx,
2709 5178 2757 5216 c.
2792 5161 2878 5228 11,
2912 5159 2980 5214 12
3011 5166 3068 5214 et
3100 5160 3189 5228 13,
3221 5168 3466 5227 secutus,
3501 5169 3561 5215 ut
3593 5160 3712 5232 ipse

2086 5253 2181 5319 ait,
2212 5252 2495 5325 Hugonem
2528 5250 2949 5305 Floriacensem.
2986 5248 3143 5303 Certe
3164 5248 3351 5303 omnia
3380 5264 3575 5303 eorum
3611 5266 3713 5323 ge-

2082 5355 2187 5414 sta,
2218 5354 2326 5401 tam
2362 5347 2417 5400 in
2446 5344 2742 5401 Breviariis
2772 5360 2937 5415 quam
2960 5343 3192 5399 seorsim
3226 5343 3396 5411 edita,
3424 5344 3711 5399 memine-

2082 5449 2210 5498 runt
2250 5440 2585 5495 Wandalicat
2640 5439 3066 5511 persecutionis,
3100 5453 3212 5494 non
3259 5445 3445 5493 autem
3478 5438 3713 5496 Hunno-

2083 5551 2222 5601 rum,
2259 5550 2397 5606 quos
2428 5534 2494 5588 de
2521 5548 2641 5595 suo,
2676 5540 2859 5587 motus
2888 5531 3025 5588 forte
3052 5531 3379 5587 auctoritate
3408 5531 3709 5608 Sigeberti,

2081 5626 2404 5681 Franciscus
2434 5625 2655 5680 Heraeus
2706 5623 2991 5678 Wandalis
3024 5622 3311 5696 conjungit
3355 5623 3411 5676 in
3443 5639 3711 5697 compen-

2082 5720 2174 5774 dio
2202 5719 2271 5772 de
2314 5717 2447 5772 Vitis
2500 5725 2837 5780 sanctorum,
2871 5731 2994 5770 cum
3028 5715 3242 5788 integra
3299 5721 3419 5770 acta
3450 5731 3565 5772 non
3612 5719 3711 5773 ha-

2079 5806 2272 5862 beant.
2299 5805 2582 5861 Postremo
2609 5802 3028 5869 Wandalorum,
3062 5814 3175 5859 non
3202 5802 3557 5874 Hunnorum,
3589 5821 3709 5861 me-

2083 5897 2369 5957 minerunt
2394 5897 2761 5967 Hieronymus
2786 5901 2840 5950 et
2871 5894 2988 5953 Ebo
3019 5895 3154 5953 locis
3179 5902 3306 5951 ante
3338 5896 3541 5953 citatis.
3576 5900 3707 5954 Item
