3912 6404
171 399 279 457 337

1510 394 1577 449 ΙΝ
1618 391 1870 448 LIBRUM
1910 393 2191 450 PRIMUM.

3415 408 3520 466 338

164 533 446 605 Martyrol.
470 530 703 587 Usuardi
730 546 761 585 a
791 530 1005 586 Joanne
1034 528 1250 584 Molano
1299 535 1543 594 auctum,
1567 533 1621 583 et
1650 526 1793 582 Mar-
1818 530 1870 598 Α
1894 527 2189 584 lectionem
2223 528 2281 583 in
2308 528 2574 601 operibus
2616 531 2934 605 Hieronymi
2966 536 3207 607 praetulit
3239 538 3519 611 Erasmus,

166 628 503 703 tyrologium
535 625 822 697 proprium
872 624 1133 679 Ecclesiae
1166 623 1594 678 Cameracensis.
1637 623 1795 695 Sige-
1894 619 2166 675 Marianus
2204 621 2338 696 legit
2389 624 2727 690 Ageruchia.
2792 626 2929 683 Vide
2987 636 3146 686 notas
3206 639 3423 689 nostras
3452 634 3521 691 ad

166 717 388 773 bertum
437 723 623 771 tamen
662 721 887 770 secutus
960 721 1044 768 est
1093 713 1255 769 Ottho
1310 714 1682 787 Frisingensis
1737 712 1795 766 in
1896 715 2206 772 Chronicon
2235 717 2827 789 CameracenselibJ,
2861 739 2908 779 c.
2937 726 2993 781 5.

166 807 372 861 Chron.
404 807 445 871 Ι,
474 822 549 871 tv,
581 819 630 859 c.
663 804 753 870 28,
775 803 1019 858 Joannes
1042 802 1211 856 Tilius
1236 802 1292 856 in
1323 801 1594 857 Chronico
1626 802 1793 857 Fran-

166 912 381 962 corum,
404 903 460 951 et
487 896 621 950 Vitm
661 895 755 948 SS.
784 894 989 948 Gallice
1034 910 1066 947 a
1117 893 1526 948 Parisiensibus
1549 892 1794 948 doctori-

165 990 274 1044 bus
298 986 483 1043 editae.
536 987 664 1042 Post
721 986 839 1041 haec
876 985 1065 1040 omnia
1094 1001 1125 1040 a
1175 1002 1264 1041 me
1295 985 1531 1059 digesta,
1561 985 1787 1041 invenio

165 1079 473 1145 Massaaum,
500 1092 611 1131 non
636 1076 1023 1149 indiligentem
1049 1076 1396 1140 historicum,
1422 1075 1520 1141 lib,
1543 1092 1597 1129 xt
1617 1074 1788 1130 Chro-

167 1169 422 1224 nicorum
455 1168 671 1235 mundi,
696 1184 825 1222 ann.
885 1166 1012 1232 406,
1077 1182 1300 1222 mecum
1336 1166 1486 1221 idem
1518 1166 1784 1232 sensisse,

166 1255 362 1310 iisdem
389 1254 500 1310 fere
537 1256 727 1309 nixum
768 1255 1097 1321 rationibus,
1150 1256 1283 1309 dum
1349 1255 1469 1309 ait:
1512 1274 1537 1305 α
1582 1255 1786 1309 Eodem

163 1344 457 1399 consulatu
486 1344 766 1415 (videlicet
786 1344 1003 1399 Arcadii
1048 1353 1266 1399 sextum
1298 1344 1551 1399 etAnicii
1582 1344 1784 1414 Probi),

165 1446 310 1493 teste
341 1439 639 1509 Prospero,
672 1438 813 1509 prid.
851 1438 961 1493 Kal.
1006 1438 1276 1504 Januarii,
1313 1438 1542 1507 trajecto
1573 1438 1785 1504 Rheno,

162 1525 443 1595 Wandali,
481 1526 637 1580 Alani
666 1536 723 1581 et
750 1526 872 1582 aliae
917 1526 1167 1581 barbarae
1214 1526 1472 1581 nationes
1513 1527 1564 1580 in
1589 1525 1789 1581 Gallias

162 1618 467 1684 irruerunt,
498 1625 553 1673 et
582 1617 834 1673 infinitas
891 1619 1072 1674 caedes
1104 1626 1567 1689 perpetraverunt
1597 1637 1613 1673 :
1647 1618 1792 1673 inter

159 1727 300 1781 quas
320 1712 375 1765 S.
406 1710 657 1766 Nicasius
700 1709 895 1766 Remis
946 1712 1228 1766 occubuit.
1265 1711 1518 1766 Testatur
1549 1711 1790 1781 idipsum
1890 1782 1893 1787 ξ

163 1802 393 1873 prOpria
418 1802 593 1874 ipsius
612 1802 864 1869 historia,
889 1802 1095 1856 nullam
1131 1803 1476 1869 Hunnorum,
1508 1803 1607 1857 sed
1626 1803 1790 1858 Wan-

160 1893 416 1950 dalorum
449 1902 659 1951 tantum
716 1895 924 1951 faciens
955 1895 1323 1951 mentionem.
1354 1896 1464 1950 Hoc
1490 1902 1543 1950 et
1582 1896 1636 1950 S.
1659 1896 1789 1950 Hie-
1818 1902 1869 1970 Β

161 2003 432 2058 ronymus
463 1988 529 2041 ad
564 1987 879 2041 Geruntiam
923 1987 1270 2058 apertissime
1304 1995 1665 2049 contestatur,
1692 1989 1784 2059 qui
1842 2018 1849 2025 -

166 2079 263 2134 diu
293 2087 427 2134 ante
453 2080 751 2134 adventum
772 2080 1091 2133 Hunnorum
1127 2080 1180 2133 in
1210 2080 1434 2134 Galliam
1491 2080 1787 2135 defunctus

158 2178 260 2228 est.
287 2171 468 2237 Quare
516 2171 715 2226 merito
761 2172 1098 2225 detestamur
1140 2187 1330 2225 eorum
1389 2172 1785 2245 negligentiam

157 2265 250 2336 qui
284 2265 580 2335 plusquam
601 2263 670 2319 40
698 2263 859 2317 annis
889 2263 1166 2333 posterius
1188 2263 1239 2317 S.
1267 2263 1541 2318 Nicasium
1566 2280 1787 2333 passum

156 2353 434 2418 scribunt,
457 2359 516 2406 ut
538 2352 749 2406 nullum
793 2350 963 2405 ferme
996 2352 1139 2405 inter
1172 2352 1352 2420 ipsum
1388 2360 1441 2407 et
1472 2352 1782 2425 Remigium

157 2453 380 2515 tempus
410 2443 579 2499 fuerit
606 2443 635 2496 ?
694 2444 967 2499 Hactenus
1022 2444 1136 2500 ille.
1168 2444 1319 2497 Idem
1351 2444 1587 2497 advertit
1618 2444 1785 2499 Nico-

153 2533 270 2588 laus
297 2532 567 2587 Camuzar
597 2533 652 2585 in
686 2531 793 2587 (ine
828 2532 912 2586 sui
934 2532 1298 2602 Promptuarii
1330 2549 1612 2586 sacrarum
1639 2533 1784 2587 anti—

160 2626 436 2695 quitatum
459 2625 782 2679 Tricassinze
805 2624 1082 2691 dioecesis,
1116 2624 1323 2681 docens
1370 2639 1481 2678 non
1514 2632 1662 2679 recte
1692 2625 1783 2679 At-

160 2716 267 2772 tilae
299 2716 475 2772 tribui
510 2716 719 2771 caedem
756 2717 808 2770 S.
830 2716 1029 2771 Nicasii
1058 2733 1089 2769 a
1138 2716 1450 2788 Sigeherto,
1471 2739 1495 2761 «ε
1524 2714 1788 2769 Flodoar-

157 2810 309 2877 dum,
336 2810 545 2881 inquit,
578 2818 859 2883 auctorem
893 2810 1057 2879 paulo
1099 2810 1470 2879 antiquiorem
1520 2806 1659 2861 forte
1691 2823 1778 2861 se-

155 2899 297 2965 culo,
326 2899 427 2971 qui
457 2898 836 2953 sanctissimos
871 2898 1133 2968 praesules
1162 2897 1467 2952 Servatium
1491 2897 1777 2969 Tungren-

156 3008 290 3059 sem,
331 2992 612 3047 Nicasium
660 2999 714 3047 et
752 2992 963 3062 Lupum
1012 3007 1287 3061 mqutevos
1314 3000 1369 3045 et
1393 2999 1781 3061 contempora-

155 3097 288 3137 neos
320 3081 473 3147 facit,
492 3098 618 3136 cum
648 3088 832 3135 tamen
862 3080 1153 3151 perspicue
1180 3079 1356 3148 palam
1388 3079 1459 3133 sit
1484 3080 1545 3133 D.
1571 3080 1780 3149 Lupum

155 3189 262 3228 non
291 3173 401 3228 nisi
433 3174 504 3227 20
533 3173 697 3227 annis
728 3180 849 3242 post
865 3173 1075 3227 obitum
1100 3171 1347 3241 ipsorum
1375 3170 1685 3226 antistitum
1710 3172 1781 3226 ad

152 3262 532 3334 episcopalem
562 3262 779 3332 apicem
833 3268 1107 3317 evectum.
1140 3280 1169 3310 ι)
1202 3260 1291 3316 Sic
1322 3260 1434 3316 ille.
1466 3260 1620 3324 Quod
1650 3276 1781 3316 vero

155 3355 381 3427 quidam
429 3354 851 3419 ratiocinantur,
892 3354 1022 3425 quia
1070 3354 1271 3428 legitur
1300 3353 1391 3408 hic
1422 3353 1686 3423 Eutropia
1713 3353 1783 3408 ti-

154 3444 358 3499 muisse
380 3443 619 3498 castitati
648 3459 760 3497 suae
791 3451 1017 3513 propter
1042 3441 1540 3514 pulchritudinem,
1572 3442 1777 3497 idcirco

154 3532 341 3602 potius
367 3532 440 3587 ab
466 3531 675 3585 Hunnis
706 3530 759 3584 id
794 3530 993 3586 factum
1050 3547 1212 3602 quam
1242 3546 1272 3583 a
1303 3529 1602 3595 Wandalis,
1626 3529 1776 3600 quod

150 3640 329 3695 genus
367 3623 699 3679 Hunnorum
749 3639 860 3693 prie
906 3623 1124 3678 caeteris
1174 3622 1231 3677 in
1290 3622 1558 3676 Venerem
1613 3620 1778 3675 fuerit

154 3728 327 3782 prona
349 3720 407 3767 et
436 3711 737 3781 impudica,
770 3717 828 3765 ut
860 3711 1016 3765 testis
1054 3718 1137 3765 est
1166 3710 1453 3765 Salwanus
1483 3710 1584 3764 lib.
1617 3727 1669 3765 tv
1701 3710 1775 3764 De

155 3813 298 3860 recto
314 3803 535 3873 judicio
566 3814 622 3858 et
654 3803 1021 3875 providentia,
1051 3803 1103 3856 id
1138 3802 1304 3856 nimis
1330 3803 1449 3858 leve
1480 3819 1778 3874 argumen-

154 3906 263 3950 tum
291 3905 398 3951 est.
424 3896 558 3950 Nam
591 3895 646 3949 in
705 3894 903 3967 quavis
928 3893 1114 3950 hostili
1161 3894 1471 3964 irruptione
1500 3893 1630 3950 talia
1659 3911 1778 3949 me-

156 3989 258 4043 rito
290 3988 478 4043 timeri
511 3987 737 4042 debent.

224 4077 456 4147 Aliique
486 4077 738 4130 nonnulli
790 4076 1086 4130 virtutibus
1142 4078 1399 4143 insignes.
1454 4075 1521 4130 Ut
1562 4076 1778 4134 Nicasio

158 4185 375 4225 coaevus
433 4169 491 4223 S.
545 4168 852 4239 Exuperius
897 4168 1207 4224 Tolosanus
1257 4170 1575 4240 episcopus,
1623 4172 1781 4239 cujus

159 4261 438 4327 meminit,
491 4259 586 4314 ubi
636 4276 821 4330 supra,
868 4259 1255 4332 Hieronymus,
1289 4269 1345 4315 et
1386 4262 1441 4316 S.
1477 4261 1782 4317 Germanus

159 4348 659 4405 Autissiodurensis
703 4349 935 4419 aequalis
975 4349 1128 4421 Lupo
1159 4349 1436 4417 Trecensi,
1472 4351 1572 4406 sed
1612 4351 1665 4406 S.
1692 4352 1785 4406 Ni-

160 4439 307 4493 casio
331 4436 630 4509 posterior.

226 4535 378 4589 Unde
416 4538 470 4587 et
487 4533 657 4601 juxta
704 4535 766 4588 B.
824 4533 1130 4600 Augustini
1158 4536 1479 4588 sententiam
1520 4534 1851 4620 majoremD

156 4619 445 4674 charitatis
478 4622 677 4690 reperit
695 4622 963 4688 fructum,
982 4630 1090 4675 etc.
1112 4620 1284 4675 Locus
1295 4629 1380 4675 est
1396 4621 1632 4691 epistola
1654 4623 1777 4689 180,

155 4723 215 4761 ex
254 4709 416 4777 cujus
438 4708 556 4763 fere
582 4708 771 4763 verbis
822 4708 1090 4779 apposita)
1131 4724 1243 4763 suae
1269 4710 1602 4766 narrationis
1628 4709 1780 4765 filum

157 4802 438 4857 contexuit
469 4808 661 4855 auctor
697 4801 766 4856 ab
789 4817 856 4856 eo
877 4800 999 4856 loco
1034 4802 1127 4856 :B.
1154 4804 1341 4872 itaque
1372 4805 1627 4860 Nicasius
1656 4806 1784 4857 ani-

157 4905 296 4944 mam
321 4906 485 4946 suam
518 4905 620 4959 pro
670 4891 996 4958 fratribus;
1014 4907 1192 4962 usque
1246 4891 1312 4946 ad
1363 4891 1500 4946 illud
1535 4893 1696 4949 :Non
1725 4897 1785 4948 ut

160 4982 523 5036 mercenarius
542 4980 729 5033 videns
770 4982 956 5049 lupum
990 4983 1304 5036 venientem.
1342 4981 1468 5037 Haec
1492 4996 1620 5037 vero
1653 4998 1787 5037 sen-

164 5071 330 5125 tentia
352 5070 655 5144 Augustini
687 5071 899 5145 integre
921 5071 1001 5125 sic
1022 5071 1191 5127 habet
1224 5089 1237 5126 :
1268 5093 1289 5122 ι
1323 5073 1455 5127 Nam
1487 5073 1580 5144 qui
1600 5073 1786 5129 clades

164 5161 386 5217 hostiles
416 5162 547 5216 ideo
572 5176 681 5216 non
716 5160 876 5234 fugit,
904 5179 1028 5217 cum
1054 5163 1510 5237 possiteﬂ'ugere,
1530 5181 1599 5220 ne
1630 5166 1787 5220 dese-

163 5256 240 5303 rat
259 5248 633 5303 ministerium
667 5247 888 5316 Christi,
923 5250 1040 5305 sive
1073 5267 1182 5321 quo
1204 5266 1311 5307 non
1349 5261 1582 5322 possunt
1603 5252 1786 5308 homi-

164 5356 255 5395 nes
282 5342 369 5396 vel
402 5338 528 5395 ﬁeri
573 5339 659 5395 vel
691 5340 877 5397 vivere
907 5342 1224 5409 Christiani,
1255 5343 1522 5412 majorem
1548 5344 1788 5401 charita—

162 5429 229 5483 tis
259 5429 479 5485 invenit
509 5427 749 5483 fructum
781 5446 968 5500 quam,
999 5430 1093 5502 qui
1146 5447 1257 5486 non
1291 5441 1518 5503 propter
1568 5432 1785 5501 fratres,

164 5522 257 5576 sed
278 5530 511 5595 propter
539 5521 789 5592 seipsum
859 5522 1099 5599 fugiens,
1153 5533 1321 5598 atque
1349 5528 1790 5598 comprehensus

166 5627 269 5666 non
300 5619 471 5683 negat
502 5609 803 5675 Christum,
826 5610 1171 5684 suscipitque
1199 5614 1542 5685 martyrium.
1566 5634 1596 5665 ιι

237 5706 478 5760 Viduam
514 5704 979 5779 Aggerunchiam.
1036 5705 1116 5759 lta
1168 5705 1233 5760 Μ.
1270 5706 1538 5762 acccditJ
1571 5707 1790 5775 Agem-

164 5802 359 5869 chiam,
379 5801 441 5869 C,
475 5800 826 5870 Geruntiam,
887 5801 1145 5857 similiter
1173 5802 1225 5855 S.
1253 5801 1600 5858 Gcrontiam:
1625 5817 1789 5872 quam

1964 809 2225 875 Nemetes,
2271 810 2665 877 Argentoracus
2702 816 2997 877 translata:
3058 820 3122 875 in
3152 819 3518 879 Germaniam.

1895 896 1957 951 In
1983 896 2317 968 Hieronymo
2349 914 2498 955 nunc
2528 900 2730 976 legitur
2767 906 3063 975 :Nemetaa,
3091 908 3519 979 Argentoratus,

1888 991 2219 1045 translatiin
2245 991 2611 1061 Germaniam,
2638 997 2920 1067 quomodo
2947 997 3181 1055 mutavit
3207 1000 3263 1056 S.
3314 1001 3518 1059 Verum

1889 1089 2036 1145 recte
2060 1084 2263 1156 legitur
2288 1088 2594 1153 translata,
2622 1095 2683 1145 ut
2710 1091 2778 1145 ad
2802 1090 2973 1148 urbes
3002 1092 3299 1150 referatur.

1956 1179 2139 1233 Isthuc
2168 1180 2309 1233 enim
2338 1182 2580 1236 intentus
2636 1184 2723 1238 hic
2773 1184 2999 1252 degebat
3036 1188 3256 1257 ofﬁciis.
3289 1188 3358 1242 Μ.
3385 1190 3514 1245 Isto.

1888 1265 2026 1320 Vera
2052 1267 2214 1323 lectio
2244 1271 2421 1325 isthuc
2447 1271 2533 1325 vel
2565 1273 2745 1343 isthic,
2772 1276 3054 1345 quomodo
3085 1277 3289 1350 legitur
3309 1278 3366 1333 in
3396 1279 3519 1336 Vita

1888 1356 1950 1411 B.
1984 1355 2335 1431 Remigiiper
2366 1358 2740 1426 Hincmarum,
2804 1362 2899 1418 ubi
2934 1366 3100 1435 paulo
3118 1365 3287 1423 latius
3316 1368 3516 1424 decla-

1889 1457 2043 1503 ratur
2069 1450 2220 1520 quod
2247 1450 2339 1506 hic
2368 1451 2572 1507 dicitur
2609 1453 2681 1508 de
2702 1454 2982 1512 incendio
3013 1455 3171 1513 urbis
3194 1459 3513 1527 Remorum,

1891 1547 1945 1592 et
1969 1537 2221 1610 vestigiis
2261 1539 2464 1609 pedum
2500 1542 2622 1610 ejus
2654 1542 2940 1615 lapidibus
2966 1544 3275 1618 impressis,
3302 1550 3445 1607 sicut
3460 1557 3517 1609 et

1890 1628 2033 1685 infra
2053 1630 2121 1685 ab
2156 1637 2379 1687 auctore
2416 1634 2583 1701 0.12,

2536 1738 2747 1797 CAPUT
2758 1741 2869 1797 VII.

1964 1846 2315 1918 Quaecunque
2345 1846 2450 1903 hoc
2490 1848 2657 1920 capit,
2681 1850 3001 1909 referuntur
3052 1857 3304 1928 (excepta
3335 1864 3518 1916 trans-

1892 1941 2094 1995 latione
2125 1956 2225 2011 per
2251 1941 2545 1996 Fulconem
2580 1941 2743 2015 facta)
2775 1944 2972 2001 iisdem
3003 1963 3149 2017 pene
3179 1951 3366 2005 verbis
3406 1953 3512 2007 ha-

1888 2030 2091 2084 bentur
2128 2030 2185 2083 in
2235 2030 2370 2084 actis
2399 2031 2597 2086 horum
2652 2039 2954 2104 martyrum
3000 2035 3238 2094 Coloniae
3302 2041 3519 2097 excusis

1888 2119 2047 2185 1483,
2079 2119 2148 2173 de
2171 2119 2374 2190 quibus
2401 2136 2588 2190 supra.

1960 2210 2130 2276 Quam
2160 2213 2221 2262 ut
2250 2210 2399 2277 apud
2423 2212 2723 2264 Tornacum
2741 2215 2981 2267 castrum
2996 2213 3113 2284 (ubi
3142 2231 3287 2271 nunc
3309 2234 3518 2289 quoque

1888 2301 2100 2352 servari
2119 2300 2489 2367 perhibentur.
2544 2299 2783 2355 Fuerunt
2809 2302 2941 2356 olim
2995 2303 3227 2359 Tornaci
3258 2306 3314 2360 in
3340 2308 3517 2362 eccle-

1885 2387 1962 2440 sia
1993 2387 2049 2439 B.
2083 2386 2263 2441 Marize
2294 2387 2569 2442 notabiles
2600 2388 2852 2461 reliquiae
2884 2392 2938 2446 S.
2982 2391 3208 2460 Nicasii,
3244 2395 3345 2448 sed
3380 2411 3511 2451 cen-

1885 2485 1999 2531 tum
2049 2476 2206 2529 annis
2233 2482 2358 2545 post
2414 2482 2665 2546 tempora
2701 2478 2999 2534 Flodoardi
3034 2481 3236 2537 Remos
3268 2491 3398 2539 sunt
3421 2501 3511 2541 re-

1886 2568 2029 2632 latae,
2076 2572 2324 2635 tempore
2373 2563 2617 2619 Gervasii
2677 2567 3087 2641 archiepiSCOpi
3120 2610 3135 2636 ,
3195 2571 3290 2642 qui
3349 2580 3511 2630 antea

1889 2654 2321 2710 Cenomanensis
2380 2653 2558 2709 fuerat
2602 2655 2918 2727 episcopus.
2964 2658 3119 2714 Uude
3145 2666 3199 2714 et
3224 2650 3514 2719 Remensis

1889 2746 2133 2801 Ecclesia
2164 2744 2363 2799 festum
2396 2745 2777 2800 translationis
2807 2746 2862 2803 S.
2899 2747 3097 2802 Nicasii
3123 2750 3368 2807 celebrat
3416 2753 3511 2809 die

1876 2838 1947 2891 23
1976 2836 2126 2890 Julii.
2164 2835 2279 2899 Quo
2310 2834 2403 2889 die
2434 2835 2490 2889 in
2535 2835 2811 2890 Breviario
2856 2835 3111 2904 ejusdem
3146 2839 3405 2895 Ecclesiae
3433 2842 3513 2898 sic

1880 2926 2116 2997 legitur:
2156 2946 2180 2977 α
2203 2926 2433 2991 Quidam
2460 2941 2490 2979 e
2522 2924 2741 2980 clericis
2781 2924 3238 2985 Tornacensibus
3276 2933 3512 2989 audiens

1884 3027 2203 3082 Gervasium
2246 3025 2532 3097 praefatum
2585 3026 2884 3081 sacrarium
2933 3028 3010 3094 (S.
3057 3029 3261 3085 Nicasii
3303 3030 3508 3102 Remis)

1885 3120 2190 3175 instaurare
2218 3118 2476 3189 coepisse,
2524 3127 2586 3173 ut
2638 3127 2850 3190 partem
2906 3121 3157 3191 corporis
3192 3125 3246 3179 Β.
3284 3124 3507 3194 Nicasii,

1805 3228 1854 3296 ρ
1884 3228 2005 3283 quae
2033 3212 2089 3266 in
2114 3211 2445 3265 Tornacensi
2462 3210 2695 3265 ecclesia
2723 3210 3072 3278 servabatur,
3102 3228 3217 3268 suae
3258 3217 3510 3273 restituat

1883 3303 2131 3359 ecclesia:
2151 3302 2410 3358 omnibus
2439 3301 2621 3357 modis
2651 3301 2920 3370 elaborat,
2962 3310 3300 3378 tempusque
3331 3317 3387 3363 et
3417 3308 3506 3365 lo-

1882 3393 2357 3467 cumperticiendo
2388 3392 2667 3449 desiderio
2699 3395 2917 3465 quaerit.
2949 3395 3196 3469 Cumque
3242 3398 3297 3454 id
3320 3416 3421 3472 per
3446 3416 3506 3457 se

1882 3495 2141 3558 praestare
2181 3501 2294 3541 non
2316 3491 2525 3556 posset,
2556 3484 2795 3555 quadam
2823 3495 2984 3543 nocte
3013 3486 3381 3546 Tornacensis
3419 3507 3511 3546 ar-

1878 3579 2262 3636 detccclesia:
2297 3578 2446 3649 quod
2468 3576 2789 3632 incendium
2842 3578 3118 3636 universae
3159 3579 3367 3637 civitati
3397 3582 3507 3638 mi-

1878 3677 2039 3725 natur
2057 3671 2293 3726 ruinam.
2328 3667 2627 3724 Praedictus
2656 3682 2790 3722 vero
2841 3668 3099 3735 clericus,
3126 3677 3500 3742 opportunam

1878 3767 2069 3815 nactus
2096 3760 2466 3820 occasionem,
2522 3754 2801 3829 intrepide
2859 3756 3146 3812 ardentem
3213 3760 3504 3815 ecclesiam

1879 3850 2205 3924 ingreditur,
2220 3849 2630 3923 gloriosumque
2660 3847 2977 3902 thesaurum
3004 3847 3283 3919 deferens,
3305 3849 3508 3906 Remos

1879 3941 2154 4014 pervenit,
2188 3939 2558 4009 Gervasioque
2590 3944 2648 3992 ut
2686 3952 2775 3992 res
2799 3952 2859 3992 se
2886 3937 3149 4005 habebat,
3180 3934 3378 3994 ordine
3408 3955 3506 3995 ex-

1880 4032 2052 4104 ponit.
2089 4031 2191 4095 Qui
2245 4036 2533 4101 exceptam
2593 4028 2737 4083 hanc
2758 4026 2910 4082 beati
2958 4026 3211 4098 corporis
3263 4035 3505 4100 partem,

1882 4123 2036 4177 alteri
2069 4122 2211 4193 (qua!
2237 4120 2291 4174 in
2319 4135 2446 4175 arca
2475 4116 2762 4173 recondita
2811 4118 2947 4188 erat)
2978 4131 3286 4188 apponens,
3315 4133 3505 4189 aequa-

1884 4216 1957 4270 lia
1979 4215 2166 4269 omnia
2196 4212 2429 4269 invenit.
2460 4211 2819 4268 Postmodum
2839 4225 2969 4266 vero
2997 4210 3272 4284 integrum
3304 4225 3507 4281 corpus

1884 4308 1941 4362 in
1967 4308 2142 4363 aedem
2209 4306 2349 4361 divae
2408 4304 2614 4379 Virgini
2660 4318 2870 4358 sacram
2910 4302 3007 4359 ubi
3048 4318 3196 4358 nunc
3241 4301 3505 4376 religiose

1885 4397 2084 4453 colitur
2111 4395 2433 4452 translatum
2464 4401 2565 4450 est.
2592 4413 2618 4441 α
2645 4392 2770 4447 Haec
2796 4391 2894 4448 ibi.

2491 4501 2702 4557 CAPUT
2757 4501 2893 4555 VIII.

1953 4616 2029 4670 De
2065 4612 2121 4669 S.
2153 4612 2368 4668 Oricolo
2422 4619 2479 4666 et
2516 4609 2681 4665 sociis
2709 4608 2823 4682 agit
2854 4606 3101 4664 Molanus
3132 4606 3188 4663 in
3219 4606 3507 4664 additione

1883 4708 1951 4764 ad
1978 4705 2425 4779 MartyrolOgium
2455 4701 2687 4760 Usuardi
2721 4702 2787 4757 18
2811 4699 3257 4763 Novembris,his
3279 4699 3505 4757 verbis:

1885 4827 1911 4851 α
1945 4803 2068 4873 Ipso
2094 4800 2205 4867 die,
2237 4798 2383 4855 beati
2416 4796 2616 4853 Oricoli
2655 4793 2911 4867 martyris
2940 4794 3329 4865 sociorumque
3357 4792 3504 4862 ejus,

1884 4892 1981 4965 qui
2009 4891 2112 4946 sub
2134 4889 2457 4945 Wandalica
2498 4885 2893 4958 persecutione
2909 4883 3056 4957 passi
3075 4889 3223 4939 sunt.
3248 4902 3277 4933 ιι
3306 4882 3368 4937 Et
3396 4881 3507 4938 Ro-

1886 4997 2117 5040 manum
2147 4977 2595 5052 Martyrologium
2620 4994 2632 5031 :
2663 4996 2688 5027 α
2715 4974 2920 5030 Eodem
2942 4973 3035 5030 die
3061 4978 3375 5029 sanctorum
3390 4969 3510 5028 Ori-

1887 5073 1994 5129 coli
2025 5080 2080 5127 et
2117 5070 2417 5137 sociorum,
2450 5067 2545 5140 qui
2576 5067 2631 5122 in
2663 5063 3050 5138 persecutione
3070 5060 3391 5118 Wandalica
3407 5074 3510 5134 pro

1836 5194 1841 5199 -
1886 5164 1996 5219 fide
2027 5162 2300 5219 catholica
2332 5160 2478 5232 passi
2503 5167 2652 5214 sunt.
2690 5177 2712 5208 ι
2748 5156 2809 5211 ln
2837 5154 2985 5229 notis
3003 5153 3217 5209 ibidem
3242 5152 3516 5209 Baronius

1886 5258 1993 5312 hoc
2015 5262 2230 5311 tantum
2281 5251 2597 5308 adnotavit:
2635 5270 2663 5300 α
2711 5248 2787 5303 De
2834 5261 2937 5314 eo,
2965 5244 3230 5303 videlicet
3261 5243 3507 5314 Oriculo,

1887 5356 2085 5407 caetera
2106 5345 2500 5416 manuscripta,
2521 5360 2587 5399 ex
2599 5340 2807 5415 quibus
2836 5338 3090 5395 Molanus
3125 5337 3276 5410 apud
3304 5337 3512 5394 Usuar-

1889 5440 2042 5495 dum.
2074 5436 2307 5493 Eosdem
2338 5436 2462 5508 lego
2494 5432 2551 5487 in
2572 5430 2860 5489 additione
2883 5427 3205 5486 Coloniensi
3224 5443 3348 5502 qua:
3372 5426 3515 5485 facta
3608 5504 3617 5513 ί

1891 5536 1977 5585 est
2008 5527 2076 5582 ad
2109 5524 2414 5582 Usuardum
2447 5536 2594 5578 anno
2617 5519 2776 5575 1521.
2808 5540 2829 5569 ο

1962 5616 2117 5684 Quod
2164 5615 2345 5669 adhuc
2406 5612 2691 5680 manifeste
2742 5623 2941 5680 parere
2997 5606 3223 5662 dicitur.
3275 5605 3356 5660 Ita
3382 5602 3450 5660 Μ.
3478 5601 3517 5659 C

1894 5705 2100 5762 recenti
2131 5720 2297 5759 manu
2345 5700 2559 5774 syllaba
2615 5715 2706 5771 ap.
2759 5697 2979 5771 adjecta
3005 5694 3289 5753 est.Unde
3319 5691 3376 5749 C.
3406 5691 3513 5749 etJ

1894 5800 2082 5870 legunt
2110 5810 2396 5867 apparere,
2425 5809 2550 5849 cum
2584 5806 2779 5863 parere
2829 5804 2930 5861 pro
2978 5801 3246 5858 apparere
3272 5781 3519 5841 usitatis-
