3912 6408
379 402 485 459 339

1224 401 1615 458 COLVENERII
1655 402 1930 459 SCHOLIA
1969 404 2037 460 IN
2078 405 2246 464 HIST.
2293 406 2581 467 REMENS.
2622 410 2883 469 ECCLES.

3615 425 3719 481 340

379 534 583 590 simum
605 532 702 601 sit,
733 537 795 588 ut
810 533 1007 590 Matth.
1027 547 1184 588 xxiv:
1222 534 1370 587 Tunc
1394 532 1615 602 parebit
1637 534 1853 599 signum
1870 532 2000 587 Filii
2020 534 2076 603 Α
2101 534 2388 601 cujusdam
2446 537 2733 609 scriptoris
2775 541 3102 596 monasterii
3162 544 3216 598 S.
3261 545 3520 621 Remigii,
3555 564 3717 620 quem

380 628 733 784 M333)th
759 714 996 784 ejusdem
1050 715 1155 769 loci
1216 716 1429 768 nomine
1458 716 1607 769 Betto
1645 714 1752 779 MS,
1785 716 1944 771 Becco
1977 734 1992 783 ;

2098 622 2300 677 vixisse
2326 624 2522 680 scribit
2569 626 2714 681 circa
2767 643 2975 683 annum
3008 630 3223 687 Domini
3271 634 3431 698 1400,
3470 638 3618 708 quod
3642 638 3723 695 sic

2094 709 2261 766 habet
2293 730 2306 765 :
2333 732 2355 762 α
2380 713 2577 769 Cilinia
2608 715 2663 769 in
2709 714 2845 771 ﬂore
2871 717 3176 785 juventutis
3209 724 3425 794 peperit
3456 726 3527 781 de
3551 727 3720 783 unico

381 808 439 875 C,
494 807 751 864 Beto.Per
803 807 1185 877 presbyterum
1243 812 1429 859 autem
1482 804 1643 873 hujus
1699 814 1795 860 aut
1847 805 1995 862 ﬁlius
2095 800 2215 855 viro
2240 816 2342 856 suo
2367 802 2584 857 xEmilio
2610 804 2751 859 duos
2774 803 2941 873 ﬁlios,
2974 808 3235 865 videlicet
3262 811 3629 885 Principium,
3666 822 3725 871 et

379 896 488 953 loci
534 896 737 968 passim
784 895 841 949 in
869 895 971 950 hac
1010 893 1239 949 historia
1287 902 1343 949 et
1386 894 1738 965 antiquorum
1770 894 1997 966 scriptis

381 989 708 1063 inteliigitur
735 987 781 1042 is
801 986 896 1058 qui
929 1001 1078 1042 nunc
1092 993 1302 1057 pastor,
1342 986 1636 1057 parochus,
1665 994 1760 1041 aut
1791 986 1999 1043 Gallica

378 1098 515 1139 voce
536 1088 758 1138 curatus
776 1080 1000 1136 dicitur.
1032 1080 1123 1135 Sic
1149 1080 1205 1135 in
1220 1080 1339 1136 Vita
1368 1081 1545 1136 sancti
1575 1081 1810 1137 Bavonis
1841 1081 1999 1137 Dom-

380 1172 529 1228 linus
558 1170 924 1243 presbyterex
948 1169 1211 1226 Thurolto
1233 1170 1457 1227 venisse
1485 1170 1816 1243 dicitur,qui
1839 1171 1998 1240 ejus-

380 1261 506 1319 dem
537 1260 644 1318 loci
670 1266 855 1332 pastor
883 1266 1025 1315 erat.

1024 1346 1234 1403 CAPUT
1268 1348 1354 1403 1X.

455 1444 589 1497 Tum
627 1440 1124 1509 Bennadius,cujus
1174 1445 1357 1496 tamen
1378 1442 1687 1509 Bennagius
1725 1455 1917 1497 nomen
1943 1445 2003 1498 in

380 1535 697 1588 testamento
726 1545 841 1586 suo.
875 1531 935 1584 ln
966 1530 1169 1585 tabulis
1192 1529 1569 1595 Democharis,
1597 1538 1653 1585 et
1684 1530 1738 1584 in
1766 1532 1999 1587 Annali-

380 1628 487 1684 bus
516 1626 736 1683 Baronii
793 1626 936 1681 male
975 1624 1179 1699 legitur
1210 1626 1544 1692 Gennadius,
1579 1625 1677 1681 ubi
1707 1634 1764 1682 et
1788 1609 2003 1684 obiisse

380 1716 643 1773 scribitur
669 1730 815 1771 anno
836 1715 963 1781 471,
1003 1730 1129 1769 cum
1157 1714 1342 1784 potius
1368 1728 1479 1769 uno
1508 1728 1654 1770 anno
1686 1723 1814 1770 ante
1846 1715 2004 1772 obie-

382 1806 473 1862 rit.
505 1806 638 1861 Nam
668 1810 730 1859 ut
757 1811 974 1860 constat
997 1819 1061 1858 ex
1093 1802 1374 1858 adnotatis
1404 1803 1473 1858 ad
1505 1818 1629 1875 cap.
1668 1804 1723 1871 6,
1775 1813 1830 1860 et
1858 1806 2006 1862 intra

2098 891 2265 946 alium
2294 893 2453 961 cujus
2469 909 2672 950 nomen
2704 897 2866 953 nobis
2898 907 2985 955 est
3027 898 3395 977 incognitum‘,
3421 906 3515 977 qui
3547 907 3726 963 duxe-

2100 992 2182 1038 rat
2205 1000 2453 1052 uxorem,
2485 1002 2551 1041 ex
2607 1004 2716 1059 qua
2764 988 2935 1045 ﬁlium
2996 995 3327 1063 procreavit,
3363 997 3590 1053 nomine
3616 999 3726 1053 Lu-

2101 1092 2254 1146 pum,
2291 1078 2386 1148 qui
2416 1078 2646 1150 quidem
2699 1088 2823 1151 post
2884 1083 2939 1138 S.
2994 1084 3334 1157 Principium
3388 1089 3722 1145 avunculum

2100 1181 2260 1219 suum
2302 1167 2438 1233 (vult
2460 1168 2647 1223 dicere
2677 1171 2955 1242 patruum)
2989 1172 3313 1245 episcopum
3347 1176 3727 1233 Suessionen-

2100 1269 2219 1308 sem
2253 1255 2504 1327 suscipit.
2540 1280 2566 1303 »ι

2172 1349 2235 1402 Iu
2259 1350 2417 1418 cujus
2452 1350 2759 1405 luctatione.
2802 1351 2893 1407 Sic
2914 1354 3101 1408 omnia
3130 1358 3484 1428 exemplaria,
3525 1360 3625 1415 sed
3662 1376 3731 1415 ex

2103 1434 2397 1491 Hincmaro
2426 1437 2645 1492 videtur
2682 1439 2976 1513 legendum
3004 1444 3384 1502 ablactatione.

2173 1532 2300 1584 Jam
2328 1535 2505 1586 tamen
2533 1547 2742 1588 senum.
2772 1535 2851 1589 Ita
2876 1534 2952 1591 CJ
2982 1538 3039 1591 In
3063 1537 3107 1591 M
3133 1538 3338 1614 legitur
3362 1541 3491 1596 dum
3524 1547 3731 1611 tamen,

2103 1622 2250 1692 quod
2283 1622 2333 1675 8.
2371 1622 2428 1677 111
2459 1639 2623 1678 unam
2647 1625 2948 1682 dictionem
2999 1630 3366 1703 conjungens,
3386 1634 3634 1704 exponit,
3669 1642 3734 1690 ut

2104 1712 2175 1768 sit
2195 1714 2345 1786 quod
2376 1722 2765 1772 verumtamen.

2176 1809 2245 1861 Et
2276 1824 2549 1877 (equorum
2576 1813 2814 1865 maxime
2831 1814 2973 1867 votis
3002 1814 3181 1869 adhuc
3202 1817 3438 1885 insignis
3478 1819 3733 1874 habetur.

381 1896 452 1951 ad
481 1910 605 1966 cap.
634 1891 1027 1966 13,Remigius
1042 1891 1421 1963 episcopatum
1438 1893 1686 1965 suscepit
1707 1910 1854 1952 anno
1880 1896 1987 1953 470
2038 1904 2089 1973 Β
2114 1897 2435 1970 Aliquorum,
2487 1901 2541 1955 id
2594 1908 2679 1956 est
2708 1903 2980 1959 honorum
3021 1911 3075 1960 et
3124 1906 3339 1978 piorum
3370 1909 3635 1980 virorum,
3672 1918 3739 1967 ut

1024 1982 1232 2039 CAPUT
1305 1984 1367 2039 Χ.

454 2074 583 2140 Quae
614 2073 683 2129 de
705 2073 988 2130 nativitatc
1038 2082 1093 2128 et
1125 2073 1238 2128 vita
1288 2073 1346 2128 S.
1382 2073 1619 2148 Remigii
1670 2075 1776 2131 hoc
1805 2092 1928 2147 cap.
1959 2086 2015 2134 et

381 2166 751 2238 sequentibus
804 2165 1046 2232 disserit,
1110 2181 1176 2221 ea
1207 2164 1319 2220 fere
1351 2164 1598 2221 delibata
1626 2174 1754 2222 sunt
1799 2184 1865 2223 ex
1895 2169 2015 2224 Vita

385 2258 560 2329 ipsius
587 2257 1053 2328 perFortunatum
1093 2262 1147 2311 et
1197 2256 1548 2319 Hincmarum
1585 2257 1880 2329 descripta.
1916 2259 2014 2314 llla

385 2354 563 2404 exstat
588 2348 733 2420 apud
767 2349 987 2405 Surium
1020 2348 1111 2403 die
1145 2351 1167 2405 1
1196 2348 1467 2416 Octobris,
1494 2348 1611 2404 haec
1640 2350 1709 2405 13
1736 2350 2008 2419 Januarii,

387 2454 525 2510 quas
552 2446 811 2493 accurate
850 2454 973 2494 cum
1013 2438 1100 2493 his
1148 2454 1273 2509 quae
1300 2438 1641 2494 Flodoardus
1666 2439 1831 2494 habet
1862 2456 2007 2496 con-

386 2526 508 2582 tuli.
536 2526 597 2581 Et
627 2526 683 2581 in
715 2526 1005 2583 ilincmaro
1063 2526 1289 2598 quidem
1332 2527 1521 2582 omnia
1546 2527 1796 2595 uberius,
1830 2529 2008 2584 inter-

385 2618 520 2672 dum
578 2617 746 2673 etiam
779 2618 1001 2685 clarius,
1046 2626 1430 2673 recensentur.
1488 2618 1765 2673 Nonnulla
1822 2626 2010 2675 tamen

384 2706 602 2762 addidit
625 2706 962 2763 Flodoardus
990 2704 1217 2760 aliunde
1239 2711 1487 2775 accepta.
1520 2704 1688 2759 Natus
1709 2713 1793 2760 est
1821 2716 2010 2763 autem

386 2798 442 2853 S.
467 2796 747 2869 Remigius
800 2803 939 2852 teste
982 2795 1296 2870 Sigeberto,
1353 2793 1661 2851 Christiano
1706 2796 1928 2853 Massaeo
1958 2808 2015 2854 et

387 2889 533 2955 aliis,
564 2903 711 2943 anno
741 2888 866 2943 449.
901 2886 1036 2942 Vide
1067 2886 1211 2942 infra
1239 2894 1397 2944 notas
1422 2885 1493 2941 ad
1522 2903 1645 2958 cap.
1680 2888 1770 2945 13.

457 2982 817 3050 Principium,
874 2981 1193 3037 Suessorum
1250 2980 1493 3034 civitatis
1547 2986 1739 3049 postea
1764 2987 2013 3038 sanctum

387 3071 713 3141 episcopum,
739 3074 789 3124 et
812 3073 1026 3138 patrem
1077 3069 1218 3124 beati
1246 3069 1408 3138 Lupi,
1457 3068 1698 3137 ejusdem
1744 3074 2015 3142 Principii

388 3163 725 3218 successoris.
771 3160 866 3217 llic
920 3159 975 3215 8.
1033 3160 1340 3232 Principius
1389 3160 1445 3215 in
1474 3163 1724 3236 catalogo
1757 3163 2012 3221 Suessio-

2115 1995 2427 2058 opponatur
2465 1989 2691 2061 iniquis.

2185 2080 2249 2132 In
2277 2079 2432 2147 cujus
2469 2084 2518 2133 et
2556 2083 2680 2149 ipsa
2707 2081 2864 2135 beata
2913 2086 3153 2149 genitrim
3179 2086 3419 2155 ejusdem
3447 2091 3743 2159 requiescit

2114 2168 2369 2223 Ecclesia.
2419 2170 2686 2242 Loquitur
2738 2172 2807 2226 de
2840 2172 3002 2228 beata
3050 2176 3341 2245 Balsamia,
3388 2180 3496 2245 vel,
3557 2187 3619 2235 ut
3679 2180 3743 2249 C,

2113 2261 2403 2329 Balsemia,
2431 2263 2648 2318 nutrice
2677 2263 2731 2317 S.
2786 2264 3045 2337 Remigii,
3073 2284 3197 2339 quae
3237 2271 3538 2341 requiescit
3565 2271 3623 2326 in
3644 2289 3750 2328 ec-

2108 2352 2285 2408 clesia
2309 2354 2361 2407 8.
2397 2353 2596 2409 Celsini
2617 2354 2715 2409 ﬁlii
2745 2357 2855 2424 sui,
2908 2375 3030 2430 qua:
3053 2360 3221 2415 hodie
3246 2370 3473 2418 vocatur
3502 2364 3750 2419 ecclesia

2110 2453 2313 2499 sancte
2336 2447 2597 2501 Nutricis.
2649 2447 2855 2503 Celsini
2896 2458 3074 2506 autem
3118 2447 3372 2508 meminit
3403 2454 3655 2510 Molanus
3687 2456 3747 2511 in

2111 2535 2394 2592 additione
2426 2537 2494 2591 ad
2530 2538 2834 2595 Usuardum
2863 2542 2952 2595 die
2998 2543 3065 2593 ‘33
3110 2542 3362 2598 Octobris
3393 2545 3478 2599 his
3500 2546 3695 2601 verbis
3731 2567 3749 2601 :

2115 2643 2139 2674 a
2176 2624 2362 2679 Remis
2390 2627 2565 2681 sancti
2593 2627 2798 2682 Celsini
2836 2630 3172 2687 confessoris
3199 2640 3253 2688 et
3282 2634 3617 2707 presbyteri,
3652 2636 3747 2691 di-

2112 2711 2311 2783 scipuli
2345 2713 2402 2766 B.
2435 2714 2695 2790 Remigii.
2727 2738 2749 2767 ο

2757 2803 2969 2859 CAPUT
3000 2805 3090 2860 Χί.

2188 2889 2342 2955 Quod
2370 2890 2732 2946 ecclesiastica
2793 2894 2985 2960 regula
3021 2895 3160 2949 hanc
3184 2900 3400 2950 aetatem
3422 2897 3498 2951 ad
3526 2902 3748 2956 tantam

2114 2996 2223 3035 non
2244 2983 2550 3037 admitteret
2572 2984 2914 3051 dignitatem.
2946 2986 3106 3042 Juxta
3163 2989 3423 3059 antiquos
3469 3006 3748 3060 canones,

2113 3079 2173 3128 ut
2198 3081 2351 3144 patet
2379 3089 2445 3128 ex
2475 3074 2716 3129 decretis
2762 3076 2987 3131 Fabiani
3019 3094 3200 3148 papae,
3241 3087 3298 3134 et
3325 3080 3568 3137 concilio
3593 3083 3751 3139 Neo-

2111 3165 2446 3229 caesariensi,
2478 3181 2601 3221 can.
2650 3168 2733 3230 11,
2796 3168 3123 3238 prohibetur
3175 3185 3246 3224 ne
3282 3171 3406 3242 quis
3439 3173 3750 3245 presbyter

390 3257 647 3313 nensium
680 3255 1071 3328 episcoporum
1102 3256 1249 3327 apud
1274 3256 1667 3313 Democharem
1690 3267 1773 3314 est
1794 3260 2009 3317 duode-
2033 3228 2084 3297 Ο
2110 3258 2400 3313 ordinetur
2453 3266 2579 3313 ante
2627 3274 2833 3314 annum
2881 3262 3057 3316 aetatis
3104 3262 3470 3336 trigesimum,
3514 3266 3743 3321 etiamsi

390 3347 569 3403 cimus
597 3336 977 3413 beatusfvero
1004 3345 1188 3416 Lupus
1219 3346 1416 3401 tertius
1441 3347 1710 3404 decimus.
1745 3349 1821 3404 De
1849 3349 2012 3406 Prin-
2110 3351 2271 3405 valde
2296 3351 2499 3426 dignus
2520 3352 2610 3419 sit,
2640 3352 2733 3423 qui
2764 3368 3005 3409 canones
3033 3355 3309 3411 habentur
3338 3372 3561 3429 quoque
3584 3361 3743 3430 apud

389 3438 538 3510 cipio
568 3438 875 3494 Romanum
896 3437 1172 3509 Martyrol.
1204 3438 1275 3493 25
1323 3439 1687 3510 Septembris,
1722 3453 1777 3497 et
1811 3444 2009 3499 eodem
2113 3440 2281 3501 Grat..
2314 3442 2442 3498 dist.
2469 3443 2555 3497 78.
2582 3442 2760 3508 Quare
2786 3444 2961 3499 multo
2982 3446 3166 3501 minus
3188 3454 3406 3518 poterat
3437 3448 3748 3522 episcopus

392 3531 482 3585 die
509 3529 720 3585 additio
746 3528 947 3585 Molani
974 3530 1043 3584 ad
1081 3530 1408 3586 Usuardum.
1440 3532 1514 3587 De
1536 3533 1825 3606 utriusque
1856 3551 2008 3600 vero,
2116 3530 2380 3585 ordinari.

392 3622 447 3676 id
474 3630 558 3677 est
578 3620 842 3693 Principii
896 3628 951 3677 et
1004 3621 1165 3694 Lupi,
1187 3623 1496 3680 elevatione
1556 3625 1815 3681 Kalendis
1841 3628 2012 3683 Junii.
2187 3624 2390 3677 Paulus
2415 3624 2694 3679 videretur
2720 3627 2780 3679 in
2808 3627 3034 3695 spiritu.
3067 3626 3158 3682 Sic
3186 3628 3374 3683 omnia
3399 3629 3747 3701 exemplaria

393 3712 663 3769 Caeterum
695 3713 797 3769 etsi
829 3714 943 3769 haec
970 3713 1136 3769 verba
1166 3715 1340 3786 accipi
1367 3723 1592 3786 possent
1615 3724 1675 3773 ut
1699 3718 2018 3792 signiﬁcent
2119 3720 2319 3781 ρηεῐθιτ
2342 3711 2567 3783 Ονίιυοά
2594 3714 2729 3787 legit
2756 3717 3018 3784 inspectu.
3043 3715 3149 3770 Sed
3179 3716 3477 3789 legendum
3523 3721 3584 3773 in
3614 3723 3745 3790 spi-

392 3806 613 3861 beatam
643 3803 896 3871 Cliniam,
928 3810 1157 3861 matrem
1207 3806 1262 3861 S.
1300 3807 1556 3882 Remigii,
1600 3824 1710 3864 non
1742 3810 1884 3865 duos
1916 3811 2020 3866 ha-
2116 3806 2232 3858 ritu
2262 3811 2429 3875 patet,
2465 3812 2579 3860 tum
2606 3822 2671 3860 ex
2704 3806 3019 3874 Hincmaro,
3053 3814 3168 3863 tum
3197 3826 3262 3864 ex
3306 3809 3469 3865 initio
3517 3810 3657 3867 Vita:
3688 3812 3746 3867 S.

393 3897 585 3954 buisse
614 3894 760 3953 ﬁlios
818 3896 874 3952 in
925 3897 1235 3969 iuventute,
1292 3899 1392 3954 sed
1446 3899 1629 3971 ipsum
1678 3901 2016 3974 Principium
2122 3894 2402 3967 Rigoberti
2438 3897 2585 3967 apud
2638 3897 2858 3952 Surium
2891 3898 3222 3968 iJanuarii,
3253 3900 3350 3955 ubi
3392 3901 3586 3956 eadem
3613 3918 3748 3957 sen-

393 3985 566 4041 fuisse
597 3991 809 4057 patrem
843 3986 901 4042 Β.
938 3984 1096 4056 Lupi,
1129 3992 1190 4041 ut
1220 4002 1480 4057 expresse
1512 3988 1565 4041 in
1595 3988 1801 4044 Gallica
1831 3998 2014 4044 trans-
2119 3985 2294 4041 tentia
2324 3986 2615 4057 reperitur.

393 4073 599 4130 latione
621 4074 826 4130 dicitur
859 4092 873 4128 :
906 4073 961 4129 in
991 4074 1111 4130 Vita
1139 4083 1323 4129 tamen
1368 4076 1423 4129 S.
1462 4076 1816 4149 Rcmigiiper
1845 4078 2013 4133 111110-
2124 4124 2127 4127 .
2756 4058 2966 4114 CAPUT
2991 4060 3106 4126 ΧΠ,

395 4182 606 4220 marum
638 4165 845 4221 diserte
867 4163 1217 4238 signiﬁcatur
1259 4166 1400 4221 duos
1432 4166 1709 4223 habuisse.
1746 4170 1835 4224 Sic
1864 4170 2015 4225 enim

393 4256 469 4311 ibi
502 4256 706 4330 legitur
735 4275 751 4311 :
788 4276 813 4307 ‹‹
845 4256 1046 4321 Quzein
1075 4256 1210 4311 ﬂore
1234 4256 1545 4326 juventutis
1604 4267 1899 4329 pepererat
1947 4261 2015 4316 de

390 4349 557 4404 unico
586 4348 814 4404 virosuo
835 4347 1054 4402 [Emilio
1094 4347 1454 4419 Principium,
1488 4350 1850 4406 Suessionum
1882 4353 2017 4409 civi-

392 4440 519 4495 tatis
542 4447 735 4511 postea
790 4446 1042 4494 sanctum
1089 4440 1435 4511 episcopum,
1490 4451 1545 4497 et
1602 4442 1827 4498 fratrem
1872 4446 2017 4513 ejus,

393 4541 604 4604 patrem
628 4533 773 4589 beati
825 4532 959 4603 Lupi
1010 4533 1283 4604 episcopi,
1315 4533 1566 4601 ejusdem
1598 4535 1859 4608 Principii
1887 4554 2016 4593 suc-

2185 4168 2248 4221 In
2269 4169 2447 4221 vicum
2478 4168 2860 4223 Calmiciacum
2899 4172 3131 4235 nomine,
3162 4171 3339 4238 ipsius
3367 4171 3590 4224 accessit
3620 4174 3744 4224 stu-

2118 4258 2201 4312 dii
2227 4260 2519 4313 do’votione.
2553 4259 2631 4312 [ta
2664 4259 2748 4313 MS
2772 4259 2823 4325 J,
2855 4266 2909 4314 et
2935 4259 3078 4315 infra
3112 4276 3161 4314 c.
3193 4260 3285 4326 21,
3317 4269 3371 4314 et
3408 4260 3502 4313 lib.
3538 4277 3599 4327 11,
3624 4277 3674 4316 c.
3708 4263 3743 4315 7

2122 4358 2177 4405 et
2206 4352 2291 4415 'l'l,
2325 4352 2513 4406 omnia
2541 4352 2898 4422 exemplaria.
2933 4352 3199 4407 Similiter
3229 4353 3284 4406 in
3319 4352 3638 4418 Fortunato,
3675 4370 3743 4408 ex

2121 4457 2229 4511 quo
2254 4442 2354 4495 hoc
2376 4441 2697 4496 miraculum
2729 4450 2813 4496 est
2842 4442 3193 4512 desumptum
3228 4461 3243 4496 :
3271 4461 3298 4493 α
3323 4443 3381 4495 111
3414 4441 3620 4508 vicum,
3650 4443 3741 4497 cui

2118 4530 2449 4585 vocabulum
2484 4540 2566 4585 est
2589 4530 2985 4599 Calmaciacus,
3009 4531 3183 4602 ipsius
3212 4532 3524 4588 devotionis
3553 4530 3741 4588 studio

393 4598 645 4685 cessoris,
699 4642 725 4673 »
759 4598 919 4677 1110111-
968 4598 1156 4678 dicere
1208 4622 1451 4678 voluisse
1483 4598 1872 4691 Flodoardum,
1919 4626 2014 4698 qui
2043 4598 2095 4665 υ
2120 4622 2368 4676 accessit.
2409 4647 2431 4667 η
2463 4624 2573 4679 1100
2604 4624 2724 4678 1000
2747 4624 2801 4678 C.
2839 4624 2970 4696 legit
3001 4626 3405 4680 Calmiciacum.
3453 4624 3603 4679 Infra
3653 4625 3743 4677 in-

393 4711 742 4766 lincmarum
793 4710 1101 4781 abbreviat,
1154 4726 1264 4766 non
1307 4719 1389 4766 est
1410 4711 1665 4768 dubium.
1693 4713 1871 4777 Quare
1902 4731 2015 4771 non

390 4810 537 4858 recte
562 4802 831 4859 Baronius
866 4802 921 4857 in
951 4801 1278 4869 Annalibus,
1340 4819 1485 4859 anno
1515 4806 1622 4859 463
1652 4812 1707 4859 et
1731 4805 1859 4872 507,
1884 4807 2017 4863 dicit

391 4892 445 4946 S.
473 4890 685 4962 Lupum
716 4889 1199 4955 Suessionensem,
1246 4890 1415 4946 fuisse
1449 4891 1622 4947 ﬁlium
1654 4895 1709 4947 S.
1744 4894 2013 4965 Principii

394 4982 644 5054 episcopi
667 4982 1106 5038 Suessionensis.
1155 4982 1261 5037 Sed
1296 4982 1431 5037 illud
1475 4998 1666 5037 verum
1701 4993 1804 5050 est,
1841 4984 2015 5041 fuisse

392 5084 768 5126 successorem
785 5069 1051 5142 Principii
1079 5078 1133 5125 et
1163 5077 1421 5141 nepotem
1454 5071 1507 5125 S.
1545 5072 1798 5144 Remigii,
1836 5081 2014 5145 utpa-

393 5169 473 5219 tet
501 5177 567 5218 ex
597 5164 732 5220 actis
758 5172 814 5219 et
835 5180 900 5220 ex
930 5172 1257 5221 testamento
1306 5165 1578 5233 ejusdem.
1608 5167 1750 5222 Sane
1771 5167 2015 5225 Joannes

393 5256 595 5311 Savaro
623 5255 683 5309 in
710 5256 853 5311 notis
877 5258 945 5311 ad
975 5258 1262 5328 epistolam
1286 5257 1500 5314 Sidonii
1535 5260 1622 5327 14,
1657 5260 1750 5315 lib.
1784 5272 1961 5330 vm,et
1982 5264 2016 5318 8

392 5344 520 5399 libri
550 5360 623 5412 iv,
647 5345 782 5401 dicit
803 5346 1139 5417 Principium
1169 5347 1338 5404 fuisse
1371 5357 1625 5420 patruum
1670 5351 1805 5423 Lupi
1837 5354 2013 5409 Sues-

394 5432 548 5488 sonis
575 5433 824 5504 episcopi
851 5435 1050 5506 suique
1097 5439 1455 5505 successoris,
1497 5454 1610 5495 non
1670 5451 1903 5511 patrem.
1938 5443 2025 5498 De

394 5521 498 5576 hac
525 5519 852 5576 difﬁcultate
881 5523 1166 5579 consultus
1219 5541 1250 5579 a
1280 5541 1370 5582 me
1401 5527 1661 5583 dominus
1683 5528 2014 5587 Guillelmus

391 5608 443 5663 le
477 5608 681 5682 Begue,
704 5608 760 5662 S.
806 5608 998 5662 Theol.
1031 5610 1224 5668 doctor
1254 5621 1309 5668 et
1337 5616 1758 5691 archimagister
1787 5618 2009 5690 collegii

390 5699 701 5766 Remensis,
763 5697 1055 5767 respondit
1081 5702 1422 5760 conlirmiter
1475 5706 1563 5761 his
1623 5724 1744 5779 quae
1801 5709 2009 5764 habent

389 5787 718 5845 ﬂincmarus
744 5795 801 5842 et
824 5786 1047 5842 Savaro:
1080 5790 1291 5846 addens
1328 5793 1705 5851 testimonium
1739 5798 2002 5868 anonymi

2119 4712 2333 4765 terdnm
2353 4713 2789 4779 Falmisciacum,
2822 4713 3083 4784 utcapite
3113 4715 3332 4769 decimo
3363 4721 3558 4770 octavo
3586 4715 3645 4769 in
3663 4724 3742 4770 te-

2115 4808 2388 4858 stamento
2418 4804 2591 4857 sancti
2625 4805 2879 4879 Remigii,
2938 4804 3236 4876 aliquando
3292 4806 3735 4874 Colmisciacum,

2117 4891 2562 4961 Culmisciacum,
2604 4901 2659 4949 et
2712 4894 3147 4955 Culmissiacum.
3193 4901 3253 4948 ut
3281 4909 3405 4965 cap.
3431 4892 3503 4949 20
3524 4894 3581 4948 in
3603 4893 3735 4951 ﬁne.

2117 4981 2244 5048 Ejus
2273 4981 2377 5036 loci
2403 4990 2588 5052 pastor
2617 4981 2720 5037 fuit
2747 4982 2865 5053 ipse
2913 4981 3271 5048 Flodoardus,
3299 4989 3359 5036 ut
3397 4991 3553 5052 patet
3576 4998 3643 5038 ex
3665 4983 3737 5037 li-

2117 5072 2217 5127 bro
2248 5081 2465 5143 quarto,
2492 5072 2720 5143 cap.28.
2756 5074 2813 5127 In
2868 5072 3074 5129 Gallico
3103 5072 3334 5128 vertitur
3376 5075 3653 5143 Cormicy,
3684 5083 3739 5129 et

2117 5166 2173 5219 in
2199 5166 2446 5238 margine
2471 5166 2803 5236 ponit,alias
2821 5168 3152 5235 Chaumusy,
3174 5165 3455 5238 quomodo
3470 5166 3739 5221 vertitca-

2118 5258 2231 5328 pite
2253 5258 2516 5313 vicesimo
2548 5257 2715 5327 hujus
2736 5258 2959 5325 libri,et
2985 5257 3126 5313 libro
3156 5257 3427 5325 secundo,
3456 5257 3737 5328 capitese-

2116 5346 2291 5417 ptimo
2324 5349 2641 5403 Chaumuci.
2686 5347 2875 5419 Capite
2917 5355 3101 5403 autem
3143 5348 3211 5402 12
3241 5348 3436 5403 iterum
3465 5349 3732 5417 Cormicy,

2115 5442 2170 5490 et
2191 5436 2265 5490 ita
2278 5443 2703 5507 consequenter.

2183 5531 2289 5583 Pro
2314 5530 2580 5584 salvando
2610 5530 2813 5586 scilicet
2855 5530 3054 5584 eodem.
3078 5527 3321 5584 Subaud.
3346 5542 3473 5583 vase
3491 5528 3602 5585 hoc
3632 5538 3731 5593 est,

2114 5636 2185 5675 ne
2226 5637 2320 5675 vas
2347 5629 2819 5692 corrumperetur,
2840 5621 2886 5676 si
2912 5621 3075 5692 plane
3094 5630 3239 5675 esset
3260 5636 3518 5691 vacuum,

2179 5713 2286 5765 Per
2311 5715 2531 5779 portam
2559 5713 2860 5766 Patentem.
2897 5712 3223 5766 Hincmarus
3245 5709 3519 5765 rationem
3551 5711 3734 5766 nomi-

2109 5798 2381 5866 nisatl'ert,
2421 5800 2634 5869 adjecta
2663 5800 2765 5856 hac
2813 5801 3132 5873 parenthesi
3170 5817 3184 5856 :
3223 5798 3377 5856 «Sed
3427 5798 3578 5856 enim
3603 5810 3732 5856 tunc
