3912 6414
175 431 278 486 341
1338 472 1347 488 ,
1511 432 1578 486 IN
1620 431 1870 488 LIBRUM
1906 432 2190 487 PRIMUM.
3418 430 3522 487 342

171 566 447 637 temporis
472 566 940 637 vocabatur,'quia
971 568 1146 637 portis
1186 567 1309 623 aliis
1333 568 1536 624 clausis
1566 568 1637 624 ob
1669 568 1807 624 civi-
1829 573 1884 641 Α
1905 568 2263 624 Sanctissimo
2320 574 2413 623 tuo
2456 564 2853 641 congratulans
2908 564 3205 636 profectui,
3261 567 3524 624 sacerdos

175 656 307 710 tatis
369 654 704 720 custodiam,
756 670 854 725 pro
916 656 1241 711 exeuntium
1296 664 1354 711 et
1406 656 1804 713 introeuntium
1907 661 2074 735 Regis
2111 661 2335 727 summi,
2365 660 2496 731 quia
2526 658 2728 713 summi
2790 658 2988 729 capitis
3033 658 3280 713 membra
3309 675 3522 728 sumus,

175 746 599 814 commoditate,
630 745 688 800 in
721 746 811 800 die
837 748 1077 817 patebat,
1110 768 1141 797 ιι
1201 748 1375 804 Locus
1406 757 1588 804 autem
1619 749 1804 803 Remis
1903 750 2052 821 quod
2081 750 2219 804 mihi
2267 750 2446 804 sentio
2479 749 2677 802 deesse
2710 747 2764 801 in
2799 762 2910 813 me,
2959 753 3159 812 totum,
3228 746 3349 803 laus
3388 750 3523 817 Deo,

176 849 283 899 est.
306 838 403 893 ubi
461 854 609 893 nunc
662 846 748 893 est
792 840 1027 895 ecclesia
1055 841 1289 911 Templi,
1321 858 1467 913 quae,
1500 849 1559 897 ut
1592 858 1735 909 reor,
1768 858 1802 897 a
1901 839 2186 910 possidere
2217 854 2306 892 me
2336 837 2504 891 credo
2531 836 2586 890 in
2618 842 2692 890 te.
2721 835 2878 901 Ecce,
2909 834 3058 905 quod
3114 845 3249 890 mea'
3297 844 3524 907 peccata

174 930 502 1004 Tcmplariis
528 946 733 987 nomen
750 931 936 988 habet.

245 1102 553 1169 Eorumque
579 1099 776 1153 litteris
804 1098 880 1153 ad
930 1099 1142 1154 beatum
1197 1102 1500 1168 Remigium
1543 1103 1710 1168 datis,
1737 1108 1799 1159 ut

176 1186 439 1252 traditur,
479 1188 633 1253 freti.
682 1186 899 1240 Littera:
951 1186 1128 1241 sancti
1172 1187 1453 1243 Benedicti
1479 1188 1546 1243 ad
1576 1189 1799 1245 beatum

177 1275 491 1349 Remigium
515 1275 699 1330 adhuc
737 1274 906 1329 hodie
926 1276 1223 1330 exstantin
1262 1275 1372 1331 fine
1424 1278 1677 1333 Chronici
1701 1278 1803 1334 Ca-

174 1364 437 1431 sinensis,
478 1371 534 1419 et
588 1364 648 1417 in
701 1363 978 1419 Breviario
1026 1364 1509 1421 Benedictinorum
1546 1367 1804 1422 Kalendis

176 1453 448 1519 Octobris,
481 1459 535 1507 et
564 1453 696 1507 alibi
728 1452 1043 1524 aliquoties,
1094 1461 1229 1509 teste
1267 1455 1508 1510 Arnoldo
1540 1456 1699 1512 Wion
1729 1458 1803 1512 li-

176 1544 279 1598 bro
320 1561 336 1597 ι
379 1542 533 1617 Ligni
558 1543 703 1607 vitae,
735 1558 784 1607 c,
850 1544 899 1598 1.
963 1543 1146 1597 Exstat
1184 1544 1396 1598 eaedem
1430 1554 1560 1599 tom.
1598 1547 1661 1600 Vl
1694 1548 1807 1601 An-

178 1639 391 1693 nalium
415 1639 635 1693 Baronii
668 1653 814 1692 anno
863 1638 991 1706 507,
1024 1639 1118 1693 ubi
1148 1654 1242 1693 eas
1263 1648 1421 1695 vocat
1448 1641 1500 1695 in
1527 1642 1806 1711 suspicio-

178 1746 306 1785 nem
340 1730 683 1801 imposturaa,
715 1736 829 1784 tum
863 1745 929 1784 ex
984 1729 1368 1800 inscriptione,
1430 1748 1551 1803 qua)
1582 1733 1803 1789 videtur

175 1818 229 1873 ei
261 1818 613 1886 insolentior,
645 1825 758 1873 tum
792 1834 856 1872 ex
888 1832 953 1873 eo
977 1819 1124 1889 quod
1157 1819 1211 1872 in
1246 1826 1580 1876 testamento
1613 1821 1667 1875 8.
1701 1821 1800 1876 Re-

1899 928 2019 984 fieri
2060 927 2488 999 prohibuerunt,
2544 933 2651 980 tua;
2683 924 3027 980 auctoritatis
3043 924 3407 981 sacerdotalia
3427 926 3526 981 ha-
3622 931 3646 943 ‘

1898 1019 2033 1071 bent
2058 1016 2297 1071 merita:
2331 1022 2388 1069 et
2417 1014 2675 1069 desinant
2730 1014 2932 1069 amodo
2970 1012 3119 1068 circa
3164 1029 3254 1068 me
3271 1030 3525 1071 rumores

1900 1106 2210 1173 hominum,
2242 1120 2367 1161 cum
2395 1104 2541 1175 apud
2570 1110 2625 1158 te
2652 1111 2869 1159 constet
2893 1104 3143 1159 omnium
3188 1119 3310 1160 esse
3340 1103 3528 1175 perfe-

1901 1200 2144 1255 ctionem
2161 1198 2446 1253 virtutum.
2473 1196 2906 1267 Hanccaptivam
2937 1195 3072 1251 etab
3105 1196 3335 1268 antiquo
3365 1196 3525 1252 hoste

1903 1293 2187 1349 obsessam
2214 1299 2322 1346 tuae
2346 1291 2544 1364 delego
2573 1290 2912 1357 celsitudini,
2975 1297 3249 1361 quatenus
3280 1305 3380 1360 pro
3402 1289 3527 1357 ejus

1906 1384 2243 1441 liberatione
2295 1400 2507 1439 sacram
2561 1384 2794 1439 hostiam
2834 1381 3033 1438 offerre
3073 1383 3185 1437 Deo
3211 1382 3440 1451 debeas,
3470 1389 3529 1438 et

1907 1494 2086 1533 meam
2108 1477 2435 1549 parvitatem
2467 1476 2701 1532 victoria
2745 1476 2866 1547 ipsa
2895 1491 3008 1531 non
3053 1475 3343 1529 minimum
3376 1475 3524 1531 laeti-

1905 1568 2060 1622 fices.
2113 1566 2265 1635 Vale,
2317 1566 2666 1622 sacerdotum
2705 1563 2901 1619 Christi
2961 1563 3350 1636 limpidissime
3409 1564 3526 1619 cal-

1906 1659 2048 1715 cule.
2089 1681 2109 1709 ι

1972 1753 2362 1809 Cumdevincta
2387 1751 2559 1807 sobole
2609 1753 2992 1821 pervenerunt.
3034 1748 3319 1815 Devincta,
3353 1747 3410 1803 id
3439 1755 3526 1803 est

1904 1844 2091 1914 ligata,
2119 1843 2356 1898 vinculis
2420 1842 2738 1897 constricta.
2795 1842 2929 1895 Nam
2970 1840 3027 1894 in
3071 1840 3360 1895 Hincmaro
3389 1845 3521 1895 est:

172 1912 332 1988 migii
356 1912 449 1966 ille
479 1912 641 1980 cujus
679 1910 847 1965 filiam
876 1911 1089 1966 curavit
1119 1928 1149 1966 a
1178 1912 1454 1979 daemone,
1494 1922 1548 1969 et
1567 1930 1598 1968 a
1628 1922 1804 1970 morte
1831 1896 1884 1964 Β
2372 1896 2612 1989 νίῇέιθηι
2635 1896 2995 1988 gdduccmes.
3033 1952 3054 1980 ,

171 2004 481 2069 suscitavit,
510 2004 843 2059 Benedictus
872 2013 1125 2071 vocetur,
1158 2011 1213 2059 et
1240 2020 1428 2060 errore
1460 2005 1662 2060 factum
1688 2007 1807 2061 exi-

174 2097 365 2151 stimat
395 2096 464 2150 ab
496 2096 806 2159 Hincmaro,
849 2112 913 2151 ex
947 2112 1060 2167 quo
1089 2097 1304 2167 accepit
1344 2098 1705 2161 Flodoardus,
1747 2105 1806 2153 ut

172 2207 277 2262 pro
305 2191 608 2246 Benedicto
640 2191 767 2257 isto,
802 2199 955 2261 patre
1012 2191 1232 2261 puellae,
1264 2191 1491 2246 homine
1521 2192 1805 2261 praedivite

170 2284 229 2337 in
252 2281 564 2347 Provincia,
589 2282 803 2352 positus
829 2283 899 2337 sit
948 2282 1001 2336 S.
1038 2282 1370 2337 Benedictus
1420 2283 1524 2337 hoc
1555 2292 1806 2353 tempore

164 2372 532 2427 monasticam
594 2373 760 2427 vitam
815 2372 869 2426 in
929 2372 1085 2426 Italia
1126 2372 1404 2427 excolens.
1450 2372 1649 2425 Verum
1683 2372 1799 2427 haec

163 2462 405 2534 epistola
434 2469 489 2516 et
518 2462 759 2516 narratio
793 2460 1068 2516 Ilincmari
1099 2462 1167 2515 de
1199 2460 1253 2515 8.
1285 2461 1581 2516 Benedicto
1613 2461 1798 2515 neuti-

163 2572 334 2627 quam
367 2564 642 2628 repugnat
679 2571 805 2610 cum
850 2563 1184 2611 testamento
1231 2555 1287 2609 S.
1351 2556 1607 2629 Remigii.
1639 2556 1794 2622 Nam,

163 2653 226 2699 ut
260 2645 429 2699 habet
461 2645 693 2700 historia
736 2646 870 2702 Vita;
927 2646 980 2700 S.
1034 2646 1294 2713 Remigii,
1326 2646 1429 2700 iste
1461 2645 1793 2700 Benedictus

164 2735 338 2791 filiam
365 2752 519 2791 suam
556 2737 738 2807 primo
790 2738 858 2792 ad
915 2738 1110 2793 limina
1149 2740 1524 2808 apostolorum
1550 2746 1604 2793 et
1632 2740 1701 2793 ad
1734 2739 1788 2792 8.

165 2825 533 2880 Benedictum
566 2826 818 2892 deduxit,
847 2827 1052 2881 deinde
1092 2826 1147 2881 8.
1182 2827 1515 2881 Benedictus
1540 2843 1664 2882 cum
1694 2828 1794 2882 hac

163 2917 405 2985 epistola
451 2918 602 2989 ipsos
653 2926 911 2989 parentes
980 2920 1035 2973 in
1076 2918 1277 2973 Gallias
1327 2920 1561 2974 remisit.
1623 2921 1794 2984 Quam

163 3009 458 3079 epistolam
491 3025 601 3064 non
633 3026 753 3065 esse
804 3011 953 3065 illius
980 3011 1288 3077 Benedicti,
1323 3011 1483 3079 cujus
1534 3012 1650 3066 vult
1675 3028 1796 3065 esse

165 3097 455 3164 Barouius,
486 3114 554 3153 ex
577 3115 643 3154 eo
671 3100 986 3166 deducitur,
1040 3101 1192 3172 quod
1249 3100 1371 3169 ipse
1426 3100 1483 3154 in
1534 3116 1794 3171 persona,

164 3208 280 3248 non
312 3192 642 3263 perlitteras
671 3194 740 3248 ad
798 3193 852 3248 8.
898 3193 1207 3268 Remigium
1232 3194 1463 3250 venerit.
1507 3196 1660 3250 Adde
1692 3209 1795 3249 nec

166 3284 416 3347 titulum,
448 3300 552 3339 nec
565 3285 735 3340 verba
754 3266 1130 3356 epistolzeullo
1157 3287 1323 3342 modo
1337 3288 1608 3359 quadrare
1630 3304 1796 3359 posse
1828 3266 1878 3333 Ο

160 3377 219 3431 in
292 3376 658 3432 Benedictum
709 3379 876 3447 hujus
926 3378 1126 3449 puellae
1161 3386 1396 3449 patrem.
1444 3380 1635 3451 Neque
1659 3396 1789 3436 vero

158 3468 489 3538 quempiam
525 3475 745 3522 moveat
768 3468 916 3539 quod
950 3469 1291 3525 Flodoardus
1319 3470 1417 3535 ait,
1438 3476 1499 3525 ut
1526 3473 1787 3538 traditur,

164 3555 458 3626 quomodo
486 3554 638 3626 loqui
656 3557 919 3623 solemus,
944 3557 1075 3612 dum
1111 3573 1198 3612 res
1228 3573 1340 3612 non
1353 3559 1615 3628 estplane
1638 3572 1789 3611 com-

160 3644 484 3716 perta,quia
514 3645 570 3698 id
598 3660 709 3700 non
733 3653 817 3700 est
867 3647 922 3700 in
956 3647 1267 3713 Hincmaro,
1301 3648 1399 3701 sed
1419 3663 1449 3701 a
1481 3646 1788 3703 Flodoardo

162 3733 471 3801 adjectum,
505 3741 622 3788 tum
653 3735 761 3789 hoc
799 3735 941 3802 loco,
986 3744 1099 3790 tum
1144 3736 1282 3791 alias
1308 3753 1477 3807 saepe,
1509 3738 1606 3791 ubi
1640 3738 1793 3791 nulla

157 3825 358 3880 subest
384 3825 680 3891 dubitatio,
704 3842 768 3881 ac
795 3827 1124 3882 nominatim
1155 3826 1298 3882 infra
1326 3844 1449 3899 cap.
1482 3829 1570 3882 I7.
1624 3827 1791 3883 llinc-

160 3932 355 3970 marus
384 3925 571 3970 autem
603 3915 767 3986 plane
817 3918 1082 3973 assertive
1141 3918 1198 3972 id
1266 3918 1454 3985 refert,
1502 3919 1571 3973 de
1600 3919 1795 3974 litteris

156 4015 272 4061 tam
306 4006 484 4077 ipsius
515 4007 617 4061 viri
648 4008 743 4063 Dei
802 4009 1087 4065 Benedicti
1120 4011 1222 4081 (sic
1276 4010 1423 4066 enim
1448 4026 1575 4065 eum
1606 4014 1784 4075 vocat)

154 4116 330 4170 quam
353 4099 556 4155 Alarici
605 4099 752 4173 regis
807 4100 1135 4155 Gothorum.
1189 4100 1554 4171 Utrarumque
1588 4102 1795 4171 pariter

157 4188 426 4243 meminit
452 4187 617 4261 longe
646 4195 776 4243 ante
808 4189 1157 4244 Hincmarum
1200 4190 1532 4245 Fortunatus
1560 4192 1791 4262 presby-

154 4287 247 4332 ter
276 4278 334 4331 in
368 4276 489 4331 Vita
543 4278 599 4332 8.
650 4278 906 4353 Remigii,
964 4287 1021 4333 et
1076 4279 1146 4334 ab
1208 4281 1541 4352 antiquitate
1567 4296 1679 4336 non
1710 4290 1793 4335 est

156 4367 365 4421 leviter
393 4366 791 4423 recedendum.
823 4368 929 4423 Sed
963 4384 1065 4423 nec
1096 4368 1415 4424 inusitatum
1446 4385 1670 4440 prorsus
1698 4370 1789 4422 vi-

162 4454 494 4510 deridebet.
528 4455 883 4513 Considerata
910 4458 1217 4529 praesertim
1268 4459 1574 4530 priscorum
1598 4475 1793 4514 mona-

161 4550 403 4603 chorum
430 4564 557 4604 vere
589 4549 827 4605 candida
843 4560 899 4606 et
928 4550 1233 4606 Christiana
1264 4553 1791 4624 simplicitate,quod

1977 2028 2238 2082 Sidonius
2278 2027 2478 2080 domno
2532 2042 2691 2095 papa:
2731 2026 2978 2091 Remigio
3035 2023 3284 2078 salutem.
3316 2022 3528 2079 Nomen

1906 2134 2064 2189 papa:
2095 2118 2261 2173 tribui
2293 2119 2475 2173 solere
2497 2118 2755 2173 omnibus
2785 2114 3064 2186 episcOpis
3090 2121 3243 2185 patet
3272 2115 3532 2170 innume-

1908 2209 1983 2262 ris
2010 2209 2286 2280 exemplis
2339 2209 2396 2263 in
2452 2207 2746 2279 Cypriano,
2787 2207 3145 2276 Hieronymo,
3194 2206 3524 2281 Augustino,

1907 2295 2158 2364 Sidonio,
2201 2296 2521 2357 Fortunato,
2554 2295 2781 2369 Eulogio
2827 2293 3192 2355 Cordubensi.
3218 2301 3274 2350 et
3296 2294 3527 2350 aliorum

1902 2386 2122 2441 Patrum
2164 2388 2409 2457 scriptis.
2478 2387 2691 2442 Floruit
2743 2394 2922 2441 autem
2954 2388 3043 2442 hic
3088 2386 3351 2461 Eulogius
3380 2403 3527 2443 anno

1897 2479 2023 2543 850,
2053 2479 2123 2533 ad
2154 2478 2302 2549 quod
2343 2494 2521 2549 usque
2549 2485 2769 2548 tempus
2827 2478 2932 2533 hoc
2987 2494 3190 2534 nomen
3222 2494 3522 2534 commune

1897 2566 2001 2621 fuit
2032 2567 2293 2621 omnibus
2323 2567 2619 2638 episcOpis,
2661 2567 2788 2622 licet
2847 2566 3111 2637 paulatim
3175 2567 3524 2640 frequentius

1893 2675 1955 2714 ac
1988 2660 2301 2729 pecularius
2332 2659 2499 2714 tribui
2539 2659 2941 2715 consuevisset.
2969 2660 3215 2715 Romano
3245 2659 3522 2731 pontifici,

1893 2760 1953 2805 ut
1983 2750 2142 2805 facile
2207 2750 2494 2805 observari
2552 2758 2735 2820 potest
2787 2766 2853 2805 ex
2900 2751 3121 2820 scriptis
3179 2750 3516 2806 Cassiodori.

1894 2841 2028 2897 Cum
2058 2842 2227 2915 igitur
2256 2842 2457 2897 futuris
2516 2841 2863 2912 temporibus
2902 2842 3237 2899 obtinuisset
3266 2858 3521 2897 commu-

1896 2934 1983 2989 nis
2022 2950 2174 2999 usus,
2207 2943 2267 2989 ut
2289 2950 2445 3005 papae
2477 2949 2680 2990 nomen
2712 2934 3095 2989 tantummodo
3129 2934 3377 2989 Romano
3414 2940 3461 2989 tr
3476 2933 3525 2988 i-

1896 3023 2164 3078 bueretur
2194 3022 2463 3093 pontifici,
2516 3032 2572 3078 et
2621 3023 2955 3078 schismatici
3013 3023 3238 3094 quidam
3268 3023 3521 3094 episcopi

1895 3112 2033 3168 illud
2065 3114 2174 3168 sibi
2207 3114 2259 3167 in
2302 3113 2491 3169 odium
2522 3113 2771 3181 ejusdem
2813 3112 3045 3168 Romani
3080 3113 3337 3183 praesulis
3376 3111 3520 3167 fastu

1897 3209 2141 3278 superbo
2180 3209 2532 3263 vindicarent
2586 3207 2804 3279 aliaque
2865 3222 2976 3262 non
3016 3222 3279 3262 concessa
3312 3221 3524 3278 pursu-

1897 3306 2131 3364 merent,
2167 3300 2389 3355 tandem
2416 3299 2520 3353 sub
2570 3298 2834 3371 Gregorio
2885 3299 3147 3370 septimo,
3205 3313 3354 3353 anno
3413 3298 3525 3356 Do-

1892 3389 2025 3444 mini
2057 3389 2216 3455 1073,
2252 3389 2439 3443 habita
2470 3390 2672 3454 ,Romaa
2727 3389 2963 3460 synodo,
3024 3389 3169 3443 inter
3193 3388 3301 3443 alia
3342 3394 3521 3443 statu-

1892 3493 2005 3541 tum
2040 3494 2122 3540 est
2144 3485 2411 3539 adversus
2453 3484 2746 3555 praedictos
2791 3485 3193 3550 schismaticos,
3252 3491 3314 3539 ut
3360 3498 3518 3555 papae

1893 3592 2093 3632 nomen
2124 3576 2349 3631 unicum
2391 3583 2538 3630 esset
2568 3576 2623 3629 in
2680 3576 2942 3632 universo
2998 3577 3135 3633 orbe
3176 3577 3513 3643 Christiano,

1893 3666 2404 3722 necliceretalicui
2473 3667 2718 3735 seipsum
2772 3666 2859 3721 vel
2933 3666 3102 3721 alium
3162 3683 3232 3722 eo
3295 3667 3522 3723 nomine

1892 3756 2194 3827 appellare.
2226 3756 2410 3809 Exstat
2435 3770 2500 3809 ea
2529 3755 2777 3823 synodus
2808 3757 2864 3807 in
2890 3754 3118 3828 registro
3156 3755 3516 3825 epistolarum

1894 3848 2139 3922 Gregorii
2168 3847 2279 3911 VII,
2315 3847 2371 3901 in
2400 3845 2742 3901 bibliotheca
2784 3845 3061 3900 Vaticana.
3130 3845 3252 3901 Haec
3279 3862 3345 3900 ex
3368 3846 3516 3901 notis

1898 3940 2116 3995 Baronii
2181 3940 2249 3993 ad
2307 3939 2615 3993 Romanum
2671 3936 2946 4007 Martyrol.
2983 3936 3052 3993 10
3101 3937 3369 3993 Januarii.
3404 3938 3523 3992 Uti-

1895 4049 2021 4086 nam
2053 4048 2183 4087 vero
2213 4032 2267 4085 in
2302 4032 2483 4086 lucem
2549 4030 2849 4101 aliquando
2914 4028 3289 4100 proferantur,
3348 4028 3395 4083 si
3450 4030 3520 4084 ab

1893 4124 2245 4178 evidentibus
2299 4122 2593 4192 absumpta
2649 4137 2759 4176 non
2839 4121 2952 4175 sint
3003 4136 3070 4174 ca
3127 4120 3186 4173 Β.
3281 4120 3519 4195 Remigii

1892 4217 2116 4287 scripta,
2153 4231 2386 4286 quorum
2419 4213 2674 4268 meminit
2728 4213 2990 4268 Sidonius
3023 4213 3078 4267 in
3106 4213 3209 4267 hac
3261 4212 3516 4284 epistola.

1892 4304 2024 4359 Nam
2058 4306 2117 4359 B.
2148 4304 2460 4378 Remigium
2499 4303 2672 4357 multa
2722 4302 3012 4373 scripsisse
3038 4308 3270 4356 testatur
3292 4317 3520 4372 quoque

1896 4397 2200 4452 Romanum
2259 4394 2596 4450 Breviarium
2662 4393 2923 4449 Kalendis
2986 4392 3257 4461 Octobris,
3326 4393 3522 4448 dicens

1894 4505 2020 4543 eum
2048 4489 2251 4543 multos
2308 4487 2727 4557 interpretatum
2774 4501 2900 4540 esse
2966 4483 3173 4540 divina:
3218 4484 3518 4556 Scriptum

1900 4579 2073 4633 libros
2126 4578 2449 4631 llincmarus
2491 4591 2617 4630 eum
2649 4583 2809 4630 vocat
2839 4574 3212 4646 undecunque
3270 4574 3522 4631 doctissi-

164 4638 404 4693 inferior
429 4647 592 4694 aetate
621 4642 965 4717 etdignitate
1009 4644 1263 4699 scribens
1295 4646 1364 4699 ad
1411 4645 1699 4713 majorem,
1734 4662 1793 4700 se
1819 4638 1877 4707 D
1902 4685 2049 4723 mum
2084 4668 2215 4722 ριίη
2270 4665 2575 4735 scripturis
2627 4665 2835 4720 sanctis
2886 4638 3348 4719 eruditisgimum.
3373 4663 3515 4719 Grc-

159 4730 397 4785 fratrem
424 4740 479 4785 et
511 4747 838 4786 conservum
899 4732 956 4785 in
1011 4730 1223 4787 Christo
1263 4732 1394 4787 Jesu
1435 4733 1704 4797 nominet,
1735 4744 1790 4788 et

156 4827 386 4875 aeternae
419 4818 828 4876 benedictionis
860 4838 1086 4889 nomen,
1114 4838 1224 4878 non
1257 4824 1382 4879 dico
1405 4824 1789 4879 auctoritative

158 4910 440 4981 superiori
473 4912 843 4982 impertiatur,
874 4912 971 4966 sed
1032 4913 1317 4968 humiliter
1346 4922 1572 4985 cxoptet
1605 4932 1617 4969 :
1646 4932 1787 4985 quo-

158 5000 327 5055 modo
355 5000 564 5071 passim
592 5001 768 5057 cuivis
790 5003 1119 5070 scribentes,
1140 5004 1397 5069 salutem,
1428 5007 1594 5062 vitam
1625 5016 1788 5063 teter-

162 5106 313 5154 nam,
354 5090 443 5144 vel
473 5090 624 5145 aliud
654 5091 860 5147 bonum
894 5102 1240 5164 exeptamus.
1276 5094 1342 5149 Ut
1371 5105 1554 5151 autem
1586 5097 1654 5151 de
1686 5099 1790 5154 hac

162 5192 223 5230 re
253 5176 500 5248 quisque
530 5194 692 5232 suum
745 5178 882 5235 ferat
920 5179 1218 5249 judicium,
1252 5182 1462 5238 litteras
1493 5184 1636 5253 illas,
1669 5202 1791 5258 quae

162 5268 367 5325 breves
394 5277 544 5336 sunt,
578 5285 645 5324 ex
702 5270 848 5327 dicto
907 5272 1181 5330 Chronico
1238 5275 1345 5331 hoc
1380 5276 1505 5333 loco
1533 5277 1790 5333 inseren-

163 5362 265 5415 das
290 5363 510 5429 censui,
572 5372 629 5417 et
673 5365 897 5435 quidem
942 5366 1227 5438 aliquanto
1266 5370 1593 5437 correctius,
1625 5388 1791 5442 quam

158 5452 381 5507 Gallicae
450 5468 567 5507 suae
612 5453 855 5509 versioni
914 5455 1149 5511 inseruit
1197 5456 1457 5512 Nicolaus
1507 5457 1794 5515 Chesneau

159 5561 226 5599 ex
294 5546 692 5617 manuscriptis
741 5548 944 5602 chartis
995 5550 1445 5606 venerandorum
1505 5552 1796 5628 religioso-

156 5653 274 5690 rum
336 5635 668 5690 monasterii
726 5636 779 5691 S.
844 5638 1078 5713 Remigii
1126 5640 1437 5696 Remensis.
1494 5643 1583 5697 Sic
1636 5645 1799 5719 igitur

152 5742 211 5779 se
236 5725 455 5780 habent
490 5742 505 5777 :
534 5745 561 5772 ιι
586 5724 870 5781 Dominico
922 5728 1196 5783 sacerdoti
1250 5729 1523 5804 Remigio,
1557 5731 1727 5786 frater
1743 5742 1797 5788 et

158 5832 470 5873 conservus
518 5815 573 5869 in
618 5815 834 5874 Christo
860 5819 1011 5887 Jesu,
1047 5821 1375 5876 coenobialis
1416 5823 1540 5878 vitae
1567 5824 1795 5880 humilis

160 5907 340 5963 cultor
395 5904 763 5973 Benedictus,
831 5917 1049 5964 aeternae
1120 5909 1528 5969 benedictionis
1589 5929 1792 5968 munus

1893 4761 2083 4835 gorius
2118 4758 2453 4814 Turonensis
2510 4757 2611 4811 lib.
2671 4774 2706 4811 ιι
2749 4756 3108 4812 Historiarum
3160 4756 3516 4823 Francorum,

1892 4869 2014 4922 cap.
2044 4852 2133 4917 3i,
2175 4850 2371 4904 recitat
2414 4848 2753 4920 principium
2813 4847 3064 4919 epistolae
3130 4847 3516 4903 consolatoriaa

1896 4946 1952 5000 Β.
1990 4944 2222 5017 Remigii
2263 4944 2331 4999 ad
2356 4944 2692 4999 Clodoveum
2726 4959 2913 5017 regem
2950 4958 3123 5013 super
3160 4948 3335 4996 morte
3363 4956 3522 4997 soro-

1893 5034 1966 5089 ris
1996 5051 2110 5089 suae
2142 5033 2462 5089 Alboﬂedis.
2521 5032 2807 5088 Aimonius
2868 5030 2964 5086 lib.
2993 5048 3010 5086 ι
3039 5031 3109 5086 de
3136 5030 3314 5086 Gestis
3340 5030 3517 5086 Fran-

1894 5121 2312 5191 corum,capite
2351 5119 2570 5185 ultimo,
2621 5120 2813 5175 recitat
2864 5118 3209 5190 epitaphium
3269 5119 3521 5189 ejusdem

1897 5213 2041 5286 regis
2072 5211 2352 5278 Clodovei,
2387 5211 2455 5265 ab
2482 5210 2703 5277 eodem,
2760 5217 2821 5265 ut
2866 5210 3129 5274 creditur,
3178 5210 3235 5265 S.
3267 5211 3521 5287 Remigio

1894 5305 2284 5375 compositum.
2321 5304 2623 5359 Guilelmus
2651 5302 2989 5374 Eysengrein
3050 5302 3107 5357 in
3149 5301 3407 5380 Catalogo
3434 5312 3524 5360 te-

1895 5397 2060 5451 stium
2092 5395 2364 5459 veritatis,
2387 5394 2524 5450 dicit
2552 5410 2703 5459 eum,
2757 5393 2926 5449 editis
2961 5393 3142 5461 libris,
3175 5395 3522 5453 adulterinas

1897 5489 1966 5541 de
1999 5487 2196 5542 Christi
2227 5486 2339 5542 ﬁde
2387 5486 2713 5541 Arianorum
2767 5485 3068 5557 opiniones
3092 5487 3435 5558 prodidisse,
3467 5496 3525 5546 et

1897 5578 2005 5631 alia
2031 5578 2268 5647 plurima
2297 5576 2602 5631 litterarum
2632 5581 2999 5630 monumenta
3036 5575 3350 5648 reliquisse.
3384 5574 3519 5634 Pro-

1898 5670 2121 5723 dierunt
2153 5684 2331 5738 nuper
2355 5668 2655 5740 Moguntiaa
2694 5683 2912 5722 excusa!
2954 5668 3009 5722 in
3039 5667 3172 5724 folio
3211 5682 3359 5725 anno
3384 5668 3522 5725 ιθιι

1897 5758 2016 5826 ejus
2049 5757 2101 5810 in
2136 5755 2407 5826 Epistolas
2439 5755 2591 5810 Pauli
2647 5755 3070 5826 explanationes
3117 5772 3289 5829 opera
3336 5757 3399 5811 R.
3460 5755 3518 5810 P.

1893 5846 2124 5900 Joannis
2161 5845 2415 5916 Baptista!
2474 5845 2805 5916 Villalpandi
2874 5845 3159 5901 societatis
3192 5845 3322 5901 Jesu
3355 5844 3519 5899 theo-

1896 5935 2026 6007 logi,
2051 5934 2144 6006 qui
2190 5933 2245 5987 in
2294 5933 2617 6005 praefatione
2683 5934 2750 5988 ad
2820 5934 3083 5989 lectorem
3154 5928 3520 6002 probabiliter
