  <div class='ocr_page' id='page_1' title='image "/cluster/home/n/w/nwhite01/storage/ocr_20150623/134-135/uc1.31175013627537/691.png"; bbox 0 0 3912 6484; ppageno 0'>
   <div class='ocr_carea' id='block_1_1' title="bbox 325 533 432 588">
    <p class='ocr_par' dir='ltr' id='par_1_1' title="bbox 325 533 432 588">
     <span class='ocr_line' id='line_1_1' title="bbox 325 533 432 588; baseline 0.009 -1"><span class='ocrx_word' id='word_1_1' title='bbox 325 533 432 588; x_wconf 68' lang='grc'><strong>343</strong></span> 
     </span>
    </p>
   </div>
   <div class='ocr_carea' id='block_1_2' title="bbox 1169 527 2828 588">
    <p class='ocr_par' dir='ltr' id='par_1_2' title="bbox 1169 527 2828 588">
     <span class='ocr_line' id='line_1_2' title="bbox 1169 527 2828 588; baseline -0.003 0"><span class='ocrx_word' id='word_1_2' title='bbox 1169 530 1560 588; x_wconf 87' lang='lat' dir='ltr'><strong>COLVENERII</strong></span> <span class='ocrx_word' id='word_1_3' title='bbox 1601 529 1876 588; x_wconf 76' lang='lat' dir='ltr'><strong>SCHOLIA</strong></span> <span class='ocrx_word' id='word_1_4' title='bbox 1916 530 1981 586; x_wconf 90' lang='lat' dir='ltr'><strong>IN</strong></span> <span class='ocrx_word' id='word_1_5' title='bbox 2023 529 2193 585; x_wconf 87' lang='lat' dir='ltr'><strong>HIST.</strong></span> <span class='ocrx_word' id='word_1_6' title='bbox 2234 529 2523 585; x_wconf 87' lang='lat' dir='ltr'><strong>REMENS.</strong></span> <span class='ocrx_word' id='word_1_7' title='bbox 2565 527 2828 584; x_wconf 86' lang='lat' dir='ltr'><strong>ECCLES.</strong></span> 
     </span>
    </p>
   </div>
   <div class='ocr_carea' id='block_1_3' title="bbox 3567 534 3677 592">
    <p class='ocr_par' dir='ltr' id='par_1_3' title="bbox 3567 534 3677 592">
     <span class='ocr_line' id='line_1_3' title="bbox 3567 534 3677 592; baseline -0.018 0"><span class='ocrx_word' id='word_1_8' title='bbox 3567 534 3677 592; x_wconf 69' lang='grc'><strong>344</strong></span> 
     </span>
    </p>
   </div>
   <div class='ocr_carea' id='block_1_4' title="bbox 327 660 3675 736">
    <p class='ocr_par' dir='ltr' id='par_1_4' title="bbox 327 660 3675 736">
     <span class='ocr_line' id='line_1_4' title="bbox 327 660 3675 736; baseline 0.001 -19"><span class='ocrx_word' id='word_1_9' title='bbox 327 660 717 717; x_wconf 88' lang='lat' dir='ltr'><strong>ostenditesse</strong></span> <span class='ocrx_word' id='word_1_10' title='bbox 779 660 943 729; x_wconf 89' lang='lat' dir='ltr'><strong>hujus</strong></span> <span class='ocrx_word' id='word_1_11' title='bbox 995 660 1258 734; x_wconf 81' lang='lat' dir='ltr'><strong>Remigii,</strong></span> <span class='ocrx_word' id='word_1_12' title='bbox 1315 673 1429 716; x_wconf 92' lang='lat' dir='ltr'><strong>non</strong></span> <span class='ocrx_word' id='word_1_13' title='bbox 1474 668 1658 716; x_wconf 89' lang='lat' dir='ltr'><strong>autem</strong></span> <span class='ocrx_word' id='word_1_14' title='bbox 1709 660 1945 736; x_wconf 79' lang='lat' dir='ltr'><strong>Remigii</strong></span> <span class='ocrx_word' id='word_1_15' title='bbox 1969 661 2534 732; x_wconf 78' lang='lat' dir='ltr'><strong>AFontanellensem</strong></span> <span class='ocrx_word' id='word_1_16' title='bbox 2579 661 2935 726; x_wconf 87' lang='lat' dir='ltr'><strong>monachum,</strong></span> <span class='ocrx_word' id='word_1_17' title='bbox 2991 661 3137 731; x_wconf 88' lang='lat' dir='ltr'><strong>apud</strong></span> <span class='ocrx_word' id='word_1_18' title='bbox 3185 661 3403 717; x_wconf 88' lang='lat' dir='ltr'><strong>Surium</strong></span> <span class='ocrx_word' id='word_1_19' title='bbox 3457 669 3592 718; x_wconf 90' lang='lat' dir='ltr'><strong>tom.</strong></span> <span class='ocrx_word' id='word_1_20' title='bbox 3629 666 3675 720; x_wconf 93' lang='lat' dir='ltr'><strong>II</strong></span> 
     </span>
    </p>
   </div>
   <div class='ocr_carea' id='block_1_5' title="bbox 330 748 1940 820">
    <p class='ocr_par' dir='ltr' id='par_1_5' title="bbox 330 748 1940 820">
     <span class='ocr_line' id='line_1_5' title="bbox 330 748 1940 820; baseline 0 -15"><span class='ocrx_word' id='word_1_21' title='bbox 330 749 851 817; x_wconf 86' lang='lat' dir='ltr'><strong>Antissiodorensis,</strong></span> <span class='ocrx_word' id='word_1_22' title='bbox 892 750 1203 804; x_wconf 88' lang='lat' dir='ltr'><strong>dissolvens</strong></span> <span class='ocrx_word' id='word_1_23' title='bbox 1226 765 1349 820; x_wconf 63' lang='lat' dir='ltr'><strong>quae</strong></span> <span class='ocrx_word' id='word_1_24' title='bbox 1366 757 1560 805; x_wconf 91' lang='lat' dir='ltr'><strong>contra</strong></span> <span class='ocrx_word' id='word_1_25' title='bbox 1582 748 1940 819; x_wconf 79' lang='lat' dir='ltr'><strong>objiciuntur.</strong></span> 
     </span>
    </p>
   </div>
   <div class='ocr_carea' id='block_1_6' title="bbox 331 837 1946 905">
    <p class='ocr_par' dir='ltr' id='par_1_6' title="bbox 331 837 1946 905">
     <span class='ocr_line' id='line_1_6' title="bbox 331 837 1946 905; baseline -0.002 -8"><span class='ocrx_word' id='word_1_26' title='bbox 331 841 488 897; x_wconf 89' lang='lat' dir='ltr'><strong>Certe</strong></span> <span class='ocrx_word' id='word_1_27' title='bbox 519 856 632 896; x_wconf 90' lang='lat' dir='ltr'><strong>non</strong></span> <span class='ocrx_word' id='word_1_28' title='bbox 662 840 841 895; x_wconf 91' lang='lat' dir='ltr'><strong>solum</strong></span> <span class='ocrx_word' id='word_1_29' title='bbox 886 838 1270 905; x_wconf 87' lang='lat' dir='ltr'><strong>Bellarminus,</strong></span> <span class='ocrx_word' id='word_1_30' title='bbox 1301 839 1399 893; x_wconf 91' lang='lat' dir='ltr'><strong>sed</strong></span> <span class='ocrx_word' id='word_1_31' title='bbox 1422 845 1548 893; x_wconf 83' lang='lat' dir='ltr'>ante</span> <span class='ocrx_word' id='word_1_32' title='bbox 1575 854 1703 892; x_wconf 90' lang='lat' dir='ltr'><strong>eum</strong></span> <span class='ocrx_word' id='word_1_33' title='bbox 1743 837 1946 893; x_wconf 89' lang='lat' dir='ltr'><strong>Cuthe-</strong></span> 
     </span>
    </p>
   </div>
   <div class='ocr_carea' id='block_1_7' title="bbox 211 925 1946 996">
    <p class='ocr_par' dir='ltr' id='par_1_7' title="bbox 211 925 1946 996">
     <span class='ocr_line' id='line_1_7' title="bbox 211 925 1946 996; baseline -0.002 -11"><span class='ocrx_word' id='word_1_34' title='bbox 211 947 235 967; x_wconf 70' lang='grc' dir='ltr'><strong><em>ι</em></strong></span> <span class='ocrx_word' id='word_1_35' title='bbox 333 930 525 984; x_wconf 88' lang='lat' dir='ltr'><strong>bertus</strong></span> <span class='ocrx_word' id='word_1_36' title='bbox 578 927 888 983; x_wconf 89' lang='lat' dir='ltr'><strong>Tonstallus</strong></span> <span class='ocrx_word' id='word_1_37' title='bbox 934 926 1320 981; x_wconf 89' lang='lat' dir='ltr'><strong>Dunelmensis</strong></span> <span class='ocrx_word' id='word_1_38' title='bbox 1375 926 1672 996; x_wconf 89' lang='lat' dir='ltr'><strong>episcopus</strong></span> <span class='ocrx_word' id='word_1_39' title='bbox 1702 925 1946 981; x_wconf 82' lang='lat' dir='ltr'><strong>lib.tDe</strong></span> 
     </span>
    </p>
   </div>
   <div class='ocr_carea' id='block_1_8' title="bbox 331 1013 1946 1087">
    <p class='ocr_par' dir='ltr' id='par_1_8' title="bbox 331 1013 1946 1087">
     <span class='ocr_line' id='line_1_8' title="bbox 331 1013 1946 1087; baseline -0.002 -14"><span class='ocrx_word' id='word_1_40' title='bbox 331 1018 561 1073; x_wconf 74' lang='lat' dir='ltr'><strong>veritate</strong></span> <span class='ocrx_word' id='word_1_41' title='bbox 586 1015 833 1087; x_wconf 89' lang='lat' dir='ltr'><strong>corporis</strong></span> <span class='ocrx_word' id='word_1_42' title='bbox 858 1020 912 1068; x_wconf 89' lang='lat' dir='ltr'><strong>et</strong></span> <span class='ocrx_word' id='word_1_43' title='bbox 941 1013 1232 1087; x_wconf 83' lang='lat' dir='ltr'><strong>sanguinis</strong></span> <span class='ocrx_word' id='word_1_44' title='bbox 1258 1014 1475 1070; x_wconf 86' lang='lat' dir='ltr'><strong>Domini</strong></span> <span class='ocrx_word' id='word_1_45' title='bbox 1510 1013 1565 1068; x_wconf 93' lang='lat' dir='ltr'><strong>in</strong></span> <span class='ocrx_word' id='word_1_46' title='bbox 1590 1015 1946 1081; x_wconf 87' lang='lat' dir='ltr'><strong>eucharistia,</strong></span> 
     </span>
    </p>
   </div>
   <div class='ocr_carea' id='block_1_9' title="bbox 330 1102 1950 1179">
    <p class='ocr_par' dir='ltr' id='par_1_9' title="bbox 330 1102 1950 1179">
     <span class='ocr_line' id='line_1_9' title="bbox 330 1102 1950 1179; baseline -0.002 -17"><span class='ocrx_word' id='word_1_47' title='bbox 330 1113 527 1177; x_wconf 90' lang='lat' dir='ltr'><strong>etpost</strong></span> <span class='ocrx_word' id='word_1_48' title='bbox 553 1120 679 1160; x_wconf 90' lang='lat' dir='ltr'><strong>eum</strong></span> <span class='ocrx_word' id='word_1_49' title='bbox 698 1103 942 1158; x_wconf 84' lang='lat' dir='ltr'><strong>Joannes</strong></span> <span class='ocrx_word' id='word_1_50' title='bbox 999 1102 1250 1157; x_wconf 87' lang='lat' dir='ltr'><strong>Garetius</strong></span> <span class='ocrx_word' id='word_1_51' title='bbox 1284 1102 1354 1157; x_wconf 92' lang='lat' dir='ltr'><strong>de</strong></span> <span class='ocrx_word' id='word_1_52' title='bbox 1381 1102 1578 1158; x_wconf 89' lang='lat' dir='ltr'><strong>eodem</strong></span> <span class='ocrx_word' id='word_1_53' title='bbox 1620 1113 1950 1179; x_wconf 90' lang='lat' dir='ltr'><strong>argumento</strong></span> 
     </span>
    </p>
   </div>
   <div class='ocr_carea' id='block_1_10' title="bbox 331 1190 1951 1264">
    <p class='ocr_par' dir='ltr' id='par_1_10' title="bbox 331 1190 1951 1264">
     <span class='ocr_line' id='line_1_10' title="bbox 331 1190 1951 1264; baseline -0.001 -16"><span class='ocrx_word' id='word_1_54' title='bbox 331 1192 650 1249; x_wconf 81' lang='lat' dir='ltr'><strong>centenario</strong></span> <span class='ocrx_word' id='word_1_55' title='bbox 676 1200 853 1255; x_wconf 79' lang='lat' dir='ltr'><strong>sexto,</strong></span> <span class='ocrx_word' id='word_1_56' title='bbox 875 1192 1049 1246; x_wconf 87' lang='lat' dir='ltr'><strong>citant</strong></span> <span class='ocrx_word' id='word_1_57' title='bbox 1078 1206 1142 1245; x_wconf 88' lang='lat' dir='ltr'><strong>ex</strong></span> <span class='ocrx_word' id='word_1_58' title='bbox 1175 1190 1423 1264; x_wconf 79' lang='lat' dir='ltr'><strong>Remigio</strong></span> <span class='ocrx_word' id='word_1_59' title='bbox 1456 1192 1717 1247; x_wconf 90' lang='lat' dir='ltr'><strong>Remensi</strong></span> <span class='ocrx_word' id='word_1_60' title='bbox 1760 1193 1951 1247; x_wconf 79' lang='lat' dir='ltr'><strong>archi-</strong></span> 
     </span>
    </p>
   </div>
   <div class='ocr_carea' id='block_1_11' title="bbox 333 1282 1951 1358">
    <p class='ocr_par' dir='ltr' id='par_1_11' title="bbox 333 1282 1951 1358">
     <span class='ocr_line' id='line_1_11' title="bbox 333 1282 1951 1358; baseline 0 -17"><span class='ocrx_word' id='word_1_61' title='bbox 333 1286 598 1357; x_wconf 86' lang='lat' dir='ltr'><strong>episcopo</strong></span> <span class='ocrx_word' id='word_1_62' title='bbox 618 1284 943 1356; x_wconf 67' lang='lat' dir='ltr'><strong>praeclarum</strong></span> <span class='ocrx_word' id='word_1_63' title='bbox 975 1282 1180 1349; x_wconf 89' lang='lat' dir='ltr'><strong>locum,</strong></span> <span class='ocrx_word' id='word_1_64' title='bbox 1222 1283 1319 1355; x_wconf 90' lang='lat' dir='ltr'><strong>qui</strong></span> <span class='ocrx_word' id='word_1_65' title='bbox 1355 1291 1533 1339; x_wconf 80' lang='lat' dir='ltr'><strong>exstat</strong></span> <span class='ocrx_word' id='word_1_66' title='bbox 1560 1284 1618 1339; x_wconf 91' lang='lat' dir='ltr'><strong>in</strong></span> <span class='ocrx_word' id='word_1_67' title='bbox 1644 1285 1731 1341; x_wconf 91' lang='lat' dir='ltr'><strong>his</strong></span> <span class='ocrx_word' id='word_1_68' title='bbox 1756 1286 1951 1358; x_wconf 89' lang='lat' dir='ltr'><strong>expla-</strong></span> 
     </span>
    </p>
   </div>
   <div class='ocr_carea' id='block_1_12' title="bbox 332 1375 1957 1454">
    <p class='ocr_par' dir='ltr' id='par_1_12' title="bbox 332 1375 1957 1454">
     <span class='ocr_line' id='line_1_12' title="bbox 332 1375 1957 1454; baseline -0.001 -20"><span class='ocrx_word' id='word_1_69' title='bbox 332 1377 669 1434; x_wconf 89' lang='lat' dir='ltr'><strong>nationibus.</strong></span> <span class='ocrx_word' id='word_1_70' title='bbox 718 1376 883 1431; x_wconf 82' lang='lat' dir='ltr'><strong>Addit</strong></span> <span class='ocrx_word' id='word_1_71' title='bbox 939 1375 1307 1433; x_wconf 90' lang='lat' dir='ltr'><strong>Cuthebertus</strong></span> <span class='ocrx_word' id='word_1_72' title='bbox 1348 1394 1362 1431; x_wconf 92' lang='lat'><strong>:</strong></span> <span class='ocrx_word' id='word_1_73' title='bbox 1400 1402 1424 1424; x_wconf 73' lang='grc' dir='ltr'>α</span> <span class='ocrx_word' id='word_1_74' title='bbox 1490 1378 1659 1448; x_wconf 84' lang='lat' dir='ltr'><strong>Hujus</strong></span> <span class='ocrx_word' id='word_1_75' title='bbox 1716 1379 1957 1454; x_wconf 80' lang='lat' dir='ltr'><strong>Remigii</strong></span> 
     </span>
    </p>
   </div>
   <div class='ocr_carea' id='block_1_13' title="bbox 333 1466 1953 1540">
    <p class='ocr_par' dir='ltr' id='par_1_13' title="bbox 333 1466 1953 1540">
     <span class='ocr_line' id='line_1_13' title="bbox 333 1466 1953 1540; baseline 0.001 -17"><span class='ocrx_word' id='word_1_76' title='bbox 333 1468 531 1526; x_wconf 89' lang='lat' dir='ltr'><strong>librum</strong></span> <span class='ocrx_word' id='word_1_77' title='bbox 558 1483 731 1522; x_wconf 90' lang='lat' dir='ltr'><strong>unum</strong></span> <span class='ocrx_word' id='word_1_78' title='bbox 760 1475 926 1537; x_wconf 87' lang='lat' dir='ltr'><strong>atque</strong></span> <span class='ocrx_word' id='word_1_79' title='bbox 982 1466 1218 1522; x_wconf 89' lang='lat' dir='ltr'><strong>alterum</strong></span> <span class='ocrx_word' id='word_1_80' title='bbox 1258 1474 1473 1523; x_wconf 90' lang='lat' dir='ltr'><strong>vetusta</strong></span> <span class='ocrx_word' id='word_1_81' title='bbox 1501 1469 1736 1540; x_wconf 90' lang='lat' dir='ltr'><strong>scriptos</strong></span> <span class='ocrx_word' id='word_1_82' title='bbox 1764 1485 1953 1537; x_wconf 92' lang='lat' dir='ltr'><strong>manu,</strong></span> 
     </span>
    </p>
   </div>
   <div class='ocr_carea' id='block_1_14' title="bbox 332 1560 1959 1635">
    <p class='ocr_par' dir='ltr' id='par_1_14' title="bbox 332 1560 1959 1635">
     <span class='ocr_line' id='line_1_14' title="bbox 332 1560 1959 1635; baseline 0.001 -17"><span class='ocrx_word' id='word_1_83' title='bbox 332 1572 500 1635; x_wconf 87' lang='lat' dir='ltr'><strong>atque</strong></span> <span class='ocrx_word' id='word_1_84' title='bbox 537 1561 687 1619; x_wconf 90' lang='lat' dir='ltr'><strong>illius</strong></span> <span class='ocrx_word' id='word_1_85' title='bbox 714 1561 1012 1633; x_wconf 87' lang='lat' dir='ltr'><strong>inscriptos</strong></span> <span class='ocrx_word' id='word_1_86' title='bbox 1069 1560 1297 1617; x_wconf 89' lang='lat' dir='ltr'><strong>nomine</strong></span> <span class='ocrx_word' id='word_1_87' title='bbox 1337 1577 1440 1618; x_wconf 92' lang='lat' dir='ltr'><strong>nos</strong></span> <span class='ocrx_word' id='word_1_88' title='bbox 1488 1562 1786 1635; x_wconf 88' lang='lat' dir='ltr'><strong>aliquando</strong></span> <span class='ocrx_word' id='word_1_89' title='bbox 1813 1564 1959 1619; x_wconf 86' lang='lat' dir='ltr'><strong>vidi-</strong></span> 
     </span>
    </p>
   </div>
   <div class='ocr_carea' id='block_1_15' title="bbox 2047 749 3683 823">
    <p class='ocr_par' dir='ltr' id='par_1_15' title="bbox 2047 749 3683 823">
     <span class='ocr_line' id='line_1_15' title="bbox 2047 749 3683 823; baseline 0.002 -19"><span class='ocrx_word' id='word_1_90' title='bbox 2047 750 2136 804; x_wconf 91' lang='lat' dir='ltr'><strong>die</strong></span> <span class='ocrx_word' id='word_1_91' title='bbox 2167 750 2236 804; x_wconf 74' lang='grc'><strong>20</strong></span> <span class='ocrx_word' id='word_1_92' title='bbox 2263 749 2461 815; x_wconf 84' lang='lat' dir='ltr'><strong>Martii,</strong></span> <span class='ocrx_word' id='word_1_93' title='bbox 2493 750 2641 822; x_wconf 90' lang='lat' dir='ltr'><strong>quod</strong></span> <span class='ocrx_word' id='word_1_94' title='bbox 2665 756 2960 821; x_wconf 86' lang='lat' dir='ltr'><strong>postquam</strong></span> <span class='ocrx_word' id='word_1_95' title='bbox 2991 750 3060 805; x_wconf 90' lang='lat' dir='ltr'><strong>ad</strong></span> <span class='ocrx_word' id='word_1_96' title='bbox 3106 750 3313 806; x_wconf 83' lang='lat' dir='ltr'><strong>fontem</strong></span> <span class='ocrx_word' id='word_1_97' title='bbox 3381 768 3683 823; x_wconf 88' lang='lat' dir='ltr'><strong>processe-</strong></span> 
     </span>
    </p>
   </div>
   <div class='ocr_carea' id='block_1_16' title="bbox 2048 837 3677 908">
    <p class='ocr_par' dir='ltr' id='par_1_16' title="bbox 2048 837 3677 908">
     <span class='ocr_line' id='line_1_16' title="bbox 2048 837 3677 908; baseline 0.004 -17"><span class='ocrx_word' id='word_1_98' title='bbox 2048 843 2205 902; x_wconf 91' lang='lat' dir='ltr'><strong>rat,a</strong></span> <span class='ocrx_word' id='word_1_99' title='bbox 2258 837 2413 893; x_wconf 87' lang='lat' dir='ltr'><strong>fonte</strong></span> <span class='ocrx_word' id='word_1_100' title='bbox 2469 839 2669 908; x_wconf 88' lang='lat' dir='ltr'><strong>pedem</strong></span> <span class='ocrx_word' id='word_1_101' title='bbox 2718 839 3033 905; x_wconf 86' lang='lat' dir='ltr'><strong>retraxerit,</strong></span> <span class='ocrx_word' id='word_1_102' title='bbox 3092 840 3324 905; x_wconf 85' lang='lat' dir='ltr'><strong>dicens;</strong></span> <span class='ocrx_word' id='word_1_103' title='bbox 3360 865 3385 887; x_wconf 74' lang='grc' dir='ltr'><strong><em>α</em></strong></span> <span class='ocrx_word' id='word_1_104' title='bbox 3439 841 3561 897; x_wconf 85' lang='lat' dir='ltr'><strong>Non</strong></span> <span class='ocrx_word' id='word_1_105' title='bbox 3613 859 3677 898; x_wconf 86' lang='lat' dir='ltr'><strong>se</strong></span> 
     </span>
    </p>
   </div>
   <div class='ocr_carea' id='block_1_17' title="bbox 2048 928 3679 999">
    <p class='ocr_par' dir='ltr' id='par_1_17' title="bbox 2048 928 3679 999">
     <span class='ocr_line' id='line_1_17' title="bbox 2048 928 3679 999; baseline 0.001 -15"><span class='ocrx_word' id='word_1_106' title='bbox 2048 944 2235 984; x_wconf 86' lang='lat' dir='ltr'><strong>carere</strong></span> <span class='ocrx_word' id='word_1_107' title='bbox 2260 943 2424 999; x_wconf 88' lang='lat' dir='ltr'><strong>posse</strong></span> <span class='ocrx_word' id='word_1_108' title='bbox 2454 928 2731 984; x_wconf 88' lang='lat' dir='ltr'><strong>consortio</strong></span> <span class='ocrx_word' id='word_1_109' title='bbox 2775 929 3247 999; x_wconf 64' lang='lat' dir='ltr'><strong>praedecessorum</strong></span> <span class='ocrx_word' id='word_1_110' title='bbox 3296 945 3522 987; x_wconf 91' lang='lat' dir='ltr'><strong>suorum</strong></span> <span class='ocrx_word' id='word_1_111' title='bbox 3556 932 3679 987; x_wconf 79' lang='lat' dir='ltr'><strong>Fri-</strong></span> 
     </span>
    </p>
   </div>
   <div class='ocr_carea' id='block_1_18' title="bbox 2050 1026 3677 1099">
    <p class='ocr_par' dir='ltr' id='par_1_18' title="bbox 2050 1026 3677 1099">
     <span class='ocr_line' id='line_1_18' title="bbox 2050 1026 3677 1099; baseline 0.004 -20"><span class='ocrx_word' id='word_1_112' title='bbox 2050 1040 2247 1080; x_wconf 92' lang='lat' dir='ltr'><strong>sonum</strong></span> <span class='ocrx_word' id='word_1_113' title='bbox 2275 1026 2610 1096; x_wconf 88' lang='lat' dir='ltr'><strong>principum,</strong></span> <span class='ocrx_word' id='word_1_114' title='bbox 2641 1033 2699 1080; x_wconf 88' lang='lat' dir='ltr'><strong>et</strong></span> <span class='ocrx_word' id='word_1_115' title='bbox 2726 1042 2847 1080; x_wconf 92' lang='lat' dir='ltr'><strong>cum</strong></span> <span class='ocrx_word' id='word_1_116' title='bbox 2897 1041 3064 1095; x_wconf 86' lang='lat' dir='ltr'><strong>parvo</strong></span> <span class='ocrx_word' id='word_1_117' title='bbox 3100 1044 3406 1099; x_wconf 84' lang='lat' dir='ltr'><strong>pauperum</strong></span> <span class='ocrx_word' id='word_1_118' title='bbox 3440 1045 3677 1086; x_wconf 91' lang='lat' dir='ltr'><strong>numero</strong></span> 
     </span>
    </p>
   </div>
   <div class='ocr_carea' id='block_1_19' title="bbox 2054 1114 3675 1193">
    <p class='ocr_par' dir='ltr' id='par_1_19' title="bbox 2054 1114 3675 1193">
     <span class='ocr_line' id='line_1_19' title="bbox 2054 1114 3675 1193; baseline 0.004 -24"><span class='ocrx_word' id='word_1_119' title='bbox 2054 1114 2299 1170; x_wconf 88' lang='lat' dir='ltr'><strong>residere</strong></span> <span class='ocrx_word' id='word_1_120' title='bbox 2356 1114 2414 1169; x_wconf 92' lang='lat' dir='ltr'><strong>in</strong></span> <span class='ocrx_word' id='word_1_121' title='bbox 2457 1131 2630 1187; x_wconf 86' lang='lat' dir='ltr'><strong>regno</strong></span> <span class='ocrx_word' id='word_1_122' title='bbox 2682 1116 2914 1173; x_wconf 82' lang='lat' dir='ltr'><strong>coelesti.</strong></span> <span class='ocrx_word' id='word_1_123' title='bbox 2971 1138 2993 1168; x_wconf 75' lang='grc' dir='ltr'><strong><em>ι</em></strong></span> <span class='ocrx_word' id='word_1_124' title='bbox 3055 1118 3496 1193; x_wconf 87' lang='lat' dir='ltr'><strong>Interrogaverat</strong></span> <span class='ocrx_word' id='word_1_125' title='bbox 3519 1121 3675 1176; x_wconf 92' lang='lat' dir='ltr'><strong>enim</strong></span> 
     </span>
    </p>
   </div>
   <div class='ocr_carea' id='block_1_20' title="bbox 2055 1205 3680 1280">
    <p class='ocr_par' dir='ltr' id='par_1_20' title="bbox 2055 1205 3680 1280">
     <span class='ocr_line' id='line_1_20' title="bbox 2055 1205 3680 1280; baseline 0.004 -21"><span class='ocrx_word' id='word_1_126' title='bbox 2055 1205 2396 1275; x_wconf 89' lang='lat' dir='ltr'><strong>episcopum,</strong></span> <span class='ocrx_word' id='word_1_127' title='bbox 2429 1211 2489 1260; x_wconf 90' lang='lat' dir='ltr'><strong>ut</strong></span> <span class='ocrx_word' id='word_1_128' title='bbox 2516 1210 2664 1259; x_wconf 87' lang='lat' dir='ltr'><strong>esset</strong></span> <span class='ocrx_word' id='word_1_129' title='bbox 2690 1205 2867 1275; x_wconf 86' lang='lat' dir='ltr'><strong>major</strong></span> <span class='ocrx_word' id='word_1_130' title='bbox 2892 1208 3016 1277; x_wconf 76' lang='lat' dir='ltr'><strong>pars</strong></span> <span class='ocrx_word' id='word_1_131' title='bbox 3039 1207 3353 1280; x_wconf 88' lang='lat' dir='ltr'><strong>principum</strong></span> <span class='ocrx_word' id='word_1_132' title='bbox 3375 1226 3472 1265; x_wconf 90' lang='lat' dir='ltr'><strong>seu</strong></span> <span class='ocrx_word' id='word_1_133' title='bbox 3504 1211 3680 1266; x_wconf 88' lang='lat' dir='ltr'><strong>nobi-</strong></span> 
     </span>
    </p>
   </div>
   <div class='ocr_carea' id='block_1_21' title="bbox 2057 1298 3682 1374">
    <p class='ocr_par' dir='ltr' id='par_1_21' title="bbox 2057 1298 3682 1374">
     <span class='ocr_line' id='line_1_21' title="bbox 2057 1298 3682 1374; baseline 0.006 -21"><span class='ocrx_word' id='word_1_134' title='bbox 2057 1298 2193 1355; x_wconf 89' lang='lat' dir='ltr'><strong>lium</strong></span> <span class='ocrx_word' id='word_1_135' title='bbox 2243 1300 2425 1374; x_wconf 87' lang='lat' dir='ltr'><strong>gentis</strong></span> <span class='ocrx_word' id='word_1_136' title='bbox 2470 1299 2791 1367; x_wconf 69' lang='lat' dir='ltr'><strong>Frisonicaa,</strong></span> <span class='ocrx_word' id='word_1_137' title='bbox 2848 1301 2904 1356; x_wconf 93' lang='lat' dir='ltr'><strong>in</strong></span> <span class='ocrx_word' id='word_1_138' title='bbox 2954 1302 3047 1357; x_wconf 87' lang='lat' dir='ltr'><strong>illa</strong></span> <span class='ocrx_word' id='word_1_139' title='bbox 3074 1303 3331 1359; x_wconf 89' lang='lat' dir='ltr'><strong>videlicet</strong></span> <span class='ocrx_word' id='word_1_140' title='bbox 3351 1306 3682 1374; x_wconf 72' lang='lat' dir='ltr'><strong>coelesti,an</strong></span> 
     </span>
    </p>
   </div>
   <div class='ocr_carea' id='block_1_22' title="bbox 2058 1391 3681 1468">
    <p class='ocr_par' dir='ltr' id='par_1_22' title="bbox 2058 1391 3681 1468">
     <span class='ocr_line' id='line_1_22' title="bbox 2058 1391 3681 1468; baseline 0.004 -22"><span class='ocrx_word' id='word_1_141' title='bbox 2058 1391 2115 1447; x_wconf 93' lang='lat' dir='ltr'><strong>in</strong></span> <span class='ocrx_word' id='word_1_142' title='bbox 2145 1407 2211 1447; x_wconf 89' lang='lat' dir='ltr'><strong>ea</strong></span> <span class='ocrx_word' id='word_1_143' title='bbox 2234 1407 2397 1462; x_wconf 89' lang='lat' dir='ltr'><strong>quam</strong></span> <span class='ocrx_word' id='word_1_144' title='bbox 2420 1392 2954 1466; x_wconf 88' lang='lat' dir='ltr'><strong>dicebatepiscopus</strong></span> <span class='ocrx_word' id='word_1_145' title='bbox 2978 1395 3231 1451; x_wconf 85' lang='lat' dir='ltr'><strong>Tartarea</strong></span> <span class='ocrx_word' id='word_1_146' title='bbox 3254 1396 3498 1468; x_wconf 79' lang='lat' dir='ltr'><strong>regione.</strong></span> <span class='ocrx_word' id='word_1_147' title='bbox 3526 1397 3681 1453; x_wconf 91' lang='lat' dir='ltr'><strong>Idem</strong></span> 
     </span>
    </p>
   </div>
   <div class='ocr_carea' id='block_1_23' title="bbox 2057 1484 3683 1560">
    <p class='ocr_par' dir='ltr' id='par_1_23' title="bbox 2057 1484 3683 1560">
     <span class='ocr_line' id='line_1_23' title="bbox 2057 1484 3683 1560; baseline 0.004 -20"><span class='ocrx_word' id='word_1_148' title='bbox 2057 1484 2226 1541; x_wconf 88' lang='lat' dir='ltr'><strong>refert</strong></span> <span class='ocrx_word' id='word_1_149' title='bbox 2253 1484 2578 1560; x_wconf 88' lang='lat' dir='ltr'><strong>Sigebertus</strong></span> <span class='ocrx_word' id='word_1_150' title='bbox 2631 1488 2685 1543; x_wconf 91' lang='lat' dir='ltr'><strong>in</strong></span> <span class='ocrx_word' id='word_1_151' title='bbox 2719 1487 2917 1543; x_wconf 87' lang='lat' dir='ltr'><strong>Chron.</strong></span> <span class='ocrx_word' id='word_1_152' title='bbox 2970 1504 3117 1545; x_wconf 90' lang='lat' dir='ltr'><strong>anno</strong></span> <span class='ocrx_word' id='word_1_153' title='bbox 3175 1490 3299 1557; x_wconf 73' lang='lat'><strong>718,</strong></span> <span class='ocrx_word' id='word_1_154' title='bbox 3336 1490 3420 1545; x_wconf 89' lang='lat' dir='ltr'><strong>his</strong></span> <span class='ocrx_word' id='word_1_155' title='bbox 3446 1489 3635 1546; x_wconf 85' lang='lat' dir='ltr'><strong>verbis</strong></span> <span class='ocrx_word' id='word_1_156' title='bbox 3668 1508 3683 1546; x_wconf 90' lang='lat'><strong>:</strong></span> 
     </span>
    </p>
   </div>
   <div class='ocr_carea' id='block_1_24' title="bbox 2065 1579 3689 1654">
    <p class='ocr_par' dir='ltr' id='par_1_24' title="bbox 2065 1579 3689 1654">
     <span class='ocr_line' id='line_1_24' title="bbox 2065 1579 3689 1654; baseline 0.007 -27"><span class='ocrx_word' id='word_1_157' title='bbox 2065 1602 2080 1627; x_wconf 75' lang='grc' dir='ltr'><strong>ο</strong></span> <span class='ocrx_word' id='word_1_158' title='bbox 2119 1579 2422 1635; x_wconf 90' lang='lat' dir='ltr'><strong>Rabbodus</strong></span> <span class='ocrx_word' id='word_1_159' title='bbox 2448 1580 2559 1635; x_wconf 87' lang='lat' dir='ltr'><strong>dux</strong></span> <span class='ocrx_word' id='word_1_160' title='bbox 2587 1580 2898 1648; x_wconf 86' lang='lat' dir='ltr'><strong>Frisonum,</strong></span> <span class='ocrx_word' id='word_1_161' title='bbox 2952 1582 3347 1654; x_wconf 75' lang='lat' dir='ltr'><strong>praedicatione</strong></span> <span class='ocrx_word' id='word_1_162' title='bbox 3393 1582 3689 1639; x_wconf 87' lang='lat' dir='ltr'><strong>Vulfranni</strong></span> 
     </span>
    </p>
   </div>
   <div class='ocr_carea' id='block_1_25' title="bbox 333 1652 1961 1743">
    <p class='ocr_par' dir='ltr' id='par_1_25' title="bbox 333 1652 1955 1725">
     <span class='ocr_line' id='line_1_25' title="bbox 333 1652 1955 1725; baseline 0.001 -16"><span class='ocrx_word' id='word_1_163' title='bbox 333 1671 477 1711; x_wconf 89' lang='lat' dir='ltr'><strong>mus.</strong></span> <span class='ocrx_word' id='word_1_164' title='bbox 501 1653 882 1725; x_wconf 87' lang='lat' dir='ltr'><strong>Villalpandus</strong></span> <span class='ocrx_word' id='word_1_165' title='bbox 937 1659 1122 1709; x_wconf 91' lang='lat' dir='ltr'><strong>autem</strong></span> <span class='ocrx_word' id='word_1_166' title='bbox 1175 1653 1232 1707; x_wconf 89' lang='lat' dir='ltr'><strong>in</strong></span> <span class='ocrx_word' id='word_1_167' title='bbox 1262 1652 1410 1709; x_wconf 88' lang='lat' dir='ltr'><strong>dicta</strong></span> <span class='ocrx_word' id='word_1_168' title='bbox 1432 1653 1755 1724; x_wconf 64' lang='lat' dir='ltr'><strong>praefatione</strong></span> <span class='ocrx_word' id='word_1_169' title='bbox 1785 1664 1955 1710; x_wconf 88' lang='lat' dir='ltr'><strong>testa-</strong></span> 
     </span>
    </p>
   </div>
   <div class='ocr_carea' id='block_1_26' title="bbox 2076 1652 3683 1743">
    <p class='ocr_par' dir='ltr' id='par_1_26' title="bbox 2076 1652 3683 1743">
     <span class='ocr_line' id='line_1_26' title="bbox 2076 1652 3683 1743; baseline 0.002 -20"><span class='ocrx_word' id='word_1_170' title='bbox 2076 1668 2302 1740; x_wconf 73' lang='lat' dir='ltr'><strong>:piscOpi</strong></span> <span class='ocrx_word' id='word_1_171' title='bbox 2325 1668 2394 1724; x_wconf 85' lang='lat' dir='ltr'><strong>ad</strong></span> <span class='ocrx_word' id='word_1_172' title='bbox 2438 1669 2545 1726; x_wconf 92' lang='lat' dir='ltr'><strong>hoc</strong></span> <span class='ocrx_word' id='word_1_173' title='bbox 2575 1669 2833 1726; x_wconf 89' lang='lat' dir='ltr'><strong>inductus</strong></span> <span class='ocrx_word' id='word_1_174' title='bbox 2864 1677 2925 1726; x_wconf 92' lang='lat' dir='ltr'><strong>ut</strong></span> <span class='ocrx_word' id='word_1_175' title='bbox 2954 1652 3241 1743; x_wconf 75' lang='lat' dir='ltr'><strong>baptizari</strong></span> <span class='ocrx_word' id='word_1_176' title='bbox 3269 1671 3519 1738; x_wconf 89' lang='lat' dir='ltr'><strong>deberet,</strong></span> <span class='ocrx_word' id='word_1_177' title='bbox 3551 1688 3683 1728; x_wconf 91' lang='lat' dir='ltr'><strong>cum</strong></span> 
     </span>
    </p>
   </div>
   <div class='ocr_carea' id='block_1_27' title="bbox 334 1743 3681 1833">
    <p class='ocr_par' dir='ltr' id='par_1_27' title="bbox 334 1743 3681 1833">
     <span class='ocr_line' id='line_1_27' title="bbox 334 1743 3681 1833; baseline -0.001 -31"><span class='ocrx_word' id='word_1_178' title='bbox 334 1756 423 1802; x_wconf 93' lang='lat' dir='ltr'><strong>tur</strong></span> <span class='ocrx_word' id='word_1_179' title='bbox 450 1745 506 1801; x_wconf 94' lang='lat' dir='ltr'><strong>in</strong></span> <span class='ocrx_word' id='word_1_180' title='bbox 557 1745 728 1800; x_wconf 89' lang='lat' dir='ltr'><strong>variis</strong></span> <span class='ocrx_word' id='word_1_181' title='bbox 781 1744 941 1800; x_wconf 91' lang='lat' dir='ltr'><strong>libris</strong></span> <span class='ocrx_word' id='word_1_182' title='bbox 990 1743 1318 1800; x_wconf 90' lang='lat' dir='ltr'><strong>monasterii</strong></span> <span class='ocrx_word' id='word_1_183' title='bbox 1378 1743 1725 1801; x_wconf 89' lang='lat' dir='ltr'><strong>Cassinensis</strong></span> <span class='ocrx_word' id='word_1_184' title='bbox 1775 1747 1954 1802; x_wconf 88' lang='lat' dir='ltr'><strong>varias</strong></span> <span class='ocrx_word' id='word_1_185' title='bbox 2055 1773 2223 1812; x_wconf 75' lang='lat' dir='ltr'>unum</span> <span class='ocrx_word' id='word_1_186' title='bbox 2257 1758 2456 1828; x_wconf 74' lang='lat' dir='ltr'><strong>pedem</strong></span> <span class='ocrx_word' id='word_1_187' title='bbox 2489 1757 2545 1813; x_wconf 77' lang='lat' dir='ltr'><strong>in</strong></span> <span class='ocrx_word' id='word_1_188' title='bbox 2579 1760 2794 1815; x_wconf 64' lang='lat' dir='ltr'><strong>lavacro</strong></span> <span class='ocrx_word' id='word_1_189' title='bbox 2840 1759 3177 1828; x_wconf 54' lang='lat' dir='ltr'><strong>intinxisset,</strong></span> <span class='ocrx_word' id='word_1_190' title='bbox 3208 1761 3444 1817; x_wconf 56' lang='lat' dir='ltr'><strong>alterum</strong></span> <span class='ocrx_word' id='word_1_191' title='bbox 3473 1762 3681 1833; x_wconf 65' lang='lat' dir='ltr'><strong>pedem</strong></span> 
     </span>
    </p>
   </div>
   <div class='ocr_carea' id='block_1_28' title="bbox 334 1833 3687 1922">
    <p class='ocr_par' dir='ltr' id='par_1_28' title="bbox 334 1833 3687 1922">
     <span class='ocr_line' id='line_1_28' title="bbox 334 1833 3687 1922; baseline 0.002 -22"><span class='ocrx_word' id='word_1_192' title='bbox 334 1835 602 1892; x_wconf 71' lang='lat' dir='ltr'><strong>asservari</strong></span> <span class='ocrx_word' id='word_1_193' title='bbox 649 1833 928 1898; x_wconf 72' lang='lat' dir='ltr'><strong>homilias.</strong></span> <span class='ocrx_word' id='word_1_194' title='bbox 983 1849 1107 1905; x_wconf 71' lang='lat' dir='ltr'><strong>quae</strong></span> <span class='ocrx_word' id='word_1_195' title='bbox 1160 1833 1402 1908; x_wconf 77' lang='lat' dir='ltr'><strong>Remigii</strong></span> <span class='ocrx_word' id='word_1_196' title='bbox 1449 1834 1697 1905; x_wconf 66' lang='lat' dir='ltr'><strong>episcopi</strong></span> <span class='ocrx_word' id='word_1_197' title='bbox 1750 1851 1953 1892; x_wconf 74' lang='lat' dir='ltr'><strong>nomen</strong></span> <span class='ocrx_word' id='word_1_198' title='bbox 2058 1848 2365 1913; x_wconf 88' lang='lat' dir='ltr'><strong>retrahens,</strong></span> <span class='ocrx_word' id='word_1_199' title='bbox 2389 1847 2749 1919; x_wconf 80' lang='lat' dir='ltr'><strong>interrogavit</strong></span> <span class='ocrx_word' id='word_1_200' title='bbox 2777 1850 3003 1905; x_wconf 88' lang='lat' dir='ltr'><strong>ubinam</strong></span> <span class='ocrx_word' id='word_1_201' title='bbox 3035 1850 3224 1922; x_wconf 89' lang='lat' dir='ltr'><strong>plures</strong></span> <span class='ocrx_word' id='word_1_202' title='bbox 3245 1867 3473 1906; x_wconf 90' lang='lat' dir='ltr'><strong>suorum</strong></span> <span class='ocrx_word' id='word_1_203' title='bbox 3499 1852 3687 1920; x_wconf 88' lang='lat' dir='ltr'><strong>majo-</strong></span> 
     </span>
    </p>
   </div>
   <div class='ocr_carea' id='block_1_29' title="bbox 333 1924 3604 2014">
    <p class='ocr_par' dir='ltr' id='par_1_29' title="bbox 333 1924 3604 2014">
     <span class='ocr_line' id='line_1_29' title="bbox 333 1924 3604 2014; baseline 0.001 -18"><span class='ocrx_word' id='word_1_204' title='bbox 333 1931 501 1995; x_wconf 67' lang='grc' dir='ltr'><strong>δίψιθ</strong></span> <span class='ocrx_word' id='word_1_205' title='bbox 520 1924 940 1996; x_wconf 57' lang='lat' dir='ltr'><strong>inscriptionem</strong></span> <span class='ocrx_word' id='word_1_206' title='bbox 964 1924 1224 1980; x_wconf 68' lang='grc' dir='ltr'><strong>ι’θῑίηθηῑ·</strong></span> <span class='ocrx_word' id='word_1_207' title='bbox 1256 1924 1385 2014; x_wconf 1' lang='grc' dir='ltr'><strong>,ΒΘ-³</strong></span> <span class='ocrx_word' id='word_1_208' title='bbox 1434 1930 1620 1980; x_wconf 60' lang='lat' dir='ltr'><strong>tamen</strong></span> <span class='ocrx_word' id='word_1_209' title='bbox 1668 1926 1787 1981; x_wconf 61' lang='lat'><strong>11990</strong></span> <span class='ocrx_word' id='word_1_210' title='bbox 1817 1926 1955 1981; x_wconf 74' lang='lat' dir='ltr'><strong>mihi</strong></span> <span class='ocrx_word' id='word_1_211' title='bbox 1985 1988 2027 2014; x_wconf 67' lang='grc' dir='ltr'><strong><em>η</em></strong></span> <span class='ocrx_word' id='word_1_212' title='bbox 2059 1955 2177 1994; x_wconf 92' lang='lat' dir='ltr'><strong>rum</strong></span> <span class='ocrx_word' id='word_1_213' title='bbox 2216 1946 2417 2003; x_wconf 73' lang='lat' dir='ltr'><strong>essent,</strong></span> <span class='ocrx_word' id='word_1_214' title='bbox 2454 1941 2508 1996; x_wconf 91' lang='lat' dir='ltr'><strong>in</strong></span> <span class='ocrx_word' id='word_1_215' title='bbox 2551 1940 2768 1997; x_wconf 87' lang='lat' dir='ltr'><strong>inferno</strong></span> <span class='ocrx_word' id='word_1_216' title='bbox 2793 1958 2861 1997; x_wconf 90' lang='lat' dir='ltr'><strong>an</strong></span> <span class='ocrx_word' id='word_1_217' title='bbox 2891 1942 2946 1997; x_wconf 94' lang='lat' dir='ltr'><strong>in</strong></span> <span class='ocrx_word' id='word_1_218' title='bbox 2980 1941 3238 2014; x_wconf 89' lang='lat' dir='ltr'><strong>paradiso</strong></span> <span class='ocrx_word' id='word_1_219' title='bbox 3261 1941 3357 1998; x_wconf 82' lang='lat' dir='ltr'><strong>?et</strong></span> <span class='ocrx_word' id='word_1_220' title='bbox 3385 1951 3604 1999; x_wconf 77' lang='lat' dir='ltr'><strong>caetera.</strong></span> 
     </span>
    </p>
   </div>
   <div class='ocr_carea' id='block_1_30' title="bbox 336 1988 3693 2103">
    <p class='ocr_par' dir='ltr' id='par_1_30' title="bbox 336 1988 3693 2103">
     <span class='ocr_line' id='line_1_30' title="bbox 336 1988 3693 2103; baseline -0.001 -34"><span class='ocrx_word' id='word_1_221' title='bbox 336 1988 574 2071; x_wconf 77' lang='lat' dir='ltr'><strong>necdum</strong></span> <span class='ocrx_word' id='word_1_222' title='bbox 606 1988 757 2070; x_wconf 72' lang='lat' dir='ltr'><strong>certa</strong></span> <span class='ocrx_word' id='word_1_223' title='bbox 783 2020 887 2069; x_wconf 89' lang='lat' dir='ltr'><strong>est.</strong></span> <span class='ocrx_word' id='word_1_224' title='bbox 922 2015 1016 2070; x_wconf 84' lang='lat' dir='ltr'><strong>Est</strong></span> <span class='ocrx_word' id='word_1_225' title='bbox 1054 2029 1196 2085; x_wconf 84' lang='lat' dir='ltr'><strong>Opus</strong></span> <span class='ocrx_word' id='word_1_226' title='bbox 1250 2013 1306 2067; x_wconf 90' lang='lat' dir='ltr'><strong>in</strong></span> <span class='ocrx_word' id='word_1_227' title='bbox 1335 2012 1452 2070; x_wconf 79' lang='lat' dir='ltr'><strong>filio</strong></span> <span class='ocrx_word' id='word_1_228' title='bbox 1500 2014 1758 2070; x_wconf 84' lang='lat' dir='ltr'><strong>Hanoviae</strong></span> <span class='ocrx_word' id='word_1_229' title='bbox 1789 2030 1954 2070; x_wconf 85' lang='lat' dir='ltr'><strong>excu-</strong></span> <span class='ocrx_word' id='word_1_230' title='bbox 1984 1988 2029 2055; x_wconf 78' lang='grc' dir='ltr'>Β</span> <span class='ocrx_word' id='word_1_231' title='bbox 3304 1988 3693 2103; x_wconf 45' lang='grc' dir='ltr'><strong>ξγξάνέξξᾘξίθεε</strong></span> 
     </span>
    </p>
   </div>
   <div class='ocr_carea' id='block_1_31' title="bbox 335 2105 1961 2196">
    <p class='ocr_par' dir='ltr' id='par_1_31' title="bbox 335 2105 1958 2176">
     <span class='ocr_line' id='line_1_31' title="bbox 335 2105 1958 2176; baseline 0.001 -14"><span class='ocrx_word' id='word_1_232' title='bbox 335 2124 455 2163; x_wconf 87' lang='lat' dir='ltr'><strong>sum</strong></span> <span class='ocrx_word' id='word_1_233' title='bbox 485 2122 632 2163; x_wconf 88' lang='lat' dir='ltr'><strong>anno</strong></span> <span class='ocrx_word' id='word_1_234' title='bbox 659 2106 814 2173; x_wconf 82' lang='grc'><strong>1613,</strong></span> <span class='ocrx_word' id='word_1_235' title='bbox 855 2105 944 2162; x_wconf 91' lang='lat' dir='ltr'><strong>cui</strong></span> <span class='ocrx_word' id='word_1_236' title='bbox 998 2105 1193 2161; x_wconf 90' lang='lat' dir='ltr'><strong>titulus</strong></span> <span class='ocrx_word' id='word_1_237' title='bbox 1222 2125 1238 2161; x_wconf 87' lang='lat'><strong><em>:</em></strong></span> <span class='ocrx_word' id='word_1_238' title='bbox 1272 2106 1474 2176; x_wconf 78' lang='lat' dir='ltr'><strong>Corpus</strong></span> <span class='ocrx_word' id='word_1_239' title='bbox 1501 2108 1958 2169; x_wconf 53' lang='lat' dir='ltr'><strong>Franciceﬂlisto-</strong></span> 
     </span>
    </p>
   </div>
   <div class='ocr_carea' id='block_1_32' title="bbox 2076 2105 3691 2196">
    <p class='ocr_par' dir='ltr' id='par_1_32' title="bbox 2076 2122 3691 2196">
     <span class='ocr_line' id='line_1_32' title="bbox 2076 2122 3691 2196; baseline 0.002 -18"><span class='ocrx_word' id='word_1_240' title='bbox 2076 2122 2387 2178; x_wconf 70' lang='lat' dir='ltr'><strong>Ilodoweus</strong></span> <span class='ocrx_word' id='word_1_241' title='bbox 2444 2130 2568 2178; x_wconf 90' lang='lat' dir='ltr'><strong>ortu</strong></span> <span class='ocrx_word' id='word_1_242' title='bbox 2620 2132 2717 2177; x_wconf 91' lang='lat' dir='ltr'><strong>aut</strong></span> <span class='ocrx_word' id='word_1_243' title='bbox 2769 2122 2982 2196; x_wconf 76' lang='lat' dir='ltr'><strong>origine</strong></span> <span class='ocrx_word' id='word_1_244' title='bbox 3028 2122 3261 2178; x_wconf 86' lang='lat' dir='ltr'><strong>Geldrus</strong></span> <span class='ocrx_word' id='word_1_245' title='bbox 3296 2122 3490 2178; x_wconf 86' lang='lat' dir='ltr'><strong>fuisse.</strong></span> <span class='ocrx_word' id='word_1_246' title='bbox 3553 2124 3691 2181; x_wconf 84' lang='lat' dir='ltr'><strong>Nam</strong></span> 
     </span>
    </p>
   </div>
   <div class='ocr_carea' id='block_1_33' title="bbox 337 2194 1961 2285">
    <p class='ocr_par' dir='ltr' id='par_1_33' title="bbox 337 2194 1961 2253">
     <span class='ocr_line' id='line_1_33' title="bbox 337 2194 1961 2253; baseline -0.004 0"><span class='ocrx_word' id='word_1_247' title='bbox 337 2199 653 2253; x_wconf 71' lang='lat' dir='ltr'><strong>rimveteris</strong></span> <span class='ocrx_word' id='word_1_248' title='bbox 705 2200 755 2251; x_wconf 81' lang='lat' dir='ltr'><strong>et</strong></span> <span class='ocrx_word' id='word_1_249' title='bbox 809 2198 1052 2251; x_wconf 75' lang='lat' dir='ltr'><strong>sincerae.</strong></span> <span class='ocrx_word' id='word_1_250' title='bbox 1103 2197 1164 2250; x_wconf 90' lang='lat' dir='ltr'><strong>In</strong></span> <span class='ocrx_word' id='word_1_251' title='bbox 1220 2210 1287 2250; x_wconf 92' lang='lat' dir='ltr'><strong>eo</strong></span> <span class='ocrx_word' id='word_1_252' title='bbox 1335 2200 1420 2250; x_wconf 91' lang='lat' dir='ltr'><strong>est</strong></span> <span class='ocrx_word' id='word_1_253' title='bbox 1449 2201 1716 2250; x_wconf 89' lang='lat' dir='ltr'><strong>tractatus</strong></span> <span class='ocrx_word' id='word_1_254' title='bbox 1762 2194 1961 2248; x_wconf 86' lang='lat' dir='ltr'><strong>multas</strong></span> 
     </span>
    </p>
   </div>
   <div class='ocr_carea' id='block_1_34' title="bbox 2076 2194 3686 2285">
    <p class='ocr_par' dir='ltr' id='par_1_34' title="bbox 2076 2194 3686 2285">
     <span class='ocr_line' id='line_1_34' title="bbox 2076 2194 3686 2285; baseline 0.001 -18"><span class='ocrx_word' id='word_1_255' title='bbox 2076 2212 2293 2267; x_wconf 66' lang='lat' dir='ltr'><strong>Seldros</strong></span> <span class='ocrx_word' id='word_1_256' title='bbox 2324 2210 2526 2285; x_wconf 71' lang='lat' dir='ltr'><strong>Belgiae</strong></span> <span class='ocrx_word' id='word_1_257' title='bbox 2551 2218 2755 2265; x_wconf 61' lang='lat' dir='ltr'><strong>nostra:</strong></span> <span class='ocrx_word' id='word_1_258' title='bbox 2809 2194 3047 2281; x_wconf 79' lang='lat' dir='ltr'><strong>populos</strong></span> <span class='ocrx_word' id='word_1_259' title='bbox 3102 2211 3231 2266; x_wconf 91' lang='lat' dir='ltr'><strong>olim</strong></span> <span class='ocrx_word' id='word_1_260' title='bbox 3267 2212 3445 2267; x_wconf 92' lang='lat' dir='ltr'><strong>dictos</strong></span> <span class='ocrx_word' id='word_1_261' title='bbox 3461 2213 3686 2268; x_wconf 84' lang='lat' dir='ltr'><strong>Sicam—</strong></span> 
     </span>
    </p>
   </div>
   <div class='ocr_carea' id='block_1_35' title="bbox 338 2284 1962 2360">
    <p class='ocr_par' dir='ltr' id='par_1_35' title="bbox 338 2284 1962 2360">
     <span class='ocr_line' id='line_1_35' title="bbox 338 2284 1962 2360; baseline -0.002 -19"><span class='ocrx_word' id='word_1_262' title='bbox 338 2287 631 2341; x_wconf 89' lang='lat' dir='ltr'><strong>continens</strong></span> <span class='ocrx_word' id='word_1_263' title='bbox 662 2300 855 2360; x_wconf 88' lang='lat' dir='ltr'><strong>regum</strong></span> <span class='ocrx_word' id='word_1_264' title='bbox 895 2291 952 2340; x_wconf 89' lang='lat' dir='ltr'><strong>et</strong></span> <span class='ocrx_word' id='word_1_265' title='bbox 1000 2285 1391 2356; x_wconf 89' lang='lat' dir='ltr'><strong>episcoporum</strong></span> <span class='ocrx_word' id='word_1_266' title='bbox 1417 2284 1700 2355; x_wconf 87' lang='lat' dir='ltr'><strong>epistolas,</strong></span> <span class='ocrx_word' id='word_1_267' title='bbox 1733 2292 1781 2339; x_wconf 89' lang='lat' dir='ltr'><strong>et</strong></span> <span class='ocrx_word' id='word_1_268' title='bbox 1818 2284 1962 2339; x_wconf 90' lang='lat' dir='ltr'><strong>inter</strong></span> 
     </span>
    </p>
   </div>
   <div class='ocr_carea' id='block_1_36' title="bbox 338 2377 1958 2449">
    <p class='ocr_par' dir='ltr' id='par_1_36' title="bbox 338 2377 1958 2449">
     <span class='ocr_line' id='line_1_36' title="bbox 338 2377 1958 2449; baseline -0.002 -14"><span class='ocrx_word' id='word_1_269' title='bbox 338 2388 567 2435; x_wconf 65' lang='lat' dir='ltr'><strong>czeteras</strong></span> <span class='ocrx_word' id='word_1_270' title='bbox 603 2384 839 2449; x_wconf 86' lang='lat' dir='ltr'><strong>quatuor</strong></span> <span class='ocrx_word' id='word_1_271' title='bbox 889 2384 1020 2433; x_wconf 91' lang='lat' dir='ltr'><strong>sunt</strong></span> <span class='ocrx_word' id='word_1_272' title='bbox 1086 2377 1343 2448; x_wconf 81' lang='lat' dir='ltr'><strong>Remigii,</strong></span> <span class='ocrx_word' id='word_1_273' title='bbox 1398 2377 1521 2432; x_wconf 66' lang='lat' dir='ltr'><strong>duae</strong></span> <span class='ocrx_word' id='word_1_274' title='bbox 1570 2377 1831 2433; x_wconf 89' lang='lat' dir='ltr'><strong>videlicet</strong></span> <span class='ocrx_word' id='word_1_275' title='bbox 1889 2377 1958 2431; x_wconf 91' lang='lat' dir='ltr'><strong>ad</strong></span> 
     </span>
    </p>
   </div>
   <div class='ocr_carea' id='block_1_37' title="bbox 342 2470 1959 2543">
    <p class='ocr_par' dir='ltr' id='par_1_37' title="bbox 342 2470 1959 2543">
     <span class='ocr_line' id='line_1_37' title="bbox 342 2470 1959 2543; baseline -0.001 -16"><span class='ocrx_word' id='word_1_276' title='bbox 342 2474 697 2537; x_wconf 82' lang='lat' dir='ltr'><strong>Clodoveum,</strong></span> <span class='ocrx_word' id='word_1_277' title='bbox 721 2488 952 2543; x_wconf 91' lang='lat' dir='ltr'><strong>quarum</strong></span> <span class='ocrx_word' id='word_1_278' title='bbox 980 2471 1160 2543; x_wconf 90' lang='lat' dir='ltr'><strong>prima</strong></span> <span class='ocrx_word' id='word_1_279' title='bbox 1227 2480 1311 2527; x_wconf 91' lang='lat' dir='ltr'><strong>est</strong></span> <span class='ocrx_word' id='word_1_280' title='bbox 1338 2470 1729 2538; x_wconf 87' lang='lat' dir='ltr'><strong>consolataria,</strong></span> <span class='ocrx_word' id='word_1_281' title='bbox 1754 2472 1821 2527; x_wconf 91' lang='lat' dir='ltr'><strong>de</strong></span> <span class='ocrx_word' id='word_1_282' title='bbox 1849 2487 1959 2543; x_wconf 91' lang='lat' dir='ltr'><strong>qua</strong></span> 
     </span>
    </p>
   </div>
   <div class='ocr_carea' id='block_1_38' title="bbox 340 2560 1957 2634">
    <p class='ocr_par' dir='ltr' id='par_1_38' title="bbox 340 2560 1957 2634">
     <span class='ocr_line' id='line_1_38' title="bbox 340 2560 1957 2634; baseline -0.001 -15"><span class='ocrx_word' id='word_1_283' title='bbox 340 2579 529 2634; x_wconf 88' lang='lat' dir='ltr'><strong>supra,</strong></span> <span class='ocrx_word' id='word_1_284' title='bbox 564 2563 724 2617; x_wconf 88' lang='lat' dir='ltr'><strong>tertia</strong></span> <span class='ocrx_word' id='word_1_285' title='bbox 754 2561 1026 2625; x_wconf 84' lang='lat' dir='ltr'><strong>Heraclio,</strong></span> <span class='ocrx_word' id='word_1_286' title='bbox 1064 2560 1254 2616; x_wconf 64' lang='lat' dir='ltr'><strong>~Leoni</strong></span> <span class='ocrx_word' id='word_1_287' title='bbox 1276 2566 1330 2615; x_wconf 93' lang='lat' dir='ltr'><strong>et</strong></span> <span class='ocrx_word' id='word_1_288' title='bbox 1391 2560 1701 2616; x_wconf 87' lang='lat' dir='ltr'><strong>Theodosio</strong></span> <span class='ocrx_word' id='word_1_289' title='bbox 1732 2561 1957 2633; x_wconf 90' lang='lat' dir='ltr'><strong>episco-</strong></span> 
     </span>
    </p>
   </div>
   <div class='ocr_carea' id='block_1_39' title="bbox 344 2648 1522 2723">
    <p class='ocr_par' dir='ltr' id='par_1_39' title="bbox 344 2648 1522 2723">
     <span class='ocr_line' id='line_1_39' title="bbox 344 2648 1522 2723; baseline -0.004 -16"><span class='ocrx_word' id='word_1_290' title='bbox 344 2653 449 2723; x_wconf 91' lang='lat' dir='ltr'><strong>pis,</strong></span> <span class='ocrx_word' id='word_1_291' title='bbox 471 2658 664 2723; x_wconf 86' lang='lat' dir='ltr'><strong>quarta</strong></span> <span class='ocrx_word' id='word_1_292' title='bbox 695 2650 920 2707; x_wconf 90' lang='lat' dir='ltr'><strong>Fulconi</strong></span> <span class='ocrx_word' id='word_1_293' title='bbox 949 2650 1216 2721; x_wconf 87' lang='lat' dir='ltr'><strong>episcopo</strong></span> <span class='ocrx_word' id='word_1_294' title='bbox 1244 2648 1522 2720; x_wconf 82' lang='lat' dir='ltr'><strong>dirigitur.</strong></span> 
     </span>
    </p>
   </div>
   <div class='ocr_carea' id='block_1_40' title="bbox 414 2743 1953 2814">
    <p class='ocr_par' dir='ltr' id='par_1_40' title="bbox 414 2743 1953 2814">
     <span class='ocr_line' id='line_1_40' title="bbox 414 2743 1953 2814; baseline -0.001 -15"><span class='ocrx_word' id='word_1_295' title='bbox 414 2745 753 2814; x_wconf 56' lang='lat' dir='ltr'><strong>Quaecunque</strong></span> <span class='ocrx_word' id='word_1_296' title='bbox 777 2743 1065 2809; x_wconf 78' lang='lat' dir='ltr'><strong>detulerat,</strong></span> <span class='ocrx_word' id='word_1_297' title='bbox 1099 2758 1414 2812; x_wconf 85' lang='lat' dir='ltr'><strong>quanquam</strong></span> <span class='ocrx_word' id='word_1_298' title='bbox 1464 2745 1698 2797; x_wconf 79' lang='lat' dir='ltr'><strong>mercari</strong></span> <span class='ocrx_word' id='word_1_299' title='bbox 1714 2745 1953 2812; x_wconf 77' lang='lat' dir='ltr'><strong>paratis,</strong></span> 
     </span>
    </p>
   </div>
   <div class='ocr_carea' id='block_1_41' title="bbox 2063 2301 3693 2367">
    <p class='ocr_par' dir='ltr' id='par_1_41' title="bbox 2063 2301 3693 2367">
     <span class='ocr_line' id='line_1_41' title="bbox 2063 2301 3693 2367; baseline 0.002 -12"><span class='ocrx_word' id='word_1_300' title='bbox 2063 2301 2212 2365; x_wconf 90' lang='lat' dir='ltr'><strong>bros,</strong></span> <span class='ocrx_word' id='word_1_301' title='bbox 2246 2301 2403 2356; x_wconf 89' lang='lat' dir='ltr'><strong>multi</strong></span> <span class='ocrx_word' id='word_1_302' title='bbox 2434 2308 2755 2356; x_wconf 88' lang='lat' dir='ltr'><strong>constanter</strong></span> <span class='ocrx_word' id='word_1_303' title='bbox 2800 2307 3075 2367; x_wconf 85' lang='lat' dir='ltr'><strong>asserunt,</strong></span> <span class='ocrx_word' id='word_1_304' title='bbox 3129 2308 3185 2356; x_wconf 92' lang='lat' dir='ltr'><strong>et</strong></span> <span class='ocrx_word' id='word_1_305' title='bbox 3216 2301 3360 2357; x_wconf 90' lang='lat' dir='ltr'><strong>inter</strong></span> <span class='ocrx_word' id='word_1_306' title='bbox 3419 2318 3517 2359; x_wconf 91' lang='lat' dir='ltr'><strong>eos</strong></span> <span class='ocrx_word' id='word_1_307' title='bbox 3551 2304 3693 2359; x_wconf 87' lang='lat' dir='ltr'><strong>Her-</strong></span> 
     </span>
    </p>
   </div>
   <div class='ocr_carea' id='block_1_42' title="bbox 2059 2390 3693 2466">
    <p class='ocr_par' dir='ltr' id='par_1_42' title="bbox 2059 2390 3693 2466">
     <span class='ocr_line' id='line_1_42' title="bbox 2059 2390 3693 2466; baseline 0.002 -22"><span class='ocrx_word' id='word_1_308' title='bbox 2059 2406 2256 2445; x_wconf 89' lang='lat' dir='ltr'><strong>manus</strong></span> <span class='ocrx_word' id='word_1_309' title='bbox 2286 2407 2317 2445; x_wconf 92' lang='lat' dir='ltr'><strong>a</strong></span> <span class='ocrx_word' id='word_1_310' title='bbox 2347 2391 2601 2445; x_wconf 91' lang='lat' dir='ltr'><strong>Nuenare</strong></span> <span class='ocrx_word' id='word_1_311' title='bbox 2634 2390 2687 2445; x_wconf 94' lang='lat' dir='ltr'><strong>in</strong></span> <span class='ocrx_word' id='word_1_312' title='bbox 2740 2390 3057 2446; x_wconf 88' lang='lat' dir='ltr'><strong>narratione</strong></span> <span class='ocrx_word' id='word_1_313' title='bbox 3102 2390 3178 2445; x_wconf 88' lang='lat' dir='ltr'><strong>De</strong></span> <span class='ocrx_word' id='word_1_314' title='bbox 3236 2390 3454 2466; x_wconf 83' lang='lat' dir='ltr'><strong>origine</strong></span> <span class='ocrx_word' id='word_1_315' title='bbox 3513 2398 3569 2447; x_wconf 91' lang='lat' dir='ltr'><strong>et</strong></span> <span class='ocrx_word' id='word_1_316' title='bbox 3598 2407 3693 2447; x_wconf 83' lang='lat' dir='ltr'><strong>se-</strong></span> 
     </span>
    </p>
   </div>
   <div class='ocr_carea' id='block_1_43' title="bbox 2060 2479 3686 2550">
    <p class='ocr_par' dir='ltr' id='par_1_43' title="bbox 2060 2479 3686 2550">
     <span class='ocr_line' id='line_1_43' title="bbox 2060 2479 3686 2550; baseline 0.002 -17"><span class='ocrx_word' id='word_1_317' title='bbox 2060 2479 2225 2534; x_wconf 87' lang='lat' dir='ltr'><strong>dibus</strong></span> <span class='ocrx_word' id='word_1_318' title='bbox 2271 2480 2575 2550; x_wconf 86' lang='lat' dir='ltr'><strong>priscorum</strong></span> <span class='ocrx_word' id='word_1_319' title='bbox 2628 2480 2982 2546; x_wconf 87' lang='lat' dir='ltr'><strong>Francorum,</strong></span> <span class='ocrx_word' id='word_1_320' title='bbox 3033 2486 3089 2535; x_wconf 91' lang='lat' dir='ltr'><strong>et</strong></span> <span class='ocrx_word' id='word_1_321' title='bbox 3138 2480 3191 2534; x_wconf 92' lang='lat' dir='ltr'><strong>in</strong></span> <span class='ocrx_word' id='word_1_322' title='bbox 3221 2480 3686 2537; x_wconf 86' lang='lat' dir='ltr'><strong>commentariolo</strong></span> 
     </span>
    </p>
   </div>
   <div class='ocr_carea' id='block_1_44' title="bbox 2057 2569 3685 2641">
    <p class='ocr_par' dir='ltr' id='par_1_44' title="bbox 2057 2569 3685 2641">
     <span class='ocr_line' id='line_1_44' title="bbox 2057 2569 3685 2641; baseline 0.001 -18"><span class='ocrx_word' id='word_1_323' title='bbox 2057 2570 2126 2623; x_wconf 90' lang='lat' dir='ltr'><strong>de</strong></span> <span class='ocrx_word' id='word_1_324' title='bbox 2148 2569 2319 2623; x_wconf 82' lang='lat' dir='ltr'><strong>Gallia</strong></span> <span class='ocrx_word' id='word_1_325' title='bbox 2373 2570 2606 2641; x_wconf 84' lang='lat' dir='ltr'><strong>Belgica.</strong></span> <span class='ocrx_word' id='word_1_326' title='bbox 2662 2571 2733 2624; x_wconf 91' lang='lat' dir='ltr'><strong>De</strong></span> <span class='ocrx_word' id='word_1_327' title='bbox 2787 2570 2888 2624; x_wconf 91' lang='lat' dir='ltr'><strong>hac</strong></span> <span class='ocrx_word' id='word_1_328' title='bbox 2947 2585 3004 2624; x_wconf 92' lang='lat' dir='ltr'><strong>rc</strong></span> <span class='ocrx_word' id='word_1_329' title='bbox 3032 2569 3290 2624; x_wconf 83' lang='lat' dir='ltr'><strong>videatur</strong></span> <span class='ocrx_word' id='word_1_330' title='bbox 3337 2569 3585 2625; x_wconf 83' lang='lat' dir='ltr'><strong>Molanus</strong></span> <span class='ocrx_word' id='word_1_331' title='bbox 3627 2571 3685 2625; x_wconf 91' lang='lat' dir='ltr'><strong>in</strong></span> 
     </span>
    </p>
   </div>
   <div class='ocr_carea' id='block_1_45' title="bbox 2056 2659 3084 2735">
    <p class='ocr_par' dir='ltr' id='par_1_45' title="bbox 2056 2659 3084 2735">
     <span class='ocr_line' id='line_1_45' title="bbox 2056 2659 3084 2735; baseline 0.001 -22"><span class='ocrx_word' id='word_1_332' title='bbox 2056 2659 2232 2714; x_wconf 81' lang='lat' dir='ltr'><strong>Natal.</strong></span> <span class='ocrx_word' id='word_1_333' title='bbox 2253 2660 2343 2715; x_wconf 87' lang='lat' dir='ltr'><strong>SS.</strong></span> <span class='ocrx_word' id='word_1_334' title='bbox 2372 2660 2563 2735; x_wconf 87' lang='lat' dir='ltr'><strong>Belgii,</strong></span> <span class='ocrx_word' id='word_1_335' title='bbox 2606 2660 2695 2714; x_wconf 87' lang='lat' dir='ltr'><strong>die</strong></span> <span class='ocrx_word' id='word_1_336' title='bbox 2717 2661 2784 2714; x_wconf 80' lang='grc'><strong>15</strong></span> <span class='ocrx_word' id='word_1_337' title='bbox 2812 2660 3084 2714; x_wconf 62' lang='lat' dir='ltr'><strong>Januarii.</strong></span> 
     </span>
    </p>
   </div>
   <div class='ocr_carea' id='block_1_46' title="bbox 2130 2752 3681 2824">
    <p class='ocr_par' dir='ltr' id='par_1_46' title="bbox 2130 2752 3681 2824">
     <span class='ocr_line' id='line_1_46' title="bbox 2130 2752 3681 2824; baseline 0.001 -18"><span class='ocrx_word' id='word_1_338' title='bbox 2130 2752 2297 2807; x_wconf 88' lang='lat' dir='ltr'><strong>Porro</strong></span> <span class='ocrx_word' id='word_1_339' title='bbox 2319 2752 2375 2806; x_wconf 92' lang='lat' dir='ltr'><strong>in</strong></span> <span class='ocrx_word' id='word_1_340' title='bbox 2406 2769 2571 2824; x_wconf 90' lang='lat' dir='ltr'><strong>quem</strong></span> <span class='ocrx_word' id='word_1_341' title='bbox 2604 2752 3042 2807; x_wconf 88' lang='lat' dir='ltr'><strong>Dominiannum</strong></span> <span class='ocrx_word' id='word_1_342' title='bbox 3078 2752 3336 2807; x_wconf 89' lang='lat' dir='ltr'><strong>inciderit</strong></span> <span class='ocrx_word' id='word_1_343' title='bbox 3366 2752 3681 2823; x_wconf 87' lang='lat' dir='ltr'><strong>baptismus</strong></span> 
     </span>
    </p>
   </div>
   <div class='ocr_carea' id='block_1_47' title="bbox 343 2833 3689 2906">
    <p class='ocr_par' dir='ltr' id='par_1_47' title="bbox 343 2833 3689 2906">
     <span class='ocr_line' id='line_1_47' title="bbox 343 2833 3689 2906; baseline -0.002 -5"><span class='ocrx_word' id='word_1_344' title='bbox 343 2835 490 2906; x_wconf 77' lang='lat' dir='ltr'><strong>quod</strong></span> <span class='ocrx_word' id='word_1_345' title='bbox 525 2836 683 2902; x_wconf 69' lang='lat' dir='ltr'><strong>civis,</strong></span> <span class='ocrx_word' id='word_1_346' title='bbox 722 2850 815 2888; x_wconf 80' lang='lat' dir='ltr'><strong>nec</strong></span> <span class='ocrx_word' id='word_1_347' title='bbox 842 2839 962 2888; x_wconf 70' lang='lat' dir='ltr'><strong>erat</strong></span> <span class='ocrx_word' id='word_1_348' title='bbox 989 2833 1283 2903; x_wconf 68' lang='lat' dir='ltr'><strong>iniustum.</strong></span> <span class='ocrx_word' id='word_1_349' title='bbox 1313 2848 1417 2903; x_wconf 80' lang='lat' dir='ltr'><strong>pro</strong></span> <span class='ocrx_word' id='word_1_350' title='bbox 1444 2849 1667 2888; x_wconf 79' lang='lat' dir='ltr'><strong>munere</strong></span> <span class='ocrx_word' id='word_1_351' title='bbox 1708 2835 1954 2901; x_wconf 75' lang='lat' dir='ltr'><strong>ingessit.</strong></span> <span class='ocrx_word' id='word_1_352' title='bbox 2064 2840 2321 2897; x_wconf 85' lang='lat' dir='ltr'><strong>Clodovei</strong></span> <span class='ocrx_word' id='word_1_353' title='bbox 2350 2857 2458 2896; x_wconf 92' lang='lat' dir='ltr'><strong>non</strong></span> <span class='ocrx_word' id='word_1_354' title='bbox 2489 2857 2682 2897; x_wconf 88' lang='lat' dir='ltr'><strong>omnes</strong></span> <span class='ocrx_word' id='word_1_355' title='bbox 2703 2842 3078 2896; x_wconf 85' lang='lat' dir='ltr'><strong>consentiunt.</strong></span> <span class='ocrx_word' id='word_1_356' title='bbox 3133 2841 3257 2896; x_wconf 89' lang='lat' dir='ltr'><strong>Post</strong></span> <span class='ocrx_word' id='word_1_357' title='bbox 3288 2840 3456 2896; x_wconf 79' lang='lat' dir='ltr'><strong>linem</strong></span> <span class='ocrx_word' id='word_1_358' title='bbox 3489 2858 3689 2897; x_wconf 90' lang='lat' dir='ltr'><strong>exem-</strong></span> 
     </span>
    </p>
   </div>
   <div class='ocr_carea' id='block_1_48' title="bbox 343 2922 3695 3003">
    <p class='ocr_par' dir='ltr' id='par_1_48' title="bbox 343 2922 3695 3003">
     <span class='ocr_line' id='line_1_48' title="bbox 343 2922 3695 3003; baseline 0.001 -24"><span class='ocrx_word' id='word_1_359' title='bbox 343 2925 422 2980; x_wconf 82' lang='lat' dir='ltr'><strong>Ex</strong></span> <span class='ocrx_word' id='word_1_360' title='bbox 448 2925 724 2998; x_wconf 88' lang='lat' dir='ltr'><strong>Operibus</strong></span> <span class='ocrx_word' id='word_1_361' title='bbox 779 2922 994 2980; x_wconf 90' lang='lat' dir='ltr'><strong>Sidonii</strong></span> <span class='ocrx_word' id='word_1_362' title='bbox 1052 2922 1331 2995; x_wconf 88' lang='lat' dir='ltr'><strong>castigatis</strong></span> <span class='ocrx_word' id='word_1_363' title='bbox 1380 2922 1565 2978; x_wconf 88' lang='lat' dir='ltr'><strong>studio</strong></span> <span class='ocrx_word' id='word_1_364' title='bbox 1607 2923 1836 2978; x_wconf 84' lang='lat' dir='ltr'><strong>Joannis</strong></span> <span class='ocrx_word' id='word_1_365' title='bbox 1861 2924 1961 2978; x_wconf 82' lang='lat' dir='ltr'><strong>Sa-</strong></span> <span class='ocrx_word' id='word_1_366' title='bbox 2065 2930 2236 3003; x_wconf 78' lang='lat' dir='ltr'><strong>plaris</strong></span> <span class='ocrx_word' id='word_1_367' title='bbox 2258 2931 2323 2984; x_wconf 77' lang='grc' dir='ltr'><strong>Μ.</strong></span> <span class='ocrx_word' id='word_1_368' title='bbox 2348 2930 2543 2984; x_wconf 85' lang='lat' dir='ltr'><strong>eadem</strong></span> <span class='ocrx_word' id='word_1_369' title='bbox 2590 2945 2756 2983; x_wconf 87' lang='lat' dir='ltr'><strong>manu</strong></span> <span class='ocrx_word' id='word_1_370' title='bbox 2790 2946 2897 3000; x_wconf 90' lang='lat' dir='ltr'><strong>qua</strong></span> <span class='ocrx_word' id='word_1_371' title='bbox 2930 2929 3195 2999; x_wconf 90' lang='lat' dir='ltr'><strong>scriptum</strong></span> <span class='ocrx_word' id='word_1_372' title='bbox 3228 2937 3310 2983; x_wconf 90' lang='lat' dir='ltr'><strong>est</strong></span> <span class='ocrx_word' id='word_1_373' title='bbox 3332 2929 3470 2983; x_wconf 92' lang='lat' dir='ltr'><strong>illud</strong></span> <span class='ocrx_word' id='word_1_374' title='bbox 3495 2945 3695 2984; x_wconf 88' lang='lat' dir='ltr'><strong>exem-</strong></span> 
     </span>
    </p>
   </div>
   <div class='ocr_carea' id='block_1_49' title="bbox 345 3015 3701 3090">
    <p class='ocr_par' dir='ltr' id='par_1_49' title="bbox 345 3015 3701 3090">
     <span class='ocr_line' id='line_1_49' title="bbox 345 3015 3701 3090; baseline 0.001 -19"><span class='ocrx_word' id='word_1_375' title='bbox 345 3016 586 3083; x_wconf 79' lang='lat' dir='ltr'><strong>varonis,</strong></span> <span class='ocrx_word' id='word_1_376' title='bbox 642 3015 860 3072; x_wconf 87' lang='lat' dir='ltr'><strong>restitui</strong></span> <span class='ocrx_word' id='word_1_377' title='bbox 917 3017 1167 3071; x_wconf 88' lang='lat' dir='ltr'><strong>voculam</strong></span> <span class='ocrx_word' id='word_1_378' title='bbox 1210 3016 1428 3085; x_wconf 75' lang='lat' dir='ltr'><strong>paratis</strong></span> <span class='ocrx_word' id='word_1_379' title='bbox 1484 3030 1580 3086; x_wconf 90' lang='lat' dir='ltr'><strong>pro</strong></span> <span class='ocrx_word' id='word_1_380' title='bbox 1624 3021 1876 3085; x_wconf 80' lang='lat' dir='ltr'><strong>paratus,</strong></span> <span class='ocrx_word' id='word_1_381' title='bbox 1910 3023 1966 3071; x_wconf 87' lang='lat' dir='ltr'><strong>et</strong></span> <span class='ocrx_word' id='word_1_382' title='bbox 2068 3020 2208 3090; x_wconf 89' lang='lat' dir='ltr'><strong>plar,</strong></span> <span class='ocrx_word' id='word_1_383' title='bbox 2241 3019 2357 3073; x_wconf 62' lang='lat' dir='ltr'><strong>haec</strong></span> <span class='ocrx_word' id='word_1_384' title='bbox 2384 3017 2840 3085; x_wconf 87' lang='lat' dir='ltr'><strong>suntadjecta,et</strong></span> <span class='ocrx_word' id='word_1_385' title='bbox 2881 3016 3105 3087; x_wconf 90' lang='lat' dir='ltr'><strong>quidem</strong></span> <span class='ocrx_word' id='word_1_386' title='bbox 3141 3016 3375 3089; x_wconf 88' lang='lat' dir='ltr'><strong>integris</strong></span> <span class='ocrx_word' id='word_1_387' title='bbox 3421 3016 3701 3073; x_wconf 90' lang='lat' dir='ltr'><strong>dictioni—</strong></span> 
     </span>
    </p>
   </div>
   <div class='ocr_carea' id='block_1_50' title="bbox 347 3104 3700 3185">
    <p class='ocr_par' dir='ltr' id='par_1_50' title="bbox 347 3104 3700 3185">
     <span class='ocr_line' id='line_1_50' title="bbox 347 3104 3700 3185; baseline 0 -23"><span class='ocrx_word' id='word_1_388' title='bbox 347 3108 481 3162; x_wconf 78' lang='lat' dir='ltr'><strong>ciuis</strong></span> <span class='ocrx_word' id='word_1_389' title='bbox 503 3121 601 3178; x_wconf 89' lang='lat' dir='ltr'><strong>pro</strong></span> <span class='ocrx_word' id='word_1_390' title='bbox 629 3107 806 3177; x_wconf 80' lang='lat' dir='ltr'><strong>cujus,</strong></span> <span class='ocrx_word' id='word_1_391' title='bbox 838 3112 894 3161; x_wconf 91' lang='lat' dir='ltr'><strong>et</strong></span> <span class='ocrx_word' id='word_1_392' title='bbox 921 3104 1065 3159; x_wconf 89' lang='lat' dir='ltr'><strong>infra</strong></span> <span class='ocrx_word' id='word_1_393' title='bbox 1114 3104 1219 3159; x_wconf 88' lang='lat' dir='ltr'><strong>tria</strong></span> <span class='ocrx_word' id='word_1_394' title='bbox 1248 3104 1355 3158; x_wconf 87' lang='lat' dir='ltr'><strong>alia</strong></span> <span class='ocrx_word' id='word_1_395' title='bbox 1388 3104 1556 3185; x_wconf 87' lang='lat' dir='ltr'><strong>verba</strong></span> <span class='ocrx_word' id='word_1_396' title='bbox 1587 3104 1867 3169; x_wconf 86' lang='lat' dir='ltr'><strong>;vicissim</strong></span> <span class='ocrx_word' id='word_1_397' title='bbox 1901 3121 1965 3159; x_wconf 88' lang='lat' dir='ltr'><strong>ex</strong></span> <span class='ocrx_word' id='word_1_398' title='bbox 2071 3110 2193 3174; x_wconf 88' lang='lat' dir='ltr'><strong>bus,</strong></span> <span class='ocrx_word' id='word_1_399' title='bbox 2224 3123 2336 3162; x_wconf 93' lang='lat' dir='ltr'><strong>non</strong></span> <span class='ocrx_word' id='word_1_400' title='bbox 2394 3106 2537 3161; x_wconf 92' lang='lat' dir='ltr'><strong>notis</strong></span> <span class='ocrx_word' id='word_1_401' title='bbox 2595 3120 2974 3171; x_wconf 89' lang='lat' dir='ltr'><strong>numerorum,</strong></span> <span class='ocrx_word' id='word_1_402' title='bbox 3042 3105 3096 3159; x_wconf 95' lang='lat' dir='ltr'><strong>in</strong></span> <span class='ocrx_word' id='word_1_403' title='bbox 3144 3105 3347 3176; x_wconf 83' lang='lat' dir='ltr'><strong>quibus</strong></span> <span class='ocrx_word' id='word_1_404' title='bbox 3396 3104 3576 3160; x_wconf 85' lang='lat' dir='ltr'><strong>facilis</strong></span> <span class='ocrx_word' id='word_1_405' title='bbox 3609 3115 3700 3163; x_wconf 88' lang='lat' dir='ltr'><strong>est</strong></span> 
     </span>
    </p>
   </div>
   <div class='ocr_carea' id='block_1_51' title="bbox 347 3195 3698 3271">
    <p class='ocr_par' dir='ltr' id='par_1_51' title="bbox 347 3195 3698 3271">
     <span class='ocr_line' id='line_1_51' title="bbox 347 3195 3698 3271; baseline 0.001 -17"><span class='ocrx_word' id='word_1_406' title='bbox 347 3205 537 3254; x_wconf 77' lang='lat' dir='ltr'><strong>nostro</strong></span> <span class='ocrx_word' id='word_1_407' title='bbox 558 3205 805 3263; x_wconf 85' lang='lat' dir='ltr'><strong>auctore,</strong></span> <span class='ocrx_word' id='word_1_408' title='bbox 830 3196 886 3251; x_wconf 92' lang='lat' dir='ltr'><strong>in</strong></span> <span class='ocrx_word' id='word_1_409' title='bbox 927 3196 1123 3252; x_wconf 86' lang='lat' dir='ltr'><strong>eadem</strong></span> <span class='ocrx_word' id='word_1_410' title='bbox 1177 3196 1390 3252; x_wconf 91' lang='lat' dir='ltr'><strong>Sidonii</strong></span> <span class='ocrx_word' id='word_1_411' title='bbox 1437 3195 1970 3266; x_wconf 73' lang='lat' dir='ltr'><strong>epistolapoterunt</strong></span> <span class='ocrx_word' id='word_1_412' title='bbox 2072 3201 2301 3271; x_wconf 86' lang='lat' dir='ltr'><strong>lapsus:</strong></span> <span class='ocrx_word' id='word_1_413' title='bbox 2341 3219 2362 3248; x_wconf 76' lang='grc' dir='ltr'>ι</span> <span class='ocrx_word' id='word_1_414' title='bbox 2416 3198 2493 3251; x_wconf 90' lang='lat' dir='ltr'><strong>Ab</strong></span> <span class='ocrx_word' id='word_1_415' title='bbox 2542 3197 2920 3252; x_wconf 88' lang='lat' dir='ltr'><strong>incarnatione</strong></span> <span class='ocrx_word' id='word_1_416' title='bbox 2978 3199 3193 3254; x_wconf 91' lang='lat' dir='ltr'><strong>Domini</strong></span> <span class='ocrx_word' id='word_1_417' title='bbox 3262 3200 3330 3255; x_wconf 89' lang='lat' dir='ltr'><strong>ad</strong></span> <span class='ocrx_word' id='word_1_418' title='bbox 3395 3201 3698 3256; x_wconf 88' lang='lat' dir='ltr'><strong>transitum</strong></span> 
     </span>
    </p>
   </div>
   <div class='ocr_carea' id='block_1_52' title="bbox 348 3286 3697 3363">
    <p class='ocr_par' dir='ltr' id='par_1_52' title="bbox 348 3286 3697 3363">
     <span class='ocr_line' id='line_1_52' title="bbox 348 3286 3697 3363; baseline -0 -17"><span class='ocrx_word' id='word_1_419' title='bbox 348 3306 547 3348; x_wconf 85' lang='lat' dir='ltr'><strong>novem</strong></span> <span class='ocrx_word' id='word_1_420' title='bbox 573 3299 668 3346; x_wconf 89' lang='lat' dir='ltr'><strong>aut</strong></span> <span class='ocrx_word' id='word_1_421' title='bbox 697 3289 890 3345; x_wconf 87' lang='lat' dir='ltr'><strong>decem</strong></span> <span class='ocrx_word' id='word_1_422' title='bbox 945 3290 1066 3345; x_wconf 88' lang='lat' dir='ltr'><strong>loca</strong></span> <span class='ocrx_word' id='word_1_423' title='bbox 1121 3290 1354 3345; x_wconf 89' lang='lat' dir='ltr'><strong>restitui.</strong></span> <span class='ocrx_word' id='word_1_424' title='bbox 1390 3289 1479 3344; x_wconf 90' lang='lat' dir='ltr'><strong>Sic</strong></span> <span class='ocrx_word' id='word_1_425' title='bbox 1531 3298 1714 3344; x_wconf 89' lang='lat' dir='ltr'><strong>autem</strong></span> <span class='ocrx_word' id='word_1_426' title='bbox 1763 3288 1969 3343; x_wconf 89' lang='lat' dir='ltr'><strong>ibidem</strong></span> <span class='ocrx_word' id='word_1_427' title='bbox 2014 3362 2025 3363; x_wconf 16' lang='grc' dir='ltr'>ί</span> <span class='ocrx_word' id='word_1_428' title='bbox 2070 3288 2242 3344; x_wconf 89' lang='lat' dir='ltr'><strong>sancti</strong></span> <span class='ocrx_word' id='word_1_429' title='bbox 2302 3286 2517 3341; x_wconf 81' lang='lat' dir='ltr'><strong>Martini</strong></span> <span class='ocrx_word' id='word_1_430' title='bbox 2577 3287 2707 3340; x_wconf 89' lang='lat' dir='ltr'><strong>anni</strong></span> <span class='ocrx_word' id='word_1_431' title='bbox 2740 3287 3119 3362; x_wconf 90' lang='lat' dir='ltr'><strong>quadringinti</strong></span> <span class='ocrx_word' id='word_1_432' title='bbox 3152 3288 3518 3363; x_wconf 87' lang='lat' dir='ltr'><strong>quadraginta</strong></span> <span class='ocrx_word' id='word_1_433' title='bbox 3561 3296 3697 3345; x_wconf 90' lang='lat' dir='ltr'><strong>tres.</strong></span> 
     </span>
    </p>
   </div>
   <div class='ocr_carea' id='block_1_53' title="bbox 350 3362 3701 3461">
    <p class='ocr_par' dir='ltr' id='par_1_53' title="bbox 350 3362 3701 3461">
     <span class='ocr_line' id='line_1_53' title="bbox 350 3362 3701 3461; baseline -0.001 -20"><span class='ocrx_word' id='word_1_434' title='bbox 350 3385 556 3461; x_wconf 88' lang='lat' dir='ltr'><strong>legitur</strong></span> <span class='ocrx_word' id='word_1_435' title='bbox 583 3384 705 3440; x_wconf 70' lang='lat' dir='ltr'><strong>haec</strong></span> <span class='ocrx_word' id='word_1_436' title='bbox 726 3383 1003 3439; x_wconf 87' lang='lat' dir='ltr'><strong>sententia</strong></span> <span class='ocrx_word' id='word_1_437' title='bbox 1040 3400 1054 3437; x_wconf 90' lang='lat'><strong>:</strong></span> <span class='ocrx_word' id='word_1_438' title='bbox 1102 3403 1122 3433; x_wconf 76' lang='grc' dir='ltr'>ι</span> <span class='ocrx_word' id='word_1_439' title='bbox 1162 3382 1437 3454; x_wconf 85' lang='lat' dir='ltr'><strong>Quidquid</strong></span> <span class='ocrx_word' id='word_1_440' title='bbox 1468 3382 1762 3447; x_wconf 86' lang='lat' dir='ltr'><strong>detulerat,</strong></span> <span class='ocrx_word' id='word_1_441' title='bbox 1795 3362 2042 3453; x_wconf 83' lang='lat' dir='ltr'><strong>quan-C</strong></span> <span class='ocrx_word' id='word_1_442' title='bbox 2068 3380 2146 3434; x_wconf 88' lang='lat' dir='ltr'><strong>Ab</strong></span> <span class='ocrx_word' id='word_1_443' title='bbox 2195 3380 2575 3435; x_wconf 91' lang='lat' dir='ltr'><strong>incarnatione</strong></span> <span class='ocrx_word' id='word_1_444' title='bbox 2642 3378 2860 3432; x_wconf 88' lang='lat' dir='ltr'><strong>Domini</strong></span> <span class='ocrx_word' id='word_1_445' title='bbox 2931 3379 3001 3433; x_wconf 89' lang='lat' dir='ltr'><strong>ad</strong></span> <span class='ocrx_word' id='word_1_446' title='bbox 3052 3362 3393 3450; x_wconf 82' lang='lat' dir='ltr'><strong>baptismum</strong></span> <span class='ocrx_word' id='word_1_447' title='bbox 3451 3381 3701 3437; x_wconf 90' lang='lat' dir='ltr'><strong>Franco-</strong></span> 
     </span>
    </p>
   </div>
   <div class='ocr_carea' id='block_1_54' title="bbox 350 3470 3701 3547">
    <p class='ocr_par' dir='ltr' id='par_1_54' title="bbox 350 3470 3701 3547">
     <span class='ocr_line' id='line_1_54' title="bbox 350 3470 3701 3547; baseline -0 -18"><span class='ocrx_word' id='word_1_448' title='bbox 350 3490 518 3547; x_wconf 85' lang='lat' dir='ltr'><strong>quam</strong></span> <span class='ocrx_word' id='word_1_449' title='bbox 544 3472 778 3529; x_wconf 84' lang='lat' dir='ltr'><strong>mercari</strong></span> <span class='ocrx_word' id='word_1_450' title='bbox 838 3471 1064 3544; x_wconf 89' lang='lat' dir='ltr'><strong>paratis,</strong></span> <span class='ocrx_word' id='word_1_451' title='bbox 1126 3471 1276 3542; x_wconf 90' lang='lat' dir='ltr'><strong>quod</strong></span> <span class='ocrx_word' id='word_1_452' title='bbox 1324 3477 1510 3525; x_wconf 86' lang='lat' dir='ltr'><strong>tamen</strong></span> <span class='ocrx_word' id='word_1_453' title='bbox 1568 3478 1629 3525; x_wconf 93' lang='lat' dir='ltr'><strong>ut</strong></span> <span class='ocrx_word' id='word_1_454' title='bbox 1657 3470 1811 3536; x_wconf 88' lang='lat' dir='ltr'><strong>civis,</strong></span> <span class='ocrx_word' id='word_1_455' title='bbox 1870 3483 1971 3523; x_wconf 90' lang='lat' dir='ltr'><strong>nec</strong></span> <span class='ocrx_word' id='word_1_456' title='bbox 2072 3470 3161 3546; x_wconf 87' lang='lat' dir='ltr'><strong>rumanniquingentiquadragintaduo</strong></span> <span class='ocrx_word' id='word_1_457' title='bbox 3203 3473 3283 3526; x_wconf 89' lang='lat' dir='ltr'><strong>Ab</strong></span> <span class='ocrx_word' id='word_1_458' title='bbox 3310 3472 3701 3528; x_wconf 88' lang='lat' dir='ltr'><strong>incarnatione</strong></span> 
     </span>
    </p>
   </div>
   <div class='ocr_carea' id='block_1_55' title="bbox 351 3557 1961 3642">
    <p class='ocr_par' dir='ltr' id='par_1_55' title="bbox 351 3557 1961 3634">
     <span class='ocr_line' id='line_1_55' title="bbox 351 3557 1961 3634; baseline -0.005 -15"><span class='ocrx_word' id='word_1_459' title='bbox 351 3572 468 3619; x_wconf 88' lang='lat' dir='ltr'><strong>erat</strong></span> <span class='ocrx_word' id='word_1_460' title='bbox 492 3563 781 3631; x_wconf 90' lang='lat' dir='ltr'><strong>injustum,</strong></span> <span class='ocrx_word' id='word_1_461' title='bbox 817 3577 917 3633; x_wconf 91' lang='lat' dir='ltr'><strong>pro</strong></span> <span class='ocrx_word' id='word_1_462' title='bbox 958 3577 1189 3615; x_wconf 90' lang='lat' dir='ltr'><strong>munere</strong></span> <span class='ocrx_word' id='word_1_463' title='bbox 1234 3560 1485 3634; x_wconf 90' lang='lat' dir='ltr'><strong>ingessit.</strong></span> <span class='ocrx_word' id='word_1_464' title='bbox 1544 3559 1746 3614; x_wconf 87' lang='lat' dir='ltr'><strong>Eodem</strong></span> <span class='ocrx_word' id='word_1_465' title='bbox 1805 3557 1961 3612; x_wconf 83' lang='lat' dir='ltr'><strong>modo</strong></span> 
     </span>
    </p>
   </div>
   <div class='ocr_carea' id='block_1_56' title="bbox 2076 3557 3699 3642">
    <p class='ocr_par' dir='ltr' id='par_1_56' title="bbox 2076 3565 3699 3642">
     <span class='ocr_line' id='line_1_56' title="bbox 2076 3565 3699 3642; baseline -0.002 -17"><span class='ocrx_word' id='word_1_466' title='bbox 2076 3569 2287 3625; x_wconf 88' lang='lat' dir='ltr'><strong>Domini</strong></span> <span class='ocrx_word' id='word_1_467' title='bbox 2318 3584 2495 3639; x_wconf 88' lang='lat' dir='ltr'><strong>usque</strong></span> <span class='ocrx_word' id='word_1_468' title='bbox 2514 3568 2581 3622; x_wconf 85' lang='lat' dir='ltr'><strong>ad</strong></span> <span class='ocrx_word' id='word_1_469' title='bbox 2613 3565 2905 3621; x_wconf 87' lang='lat' dir='ltr'><strong>transitum</strong></span> <span class='ocrx_word' id='word_1_470' title='bbox 2941 3565 3200 3621; x_wconf 90' lang='lat' dir='ltr'><strong>Clodovei</strong></span> <span class='ocrx_word' id='word_1_471' title='bbox 3235 3566 3364 3620; x_wconf 90' lang='lat' dir='ltr'><strong>anni</strong></span> <span class='ocrx_word' id='word_1_472' title='bbox 3399 3566 3699 3642; x_wconf 88' lang='lat' dir='ltr'><strong>quingenti</strong></span> 
     </span>
    </p>
   </div>
   <div class='ocr_carea' id='block_1_57' title="bbox 352 3647 3702 3736">
    <p class='ocr_par' dir='ltr' id='par_1_57' title="bbox 352 3647 3702 3736">
     <span class='ocr_line' id='line_1_57' title="bbox 352 3647 3702 3736; baseline -0.004 -7"><span class='ocrx_word' id='word_1_473' title='bbox 352 3653 488 3729; x_wconf 71' lang='grc' dir='ltr'><strong>ιθείι</strong></span> <span class='ocrx_word' id='word_1_474' title='bbox 516 3652 689 3709; x_wconf 54' lang='lat' dir='ltr'><strong>editio</strong></span> <span class='ocrx_word' id='word_1_475' title='bbox 715 3668 839 3707; x_wconf 74' lang='lat' dir='ltr'><strong>cum</strong></span> <span class='ocrx_word' id='word_1_476' title='bbox 910 3651 1057 3706; x_wconf 68' lang='grc' dir='ltr'><strong>ηοιίε</strong></span> <span class='ocrx_word' id='word_1_477' title='bbox 1105 3651 1335 3707; x_wconf 67' lang='lat' dir='ltr'><strong>Joannis</strong></span> <span class='ocrx_word' id='word_1_478' title='bbox 1388 3652 1459 3704; x_wconf 70' lang='lat' dir='ltr'><strong>de</strong></span> <span class='ocrx_word' id='word_1_479' title='bbox 1514 3647 1867 3713; x_wconf 56' lang='lat' dir='ltr'><strong>Wouwer”,</strong></span> <span class='ocrx_word' id='word_1_480' title='bbox 1917 3655 1972 3701; x_wconf 70' lang='grc' dir='ltr'>θί</span> <span class='ocrx_word' id='word_1_481' title='bbox 2072 3664 2479 3736; x_wconf 87' lang='lat' dir='ltr'><strong>quinquaginta</strong></span> <span class='ocrx_word' id='word_1_482' title='bbox 2529 3678 2641 3717; x_wconf 88' lang='lat' dir='ltr'><strong>sex.</strong></span> <span class='ocrx_word' id='word_1_483' title='bbox 2704 3661 2782 3715; x_wconf 92' lang='lat' dir='ltr'><strong>Ab</strong></span> <span class='ocrx_word' id='word_1_484' title='bbox 2831 3660 3211 3716; x_wconf 86' lang='lat' dir='ltr'><strong>incarnatione</strong></span> <span class='ocrx_word' id='word_1_485' title='bbox 3268 3660 3487 3716; x_wconf 91' lang='lat' dir='ltr'><strong>Domini</strong></span> <span class='ocrx_word' id='word_1_486' title='bbox 3516 3676 3702 3732; x_wconf 88' lang='lat' dir='ltr'><strong>usque</strong></span> 
     </span>
    </p>
   </div>
   <div class='ocr_carea' id='block_1_58' title="bbox 352 3738 1967 3814">
    <p class='ocr_par' dir='ltr' id='par_1_58' title="bbox 352 3738 1967 3814">
     <span class='ocr_line' id='line_1_58' title="bbox 352 3738 1967 3814; baseline -0.006 -13"><span class='ocrx_word' id='word_1_487' title='bbox 352 3746 499 3802; x_wconf 87' lang='lat' dir='ltr'><strong>Petri</strong></span> <span class='ocrx_word' id='word_1_488' title='bbox 540 3743 849 3811; x_wconf 90' lang='lat' dir='ltr'><strong>Colvii,nisi</strong></span> <span class='ocrx_word' id='word_1_489' title='bbox 892 3743 1043 3814; x_wconf 90' lang='lat' dir='ltr'><strong>quod</strong></span> <span class='ocrx_word' id='word_1_490' title='bbox 1093 3743 1147 3797; x_wconf 90' lang='lat' dir='ltr'><strong>in</strong></span> <span class='ocrx_word' id='word_1_491' title='bbox 1179 3742 1364 3797; x_wconf 85' lang='lat' dir='ltr'><strong>medio</strong></span> <span class='ocrx_word' id='word_1_492' title='bbox 1404 3741 1480 3796; x_wconf 88' lang='lat' dir='ltr'><strong>ita</strong></span> <span class='ocrx_word' id='word_1_493' title='bbox 1506 3741 1650 3811; x_wconf 87' lang='lat' dir='ltr'><strong>legat</strong></span> <span class='ocrx_word' id='word_1_494' title='bbox 1680 3744 1736 3793; x_wconf 89' lang='lat' dir='ltr'><strong>et</strong></span> <span class='ocrx_word' id='word_1_495' title='bbox 1765 3738 1967 3793; x_wconf 91' lang='lat' dir='ltr'><strong>distin-</strong></span> 
     </span>
    </p>
   </div>
   <div class='ocr_carea' id='block_1_59' title="bbox 351 3831 1963 3910">
    <p class='ocr_par' dir='ltr' id='par_1_59' title="bbox 351 3831 1963 3910">
     <span class='ocr_line' id='line_1_59' title="bbox 351 3831 1963 3910; baseline -0.006 -18"><span class='ocrx_word' id='word_1_496' title='bbox 351 3846 503 3910; x_wconf 76' lang='lat' dir='ltr'><strong>guat,</strong></span> <span class='ocrx_word' id='word_1_497' title='bbox 535 3836 677 3892; x_wconf 84' lang='lat' dir='ltr'><strong>facta</strong></span> <span class='ocrx_word' id='word_1_498' title='bbox 703 3834 1019 3907; x_wconf 88' lang='lat' dir='ltr'><strong>parenthesi</strong></span> <span class='ocrx_word' id='word_1_499' title='bbox 1048 3834 1212 3905; x_wconf 88' lang='lat' dir='ltr'><strong>(quod</strong></span> <span class='ocrx_word' id='word_1_500' title='bbox 1255 3839 1434 3888; x_wconf 81' lang='lat' dir='ltr'><strong>tamen</strong></span> <span class='ocrx_word' id='word_1_501' title='bbox 1480 3831 1636 3899; x_wconf 86' lang='lat' dir='ltr'><strong>cujus</strong></span> <span class='ocrx_word' id='word_1_502' title='bbox 1682 3845 1776 3884; x_wconf 83' lang='lat' dir='ltr'><strong>nec</strong></span> <span class='ocrx_word' id='word_1_503' title='bbox 1830 3833 1963 3896; x_wconf 81' lang='lat' dir='ltr'><strong>erat,</strong></span> 
     </span>
    </p>
   </div>
   <div class='ocr_carea' id='block_1_60' title="bbox 354 3922 1970 4000">
    <p class='ocr_par' dir='ltr' id='par_1_60' title="bbox 354 3922 1970 4000">
     <span class='ocr_line' id='line_1_60' title="bbox 354 3922 1970 4000; baseline -0.004 -16"><span class='ocrx_word' id='word_1_504' title='bbox 354 3930 637 4000; x_wconf 78' lang='lat' dir='ltr'><strong>injustuml</strong></span> <span class='ocrx_word' id='word_1_505' title='bbox 669 3928 811 3984; x_wconf 89' lang='lat' dir='ltr'><strong>sicut</strong></span> <span class='ocrx_word' id='word_1_506' title='bbox 857 3938 912 3983; x_wconf 90' lang='lat' dir='ltr'><strong>et</strong></span> <span class='ocrx_word' id='word_1_507' title='bbox 966 3927 1101 3982; x_wconf 86' lang='lat' dir='ltr'><strong>alias</strong></span> <span class='ocrx_word' id='word_1_508' title='bbox 1145 3927 1202 3981; x_wconf 92' lang='lat' dir='ltr'><strong>in</strong></span> <span class='ocrx_word' id='word_1_509' title='bbox 1233 3926 1427 3981; x_wconf 89' lang='lat' dir='ltr'><strong>eadem</strong></span> <span class='ocrx_word' id='word_1_510' title='bbox 1467 3923 1702 3994; x_wconf 90' lang='lat' dir='ltr'><strong>epistola</strong></span> <span class='ocrx_word' id='word_1_511' title='bbox 1741 3922 1970 3978; x_wconf 83' lang='lat' dir='ltr'><strong>mendas</strong></span> 
     </span>
    </p>
   </div>
   <div class='ocr_carea' id='block_1_61' title="bbox 352 4013 1966 4087">
    <p class='ocr_par' dir='ltr' id='par_1_61' title="bbox 352 4013 1966 4087">
     <span class='ocr_line' id='line_1_61' title="bbox 352 4013 1966 4087; baseline -0.006 -9"><span class='ocrx_word' id='word_1_512' title='bbox 352 4024 539 4087; x_wconf 88' lang='lat' dir='ltr'><strong>habet,</strong></span> <span class='ocrx_word' id='word_1_513' title='bbox 566 4029 625 4078; x_wconf 89' lang='lat' dir='ltr'><strong>ut</strong></span> <span class='ocrx_word' id='word_1_514' title='bbox 657 4021 827 4077; x_wconf 91' lang='lat' dir='ltr'><strong>editio</strong></span> <span class='ocrx_word' id='word_1_515' title='bbox 853 4018 1146 4076; x_wconf 90' lang='lat' dir='ltr'><strong>Savaronis</strong></span> <span class='ocrx_word' id='word_1_516' title='bbox 1173 4017 1374 4073; x_wconf 88' lang='lat' dir='ltr'><strong>merito</strong></span> <span class='ocrx_word' id='word_1_517' title='bbox 1429 4015 1500 4071; x_wconf 90' lang='lat' dir='ltr'><strong>sit</strong></span> <span class='ocrx_word' id='word_1_518' title='bbox 1532 4013 1898 4087; x_wconf 74' lang='lat' dir='ltr'><strong>przeferenda,</strong></span> <span class='ocrx_word' id='word_1_519' title='bbox 1921 4014 1966 4069; x_wconf 94' lang='lat' dir='ltr'><strong>si</strong></span> 
     </span>
    </p>
   </div>
   <div class='ocr_carea' id='block_1_62' title="bbox 352 4106 1408 4187">
    <p class='ocr_par' dir='ltr' id='par_1_62' title="bbox 352 4106 1408 4187">
     <span class='ocr_line' id='line_1_62' title="bbox 352 4106 1408 4187; baseline -0.008 -19"><span class='ocrx_word' id='word_1_520' title='bbox 352 4129 415 4168; x_wconf 90' lang='lat' dir='ltr'><strong>ex</strong></span> <span class='ocrx_word' id='word_1_521' title='bbox 447 4127 638 4187; x_wconf 89' lang='lat' dir='ltr'><strong>ungue</strong></span> <span class='ocrx_word' id='word_1_522' title='bbox 666 4112 882 4167; x_wconf 90' lang='lat' dir='ltr'><strong>leonem</strong></span> <span class='ocrx_word' id='word_1_523' title='bbox 910 4110 1163 4179; x_wconf 88' lang='lat' dir='ltr'><strong>judicare</strong></span> <span class='ocrx_word' id='word_1_524' title='bbox 1194 4106 1276 4163; x_wconf 88' lang='lat' dir='ltr'><strong>fas</strong></span> <span class='ocrx_word' id='word_1_525' title='bbox 1306 4112 1408 4161; x_wconf 91' lang='lat' dir='ltr'><strong>est.</strong></span> 
     </span>
    </p>
   </div>
   <div class='ocr_carea' id='block_1_63' title="bbox 974 4204 1351 4263">
    <p class='ocr_par' dir='ltr' id='par_1_63' title="bbox 974 4204 1351 4263">
     <span class='ocr_line' id='line_1_63' title="bbox 974 4204 1351 4263; baseline -0.016 0"><span class='ocrx_word' id='word_1_526' title='bbox 974 4206 1184 4263; x_wconf 82' lang='lat' dir='ltr'><strong>CAPUT</strong></span> <span class='ocrx_word' id='word_1_527' title='bbox 1206 4204 1351 4259; x_wconf 83' lang='lat' dir='ltr'><strong>XIII.</strong></span> 
     </span>
    </p>
   </div>
   <div class='ocr_carea' id='block_1_64' title="bbox 424 4294 1969 4372">
    <p class='ocr_par' dir='ltr' id='par_1_64' title="bbox 424 4294 1969 4372">
     <span class='ocr_line' id='line_1_64' title="bbox 424 4294 1969 4372; baseline -0.008 -12"><span class='ocrx_word' id='word_1_528' title='bbox 424 4305 724 4372; x_wconf 77' lang='lat' dir='ltr'><strong>Siagrium,</strong></span> <span class='ocrx_word' id='word_1_529' title='bbox 759 4304 1060 4358; x_wconf 85' lang='lat' dir='ltr'><strong>Romanum</strong></span> <span class='ocrx_word' id='word_1_530' title='bbox 1111 4297 1395 4367; x_wconf 81' lang='lat' dir='ltr'><strong>quemdam</strong></span> <span class='ocrx_word' id='word_1_531' title='bbox 1423 4297 1742 4366; x_wconf 76' lang='lat' dir='ltr'><strong>principem.</strong></span> <span class='ocrx_word' id='word_1_532' title='bbox 1780 4294 1829 4348; x_wconf 89' lang='lat' dir='ltr'><strong>Is</strong></span> <span class='ocrx_word' id='word_1_533' title='bbox 1852 4299 1969 4348; x_wconf 91' lang='lat' dir='ltr'><strong>erat</strong></span> 
     </span>
    </p>
   </div>
   <div class='ocr_carea' id='block_1_65' title="bbox 353 4381 1970 4464">
    <p class='ocr_par' dir='ltr' id='par_1_65' title="bbox 353 4381 1970 4464">
     <span class='ocr_line' id='line_1_65' title="bbox 353 4381 1970 4464; baseline -0.007 -17"><span class='ocrx_word' id='word_1_534' title='bbox 353 4392 553 4464; x_wconf 63' lang='lat' dir='ltr'><strong>Egidii</strong></span> <span class='ocrx_word' id='word_1_535' title='bbox 579 4389 746 4458; x_wconf 80' lang='lat' dir='ltr'><strong>filius,</strong></span> <span class='ocrx_word' id='word_1_536' title='bbox 777 4390 887 4445; x_wconf 91' lang='lat' dir='ltr'><strong>dux</strong></span> <span class='ocrx_word' id='word_1_537' title='bbox 920 4389 1314 4454; x_wconf 87' lang='lat' dir='ltr'><strong>Romanorum,</strong></span> <span class='ocrx_word' id='word_1_538' title='bbox 1359 4384 1452 4456; x_wconf 90' lang='lat' dir='ltr'><strong>qui</strong></span> <span class='ocrx_word' id='word_1_539' title='bbox 1499 4382 1797 4438; x_wconf 84' lang='lat' dir='ltr'><strong>Suessione</strong></span> <span class='ocrx_word' id='word_1_540' title='bbox 1828 4381 1970 4436; x_wconf 83' lang='lat' dir='ltr'><strong>resi-</strong></span> 
     </span>
    </p>
   </div>
   <div class='ocr_carea' id='block_1_66' title="bbox 353 4475 1965 4558">
    <p class='ocr_par' dir='ltr' id='par_1_66' title="bbox 353 4475 1965 4558">
     <span class='ocr_line' id='line_1_66' title="bbox 353 4475 1965 4558; baseline -0.007 -18"><span class='ocrx_word' id='word_1_541' title='bbox 353 4485 540 4541; x_wconf 87' lang='lat' dir='ltr'><strong>debat.</strong></span> <span class='ocrx_word' id='word_1_542' title='bbox 574 4483 800 4558; x_wconf 88' lang='lat' dir='ltr'><strong>Gregor.</strong></span> <span class='ocrx_word' id='word_1_543' title='bbox 830 4478 1165 4538; x_wconf 89' lang='lat' dir='ltr'><strong>Turonensis</strong></span> <span class='ocrx_word' id='word_1_544' title='bbox 1201 4477 1301 4533; x_wconf 91' lang='lat' dir='ltr'><strong>lib.</strong></span> <span class='ocrx_word' id='word_1_545' title='bbox 1355 4494 1391 4531; x_wconf 84' lang='grc' dir='ltr'><strong>ιι</strong></span> <span class='ocrx_word' id='word_1_546' title='bbox 1434 4476 1567 4531; x_wconf 84' lang='lat' dir='ltr'><strong>Hist.</strong></span> <span class='ocrx_word' id='word_1_547' title='bbox 1610 4475 1965 4541; x_wconf 85' lang='lat' dir='ltr'><strong>Francorum,</strong></span> 
     </span>
    </p>
   </div>
   <div class='ocr_carea' id='block_1_67' title="bbox 353 4568 1972 4648">
    <p class='ocr_par' dir='ltr' id='par_1_67' title="bbox 353 4568 1972 4648">
     <span class='ocr_line' id='line_1_67' title="bbox 353 4568 1972 4648; baseline -0.006 -17"><span class='ocrx_word' id='word_1_548' title='bbox 353 4592 404 4631; x_wconf 89' lang='lat' dir='ltr'><strong>c.</strong></span> <span class='ocrx_word' id='word_1_549' title='bbox 433 4574 500 4630; x_wconf 75' lang='lat'>27</span> <span class='ocrx_word' id='word_1_550' title='bbox 531 4592 546 4643; x_wconf 84' lang='lat'><strong>;</strong></span> <span class='ocrx_word' id='word_1_551' title='bbox 579 4574 767 4648; x_wconf 91' lang='lat' dir='ltr'><strong>Sigeb.</strong></span> <span class='ocrx_word' id='word_1_552' title='bbox 808 4572 864 4628; x_wconf 91' lang='lat' dir='ltr'><strong>in</strong></span> <span class='ocrx_word' id='word_1_553' title='bbox 893 4569 1165 4627; x_wconf 86' lang='lat' dir='ltr'><strong>Chronico</strong></span> <span class='ocrx_word' id='word_1_554' title='bbox 1187 4585 1332 4625; x_wconf 88' lang='lat' dir='ltr'><strong>anno</strong></span> <span class='ocrx_word' id='word_1_555' title='bbox 1361 4568 1487 4634; x_wconf 72' lang='lat'><strong>489,</strong></span> <span class='ocrx_word' id='word_1_556' title='bbox 1514 4582 1624 4639; x_wconf 89' lang='lat' dir='ltr'><strong>quo</strong></span> <span class='ocrx_word' id='word_1_557' title='bbox 1645 4583 1773 4623; x_wconf 90' lang='lat' dir='ltr'><strong>eum</strong></span> <span class='ocrx_word' id='word_1_558' title='bbox 1805 4581 1972 4622; x_wconf 90' lang='lat' dir='ltr'><strong>occu-</strong></span> 
     </span>
    </p>
   </div>
   <div class='ocr_carea' id='block_1_68' title="bbox 352 4663 778 4721">
    <p class='ocr_par' dir='ltr' id='par_1_68' title="bbox 352 4663 778 4721">
     <span class='ocr_line' id='line_1_68' title="bbox 352 4663 778 4721; baseline -0.002 -2"><span class='ocrx_word' id='word_1_559' title='bbox 352 4664 541 4721; x_wconf 88' lang='lat' dir='ltr'><strong>buisse</strong></span> <span class='ocrx_word' id='word_1_560' title='bbox 566 4663 778 4721; x_wconf 84' lang='lat' dir='ltr'><strong>scribit.</strong></span> 
     </span>
    </p>
   </div>
   <div class='ocr_carea' id='block_1_69' title="bbox 2069 3748 3699 3825">
    <p class='ocr_par' dir='ltr' id='par_1_69' title="bbox 2069 3748 3699 3825">
     <span class='ocr_line' id='line_1_69' title="bbox 2069 3748 3699 3825; baseline -0.003 -16"><span class='ocrx_word' id='word_1_561' title='bbox 2069 3754 2139 3809; x_wconf 89' lang='lat' dir='ltr'><strong>ad</strong></span> <span class='ocrx_word' id='word_1_562' title='bbox 2195 3753 2484 3807; x_wconf 87' lang='lat' dir='ltr'><strong>transitum</strong></span> <span class='ocrx_word' id='word_1_563' title='bbox 2552 3751 2605 3805; x_wconf 89' lang='lat' dir='ltr'><strong>S.</strong></span> <span class='ocrx_word' id='word_1_564' title='bbox 2640 3749 3061 3825; x_wconf 88' lang='lat' dir='ltr'><strong>Rcmigii&#39;anni</strong></span> <span class='ocrx_word' id='word_1_565' title='bbox 3120 3748 3415 3821; x_wconf 89' lang='lat' dir='ltr'><strong>quingenti</strong></span> <span class='ocrx_word' id='word_1_566' title='bbox 3467 3757 3699 3820; x_wconf 84' lang='lat' dir='ltr'><strong>septua—</strong></span> 
     </span>
    </p>
   </div>
   <div class='ocr_carea' id='block_1_70' title="bbox 2070 3840 3701 3921">
    <p class='ocr_par' dir='ltr' id='par_1_70' title="bbox 2070 3840 3701 3921">
     <span class='ocr_line' id='line_1_70' title="bbox 2070 3840 3701 3921; baseline -0.005 -19"><span class='ocrx_word' id='word_1_567' title='bbox 2070 3846 2224 3921; x_wconf 89' lang='lat' dir='ltr'><strong>ginta</strong></span> <span class='ocrx_word' id='word_1_568' title='bbox 2254 3846 2500 3918; x_wconf 91' lang='lat' dir='ltr'><strong>quinque</strong></span> <span class='ocrx_word' id='word_1_569' title='bbox 2514 3851 2921 3915; x_wconf 87' lang='lat' dir='ltr'><strong>computantur.</strong></span> <span class='ocrx_word' id='word_1_570' title='bbox 2946 3864 2971 3889; x_wconf 74' lang='grc' dir='ltr'><strong>ιι</strong></span> <span class='ocrx_word' id='word_1_571' title='bbox 2991 3842 3081 3897; x_wconf 92' lang='lat' dir='ltr'><strong>Sic</strong></span> <span class='ocrx_word' id='word_1_572' title='bbox 3121 3840 3221 3895; x_wconf 91' lang='lat' dir='ltr'><strong>ibi.</strong></span> <span class='ocrx_word' id='word_1_573' title='bbox 3251 3840 3359 3895; x_wconf 90' lang='lat' dir='ltr'><strong>Sed</strong></span> <span class='ocrx_word' id='word_1_574' title='bbox 3393 3840 3511 3895; x_wconf 57' lang='lat' dir='ltr'><strong>haec</strong></span> <span class='ocrx_word' id='word_1_575' title='bbox 3544 3841 3701 3894; x_wconf 88' lang='lat' dir='ltr'><strong>mul-</strong></span> 
     </span>
    </p>
   </div>
   <div class='ocr_carea' id='block_1_71' title="bbox 2072 3931 3691 3994">
    <p class='ocr_par' dir='ltr' id='par_1_71' title="bbox 2072 3931 3691 3994">
     <span class='ocr_line' id='line_1_71' title="bbox 2072 3931 3691 3994; baseline -0.004 -1"><span class='ocrx_word' id='word_1_576' title='bbox 2072 3939 2140 3994; x_wconf 89' lang='lat' dir='ltr'><strong>tis</strong></span> <span class='ocrx_word' id='word_1_577' title='bbox 2165 3937 2345 3992; x_wconf 90' lang='lat' dir='ltr'><strong>modis</strong></span> <span class='ocrx_word' id='word_1_578' title='bbox 2395 3953 2426 3990; x_wconf 90' lang='lat' dir='ltr'><strong>a</strong></span> <span class='ocrx_word' id='word_1_579' title='bbox 2469 3951 2597 3991; x_wconf 90' lang='lat' dir='ltr'><strong>vero</strong></span> <span class='ocrx_word' id='word_1_580' title='bbox 2655 3932 2942 3989; x_wconf 86' lang='lat' dir='ltr'><strong>deﬁciunt.</strong></span> <span class='ocrx_word' id='word_1_581' title='bbox 3001 3932 3258 3988; x_wconf 89' lang='lat' dir='ltr'><strong>Nicolaus</strong></span> <span class='ocrx_word' id='word_1_582' title='bbox 3309 3931 3596 3987; x_wconf 88' lang='lat' dir='ltr'><strong>Chesneau</strong></span> <span class='ocrx_word' id='word_1_583' title='bbox 3631 3932 3691 3986; x_wconf 91' lang='lat' dir='ltr'><strong>in</strong></span> 
     </span>
    </p>
   </div>
   <div class='ocr_carea' id='block_1_72' title="bbox 2073 4022 3693 4094">
    <p class='ocr_par' dir='ltr' id='par_1_72' title="bbox 2073 4022 3693 4094">
     <span class='ocr_line' id='line_1_72' title="bbox 2073 4022 3693 4094; baseline -0.005 -9"><span class='ocrx_word' id='word_1_584' title='bbox 2073 4028 2431 4085; x_wconf 87' lang='lat' dir='ltr'><strong>translatione</strong></span> <span class='ocrx_word' id='word_1_585' title='bbox 2472 4044 2573 4083; x_wconf 90' lang='lat' dir='ltr'><strong>sua</strong></span> <span class='ocrx_word' id='word_1_586' title='bbox 2622 4026 2826 4081; x_wconf 91' lang='lat' dir='ltr'><strong>Gallica</strong></span> <span class='ocrx_word' id='word_1_587' title='bbox 2876 4026 2983 4080; x_wconf 90' lang='lat' dir='ltr'><strong>hoc</strong></span> <span class='ocrx_word' id='word_1_588' title='bbox 3041 4024 3164 4079; x_wconf 89' lang='lat' dir='ltr'><strong>loco</strong></span> <span class='ocrx_word' id='word_1_589' title='bbox 3197 4022 3431 4094; x_wconf 86' lang='lat' dir='ltr'><strong>margini</strong></span> <span class='ocrx_word' id='word_1_590' title='bbox 3463 4022 3693 4091; x_wconf 88' lang='lat' dir='ltr'><strong>adjecit,</strong></span> 
     </span>
    </p>
   </div>
   <div class='ocr_carea' id='block_1_73' title="bbox 2070 4111 3695 4186">
    <p class='ocr_par' dir='ltr' id='par_1_73' title="bbox 2070 4111 3695 4186">
     <span class='ocr_line' id='line_1_73' title="bbox 2070 4111 3695 4186; baseline -0.004 -13"><span class='ocrx_word' id='word_1_591' title='bbox 2070 4118 2400 4174; x_wconf 78' lang='lat' dir='ltr'><strong>Clodoveum</strong></span> <span class='ocrx_word' id='word_1_592' title='bbox 2434 4133 2554 4172; x_wconf 89' lang='lat' dir='ltr'><strong>esse</strong></span> <span class='ocrx_word' id='word_1_593' title='bbox 2579 4115 2916 4186; x_wconf 84' lang='lat' dir='ltr'><strong>baptizatum</strong></span> <span class='ocrx_word' id='word_1_594' title='bbox 2962 4113 3017 4167; x_wconf 92' lang='lat' dir='ltr'><strong>in</strong></span> <span class='ocrx_word' id='word_1_595' title='bbox 3040 4111 3227 4184; x_wconf 81' lang='lat' dir='ltr'><strong>vigilia</strong></span> <span class='ocrx_word' id='word_1_596' title='bbox 3270 4111 3511 4178; x_wconf 68' lang='lat' dir='ltr'><strong>Paschae,</strong></span> <span class='ocrx_word' id='word_1_597' title='bbox 3543 4126 3695 4167; x_wconf 88' lang='lat' dir='ltr'><strong>anno</strong></span> 
     </span>
    </p>
   </div>
   <div class='ocr_carea' id='block_1_74' title="bbox 2066 4199 3693 4283">
    <p class='ocr_par' dir='ltr' id='par_1_74' title="bbox 2066 4199 3693 4283">
     <span class='ocr_line' id='line_1_74' title="bbox 2066 4199 3693 4283; baseline -0.005 -20"><span class='ocrx_word' id='word_1_598' title='bbox 2066 4210 2193 4276; x_wconf 78' lang='grc'>497,</span> <span class='ocrx_word' id='word_1_599' title='bbox 2224 4208 2379 4283; x_wconf 86' lang='lat' dir='ltr'><strong>regni</strong></span> <span class='ocrx_word' id='word_1_600' title='bbox 2410 4207 2494 4262; x_wconf 91' lang='lat' dir='ltr'><strong>sui</strong></span> <span class='ocrx_word' id='word_1_601' title='bbox 2524 4206 2616 4273; x_wconf 76' lang='grc'>25,</span> <span class='ocrx_word' id='word_1_602' title='bbox 2645 4204 2897 4277; x_wconf 85' lang='lat' dir='ltr'><strong>quamvis</strong></span> <span class='ocrx_word' id='word_1_603' title='bbox 2949 4203 3095 4257; x_wconf 90' lang='lat' dir='ltr'><strong>idem</strong></span> <span class='ocrx_word' id='word_1_604' title='bbox 3138 4201 3196 4255; x_wconf 91' lang='lat' dir='ltr'><strong>in</strong></span> <span class='ocrx_word' id='word_1_605' title='bbox 3254 4199 3581 4271; x_wconf 69' lang='lat' dir='ltr'><strong>praefatione</strong></span> <span class='ocrx_word' id='word_1_606' title='bbox 3622 4202 3693 4255; x_wconf 89' lang='lat' dir='ltr'><strong>ad</strong></span> 
     </span>
    </p>
   </div>
   <div class='ocr_carea' id='block_1_75' title="bbox 2069 4289 3698 4368">
    <p class='ocr_par' dir='ltr' id='par_1_75' title="bbox 2069 4289 3698 4368">
     <span class='ocr_line' id='line_1_75' title="bbox 2069 4289 3698 4368; baseline -0.005 -14"><span class='ocrx_word' id='word_1_607' title='bbox 2069 4300 2276 4354; x_wconf 87' lang='lat' dir='ltr'><strong>clerum</strong></span> <span class='ocrx_word' id='word_1_608' title='bbox 2306 4304 2359 4353; x_wconf 91' lang='lat' dir='ltr'><strong>et</strong></span> <span class='ocrx_word' id='word_1_609' title='bbox 2412 4294 2675 4368; x_wconf 86' lang='lat' dir='ltr'><strong>pOpulum</strong></span> <span class='ocrx_word' id='word_1_610' title='bbox 2732 4294 3083 4352; x_wconf 86' lang='lat' dir='ltr'><strong>Remensem.</strong></span> <span class='ocrx_word' id='word_1_611' title='bbox 3126 4289 3459 4361; x_wconf 85' lang='lat' dir='ltr'><strong>baptizatum</strong></span> <span class='ocrx_word' id='word_1_612' title='bbox 3492 4289 3698 4346; x_wconf 86' lang='lat' dir='ltr'><strong>dixerit</strong></span> 
     </span>
    </p>
   </div>
   <div class='ocr_carea' id='block_1_76' title="bbox 2069 4377 3699 4452">
    <p class='ocr_par' dir='ltr' id='par_1_76' title="bbox 2069 4377 3699 4452">
     <span class='ocr_line' id='line_1_76' title="bbox 2069 4377 3699 4452; baseline -0.007 -8"><span class='ocrx_word' id='word_1_613' title='bbox 2069 4404 2215 4444; x_wconf 89' lang='lat' dir='ltr'><strong>anno</strong></span> <span class='ocrx_word' id='word_1_614' title='bbox 2238 4388 2361 4452; x_wconf 60' lang='grc'>512,</span> <span class='ocrx_word' id='word_1_615' title='bbox 2386 4394 2448 4440; x_wconf 81' lang='grc' dir='ltr'><strong>ιιι</strong></span> <span class='ocrx_word' id='word_1_616' title='bbox 2472 4391 2555 4439; x_wconf 89' lang='lat' dir='ltr'><strong>est</strong></span> <span class='ocrx_word' id='word_1_617' title='bbox 2609 4383 2666 4437; x_wconf 93' lang='lat' dir='ltr'><strong>in</strong></span> <span class='ocrx_word' id='word_1_618' title='bbox 2720 4382 2831 4437; x_wconf 78' lang='lat' dir='ltr'><strong>line</strong></span> <span class='ocrx_word' id='word_1_619' title='bbox 2882 4379 3014 4435; x_wconf 90' lang='lat' dir='ltr'><strong>dicti</strong></span> <span class='ocrx_word' id='word_1_620' title='bbox 3049 4377 3399 4450; x_wconf 83' lang='lat' dir='ltr'><strong>exemplaris.</strong></span> <span class='ocrx_word' id='word_1_621' title='bbox 3433 4378 3699 4449; x_wconf 77' lang='lat' dir='ltr'><strong>Margati-</strong></span> 
     </span>
    </p>
   </div>
   <div class='ocr_carea' id='block_1_77' title="bbox 2069 4472 3698 4553">
    <p class='ocr_par' dir='ltr' id='par_1_77' title="bbox 2069 4472 3698 4553">
     <span class='ocr_line' id='line_1_77' title="bbox 2069 4472 3698 4553; baseline -0.005 -16"><span class='ocrx_word' id='word_1_622' title='bbox 2069 4498 2174 4537; x_wconf 92' lang='lat' dir='ltr'><strong>nus</strong></span> <span class='ocrx_word' id='word_1_623' title='bbox 2200 4480 2340 4536; x_wconf 83' lang='lat' dir='ltr'><strong>dela</strong></span> <span class='ocrx_word' id='word_1_624' title='bbox 2371 4480 2543 4553; x_wconf 90' lang='lat' dir='ltr'><strong>Bigne</strong></span> <span class='ocrx_word' id='word_1_625' title='bbox 2573 4479 2627 4533; x_wconf 90' lang='lat' dir='ltr'><strong>in</strong></span> <span class='ocrx_word' id='word_1_626' title='bbox 2677 4477 2856 4531; x_wconf 86' lang='lat' dir='ltr'><strong>indice</strong></span> <span class='ocrx_word' id='word_1_627' title='bbox 2894 4473 3287 4547; x_wconf 87' lang='lat' dir='ltr'><strong>chronologico</strong></span> <span class='ocrx_word' id='word_1_628' title='bbox 3332 4472 3698 4529; x_wconf 66' lang='lat' dir='ltr'><strong>Bibliotheca:</strong></span> 
     </span>
    </p>
   </div>
   <div class='ocr_carea' id='block_1_78' title="bbox 2069 4563 3693 4633">
    <p class='ocr_par' dir='ltr' id='par_1_78' title="bbox 2069 4563 3693 4633">
     <span class='ocr_line' id='line_1_78' title="bbox 2069 4563 3693 4633; baseline -0.006 -5"><span class='ocrx_word' id='word_1_629' title='bbox 2069 4574 2290 4628; x_wconf 87' lang='lat' dir='ltr'><strong>Patrum</strong></span> <span class='ocrx_word' id='word_1_630' title='bbox 2322 4570 2582 4626; x_wconf 65' lang='lat' dir='ltr'><strong>secunda:</strong></span> <span class='ocrx_word' id='word_1_631' title='bbox 2610 4580 2663 4623; x_wconf 91' lang='lat' dir='ltr'><strong>et</strong></span> <span class='ocrx_word' id='word_1_632' title='bbox 2701 4567 2873 4622; x_wconf 67' lang='lat' dir='ltr'><strong>tertim</strong></span> <span class='ocrx_word' id='word_1_633' title='bbox 2923 4563 3205 4625; x_wconf 88' lang='lat' dir='ltr'><strong>editionis,</strong></span> <span class='ocrx_word' id='word_1_634' title='bbox 3232 4564 3433 4618; x_wconf 65' lang='lat' dir='ltr'><strong>saeculo</strong></span> <span class='ocrx_word' id='word_1_635' title='bbox 3465 4563 3693 4633; x_wconf 89' lang='lat' dir='ltr'><strong>quinto,</strong></span> 
     </span>
    </p>
   </div>
   <div class='ocr_carea' id='block_1_79' title="bbox 1994 4654 3696 4755">
    <p class='ocr_par' dir='ltr' id='par_1_79' title="bbox 1994 4654 3696 4755">
     <span class='ocr_line' id='line_1_79' title="bbox 1994 4654 3696 4755; baseline -0.005 -36"><span class='ocrx_word' id='word_1_636' title='bbox 1994 4665 2126 4755; x_wconf 84' lang='lat' dir='ltr'><strong>Din</strong></span> <span class='ocrx_word' id='word_1_637' title='bbox 2157 4663 2456 4720; x_wconf 87' lang='lat' dir='ltr'><strong>Claudiano</strong></span> <span class='ocrx_word' id='word_1_638' title='bbox 2505 4661 2765 4714; x_wconf 83' lang='lat' dir='ltr'><strong>Mamerto</strong></span> <span class='ocrx_word' id='word_1_639' title='bbox 2816 4657 2949 4712; x_wconf 84' lang='lat' dir='ltr'><strong>dicit</strong></span> <span class='ocrx_word' id='word_1_640' title='bbox 2978 4655 3312 4755; x_wconf 75' lang='lat' dir='ltr'><strong>Clodoveum</strong></span> <span class='ocrx_word' id='word_1_641' title='bbox 3342 4654 3696 4755; x_wconf 71' lang='lat' dir='ltr'><strong>baptizatum</strong></span> 
     </span>
    </p>
   </div>
   <div class='ocr_carea' id='block_1_80' title="bbox 424 4743 3701 4825">
    <p class='ocr_par' dir='ltr' id='par_1_80' title="bbox 424 4743 3701 4825">
     <span class='ocr_line' id='line_1_80' title="bbox 424 4743 3701 4825; baseline -0.005 -10"><span class='ocrx_word' id='word_1_642' title='bbox 424 4757 536 4823; x_wconf 82' lang='lat' dir='ltr'><strong>Quo</strong></span> <span class='ocrx_word' id='word_1_643' title='bbox 587 4754 861 4825; x_wconf 79' lang='lat' dir='ltr'><strong>quondam</strong></span> <span class='ocrx_word' id='word_1_644' title='bbox 910 4767 1058 4808; x_wconf 78' lang='lat' dir='ltr'><strong>secus</strong></span> <span class='ocrx_word' id='word_1_645' title='bbox 1114 4751 1298 4805; x_wconf 72' lang='lat' dir='ltr'><strong>urbem</strong></span> <span class='ocrx_word' id='word_1_646' title='bbox 1353 4752 1638 4806; x_wconf 70' lang='lat' dir='ltr'><strong>Remorum</strong></span> <span class='ocrx_word' id='word_1_647' title='bbox 1677 4748 1972 4801; x_wconf 68' lang='grc' dir='ltr'><strong>ιναηείίιυη</strong></span> <span class='ocrx_word' id='word_1_648' title='bbox 1998 4743 2046 4755; x_wconf 61' lang='grc' dir='ltr'><em>υ</em></span> <span class='ocrx_word' id='word_1_649' title='bbox 2071 4768 2219 4808; x_wconf 90' lang='lat' dir='ltr'><strong>anno</strong></span> <span class='ocrx_word' id='word_1_650' title='bbox 2245 4752 2374 4816; x_wconf 62' lang='lat'><strong>439,</strong></span> <span class='ocrx_word' id='word_1_651' title='bbox 2400 4752 2505 4806; x_wconf 91' lang='lat' dir='ltr'><strong>hoc</strong></span> <span class='ocrx_word' id='word_1_652' title='bbox 2531 4757 2854 4803; x_wconf 87' lang='lat' dir='ltr'><strong>cstcentum</strong></span> <span class='ocrx_word' id='word_1_653' title='bbox 2901 4748 3013 4800; x_wconf 87' lang='lat' dir='ltr'><strong>fere</strong></span> <span class='ocrx_word' id='word_1_654' title='bbox 3045 4744 3206 4799; x_wconf 90' lang='lat' dir='ltr'><strong>annis</strong></span> <span class='ocrx_word' id='word_1_655' title='bbox 3224 4743 3406 4798; x_wconf 90' lang='lat' dir='ltr'><strong>citius.</strong></span> <span class='ocrx_word' id='word_1_656' title='bbox 3437 4744 3502 4797; x_wconf 89' lang='lat' dir='ltr'><strong>At</strong></span> <span class='ocrx_word' id='word_1_657' title='bbox 3536 4743 3701 4812; x_wconf 87' lang='lat' dir='ltr'><strong>juxta</strong></span> 
     </span>
    </p>
   </div>
   <div class='ocr_carea' id='block_1_81' title="bbox 352 4834 1972 4914">
    <p class='ocr_par' dir='ltr' id='par_1_81' title="bbox 352 4834 1972 4914">
     <span class='ocr_line' id='line_1_81' title="bbox 352 4834 1972 4914; baseline -0.007 -13"><span class='ocrx_word' id='word_1_658' title='bbox 352 4848 605 4914; x_wconf 79' lang='lat' dir='ltr'><strong>faciente.</strong></span> <span class='ocrx_word' id='word_1_659' title='bbox 635 4843 855 4899; x_wconf 87' lang='lat' dir='ltr'><strong>Scilicet</strong></span> <span class='ocrx_word' id='word_1_660' title='bbox 887 4858 986 4914; x_wconf 89' lang='lat' dir='ltr'><strong>per</strong></span> <span class='ocrx_word' id='word_1_661' title='bbox 1021 4841 1164 4897; x_wconf 89' lang='lat' dir='ltr'><strong>viam</strong></span> <span class='ocrx_word' id='word_1_662' title='bbox 1192 4856 1317 4912; x_wconf 71' lang='lat' dir='ltr'><strong>qua:</strong></span> <span class='ocrx_word' id='word_1_663' title='bbox 1363 4853 1541 4909; x_wconf 92' lang='lat' dir='ltr'><strong>usque</strong></span> <span class='ocrx_word' id='word_1_664' title='bbox 1564 4836 1756 4901; x_wconf 90' lang='lat' dir='ltr'><strong>hodie,</strong></span> <span class='ocrx_word' id='word_1_665' title='bbox 1788 4834 1972 4906; x_wconf 91' lang='lat' dir='ltr'><strong>inquit</strong></span> 
     </span>
    </p>
   </div>
   <div class='ocr_carea' id='block_1_82' title="bbox 356 4926 1968 5004">
    <p class='ocr_par' dir='ltr' id='par_1_82' title="bbox 356 4926 1968 5004">
     <span class='ocr_line' id='line_1_82' title="bbox 356 4926 1968 5004; baseline -0.008 -13"><span class='ocrx_word' id='word_1_666' title='bbox 356 4936 702 5000; x_wconf 84' lang='lat' dir='ltr'><strong>Hincmarus,</strong></span> <span class='ocrx_word' id='word_1_667' title='bbox 730 4939 955 5004; x_wconf 85' lang='lat' dir='ltr'><strong>prepter</strong></span> <span class='ocrx_word' id='word_1_668' title='bbox 979 4929 1341 4985; x_wconf 85' lang='lat' dir='ltr'><strong>barbarorum</strong></span> <span class='ocrx_word' id='word_1_669' title='bbox 1392 4945 1492 4999; x_wconf 86' lang='lat' dir='ltr'><strong>per</strong></span> <span class='ocrx_word' id='word_1_670' title='bbox 1521 4943 1642 4982; x_wconf 87' lang='lat' dir='ltr'><strong>eam</strong></span> <span class='ocrx_word' id='word_1_671' title='bbox 1674 4927 1797 4992; x_wconf 91' lang='lat' dir='ltr'><strong>iter,</strong></span> <span class='ocrx_word' id='word_1_672' title='bbox 1834 4926 1968 4978; x_wconf 89' lang='lat' dir='ltr'><strong>Bar-</strong></span> 
     </span>
    </p>
   </div>
   <div class='ocr_carea' id='block_1_83' title="bbox 353 5013 1971 5093">
    <p class='ocr_par' dir='ltr' id='par_1_83' title="bbox 353 5013 1971 5093">
     <span class='ocr_line' id='line_1_83' title="bbox 353 5013 1971 5093; baseline -0.008 -13"><span class='ocrx_word' id='word_1_673' title='bbox 353 5024 541 5080; x_wconf 87' lang='lat' dir='ltr'><strong>barica</strong></span> <span class='ocrx_word' id='word_1_674' title='bbox 570 5029 943 5093; x_wconf 85' lang='lat' dir='ltr'><strong>nuncupatur,</strong></span> <span class='ocrx_word' id='word_1_675' title='bbox 974 5019 1199 5085; x_wconf 82' lang='lat' dir='ltr'><strong>Gallice,</strong></span> <span class='ocrx_word' id='word_1_676' title='bbox 1244 5034 1339 5073; x_wconf 84' lang='lat' dir='ltr'><strong>rue</strong></span> <span class='ocrx_word' id='word_1_677' title='bbox 1394 5019 1459 5072; x_wconf 84' lang='lat' dir='ltr'><strong>de</strong></span> <span class='ocrx_word' id='word_1_678' title='bbox 1518 5017 1799 5081; x_wconf 85' lang='lat' dir='ltr'><strong>Barbatre,</strong></span> <span class='ocrx_word' id='word_1_679' title='bbox 1832 5023 1886 5069; x_wconf 90' lang='lat' dir='ltr'><strong>et</strong></span> <span class='ocrx_word' id='word_1_680' title='bbox 1913 5013 1971 5067; x_wconf 90' lang='lat' dir='ltr'><strong>in</strong></span> 
     </span>
    </p>
   </div>
   <div class='ocr_carea' id='block_1_84' title="bbox 353 5103 1970 5177">
    <p class='ocr_par' dir='ltr' id='par_1_84' title="bbox 353 5103 1970 5177">
     <span class='ocr_line' id='line_1_84' title="bbox 353 5103 1970 5177; baseline -0.007 -8"><span class='ocrx_word' id='word_1_681' title='bbox 353 5129 421 5170; x_wconf 86' lang='lat' dir='ltr'><strong>ea</strong></span> <span class='ocrx_word' id='word_1_682' title='bbox 448 5112 605 5168; x_wconf 91' lang='lat' dir='ltr'><strong>vicus</strong></span> <span class='ocrx_word' id='word_1_683' title='bbox 621 5112 936 5174; x_wconf 83' lang='lat' dir='ltr'><strong>Barbastre,</strong></span> <span class='ocrx_word' id='word_1_684' title='bbox 958 5116 1019 5164; x_wconf 89' lang='lat' dir='ltr'><strong>ut</strong></span> <span class='ocrx_word' id='word_1_685' title='bbox 1044 5108 1101 5162; x_wconf 93' lang='lat' dir='ltr'><strong>in</strong></span> <span class='ocrx_word' id='word_1_686' title='bbox 1128 5106 1508 5177; x_wconf 87' lang='lat' dir='ltr'><strong>manuscripto</strong></span> <span class='ocrx_word' id='word_1_687' title='bbox 1540 5120 1640 5160; x_wconf 89' lang='lat' dir='ltr'><strong>suo</strong></span> <span class='ocrx_word' id='word_1_688' title='bbox 1670 5103 1970 5174; x_wconf 89' lang='lat' dir='ltr'><strong>exemplari</strong></span> 
     </span>
    </p>
   </div>
   <div class='ocr_carea' id='block_1_85' title="bbox 356 5200 1971 5270">
    <p class='ocr_par' dir='ltr' id='par_1_85' title="bbox 356 5200 1971 5270">
     <span class='ocr_line' id='line_1_85' title="bbox 356 5200 1971 5270; baseline -0.008 -5"><span class='ocrx_word' id='word_1_689' title='bbox 356 5206 641 5266; x_wconf 87' lang='lat' dir='ltr'><strong>adnotavit</strong></span> <span class='ocrx_word' id='word_1_690' title='bbox 686 5206 944 5262; x_wconf 79' lang='lat' dir='ltr'><strong>Nicolaus</strong></span> <span class='ocrx_word' id='word_1_691' title='bbox 973 5204 1282 5259; x_wconf 86' lang='lat' dir='ltr'><strong>Chesneau.</strong></span> <span class='ocrx_word' id='word_1_692' title='bbox 1330 5203 1406 5257; x_wconf 91' lang='lat' dir='ltr'><strong>De</strong></span> <span class='ocrx_word' id='word_1_693' title='bbox 1466 5200 1554 5255; x_wconf 90' lang='lat' dir='ltr'><strong>his</strong></span> <span class='ocrx_word' id='word_1_694' title='bbox 1606 5206 1790 5255; x_wconf 90' lang='lat' dir='ltr'><strong>autem</strong></span> <span class='ocrx_word' id='word_1_695' title='bbox 1847 5215 1971 5270; x_wconf 80' lang='lat' dir='ltr'><strong>quae</strong></span> 
     </span>
    </p>
   </div>
   <div class='ocr_carea' id='block_1_86' title="bbox 358 5289 1948 5369">
    <p class='ocr_par' dir='ltr' id='par_1_86' title="bbox 358 5289 1948 5369">
     <span class='ocr_line' id='line_1_86' title="bbox 358 5289 1948 5369; baseline -0.006 -16"><span class='ocrx_word' id='word_1_696' title='bbox 358 5296 890 5357; x_wconf 77' lang='lat' dir='ltr'><strong>describunturhoc</strong></span> <span class='ocrx_word' id='word_1_697' title='bbox 910 5311 1034 5367; x_wconf 88' lang='lat' dir='ltr'><strong>cap.</strong></span> <span class='ocrx_word' id='word_1_698' title='bbox 1062 5294 1176 5369; x_wconf 88' lang='lat' dir='ltr'><strong>agit</strong></span> <span class='ocrx_word' id='word_1_699' title='bbox 1204 5292 1299 5348; x_wconf 87' lang='lat' dir='ltr'><strong>ubi</strong></span> <span class='ocrx_word' id='word_1_700' title='bbox 1319 5306 1487 5364; x_wconf 84' lang='lat' dir='ltr'><strong>supra</strong></span> <span class='ocrx_word' id='word_1_701' title='bbox 1513 5290 1740 5365; x_wconf 85' lang='lat' dir='ltr'><strong>Gregor.</strong></span> <span class='ocrx_word' id='word_1_702' title='bbox 1764 5289 1948 5345; x_wconf 89' lang='lat' dir='ltr'><strong>Turon</strong></span> 
     </span>
    </p>
   </div>
   <div class='ocr_carea' id='block_1_87' title="bbox 357 5386 691 5460">
    <p class='ocr_par' dir='ltr' id='par_1_87' title="bbox 357 5386 691 5460">
     <span class='ocr_line' id='line_1_87' title="bbox 357 5386 691 5460; baseline 0 -15"><span class='ocrx_word' id='word_1_703' title='bbox 357 5404 478 5460; x_wconf 85' lang='lat' dir='ltr'><strong>cap.</strong></span> <span class='ocrx_word' id='word_1_704' title='bbox 500 5386 691 5445; x_wconf 76' lang='grc'><strong>27-31.</strong></span> 
     </span>
    </p>
   </div>
   <div class='ocr_carea' id='block_1_88' title="bbox 426 5473 1974 5549">
    <p class='ocr_par' dir='ltr' id='par_1_88' title="bbox 426 5473 1974 5549">
     <span class='ocr_line' id='line_1_88' title="bbox 426 5473 1974 5549; baseline -0.005 -14"><span class='ocrx_word' id='word_1_705' title='bbox 426 5482 543 5548; x_wconf 81' lang='lat' dir='ltr'><strong>Quo</strong></span> <span class='ocrx_word' id='word_1_706' title='bbox 587 5482 712 5535; x_wconf 72' lang='lat' dir='ltr'><strong>vitae</strong></span> <span class='ocrx_word' id='word_1_707' title='bbox 760 5481 969 5547; x_wconf 79' lang='lat' dir='ltr'><strong>fontem</strong></span> <span class='ocrx_word' id='word_1_708' title='bbox 1013 5480 1270 5549; x_wconf 78' lang='lat' dir='ltr'><strong>perennis</strong></span> <span class='ocrx_word' id='word_1_709' title='bbox 1325 5478 1588 5544; x_wconf 76' lang='lat' dir='ltr'><strong>ingresso.</strong></span> <span class='ocrx_word' id='word_1_710' title='bbox 1648 5475 1788 5531; x_wconf 87' lang='lat' dir='ltr'><strong>Nota</strong></span> <span class='ocrx_word' id='word_1_711' title='bbox 1839 5473 1974 5530; x_wconf 89' lang='lat' dir='ltr'><strong>olim</strong></span> 
     </span>
    </p>
   </div>
   <div class='ocr_carea' id='block_1_89' title="bbox 356 5562 1974 5641">
    <p class='ocr_par' dir='ltr' id='par_1_89' title="bbox 356 5562 1974 5641">
     <span class='ocr_line' id='line_1_89' title="bbox 356 5562 1974 5641; baseline -0.005 -16"><span class='ocrx_word' id='word_1_712' title='bbox 356 5566 968 5641; x_wconf 81' lang='lat' dir='ltr'><strong>babtizaudosingredi</strong></span> <span class='ocrx_word' id='word_1_713' title='bbox 992 5568 1196 5635; x_wconf 87' lang='lat' dir='ltr'><strong>solere,</strong></span> <span class='ocrx_word' id='word_1_714' title='bbox 1247 5566 1440 5621; x_wconf 90' lang='lat' dir='ltr'><strong>saltem</strong></span> <span class='ocrx_word' id='word_1_715' title='bbox 1470 5564 1801 5636; x_wconf 86' lang='lat' dir='ltr'><strong>pubetenus,</strong></span> <span class='ocrx_word' id='word_1_716' title='bbox 1841 5562 1974 5618; x_wconf 87' lang='lat' dir='ltr'><strong>fon-</strong></span> 
     </span>
    </p>
   </div>
   <div class='ocr_carea' id='block_1_90' title="bbox 2072 4834 3693 4917">
    <p class='ocr_par' dir='ltr' id='par_1_90' title="bbox 2072 4834 3693 4917">
     <span class='ocr_line' id='line_1_90' title="bbox 2072 4834 3693 4917; baseline -0.006 -18"><span class='ocrx_word' id='word_1_717' title='bbox 2072 4843 2364 4917; x_wconf 86' lang='lat' dir='ltr'><strong>Sigeberti,</strong></span> <span class='ocrx_word' id='word_1_718' title='bbox 2405 4841 2715 4917; x_wconf 80' lang='lat' dir='ltr'><strong>Sebastiani</strong></span> <span class='ocrx_word' id='word_1_719' title='bbox 2774 4838 3060 4904; x_wconf 86' lang='lat' dir='ltr'><strong>Munsteri,</strong></span> <span class='ocrx_word' id='word_1_720' title='bbox 3124 4834 3355 4891; x_wconf 82' lang='lat' dir='ltr'><strong>Joannis</strong></span> <span class='ocrx_word' id='word_1_721' title='bbox 3401 4834 3588 4900; x_wconf 90' lang='lat' dir='ltr'><strong>Tielii,</strong></span> <span class='ocrx_word' id='word_1_722' title='bbox 3635 4842 3693 4890; x_wconf 91' lang='lat' dir='ltr'><strong>et</strong></span> 
     </span>
    </p>
   </div>
   <div class='ocr_carea' id='block_1_91' title="bbox 2072 4927 3697 5006">
    <p class='ocr_par' dir='ltr' id='par_1_91' title="bbox 2072 4927 3697 5006">
     <span class='ocr_line' id='line_1_91' title="bbox 2072 4927 3697 5006; baseline -0.007 -14"><span class='ocrx_word' id='word_1_723' title='bbox 2072 4936 2289 4991; x_wconf 88' lang='lat' dir='ltr'><strong>Baronii</strong></span> <span class='ocrx_word' id='word_1_724' title='bbox 2316 4934 2765 5006; x_wconf 85' lang='lat' dir='ltr'><strong>chronologicam</strong></span> <span class='ocrx_word' id='word_1_725' title='bbox 2822 4931 3135 5001; x_wconf 84' lang='lat' dir='ltr'><strong>baptizatus</strong></span> <span class='ocrx_word' id='word_1_726' title='bbox 3159 4935 3241 4983; x_wconf 84' lang='lat' dir='ltr'><strong>est</strong></span> <span class='ocrx_word' id='word_1_727' title='bbox 3266 4942 3415 4982; x_wconf 88' lang='lat' dir='ltr'><strong>anno</strong></span> <span class='ocrx_word' id='word_1_728' title='bbox 3456 4927 3581 4981; x_wconf 70' lang='lat'><strong>499.</strong></span> <span class='ocrx_word' id='word_1_729' title='bbox 3615 4927 3697 4981; x_wconf 91' lang='lat' dir='ltr'><strong>Ab</strong></span> 
     </span>
    </p>
   </div>
   <div class='ocr_carea' id='block_1_92' title="bbox 2073 5014 3698 5098">
    <p class='ocr_par' dir='ltr' id='par_1_92' title="bbox 2073 5014 3698 5098">
     <span class='ocr_line' id='line_1_92' title="bbox 2073 5014 3698 5098; baseline -0.006 -18"><span class='ocrx_word' id='word_1_730' title='bbox 2073 5026 2159 5080; x_wconf 84' lang='lat' dir='ltr'><strong>his</strong></span> <span class='ocrx_word' id='word_1_731' title='bbox 2186 5040 2297 5079; x_wconf 90' lang='lat' dir='ltr'><strong>non</strong></span> <span class='ocrx_word' id='word_1_732' title='bbox 2330 5024 2494 5098; x_wconf 87' lang='lat' dir='ltr'><strong>longe</strong></span> <span class='ocrx_word' id='word_1_733' title='bbox 2526 5022 2735 5077; x_wconf 90' lang='lat' dir='ltr'><strong>recedit</strong></span> <span class='ocrx_word' id='word_1_734' title='bbox 2766 5019 3051 5075; x_wconf 89' lang='lat' dir='ltr'><strong>Aimonius</strong></span> <span class='ocrx_word' id='word_1_735' title='bbox 3097 5017 3153 5071; x_wconf 91' lang='lat' dir='ltr'><strong>in</strong></span> <span class='ocrx_word' id='word_1_736' title='bbox 3204 5014 3316 5071; x_wconf 82' lang='lat' dir='ltr'><strong>fine</strong></span> <span class='ocrx_word' id='word_1_737' title='bbox 3374 5015 3499 5069; x_wconf 92' lang='lat' dir='ltr'><strong>libri</strong></span> <span class='ocrx_word' id='word_1_738' title='bbox 3528 5015 3698 5086; x_wconf 92' lang='lat' dir='ltr'><strong>primi</strong></span> 
     </span>
    </p>
   </div>
   <div class='ocr_carea' id='block_1_93' title="bbox 2076 5108 3701 5188">
    <p class='ocr_par' dir='ltr' id='par_1_93' title="bbox 2076 5108 3701 5188">
     <span class='ocr_line' id='line_1_93' title="bbox 2076 5108 3701 5188; baseline -0.006 -16"><span class='ocrx_word' id='word_1_739' title='bbox 2076 5118 2148 5172; x_wconf 91' lang='lat' dir='ltr'><strong>De</strong></span> <span class='ocrx_word' id='word_1_740' title='bbox 2176 5114 2346 5188; x_wconf 83' lang='lat' dir='ltr'><strong>gestis</strong></span> <span class='ocrx_word' id='word_1_741' title='bbox 2371 5114 2729 5180; x_wconf 88' lang='lat' dir='ltr'><strong>Francorum,</strong></span> <span class='ocrx_word' id='word_1_742' title='bbox 2781 5110 3034 5166; x_wconf 89' lang='lat' dir='ltr'><strong>scribens</strong></span> <span class='ocrx_word' id='word_1_743' title='bbox 3063 5108 3397 5164; x_wconf 87' lang='lat' dir='ltr'><strong>Clodoveum</strong></span> <span class='ocrx_word' id='word_1_744' title='bbox 3426 5122 3701 5180; x_wconf 83' lang='lat' dir='ltr'><strong>regnasse</strong></span> 
     </span>
    </p>
   </div>
   <div class='ocr_carea' id='block_1_94' title="bbox 2072 5198 3700 5267">
    <p class='ocr_par' dir='ltr' id='par_1_94' title="bbox 2072 5198 3700 5267">
     <span class='ocr_line' id='line_1_94' title="bbox 2072 5198 3700 5267; baseline -0.006 -3"><span class='ocrx_word' id='word_1_745' title='bbox 2072 5212 2233 5265; x_wconf 89' lang='lat' dir='ltr'><strong>annis</strong></span> <span class='ocrx_word' id='word_1_746' title='bbox 2259 5210 2326 5267; x_wconf 90' lang='lat'>30</span> <span class='ocrx_word' id='word_1_747' title='bbox 2348 5208 2627 5265; x_wconf 87' lang='lat' dir='ltr'><strong>etobiisse</strong></span> <span class='ocrx_word' id='word_1_748' title='bbox 2649 5220 2794 5259; x_wconf 87' lang='lat' dir='ltr'><strong>anno</strong></span> <span class='ocrx_word' id='word_1_749' title='bbox 2828 5202 3126 5258; x_wconf 66' lang='lat' dir='ltr'><strong>Dominicse</strong></span> <span class='ocrx_word' id='word_1_750' title='bbox 3149 5199 3547 5255; x_wconf 88' lang='lat' dir='ltr'><strong>incarnationis</strong></span> <span class='ocrx_word' id='word_1_751' title='bbox 3564 5198 3700 5255; x_wconf 76' lang='lat' dir='ltr'><strong>5N.</strong></span> 
     </span>
    </p>
   </div>
   <div class='ocr_carea' id='block_1_95' title="bbox 2076 5287 3702 5367">
    <p class='ocr_par' dir='ltr' id='par_1_95' title="bbox 2076 5287 3702 5367">
     <span class='ocr_line' id='line_1_95' title="bbox 2076 5287 3702 5367; baseline -0.006 -14"><span class='ocrx_word' id='word_1_752' title='bbox 2076 5299 2442 5354; x_wconf 88' lang='lat' dir='ltr'><strong>Consentiunt</strong></span> <span class='ocrx_word' id='word_1_753' title='bbox 2472 5297 2618 5353; x_wconf 85' lang='lat' dir='ltr'><strong>enim</strong></span> <span class='ocrx_word' id='word_1_754' title='bbox 2637 5293 2891 5367; x_wconf 91' lang='lat' dir='ltr'><strong>plerique</strong></span> <span class='ocrx_word' id='word_1_755' title='bbox 2915 5306 3040 5345; x_wconf 88' lang='lat' dir='ltr'><strong>eum</strong></span> <span class='ocrx_word' id='word_1_756' title='bbox 3056 5305 3177 5344; x_wconf 89' lang='lat' dir='ltr'><strong>esse</strong></span> <span class='ocrx_word' id='word_1_757' title='bbox 3197 5287 3532 5358; x_wconf 87' lang='lat' dir='ltr'><strong>baptizatum</strong></span> <span class='ocrx_word' id='word_1_758' title='bbox 3550 5303 3702 5345; x_wconf 90' lang='lat' dir='ltr'><strong>anno</strong></span> 
     </span>
    </p>
   </div>
   <div class='ocr_carea' id='block_1_96' title="bbox 2078 5381 3705 5470">
    <p class='ocr_par' dir='ltr' id='par_1_96' title="bbox 2078 5381 3705 5470">
     <span class='ocr_line' id='line_1_96' title="bbox 2078 5381 3705 5470; baseline -0.006 -22"><span class='ocrx_word' id='word_1_759' title='bbox 2078 5395 2232 5470; x_wconf 86' lang='lat' dir='ltr'><strong>regni</strong></span> <span class='ocrx_word' id='word_1_760' title='bbox 2299 5393 2383 5448; x_wconf 90' lang='lat' dir='ltr'><strong>sui</strong></span> <span class='ocrx_word' id='word_1_761' title='bbox 2425 5392 2513 5459; x_wconf 76' lang='grc'>15,</span> <span class='ocrx_word' id='word_1_762' title='bbox 2563 5397 2622 5445; x_wconf 94' lang='lat' dir='ltr'><strong>ut</strong></span> <span class='ocrx_word' id='word_1_763' title='bbox 2678 5390 2922 5444; x_wconf 87' lang='lat' dir='ltr'><strong>Joannes</strong></span> <span class='ocrx_word' id='word_1_764' title='bbox 2962 5382 3322 5451; x_wconf 86' lang='lat' dir='ltr'><strong>Trithemius,</strong></span> <span class='ocrx_word' id='word_1_765' title='bbox 3371 5381 3705 5438; x_wconf 86' lang='lat' dir='ltr'><strong>Franciscus</strong></span> 
     </span>
    </p>
   </div>
   <div class='ocr_carea' id='block_1_97' title="bbox 2075 5472 3707 5542">
    <p class='ocr_par' dir='ltr' id='par_1_97' title="bbox 2075 5472 3707 5542">
     <span class='ocr_line' id='line_1_97' title="bbox 2075 5472 3707 5542; baseline -0.009 1"><span class='ocrx_word' id='word_1_766' title='bbox 2075 5487 2411 5542; x_wconf 86' lang='lat' dir='ltr'><strong>Belforestus</strong></span> <span class='ocrx_word' id='word_1_767' title='bbox 2440 5484 2497 5538; x_wconf 92' lang='lat' dir='ltr'><strong>in</strong></span> <span class='ocrx_word' id='word_1_768' title='bbox 2525 5481 2826 5537; x_wconf 82' lang='lat' dir='ltr'><strong>Annalibus</strong></span> <span class='ocrx_word' id='word_1_769' title='bbox 2866 5480 3219 5541; x_wconf 86' lang='lat' dir='ltr'><strong>Francorum,</strong></span> <span class='ocrx_word' id='word_1_770' title='bbox 3257 5481 3311 5529; x_wconf 88' lang='lat' dir='ltr'><strong>et</strong></span> <span class='ocrx_word' id='word_1_771' title='bbox 3350 5472 3463 5531; x_wconf 88' lang='lat' dir='ltr'><strong>alii.</strong></span> <span class='ocrx_word' id='word_1_772' title='bbox 3493 5474 3573 5528; x_wconf 92' lang='lat' dir='ltr'><strong>Ab</strong></span> <span class='ocrx_word' id='word_1_773' title='bbox 3601 5474 3707 5530; x_wconf 91' lang='lat' dir='ltr'><strong>iis-</strong></span> 
     </span>
    </p>
   </div>
   <div class='ocr_carea' id='block_1_98' title="bbox 2077 5561 3708 5646">
    <p class='ocr_par' dir='ltr' id='par_1_98' title="bbox 2077 5561 3708 5646">
     <span class='ocr_line' id='line_1_98' title="bbox 2077 5561 3708 5646; baseline -0.007 -15"><span class='ocrx_word' id='word_1_774' title='bbox 2077 5576 2203 5631; x_wconf 89' lang='lat' dir='ltr'><strong>dem</strong></span> <span class='ocrx_word' id='word_1_775' title='bbox 2236 5589 2460 5646; x_wconf 90' lang='lat' dir='ltr'><strong>quoque</strong></span> <span class='ocrx_word' id='word_1_776' title='bbox 2489 5588 2683 5644; x_wconf 90' lang='lat' dir='ltr'><strong>parum</strong></span> <span class='ocrx_word' id='word_1_777' title='bbox 2703 5576 2796 5624; x_wconf 89' lang='lat' dir='ltr'><strong>aut</strong></span> <span class='ocrx_word' id='word_1_778' title='bbox 2829 5568 2969 5622; x_wconf 89' lang='lat' dir='ltr'><strong>nihil</strong></span> <span class='ocrx_word' id='word_1_779' title='bbox 2997 5563 3463 5633; x_wconf 78' lang='lat' dir='ltr'><strong>dissentiunt,qui</strong></span> <span class='ocrx_word' id='word_1_780' title='bbox 3493 5561 3708 5620; x_wconf 89' lang='lat' dir='ltr'><strong>docent</strong></span> 
     </span>
    </p>
   </div>
   <div class='ocr_carea' id='block_1_99' title="bbox 357 5649 3709 5730">
    <p class='ocr_par' dir='ltr' id='par_1_99' title="bbox 357 5649 3709 5730">
     <span class='ocr_line' id='line_1_99' title="bbox 357 5649 3709 5730; baseline -0.005 -4"><span class='ocrx_word' id='word_1_781' title='bbox 357 5665 467 5713; x_wconf 69' lang='grc' dir='ltr'><strong>ῐθπι</strong></span> <span class='ocrx_word' id='word_1_782' title='bbox 490 5654 903 5728; x_wconf 65' lang='grc' dir='ltr'><strong>δθριίεῐηαίθητν</strong></span> <span class='ocrx_word' id='word_1_783' title='bbox 955 5671 1067 5711; x_wconf 65' lang='lat' dir='ltr'><strong>non</strong></span> <span class='ocrx_word' id='word_1_784' title='bbox 1115 5663 1323 5723; x_wconf 69' lang='grc' dir='ltr'><strong>δυιθπὶο</strong></span> <span class='ocrx_word' id='word_1_785' title='bbox 1385 5661 1445 5709; x_wconf 68' lang='grc' dir='ltr'><strong>ιιι</strong></span> <span class='ocrx_word' id='word_1_786' title='bbox 1484 5670 1637 5709; x_wconf 70' lang='lat' dir='ltr'><strong>nunc</strong></span> <span class='ocrx_word' id='word_1_787' title='bbox 1689 5653 1771 5719; x_wconf 57' lang='lat' dir='ltr'><strong>ﬁt:</strong></span> <span class='ocrx_word' id='word_1_788' title='bbox 1813 5658 1977 5723; x_wconf 64' lang='grc' dir='ltr'><strong>οειρυῑ</strong></span> <span class='ocrx_word' id='word_1_789' title='bbox 2077 5680 2204 5719; x_wconf 89' lang='lat' dir='ltr'><strong>eum</strong></span> <span class='ocrx_word' id='word_1_790' title='bbox 2259 5662 2409 5717; x_wconf 88' lang='lat' dir='ltr'><strong>fonte</strong></span> <span class='ocrx_word' id='word_1_791' title='bbox 2461 5657 2809 5730; x_wconf 89' lang='lat' dir='ltr'><strong>baptismatis</strong></span> <span class='ocrx_word' id='word_1_792' title='bbox 2851 5656 3023 5710; x_wconf 90' lang='lat' dir='ltr'><strong>lotum</strong></span> <span class='ocrx_word' id='word_1_793' title='bbox 3072 5651 3241 5707; x_wconf 85' lang='lat' dir='ltr'><strong>fuisse</strong></span> <span class='ocrx_word' id='word_1_794' title='bbox 3282 5666 3427 5705; x_wconf 89' lang='lat' dir='ltr'><strong>anno</strong></span> <span class='ocrx_word' id='word_1_795' title='bbox 3487 5649 3613 5717; x_wconf 88' lang='grc'>500,</span> <span class='ocrx_word' id='word_1_796' title='bbox 3644 5660 3709 5708; x_wconf 91' lang='lat' dir='ltr'><strong>ut</strong></span> 
     </span>
    </p>
   </div>
   <div class='ocr_carea' id='block_1_100' title="bbox 356 5742 1961 5823">
    <p class='ocr_par' dir='ltr' id='par_1_100' title="bbox 356 5742 1961 5816">
     <span class='ocr_line' id='line_1_100' title="bbox 356 5742 1961 5816; baseline -0.003 -15"><span class='ocrx_word' id='word_1_797' title='bbox 356 5756 571 5803; x_wconf 84' lang='lat' dir='ltr'><strong>tantum</strong></span> <span class='ocrx_word' id='word_1_798' title='bbox 600 5760 742 5816; x_wconf 89' lang='lat' dir='ltr'><strong>aqua</strong></span> <span class='ocrx_word' id='word_1_799' title='bbox 767 5742 1044 5815; x_wconf 88' lang='lat' dir='ltr'><strong>perfundi.</strong></span> <span class='ocrx_word' id='word_1_800' title='bbox 1080 5746 1319 5801; x_wconf 87' lang='lat' dir='ltr'><strong>Probant</strong></span> <span class='ocrx_word' id='word_1_801' title='bbox 1363 5744 1419 5799; x_wconf 91' lang='lat' dir='ltr'><strong>id</strong></span> <span class='ocrx_word' id='word_1_802' title='bbox 1472 5745 1717 5815; x_wconf 73' lang='lat' dir='ltr'><strong>antiquae</strong></span> <span class='ocrx_word' id='word_1_803' title='bbox 1744 5742 1961 5814; x_wconf 82' lang='lat' dir='ltr'><strong>pictura</strong></span> 
     </span>
    </p>
   </div>
   <div class='ocr_carea' id='block_1_101' title="bbox 2076 5742 3708 5823">
    <p class='ocr_par' dir='ltr' id='par_1_101' title="bbox 2078 5742 3708 5823">
     <span class='ocr_line' id='line_1_101' title="bbox 2078 5742 3708 5823; baseline -0.007 -13"><span class='ocrx_word' id='word_1_804' title='bbox 2078 5756 2354 5823; x_wconf 81' lang='lat' dir='ltr'><strong>Massaeus,</strong></span> <span class='ocrx_word' id='word_1_805' title='bbox 2386 5752 2742 5819; x_wconf 83' lang='lat' dir='ltr'><strong>Belforestus,</strong></span> <span class='ocrx_word' id='word_1_806' title='bbox 2768 5747 3159 5805; x_wconf 86' lang='lat' dir='ltr'><strong>Genchrardus</strong></span> <span class='ocrx_word' id='word_1_807' title='bbox 3204 5752 3259 5798; x_wconf 87' lang='lat' dir='ltr'><strong>et</strong></span> <span class='ocrx_word' id='word_1_808' title='bbox 3288 5742 3382 5798; x_wconf 90' lang='lat' dir='ltr'><strong>alii</strong></span> <span class='ocrx_word' id='word_1_809' title='bbox 3417 5744 3708 5800; x_wconf 86' lang='lat' dir='ltr'><strong>recentio-</strong></span> 
     </span>
    </p>
   </div>
   <div class='ocr_carea' id='block_1_102' title="bbox 355 5828 3704 5910">
    <p class='ocr_par' dir='ltr' id='par_1_102' title="bbox 355 5828 3704 5910">
     <span class='ocr_line' id='line_1_102' title="bbox 355 5828 3704 5910; baseline -0.005 -2"><span class='ocrx_word' id='word_1_810' title='bbox 355 5832 872 5892; x_wconf 60' lang='grc' dir='ltr'><strong>θιιιίδῑοτῖεθιυηάθ</strong></span> <span class='ocrx_word' id='word_1_811' title='bbox 903 5832 972 5887; x_wconf 70' lang='grc' dir='ltr'><strong>ἀί)</strong></span> <span class='ocrx_word' id='word_1_812' title='bbox 1023 5832 1297 5889; x_wconf 69' lang='lat' dir='ltr'><strong>Rabbo‘lo</strong></span> <span class='ocrx_word' id='word_1_813' title='bbox 1344 5832 1627 5888; x_wconf 63' lang='lat' dir='ltr'><strong>Frisonum</strong></span> <span class='ocrx_word' id='word_1_814' title='bbox 1661 5834 1802 5887; x_wconf 70' lang='lat' dir='ltr'><strong>duce</strong></span> <span class='ocrx_word' id='word_1_815' title='bbox 1835 5831 1974 5904; x_wconf 64' lang='lat' dir='ltr'><strong>legi‘</strong></span> <span class='ocrx_word' id='word_1_816' title='bbox 2075 5863 2178 5901; x_wconf 81' lang='lat' dir='ltr'><strong>res.</strong></span> <span class='ocrx_word' id='word_1_817' title='bbox 2215 5845 2345 5900; x_wconf 89' lang='lat' dir='ltr'><strong>Cum</strong></span> <span class='ocrx_word' id='word_1_818' title='bbox 2377 5844 2526 5900; x_wconf 91' lang='lat' dir='ltr'><strong>enim</strong></span> <span class='ocrx_word' id='word_1_819' title='bbox 2571 5850 2787 5899; x_wconf 89' lang='lat' dir='ltr'><strong>constet</strong></span> <span class='ocrx_word' id='word_1_820' title='bbox 2843 5856 2967 5893; x_wconf 85' lang='lat' dir='ltr'><strong>eum</strong></span> <span class='ocrx_word' id='word_1_821' title='bbox 3025 5838 3357 5910; x_wconf 85' lang='lat' dir='ltr'><strong>baptizatum</strong></span> <span class='ocrx_word' id='word_1_822' title='bbox 3406 5828 3587 5890; x_wconf 79' lang='lat' dir='ltr'><strong>fuisse</strong></span> <span class='ocrx_word' id='word_1_823' title='bbox 3648 5837 3704 5892; x_wconf 92' lang='lat' dir='ltr'><strong>in</strong></span> 
     </span>
    </p>
   </div>
   <div class='ocr_carea' id='block_1_103' title="bbox 354 5919 1961 6011">
    <p class='ocr_par' dir='ltr' id='par_1_103' title="bbox 354 5919 1961 5991">
     <span class='ocr_line' id='line_1_103' title="bbox 354 5919 1961 5991; baseline -0.004 -12"><span class='ocrx_word' id='word_1_824' title='bbox 354 5931 444 5980; x_wconf 87' lang='lat' dir='ltr'><strong>tur</strong></span> <span class='ocrx_word' id='word_1_825' title='bbox 464 5925 519 5980; x_wconf 90' lang='lat' dir='ltr'><strong>in</strong></span> <span class='ocrx_word' id='word_1_826' title='bbox 550 5924 669 5981; x_wconf 84' lang='lat' dir='ltr'><strong>Vita</strong></span> <span class='ocrx_word' id='word_1_827' title='bbox 695 5924 749 5978; x_wconf 87' lang='lat' dir='ltr'><strong>S.</strong></span> <span class='ocrx_word' id='word_1_828' title='bbox 779 5919 1026 5977; x_wconf 85' lang='lat' dir='ltr'><strong>Vulfrani</strong></span> <span class='ocrx_word' id='word_1_829' title='bbox 1068 5919 1339 5990; x_wconf 79' lang='lat' dir='ltr'><strong>episcopi,</strong></span> <span class='ocrx_word' id='word_1_830' title='bbox 1393 5919 1598 5991; x_wconf 86' lang='lat' dir='ltr'><strong>scripta</strong></span> <span class='ocrx_word' id='word_1_831' title='bbox 1644 5936 1742 5990; x_wconf 89' lang='lat' dir='ltr'><strong>per</strong></span> <span class='ocrx_word' id='word_1_832' title='bbox 1772 5920 1961 5976; x_wconf 82' lang='lat' dir='ltr'><strong>Jonam</strong></span> 
     </span>
    </p>
   </div>
   <div class='ocr_carea' id='block_1_104' title="bbox 2076 5919 3698 6011">
    <p class='ocr_par' dir='ltr' id='par_1_104' title="bbox 2076 5927 3698 6011">
     <span class='ocr_line' id='line_1_104' title="bbox 2076 5927 3698 6011; baseline -0.004 -20"><span class='ocrx_word' id='word_1_833' title='bbox 2076 5934 2255 6011; x_wconf 73' lang='lat' dir='ltr'><strong>vigilia</strong></span> <span class='ocrx_word' id='word_1_834' title='bbox 2286 5938 2530 6003; x_wconf 67' lang='lat' dir='ltr'><strong>Paschm,</strong></span> <span class='ocrx_word' id='word_1_835' title='bbox 2567 5945 2623 5991; x_wconf 90' lang='lat' dir='ltr'><strong>et</strong></span> <span class='ocrx_word' id='word_1_836' title='bbox 2675 5933 2813 6005; x_wconf 85' lang='lat' dir='ltr'><strong>stylo</strong></span> <span class='ocrx_word' id='word_1_837' title='bbox 2853 5931 3161 5995; x_wconf 78' lang='lat' dir='ltr'><strong>Gallicano,</strong></span> <span class='ocrx_word' id='word_1_838' title='bbox 3194 5927 3262 5982; x_wconf 88' lang='lat' dir='ltr'><strong>ad</strong></span> <span class='ocrx_word' id='word_1_839' title='bbox 3296 5934 3486 5982; x_wconf 89' lang='lat' dir='ltr'><strong>nostra</strong></span> <span class='ocrx_word' id='word_1_840' title='bbox 3514 5942 3698 6001; x_wconf 84' lang='lat' dir='ltr'><strong>usque</strong></span> 
     </span>
    </p>
   </div>
  </div>
