3912 6420
212 442 330 500 345

1548 441 1615 496 ΙΝ
1658 438 1911 495 LIBRUM
1949 438 2230 495 PRIMUM.

3455 441 3560 498 341-6

210 581 469 645 tempora
496 572 662 628 etiam
695 572 750 627 in
782 572 972 648 Belgio
1016 573 1242 641 usitato,
1285 588 1462 627 annus
1491 572 1707 628 Domini
1749 572 1838 627 in-
1870 575 1920 643 Α
1944 581 2203 643 scopatus
2230 573 2305 627 ibi
2348 588 2466 627 esse
2498 571 2803 640 constituit,
2838 581 2891 627 et
2936 573 3192 628 eumdem
3227 573 3285 628 in
3312 574 3560 630 fornica-

210 666 408 722 choari
430 665 605 721 soleat
637 682 668 720 a
702 664 843 720 festo
873 665 1119 731 Paschaa,
1150 664 1460 719 secundum
1504 664 1631 719 tllos
1660 664 1842 735 bapti-

208 761 374 809 zatus
404 753 503 808 fuit
531 753 730 808 ultimo
764 753 857 808 die
887 753 1017 807 anni
1040 752 1166 817 499,
1192 752 1498 808 secundum
1530 754 1632 807 hos
1664 752 1841 822 primo

208 844 309 899 die
339 844 467 898 anni
490 844 618 899 500.
654 844 863 909 Quibus
893 860 959 897 ex
984 842 1315 914 antiquitate
1335 843 1547 898 accedit
1588 842 1843 898 Hincma-

206 952 310 991 rus
355 936 412 990 in
460 936 747 1007 epitaphio
788 936 843 990 Β.
897 935 1154 1008 Remigii,
1211 934 1360 1005 quod
1412 934 1647 989 refertur
1701 933 1842 988 infra

207 1042 339 1096 cap.
363 1026 451 1093 21,
478 1026 534 1079 in
568 1042 681 1097 quo
711 1025 1059 1080 exactissime
1101 1034 1317 1094 tempus
1346 1024 1543 1087 astatis,
1605 1023 1837 1079 ordina-

209 1114 403 1181 tionis,
428 1114 579 1168 sedis
622 1114 796 1184 ipsius
824 1121 879 1169 et
916 1113 1178 1184 baptismi
1212 1113 1540 1168 Francorum
1573 1112 1839 1183 exprimi-

208 1213 320 1261 tur.
356 1207 486 1262 Nam
508 1213 727 1262 constat
758 1222 823 1261 ex
846 1207 939 1262 illo
966 1206 1254 1277 epitaphio
1273 1206 1495 1260 beatum
1529 1204 1838 1279 Remigium

207 1302 458 1351 creatum
483 1295 659 1351 fuisse
681 1295 977 1349 Remorum
1008 1294 1331 1365 episcopum
1354 1308 1500 1347 anno
1529 1293 1704 1347 aetatis
1725 1306 1840 1346 suae

202 1385 300 1450 22,
328 1384 616 1456 praefuisse
661 1383 823 1437 annis
863 1384 952 1448 74,
1001 1382 1207 1437 obiisse
1247 1397 1392 1436 anno
1449 1382 1666 1436 Domini
1704 1382 1834 1448 5M,

200 1476 386 1532 aetatis
433 1493 546 1531 sua:
591 1476 681 1543 96,
740 1481 794 1531 et
837 1482 1062 1549 gentem
1109 1475 1441 1529 Francorum
1504 1472 1835 1544 baptizatam

203 1583 356 1624 anno
380 1567 506 1625 500.
564 1568 743 1633 Quare
782 1567 1027 1638 oportuit
1058 1582 1182 1621 eum
1224 1575 1470 1622 creatum
1504 1566 1675 1622 fuisse
1716 1566 1838 1636 epi-

203 1672 443 1727 scopum
472 1671 621 1711 anno
647 1656 771 1712 470.
803 1656 915 1712 Nec
935 1656 1003 1710 ab
1027 1655 1113 1709 his
1133 1655 1316 1726 quoad
1342 1655 1557 1711 obitum
1581 1657 1837 1712 dissentit

204 1748 555 1823 Sigebertus,
586 1747 682 1819 qui
720 1762 844 1802 eum
893 1748 1050 1819 ponit
1079 1758 1268 1803 uatum
1317 1746 1488 1802 fuisse
1518 1764 1663 1803 anno
1708 1749 1835 1816 449,

210 1848 461 1896 creatum
485 1839 810 1910 episcopum
841 1840 968 1908 471,
1009 1846 1064 1895 et
1089 1839 1298 1895 obiisse
1338 1840 1464 1907 545,
1492 1840 1634 1895 sicut
1662 1849 1717 1895 et
1740 1840 1841 1894 Ja-

1946 665 2155 720 tionem
2200 680 2321 718 cum
2354 680 2453 718 sua
2509 665 2789 735 quondam
2833 680 3001 719 uxore
3059 666 3405 737 prolapsum,
3464 668 3560 722 sed

1943 758 2255 828 septennali
2313 756 2639 828 pceuitentia
2672 765 2985 830 purgatum,
3029 765 3083 811 et
3136 759 3205 811 de
3251 758 3562 813 reclusione

1942 850 2129 905 divino
2182 850 2336 918 jussu
2395 850 2655 904 eductum
2697 849 2814 903 sedi
2868 865 2983 903 suae
3041 849 3297 904 restituit.
3356 874 3381 896 ιο
3439 851 3563 905 llaec

1940 937 2263 1011 Sigebertus
2289 937 2539 1008 sequitur
2578 939 2633 991 in
2662 937 2992 992 Flodoardo.

2008 1032 2196 1099 Ibique
2220 1031 2616 1094 Genebaudum,
2642 1045 2802 1083 carne
2828 1031 3057 1083 nobilem
3079 1032 3273 1083 virum.
3307 1030 3563 1086 Nicolaus

1940 1119 2227 1173 Chesneau
2257 1119 2313 1172 in
2341 1120 2590 1191 margine
2622 1118 2836 1173 Gallicae
2864 1134 2977 1173 suae
2996 1118 3372 1174 translationis
3402 1127 3563 1175 vocat

1940 1223 2065 1262 eum
2121 1207 2401 1263 comitem.
2454 1207 2620 1260 Porro
2677 1214 2862 1261 nostra
2890 1206 3229 1276 exemplaria
3288 1214 3561 1279 perpetuo

1939 1296 2130 1368 legunt
2155 1295 2572 1349 Genebaudum.
2610 1296 2666 1349 In
2700 1295 2992 1350 Hincmaro
3022 1296 3168 1365 apud
3202 1296 3422 1351 Surium
3454 1313 3560 1353 vo-

1939 1394 2096 1439 catur
2120 1383 2491 1448 Genebaldus,
2537 1383 2614 1439 uti
2647 1390 2703 1438 et
2732 1384 2789 1438 in
2830 1383 3033 1438 tabulis
3063 1385 3437 1448 Democharis,
3467 1387 3561 1456 qui

1939 1478 2090 1532 addit
2118 1494 2151 1531 a
2180 1477 2513 1547 quibusdam
2550 1476 2870 1545 Geraldum,
2902 1478 2969 1531 ab
3005 1477 3129 1531 aliis
3160 1476 3560 1533 Genebaudum

1939 1567 2070 1631 dici,
2103 1567 2383 1638 quomodo
2432 1567 2596 1621 etiam
2626 1566 2762 1640 legit
2797 1566 3120 1621 Hincmarus
3151 1567 3564 1637 manuscriptus

1939 1663 1994 1717 in
2025 1662 2207 1717 Monte
2259 1662 2314 1717 8.
2350 1662 2530 1734 Eligii.
2584 1662 2878 1717 Diversitas
2924 1678 2989 1716 ex
3030 1678 3095 1718 eo
3136 1671 3263 1717 nata
3319 1662 3557 1718 videtur.

1939 1755 2069 1825 quia
2127 1770 2193 1809 ex
2222 1769 2358 1809 voce
2409 1754 2615 1810 Gallica
2657 1755 2990 1821 Genebauld,
3050 1754 3141 1809 alii
3183 1771 3222 1809 u
3268 1754 3560 1823 adjiciunt,

1940 1844 2030 1899 alii
2059 1845 2095 1899 ι.

204 1931 388 1986 cobus
416 1931 668 2002 Meyerus
722 1932 777 1984 in
819 1930 1123 1985 Annalibus
1178 1931 1467 1986 Flandriee.
1519 1931 1650 1985 Nam
1712 1946 1835 1985 cum
1868 1915 1919 1982 Β
2013 1938 2336 2005 Tacitusque
2366 1940 2478 1990 tam
2506 1939 2617 1990 viri
2645 1952 2816 2006 quam
2853 1937 3096 1992 mulieris
3127 1935 3296 1990 ardor
3317 1937 3376 1991 in
3404 1935 3562 1990 corde

204 2026 415 2083 abierit
443 2026 512 2080 13
538 2025 811 2090 Januarii,
843 2041 989 2081 unus
1015 2025 1276 2097 idemque
1307 2042 1487 2080 annus
1513 2025 1839 2095 incipiendo

202 2134 235 2173 a
294 2117 554 2173 Januario
587 2124 670 2172 est
718 2116 842 2181 545,
888 2133 919 2171 a
953 2117 1218 2172 Paschato
1250 2117 1334 2187 (ut
1383 2116 1519 2171 Galli
1571 2117 1841 2171 hactenus

206 2222 389 2279 usque
418 2206 487 2261 ad
510 2215 762 2277 tempora
791 2205 967 2261 Caroli
1002 2206 1067 2260 IX
1089 2208 1573 2278 computaverunt)
1603 2214 1687 2261 est
1710 2207 1836 2262 544.

208 2299 308 2354 His
335 2305 522 2353 tamen
555 2313 668 2353 non
697 2298 991 2365 consentit,
1016 2299 1166 2369 quod
1183 2298 1419 2366 Flavius,
1453 2299 1547 2370 qui
1576 2307 1701 2369 post
1726 2298 1839 2352 Ro-

205 2403 435 2442 manum
472 2387 529 2441 Β.
573 2386 827 2461 Remigio
857 2386 1144 2453 successit,
1175 2386 1391 2459 legatur
1433 2388 1837 2458 subscripsisse

205 2478 452 2535 concilio
470 2478 820 2541 Arvernensi,
857 2478 1138 2533 celebrato
1169 2494 1315 2534 anno
1345 2479 1440 2534 541
1459 2519 1472 2545 ,
1490 2480 1644 2548 juxta
1673 2481 1838 2534 Baro-

206 2572 366 2626 nium
405 2571 501 2635 (uti
533 2586 754 2626 mecum
782 2571 952 2626 sentit
983 2570 1251 2642 praefatus
1281 2571 1610 2626 Guillelmus
1655 2573 1705 2626 le
1735 2573 1836 2626 Be-

205 2661 363 2735 gue),
394 2658 542 2731 quod
577 2666 747 2729 ponat
779 2659 914 2713 illud
971 2659 1270 2715 concilium
1310 2660 1653 2716 Arvernense
1685 2660 1835 2715 dicto

206 2765 360 2806 anno
386 2750 752 2818 celebratum,
782 2767 907 2806 cum
932 2750 1116 2821 potius
1140 2752 1210 2807 15
1238 2759 1331 2806 aut
1356 2752 1425 2806 16
1448 2752 1613 2806 annis
1645 2760 1837 2822 postea

209 2841 467 2897 habitum
489 2842 580 2897 sit.

285 2933 420 2987 Cum
472 2931 716 3001 quodam
763 2935 1080 3000 Παραπαήο
1114 2934 1365 3001 principe
1395 2936 1548 2987 trans
1588 2933 1839 2989 Somnum

206 3029 458 3097 ﬂuuium.
493 3025 552 3081 Id
581 3033 666 3081 est
694 3027 1000 3093 Dameraci,
1034 3033 1093 3082 ut
1123 3027 1349 3097 exponit
1379 3027 1497 3081 haec
1525 3026 1693 3081 verba
1725 3027 1840 3081 Bal-

208 3115 452 3182 dericus,
472 3123 631 3171 autor
675 3115 929 3171 Chronici
985 3114 1398 3171 Cameracensis
1438 3115 1536 3169 lib.
1565 3132 1603 3183 ι,
1632 3132 1752 3187 cap.
1781 3118 1835 3183 4,

207 3204 305 3260 ubi
334 3204 494 3275 plura
522 3204 594 3258 de
614 3204 723 3259 isto
746 3204 1078 3278 Ragauario,
1112 3204 1230 3258 sive
1262 3212 1323 3259 ut
1342 3204 1460 3275 ipse
1492 3204 1705 3267 scribit,
1735 3206 1841 3260 Ra-

206 3292 531 3368 gnachario.
567 3292 652 3346 us
685 3293 943 3348 Somnum
972 3299 1028 3348 et
1058 3294 1237 3348 codex
1281 3294 1603 3349 monasterii
1644 3294 1697 3349 s.
1728 3296 1838 3351 Re-
1860 3284 1908 3352 C

206 3382 391 3457 migii,
431 3389 495 3437 ut
557 3388 712 3438 notat
768 3383 1027 3439 Nicolaus
1077 3382 1386 3450 Chesneau,
1428 3385 1521 3456 qui
1565 3394 1748 3440 tamen
1783 3386 1841 3441 in

204 3483 364 3530 textu
395 3474 564 3531 habet
615 3476 915 3541 Somenam,
961 3484 1016 3531 et
1073 3476 1254 3531 Galice
1288 3477 1450 3532 vertit
1503 3479 1712 3534 Somne.
1754 3479 1841 3533 Si-

206 3567 422 3623 militer
448 3568 731 3624 Somenam
760 3568 994 3623 habetJ.
1029 3574 1085 3624 et
1107 3568 1434 3643 Sigebertus
1466 3585 1610 3625 anno
1641 3572 1765 3626 445.

278 3661 521 3727 Prwfato
548 3676 675 3728 rege
705 3661 996 3715 Ludovico.
1033 3662 1111 3715 Ita
1142 3661 1191 3715 Μ
1231 3661 1287 3716 C.
1321 3678 1445 3717 cum
1479 3662 1525 3717 Μ
1556 3662 1698 3718 infra
1729 3664 1841 3720 fere

207 3767 437 3822 semper
459 3751 705 3807 scribere
728 3752 904 3808 soleat
931 3754 1242 3820 Ludowico,
1274 3755 1577 3826 quomodo,
1607 3762 1668 3811 ut
1688 3765 1843 3811 nota-

207 3846 289 3900 vit
320 3845 467 3902 idem
530 3844 784 3902 Nicolaus
813 3847 1122 3915 Chesneau,
1182 3848 1274 3904 hic
1304 3850 1469 3905 etiam
1503 3851 1637 3923 legit
1662 3852 1843 3908 dictus

207 3939 387 3995 codex
437 3939 613 3996 sancti
662 3940 915 4014 Remigii.
980 3942 1134 4007 Quod
1194 3957 1397 3998 nomen
1443 3944 1639 3999 multis
1676 3944 1841 4000 etiam

209 4028 334 4082 aliis
363 4028 546 4083 modis
573 4030 841 4101 scriptum
875 4030 1171 4102 reperitur,
1208 4038 1266 4086 ut
1298 4032 1479 4087 notavi
1511 4033 1577 4087 ad
1610 4032 1840 4089 Chroni-

208 4131 317 4172 con
345 4115 765 4185 Cameracense,
807 4117 947 4173 libro
980 4120 1181 4190 primo,
1221 4121 1402 4192 capite
1434 4122 1716 4177 tricesimo
1748 4139 1841 4177 sc-

206 4209 407 4281 ptimo.
464 4208 770 4264 Observant
810 4218 991 4265 autem
1055 4212 1280 4283 quidam
1322 4212 1651 4269 Clodoveum
1714 4221 1837 4285 post

206 4297 545 4368 baptismum
595 4297 781 4353 vocari
810 4298 1168 4367 Ludovicum,
1211 4300 1362 4372 quod
1406 4318 1472 4357 eo
1503 4303 1727 4357 nomine
1777 4304 1833 4358 in

207 4383 493 4454 baptismo
523 4384 706 4440 dictus
752 4386 843 4452 sit,
901 4397 963 4442 ut
1003 4389 1214 4443 notavit
1270 4389 1592 4444 Laurentius
1646 4390 1836 4446 Surius

206 4477 545 4534 diedecimo
573 4480 737 4536 tertio
762 4480 1027 4536 Januarii.
1063 4483 1260 4553 Quare,
1285 4484 1668 4539 obnitentibus
1695 4500 1837 4556 prae-

205 4569 404 4624 sertim
444 4570 705 4626 omnibus
753 4574 1185 4645 exemplaribus,
1218 4590 1331 4630 non
1362 4584 1446 4631 est
1488 4576 1577 4630 hic
1625 4586 1837 4631 mutan-

1938 2030 2202 2085 libidinis.
2228 2030 2326 2085 Ms.
2358 2047 2456 2102 pro
2479 2036 2779 2101 tacitusque
2817 2032 2962 2086 male
2995 2032 3128 2103 legit
3180 2034 3467 2101 totiusque.
3500 2031 3560 2085 ln

1938 2122 2229 2177 Hincmaro
2284 2124 2499 2198 integra
2558 2126 2838 2179 sententia
2896 2124 2966 2178 ita
3016 2125 3230 2178 habet:
3278 2148 3302 2169 «
3361 2124 3562 2194 Sicque

1937 2217 2140 2269 factum
2166 2223 2352 2282 estut,
2386 2224 2527 2271 tecta
2552 2217 2874 2271 hominibus
2896 2217 3078 2286 culpa,
3106 2226 3158 2270 et
3190 2216 3244 2269 in
3277 2215 3561 2282 cordibus,

1938 2311 2045 2358 tam
2075 2304 2325 2376 episcopi
2381 2322 2543 2376 quam
2587 2305 2826 2372 feminae,
2869 2312 3046 2360 tectus
3100 2304 3327 2358 luxuriae
3377 2306 3562 2371 ardor,

1938 2399 2224 2470 quoniam,
2257 2407 2317 2454 ut
2370 2408 2556 2455 notum
2589 2406 2691 2463 est,
2725 2415 2836 2469 quo
2891 2400 3066 2471 magis
3105 2398 3327 2471 legitur,
3387 2404 3564 2453 tectus

1938 2493 2115 2567 magis
2144 2500 2340 2549 aestuat
2371 2494 2550 2566 ignis:
2585 2501 2775 2549 contra
2808 2494 3026 2564 culpam
3058 2499 3423 2563 compunctus
3443 2492 3566 2561 epi-

1938 2598 2159 2651 scopus,
2204 2601 2227 2632 n
2263 2589 2370 2637 etc.
2429 2585 2674 2636 Tacitum
2712 2597 2845 2656 ergo
2888 2582 3025 2636 dixit
3069 2586 3261 2635 tectum
3308 2589 3362 2634 et
3391 2595 3566 2633 secre-

1939 2676 2069 2724 tum.
2121 2669 2272 2724 Patet
2323 2677 2504 2724 autem
2564 2685 2630 2723 ex
2692 2670 2793 2723 hac
2851 2670 2905 2723 8.
2959 2669 3276 2723 Genebaudi
3336 2667 3565 2723 historia

1937 2780 2101 2835 quam
2132 2763 2261 2817 sita
2310 2763 2546 2817 veritate
2585 2763 2766 2817 aliena
2797 2763 3160 2817 sectariorum
3214 2761 3385 2815 nostri
3419 2767 3565 2815 tem-

1945 2850 2372 2923 porisjdoctrina,
2393 2852 2487 2922 qui
2507 2850 2641 2905 illud
2665 2851 2908 2922 Apostoli
2930 2869 2942 2904 :
2978 2854 3145 2906 Unius
3159 2853 3348 2904 umori:
3363 2853 3558 2904 virum.

1940 2946 2172 3018 Intelligi
2205 2946 2403 3001 volunt
2433 2947 2502 3000 de
2534 2962 2706 3001 uxore
2752 2963 2916 3017 quam
2944 2945 3206 3009 habebat,
3240 2960 3364 2999 cum
3415 2950 3564 2999 tanta

1942 3037 2290 3108 pmnitudine
2341 3037 2453 3091 elui
2481 3038 2791 3107 Oportuerit
2832 3052 3185 3107 congressum
3218 3052 3341 3090 cum
3392 3051 3565 3089 uxore

1940 3146 2049 3200 qua
2098 3146 2129 3183 a
2167 3145 2227 3184 se
2288 3130 2447 3185 thoro
2504 3138 2898 3200 separaverat;
2938 3136 2991 3183 et
3036 3128 3383 3183 verissimum
3440 3143 3564 3181 esse

1939 3221 2088 3291 quod
2121 3221 2201 3274 ait
2229 3220 2594 3291 Hieronymus
2627 3220 2766 3274 libro
2798 3220 2977 3290 primo
3009 3220 3273 3273 adversus
3304 3218 3561 3273 Jovinia-

1940 3325 2102 3363 num:
2156 3331 2180 3355 οι
2217 3308 2374 3363 Certe
2402 3307 2684 3363 conﬁteris
2719 3323 2826 3362 non
2859 3322 3026 3377 posse
3057 3321 3179 3360 esse
3212 3307 3560 3377 epiSCOpum,

1941 3400 2033 3472 qui
2065 3400 2120 3453 in
2142 3399 2466 3471 episcopatu
2491 3398 2632 3453 filios
2658 3398 2838 3463 faciat,
2871 3398 3085 3470 Alioqui
3115 3399 3161 3451 si
3179 3398 3563 3469 deprehensus

1941 3492 2125 3555 fuerit,
2168 3506 2279 3546 non
2319 3490 2475 3563 quasi
2522 3489 2605 3545 vir
2656 3490 2957 3558 tenebitur,
3016 3490 3112 3545 sed
3144 3489 3301 3562 quasi
3348 3489 3566 3544 adulter

1941 3582 2309 3638 damnabitur.
2355 3605 2377 3629 -

2011 3673 2064 3728 S.
2097 3674 2403 3740 Remigium
2428 3674 2563 3741 petit
2593 3674 2672 3726 ire
2711 3672 3054 3727 Laudunum.
3092 3671 3203 3727 Hoc
3234 3678 3318 3727 est
3350 3680 3408 3727 ut
3437 3671 3562 3738 iret,

1940 3784 2036 3823 seu
2055 3767 2287 3822 veniret.
2311 3766 2521 3821 Clarius
2536 3766 2860 3821 Hincmarus
2882 3783 2895 3819 :
2917 3770 2942 3812 «’
2966 3766 3043 3820 Ad
3067 3774 3342 3834 sanctum,
3362 3765 3563 3836 inquit,

1941 3860 2250 3933 Remigium
2278 3860 2453 3923 misit,
2485 3865 2682 3929 petens
2708 3866 2768 3913 ut
2797 3857 3121 3912 Laudunum
3148 3858 3379 3912 veniret.
3426 3877 3455 3907 η

2013 3951 2159 4006 Obiit
2172 3951 2349 4017 igitur
2365 3950 2717 4007 Genebaudus
2746 3951 2806 4003 in
2819 3964 2969 4018 pace,
3000 3949 3203 4002 sanctis
3227 3949 3323 4001 Dei
3353 3961 3563 4000 connu-

1940 4047 2202 4097 meratus.
2243 4043 2422 4115 Agunt
2443 4042 2511 4096 de
2536 4056 2603 4096 eo
2643 4041 2854 4096 additio
2887 4039 3234 4095 Coloniensis
3264 4039 3332 4093 ad
3365 4038 3564 4093 Usuar-

1940 4131 2091 4192 dum.
2127 4138 2182 4185 et
2210 4130 2457 4185 Molanus
2489 4130 2684 4201 quinto
2713 4127 3076 4199 Septembris,
3112 4127 3181 4181 de
3220 4143 3349 4198 quo,
3382 4126 3566 4197 inquit

1938 4222 2149 4278 additio
2193 4221 2560 4284 Coloniensis,
2610 4221 2665 4276 in
2721 4222 2891 4296 gestis
2930 4221 2984 4275 8.
3042 4218 3279 4291 Remigii
3342 4218 3563 4289 legitur.

1940 4315 2293 4385 Quamunque
2315 4314 2463 4369 enim
2482 4314 2572 4369 hic
2594 4314 2663 4368 de
2687 4329 2753 4369 eo
2780 4321 2907 4368 sunt
2927 4318 3355 4367 commemorata
3388 4309 3567 4365 fusius

1938 4403 2174 4474 explicat
2202 4403 2523 4457 Hincmarus
2552 4401 2608 4456 in
2637 4402 2755 4457 vita
2808 4402 2863 4456 S.
2894 4400 3147 4473 Remigii.
3212 4400 3404 4454 Petrus
3435 4414 3565 4455 vero

1941 4492 2227 4563 Equilinus
2266 4492 2334 4547 de
2393 4492 2612 4558 eodem,
2662 4499 2716 4546 et
2755 4490 2870 4546 filio
2902 4492 3022 4560 ejus
3079 4491 3132 4544 S.
3171 4491 3406 4546 Latrone
3455 4489 3567 4562 agit

1945 4580 2039 4635 lib.
2080 4598 2115 4643 ι,
2149 4595 2179 4635 c
2234 4581 2323 4634 14.

207 4662 345 4717 dum
398 4678 603 4719 nomen
635 4664 896 4721 Ludovici
930 4666 990 4721 in
1029 4666 1309 4735 Clodovei,
1359 4675 1419 4723 ut
1474 4669 1528 4722 in
1567 4668 1600 4722 8
1635 4669 1835 4725 factum
1860 4652 1916 4720 D
2007 4670 2246 4736 Quarum
2275 4684 2456 4722 rerum
2484 4674 2609 4723 sunt
2636 4670 2880 4723 Juliacus
2919 4674 2967 4724 et
3012 4669 3327 4725 Codiciacus
3358 4672 3560 4737 capita.

204 4762 290 4809 est
311 4759 370 4811 et
403 4755 453 4821 J,
479 4755 583 4811 etsi
614 4756 763 4811 idem
792 4773 996 4813 nomen
1024 4775 1149 4814 esse
1180 4776 1294 4816 non
1324 4760 1396 4815 sit
1424 4761 1761 4835 negandum.

823 4845 1033 4903 CAPUT
1096 4848 1229 4911 XIV,

278 4933 402 4989 Non
421 4933 715 5001 modicum,
734 4950 941 4991 necnon
965 4937 1285 4992 earumdem
1298 4942 1508 5007 partem
1521 4954 1728 5003 rerum,
1756 4955 1841 4994 ec-

207 5022 386 5077 clesia
412 5027 614 5078 sanctae
633 5026 826 5080 Mariae
838 5026 1099 5080 Lauduni
1125 5028 1356 5092 Clavati,
1375 5029 1650 5083 Bernensis
1671 5044 1841 5097 paro-

206 5114 346 5169 chias
360 5118 554 5179 castri,
577 5117 677 5171 ubi
695 5120 941 5173 nutritus
963 5121 1169 5187 fuerat,
1189 5120 1446 5175 tradidit.
1470 5120 1692 5176 Scilicet
1711 5136 1841 5175 san-

206 5214 333 5261 ctus
347 5206 656 5281 Remigius.
676 5206 809 5263 Cum
825 5209 973 5264 enim
994 5218 1233 5266 castrum
1254 5211 1500 5267 Lauduni
1525 5211 1752 5280 Clavati,
1782 5220 1840 5268 et

206 5296 507 5353 comitatus
527 5298 910 5357 Laudunensis
931 5302 1359 5373 pertinerentad
1389 5304 1706 5374 parochiam
1739 5321 1838 5360 seu

207 5393 495 5448 dioecesim
531 5393 883 5462 Remensem,
913 5396 1035 5467 ipse
1061 5398 1120 5452 Β.
1155 5398 1440 5473 Remigius
1474 5414 1681 5454 novum
1713 5400 1838 5472 epi-

205 5492 501 5555 scopatum
528 5485 774 5561 Lugdum
805 5489 1000 5554 erexit,
1029 5495 1089 5544 ut
1118 5496 1230 5544 tum
1261 5505 1328 5546 ex
1357 5491 1466 5547 hoc
1493 5491 1695 5563 capite,
1721 5501 1835 5548 tum

205 5592 274 5631 ex
334 5575 625 5648 Sigeberto
666 5585 817 5648 patet
856 5579 913 5635 in
951 5578 1242 5638 Chronico.
1302 5582 1389 5637 Sic
1443 5582 1592 5637 enim
1650 5584 1728 5638 ait
1766 5584 1836 5639 ad

204 5680 417 5720 annum
476 5664 694 5720 Domini
748 5665 902 5723 500:
962 5686 990 5719 α
1048 5668 1271 5725 Collatia
1307 5685 1340 5724 a
1377 5670 1655 5727 Clodoveo
1704 5687 1834 5745 rege

202 5756 398 5837 multis
442 5757 669 5826 priediis
696 5757 947 5815 ecclesiae
989 5760 1270 5827 Remensi,
1302 5761 1610 5837 Remigius,
1660 5764 1834 5819 multa

202 5862 400 5904 eorum
432 5854 591 5918 parte
616 5847 746 5905 data
774 5848 1030 5908 Ecclesiae
1070 5850 1446 5921 Laudunensi,
1487 5852 1682 5910 sedem
1710 5852 1834 5924 epi-

1942 4762 2021 4817 lta
2047 4769 2366 4818 constanter
2393 4765 2579 4819 omnia
2610 4770 2797 4819 nostra
2828 4765 3019 4837 legunt
3053 4761 3414 4833 exemplaria,
3451 4770 3563 4815 tum

1941 4855 2045 4909 hoc
2099 4857 2241 4922 loco,
2302 4862 2413 4910 tum
2466 4856 2654 4911 multis
2694 4855 2857 4922 infra,
2930 4863 2985 4911 et
3035 4856 3359 4911 Ilincmarus
3396 4869 3564 4907 manu

1939 4947 2197 5019 scriptus.
2224 4948 2570 5020 QuaprOpter
2592 4949 2737 5021 quod
2763 4949 2908 5018 apud
2943 4947 3163 5003 Surium
3191 4946 3241 4999 iu
3270 4945 3563 4999 Hincmaro

1939 5037 2084 5108 typis
2112 5052 2312 5093 excuso
2360 5038 2582 5113 legitur,
2632 5040 2895 5094 Iudaicus
2931 5043 2981 5093 et
3013 5038 3303 5102 Ociliacus,
3343 5049 3407 5088 ex
3459 5034 3565 5087 hoc

1942 5134 2168 5184 auctore
2198 5136 2387 5185 nostro
2417 5129 2805 5200 corrigendum
2838 5136 2940 5182 est.

1976 5276 1979 5279 η
2585 5220 2792 5275 CAPUT
2812 5219 2918 5273 XV.

1998 5310 2442 5367 Gondebaudum
2490 5316 2540 5366 et
2570 5312 2960 5380 Godegiseium.
2992 5311 3069 5366 lta
3113 5310 3288 5365 codex
3347 5310 3558 5383 Remig.

1938 5406 2297 5462 conformiter
2326 5405 2588 5480 Gregorio
2638 5405 2965 5474 Turonensi,
3003 5406 3099 5460 lib.
3151 5421 3185 5459 ιι
3222 5405 3357 5462 Hist.
3391 5406 3564 5461 Fran-

1937 5510 2148 5562 corum,
2182 5511 2228 5550 c.
2274 5495 2343 5549 32
2374 5503 2429 5550 et
2481 5495 2862 5566 sequentibus,
2897 5505 2953 5551 et
3002 5496 3257 5551 Aimoino
3292 5495 3391 5550 lib.
3428 5513 3443 5550 ι
3490 5498 3561 5551 De

1934 5584 2105 5658 gestis
2144 5584 2496 5649 Francorum,
2528 5598 2577 5638 c.
2611 5584 2680 5638 19
2711 5600 2724 5638 :
2756 5568 2961 5655 quibus
2988 5585 3128 5640 locis
3156 5585 3349 5639 eadem
3385 5584 3558 5639 histo-

1938 5671 2017 5727 ria
2044 5672 2399 5739 describitur,
2433 5679 2488 5727 et
2518 5672 2718 5746 legitur
2761 5673 3121 5741 Godegisilus,
3154 5673 3433 5745 quomodo
3467 5672 3558 5727 hic

1934 5765 2068 5840 legit
2093 5765 2140 5820 J.
2179 5765 2271 5820 C‘ui
2303 5764 2515 5820 accedit
2544 5766 2690 5837 quod
2731 5765 2787 5820 in
2818 5767 3108 5823 Hincmaro
3135 5767 3279 5838 apud
3330 5765 3550 5819 Surium

1933 5854 2135 5928 legitur
2165 5856 2554 5924 Godoglissum.
2582 5856 2699 5915 Alia
2731 5867 2919 5916 nostra
2948 5853 3283 5927 exemplaria
3311 5851 3547 5919 Godige-
