3912 6406
386 385 490 440 347

1228 387 1617 442 COLVENERII
1658 387 1934 449 SCHOLIA
1971 387 2039 442 IN
2081 388 2246 443 HIST.
2291 388 2572 443 REMENS.
2617 387 2872 445 ECCLES.

3617 391 3732 446 348

382 515 548 568 selum
599 514 875 589 legebant.
910 514 1036 569 Erat
1074 520 1258 570 autem
1289 515 1704 572 Gondebaudus
1733 516 1856 581 iste,
1886 517 1992 580 vel,
2025 519 2076 588 Α
2101 515 2298 571 Verum
2333 516 2419 572 his
2448 517 2772 572 adversatur
2800 516 2950 588 quod
2982 516 3140 573 initio
3161 517 3326 587 hujus
3355 518 3554 590 capitis
3583 517 3733 574 dici-

381 614 440 662 ut
467 607 522 662 in
555 608 842 664 Hincmaro
874 617 928 664 et
958 609 1231 675 Aimoino,
1270 610 1680 677 Gundebaldus,
1714 613 1767 666 in
1799 612 1999 684 Grego-

384 697 462 753 rio
520 697 933 764 Gundobaldus,
994 717 1086 754 rex
1157 701 1630 771 Burgundionum,
1699 702 1793 774 qui
1860 711 1998 758 teste

383 789 578 843 eodem
607 789 870 862 Gregorio
891 791 1085 845 hzeresi
1109 791 1305 845 Ariana
1327 791 1516 848 infecti
1539 800 1714 849 erant.
1745 794 1999 848 Massaaus

383 882 540 940 initio
571 885 667 940 lib.
700 902 774 940 xu
804 886 981 942 Chron
1035 887 1226 942 scribit
1251 889 1674 944 Gundebaldum
1693 895 1743 945 et
1782 891 2000 946 Gunde-

379 974 624 1040 gisilum.

459 1065 730 1119 Venerunt
765 1080 926 1135 super
967 1067 1226 1122 Oscarum
1250 1069 1495 1136 ﬂuvium,
1547 1084 1694 1124 secus
1721 1071 1998 1124 Divionem

379 1156 636 1223 castrum,
667 1164 798 1224 etc.,
839 1162 890 1212 et
919 1161 977 1213 in
1007 1161 1276 1214 Avinione
1305 1166 1481 1216 castro
1509 1177 1562 1216 se
1601 1162 1996 1218 Gondebaudus

378 1249 715 1305 concludens.
761 1251 820 1305 In
862 1252 1150 1308 Hincmaro
1181 1254 1494 1320 Oscharam,
1541 1255 1819 1326 quomodo
1858 1253 1996 1308 scri-

380 1340 462 1396 bit
493 1342 546 1396 8.
580 1342 775 1398 Omnia
803 1349 983 1398 autem
1017 1346 1373 1416 exemplaria.
1405 1354 1605 1416 praeter
1639 1346 1689 1401 .l.
1733 1347 1996 1401 Arionem

380 1432 681 1502 habebant,
711 1435 808 1489 sed
855 1435 1176 1492 Avinionem
1219 1438 1540 1509 scripsimus
1585 1453 1650 1492 ex
1703 1438 1995 1493 Hincmaro

379 1531 435 1578 et
476 1524 759 1600 Gregorio,
792 1528 887 1598 qui
932 1543 1058 1582 eum
1105 1530 1410 1584 Aveninem
1440 1530 1634 1584 urbem
1683 1529 1993 1604 ingressum

379 1633 504 1671 esse
525 1617 676 1673 dicit.
711 1618 978 1674 Similiter
1005 1631 1059 1675 et
1089 1621 1344 1677 Massaius
1373 1624 1693 1678 Avinionem
1724 1623 1992 1678 nominat.

379 1705 634 1762 Nicolaus
665 1707 950 1763 Cbesncau
979 1710 1144 1764 vertit
1172 1711 1445 1777 Avignon.

447 1797 519 1849 Et
537 1797 762 1864 synodo,
784 1813 880 1866 per
905 1802 1080 1852 sancti
1097 1802 1318 1868 patro-ni
1327 1802 1415 1853 sui
1433 1800 1666 1866 Remigii
1683 1801 1992 1865 consilium,

375 1889 436 1941 in
464 1889 601 1942 urbe
625 1889 1238 1946 Aurelianensihabita.
1288 1892 1410 1946 lliec
1439 1899 1522 1946 est
1550 1892 1727 1963 prima
1748 1893 1994 1964 synodus

372 1974 820 2032 Aurelianensis:
853 1985 1031 2034 exstat
1059 1988 1190 2034 tom.
1234 1979 1278 2033 ll
1308 1979 1511 2035 Concil.
1565 1980 1691 2034 Eam
1723 1983 1840 2036 vult
1883 1982 1992 2035 Ba-

377 2083 497 2124 ron.
532 2069 776 2126 habitam
808 2088 954 2128 anno
982 2073 1126 2136 507;
1170 2073 1510 2146 Sigebertus,
1539 2073 1820 2140 Massaeus,
1852 2075 1997 2129 Ouu-

376 2156 572 2226 phrius
619 2167 675 2214 et
708 2161 822 2225 alii,
875 2177 1019 2216 anno
1048 2163 1172 2216 512.
1230 2164 1379 2217 Inter
1402 2170 1632 2218 caeteros
1690 2163 1991 2234 subscripti

374 2247 633 2321 leguntur
657 2252 713 2306 8.
749 2253 1032 2309 Gildaldus
1072 2253 1538 2329 Rotbomagensis
1587 2254 1904 2326 episcopus,
1939 2262 1996 2310 et

377 2343 432 2397 S.
466 2343 652 2415 Lupus
683 2346 1117 2403 Suessionensis.

448 2437 757 2506 Tunicaque
786 2422 1130 2494 blatteuISic
1164 2440 1206 2494 Μ
1235 2441 1262 2496 ,1
1303 2448 1358 2498 et
1390 2441 1714 2496 llincmarus
1743 2457 1990 2496 manusc.

373 2546 608 2585 excusus
627 2532 772 2602 apud
805 2533 1046 2600 Surium,
1067 2533 1164 2605 qui
1200 2535 1254 2589 in
1284 2536 1534 2608 margine
1562 2551 1783 2606 quoque
1815 2536 1992 2590 adno-

374 2619 544 2673 tavit:
592 2640 618 2670 α
648 2621 872 2676 Blattam
915 2638 1014 2692 pro
1045 2640 1290 2693 purpura
1323 2624 1478 2692 ponit
1516 2624 1799 2679 Sidonius.
1848 2647 1870 2671 ιι
1907 2624 1998 2678 Sic

373 2720 428 2766 et
452 2713 793 2786 Sigebcrtus,
827 2731 893 2769 ex
927 2732 1055 2769 mss.
1082 2715 1418 2769 codicibusa
1448 2716 1564 2770 viro
1591 2716 1818 2770 doctiss.
1859 2717 1997 2770 Aut-

377 2801 534 2855 lierto
565 2803 746 2857 Miraeo
791 2803 994 2868 editus,
1027 2803 1128 2857 etsi
1185 2803 1386 2857 Gallica
1427 2805 1765 2874 exemplaria
1809 2805 1997 2879 legant

376 2891 656 2956 blaeteam,
674 2890 996 2945 Germanica
1024 2893 1326 2957 Bracteam,
1353 2891 1404 2946 (Ι.
1433 2893 1629 2963 baltea,
1654 2894 1709 2948 S.
1740 2894 1992 2949 blattrea.

374 2982 572 3036 Verum
600 2999 632 3036 a
687 2983 860 3053 prima
891 2984 1131 3040 lectione
1178 3001 1288 3040 non
1321 2993 1405 3040 est
1438 2986 1829 3040 recedendum.
1862 2987 1996 3040 Nam

375 3078 430 3125 et
459 3069 727 3126 blatteum
769 3087 866 3142 pro
899 3089 1177 3144 purpureo
1209 3085 1480 3146 usurpant
1511 3075 1826 3147 EutrOpius,
1872 3076 1998 3131 Cas—
2026 3105 2074 3169 (ι

373 3159 631 3215 siodorus
655 3170 710 3214 et
737 3161 852 3215 alii.
915 3163 1066 3218 Adde
1105 3165 1253 3235 quod
1294 3167 1536 3220 tunicam
1577 3165 1832 3220 blatteum
1863 3166 1997 3240 legit

375 3253 597 3324 Gregor.
617 3253 975 3322 Turonensis,
1007 3255 1102 3310 lib.
1125 3273 1180 3310 ιι.
1217 3257 1351 3310 llist.
1379 3257 1731 3322 Francorum,
1753 3274 1872 3328 cap.
1905 3259 1991 3315 38.

375 3343 530 3408 Quod
560 3352 742 3398 autem
771 3345 860 3400 hic
886 3345 1088 3399 dicitur
1115 3345 1310 3401 iisdem
1337 3363 1482 3416 pene
1508 3348 1689 3402 verbis
1721 3348 1886 3404 habet
1908 3349 1997 3403 Si-

373 3435 636 3506 gebertus
679 3437 747 3490 ad
778 3453 981 3492 annum
1018 3439 1144 3502 510,
1179 3439 1254 3494 ita
1293 3439 1572 3494 scribens:
1619 3466 1644 3488 «
1689 3441 1994 3498 Clodoveus

374 3545 468 3584 rex
489 3529 558 3584 ab
581 3531 866 3588 Anastasio
894 3532 1248 3603 imperatore,
1271 3535 1557 3591 codicillos
1583 3536 1651 3590 de
1674 3536 1987 3602 consulatu,

372 3625 427 3672 et
457 3633 718 3674 coronam
757 3636 980 3675 auream
1011 3637 1136 3676 cum
1177 3624 1432 3696 gemmis,
1462 3632 1517 3678 et
1549 3625 1788 3678 tunicam
1841 3625 1989 3680 blat-

370 3719 513 3765 team
547 3713 782 3783 accepit,
837 3721 892 3768 et
921 3730 986 3768 ex
1035 3730 1100 3769 ea
1127 3715 1218 3770 die
1266 3717 1459 3771 consul
1492 3723 1547 3770 et
1578 3718 1854 3789 Augustus
1907 3726 1991 3772 est

370 3805 700 3874 appellatus.
729 3807 850 3878 Ipse
901 3823 1033 3863 vero
1061 3825 1152 3862 rex
1185 3809 1333 3863 misit
1387 3809 1615 3863 Romam
1637 3810 1692 3863 8.
1719 3809 1878 3864 Petro
1903 3827 1986 3864 eo-

374 3910 565 3948 ronam
595 3911 819 3950 auream
851 3912 976 3952 cum
1007 3897 1261 3971 gemmis,
1303 3913 1428 3968 qua:
1460 3914 1689 3968 regnum
1724 3899 1991 3970 appellari

373 3985 532 4040 solet.
587 4006 613 4036 »
671 3986 916 4042 Pertinet
942 3988 1012 4042 ad
1053 3989 1304 4055 ejusdem
1345 3988 1422 4042 rei
1463 3989 1752 4044 clariorem
1787 3991 1994 4046 intelli-

373 4075 616 4143 gentiam
639 4076 789 4147 quod
815 4077 890 4131 ait
921 4076 1170 4146 Papirius
1196 4078 1479 4132 Massonus
1505 4078 1646 4133 libro
1679 4079 1854 4148 primo
1886 4082 1994 4134 An-

373 4169 484 4222 nal.
525 4168 878 4234 Francorum,
941 4168 1027 4223 his
1065 4169 1290 4224 verbis:
1356 4190 1379 4220 α
1447 4171 1764 4226 Anastasius
1821 4173 1995 4229 Caesar

377 4262 632 4317 Clodovei
664 4277 876 4316 nomen
927 4276 1124 4332 resque
1167 4269 1348 4334 gestas
1377 4263 1627 4330 miratus,
1674 4264 1886 4334 legatos
1927 4266 1996 4320 ad

375 4369 500 4408 eum
552 4354 608 4408 in
641 4355 898 4410 Celticam
939 4353 1087 4408 misit
1126 4369 1191 4409 ex
1230 4354 1458 4420 Graecia,
1504 4355 1868 4411 honoraturos
1899 4373 1994 4412 re-

374 4462 498 4518 gem
530 4445 866 4503 Francorum
889 4445 1106 4517 patricii
1139 4446 1409 4520 dignitate
1449 4463 1480 4502 a
1511 4447 1798 4503 consulatu
1829 4449 1996 4524 longe

374 4537 612 4605 diversa,
645 4538 738 4594 illa
763 4539 910 4594 enim
944 4549 1233 4611 perpetua,
1270 4541 1387 4596 hth
1416 4541 1674 4596 annualis
1705 4562 1723 4590 ι
1766 4541 1855 4597 Sic
1879 4541 1990 4597 ille.

446 4633 664 4686 Litteris
691 4634 805 4687 suis
861 4633 933 4686 ad
971 4635 1124 4687 illum
1155 4634 1393 4688 directis.
1446 4634 1660 4690 Litterae
1693 4635 1993 4690 llormisdie

373 4736 550 4790 papae,
583 4719 787 4790 quibus
815 4720 965 4775 vices
993 4737 1119 4776 suas
1151 4723 1212 4777 Β.
1246 4722 1496 4795 Remigio
1529 4723 1584 4777 in
1606 4739 1778 4797 regno
1810 4724 1994 4780 Ludo-

375 4807 478 4862 vici
535 4808 831 4873 commisit,
891 4819 1108 4864 exstant
1159 4818 1310 4866 tomo
1358 4812 1604 4867 secundo
1656 4813 1885 4878 Concil,,
1938 4819 1993 4867 et

373 4901 518 4971 apud
559 4901 805 4969 Surium,
838 4907 985 4957 tomo
1003 4901 1205 4972 primo,
1238 4903 1295 4957 in
1325 4903 1445 4958 Vita
1476 4903 1649 4974 ipsius
1669 4905 1726 4958 B.
1755 4905 1989 4976 Remigii

377 5011 474 5065 per
514 4994 867 5050 llincmarum
899 4997 1241 5066 conscripta.

991 5084 1198 5140 CAPUT
1239 5085 1369 5141 XVI.

446 5173 656 5228 Nomen
699 5173 899 5246 synodi
931 5173 986 5228 in
1027 5192 1136 5246 qua
1187 5176 1240 5228 8.
1279 5175 1558 5248 Remigius
1580 5175 1852 5230 convertit
1876 5176 1990 5230 lue-

377 5260 630 5326 reticum,
654 5279 927 5332 nusquam
947 5262 1189 5320 invenio.
1215 5265 1411 5319 Baron.
1436 5274 1568 5318 tom.
1590 5265 1672 5318 Vl.
1695 5279 1842 5319 anno
1863 5264 1988 5331 5H,

377 5347 452 5401 ait
504 5345 672 5401 fuisse
702 5350 974 5419 synodum
1007 5352 1196 5407 Remis
1249 5361 1493 5408 coactam
1527 5353 1596 5407 ab
1625 5353 1744 5424 ipso
1791 5353 1848 5408 S.
1883 5353 1992 5408 Re-

377 5439 548 5513 migio
569 5448 693 5510 post
710 5451 965 5511 acceptas
983 5444 1192 5501 litteras
1214 5446 1283 5501 ab
1302 5447 1588 5503 Hormisda
1606 5463 1767 5518 papa,
1787 5447 1994 5519 quibus

379 5529 576 5583 eisuas
601 5528 751 5583 vices
777 5521 1073 5598 commisit,
1106 5551 1270 5604 quem
1297 5544 1358 5590 ut
1380 5536 1435 5590 in
1468 5536 1683 5591 caeteris
1712 5537 1992 5605 omnibus,

374 5618 628 5690 sequitur
656 5616 956 5672 Severinus
985 5621 1172 5678 Binius
1211 5634 1344 5680 tom.
1405 5627 1472 5691 ll,
1520 5628 1749 5694 Concil.,
1784 5645 1998 5700 ponens

379 5709 514 5766 illud
541 5709 884 5767 celebratum
911 5725 1056 5767 anno
1101 5714 1214 5781 jam
1247 5716 1414 5785 dicto,
1447 5719 1552 5772 sub
1585 5719 1890 5787 Ilormisda,
1941 5722 1996 5776 in

376 5819 540 5860 causa
570 5799 963 5861 ecclesiastica:
993 5803 1294 5892 disciplinae
1328 5807 1384 5861 in
1409 5809 1582 5864 Gallia
1616 5810 1998 5867 reformandae.

2105 613 2228 661 tur:
2275 607 2541 661 Prmsules
2570 607 2752 661 Gallia:
2778 606 3026 678 petiisse,
3062 615 3119 662 ut
3153 607 3205 660 Β.
3248 606 3533 682 Remigius
3562 607 3635 663 ad
3667 607 3733 663 il-

2099 697 2193 752 lud
2222 698 2519 753 concilium
2551 698 2781 753 veniret.
2812 698 2964 763 Quod
2993 697 3140 752 idem
3171 697 3340 753 habet
3371 697 3729 762 Hincmarus,

2100 795 2155 842 et
2181 795 2410 859 uterque
2438 787 2572 842 dicit
2603 787 2662 841 in
2693 803 2860 842 causa
2891 787 3019 840 ﬁdei
3053 786 3395 842 celebratum
3431 803 3576 854 esse,
3610 803 3729 843 non

2099 886 2309 934 tantum
2341 879 2410 933 ab
2443 879 2721 950 episcopis
2763 879 2970 942 Galliae,
3005 879 3103 934 sed
3134 887 3189 933 et
3217 879 3453 953 Belgicae
3497 880 3733 951 provin-

2098 971 2330 1040 ciarum,
2371 978 2430 1026 ut
2462 971 2668 1026 diserte
2709 972 2905 1026 asserit
2952 971 3296 1026 Hincmarus.
3355 971 3544 1042 Neque
3579 972 3731 1026 hanc

2097 1061 2391 1131 synodum,
2420 1068 2478 1116 ut
2503 1061 2571 1114 ad
2601 1076 2688 1115 me
2719 1061 2944 1132 scripsit
2969 1077 3142 1132 supra
3167 1061 3366 1116 citatus
3395 1061 3732 1115 Guillelmus

2097 1153 2148 1207 le
2181 1153 2384 1227 Begue,
2439 1151 2744 1206 Remenses
2773 1161 3101 1225 agnoscunt.
3135 1153 3311 1218 Quare
3353 1153 3634 1207 existimat
3667 1151 3728 1206 id

2097 1240 2298 1296 factum
2341 1241 2396 1294 in
2430 1241 2695 1310 praedicta
2727 1241 2941 1312 synodo
2983 1241 3385 1296 Aurelianensi.
3420 1241 3620 1296 Verum
3667 1239 3731 1294 id

2097 1326 2384 1382 manifeste
2431 1328 2756 1383 adversatur
2809 1329 3096 1384 Hincmaro
3124 1337 3178 1384 et
3233 1329 3560 1394 Flodoardo,
3625 1328 3728 1399 qui

2096 1416 2234 1472 duas
2264 1417 2507 1488 synodos
2537 1425 2591 1474 et
2623 1419 2764 1474 hanc
2793 1435 2824 1473 a
2859 1419 3042 1489 priore
3083 1419 3354 1473 diversam
3409 1426 3729 1473 recensent.

2704 1533 2913 1588 CAPUT
2952 1533 3108 1588 XVII.

2167 1622 2403 1690 Semper.
2428 1624 2705 1691 inquiens,
2738 1629 2814 1676 est
2846 1624 3012 1676 bonus
3032 1625 3208 1690 focus,
3233 1626 3284 1677 si
3311 1639 3418 1678 non
3443 1639 3609 1692 super
3634 1637 3736 1692 po-

2096 1718 2213 1767 test.
2269 1715 2346 1767 lta
2388 1713 2577 1768 omnia
2623 1715 2961 1784 exemplaria
3012 1725 3066 1768 et
3119 1715 3458 1770 liincmarus.
3515 1715 3736 1770 Sensus

2097 1823 2216 1862 esse
2273 1808 2528 1863 videtur:
2572 1809 2628 1863 Si
2662 1809 2800 1863 nihil
2845 1810 3080 1879 amplius
3131 1809 3321 1864 haberi
3366 1817 3567 1880 potest.
3602 1809 3734 1874 Quo

2093 1901 2222 1956 facit
2257 1901 2406 1972 quod
2436 1901 2492 1954 in
2525 1901 2816 1965 Hincmaro
2840 1901 3120 1972 przecedit,
3152 1902 3212 1955 Β.
3257 1900 3571 1972 Remigium
3603 1901 3734 1955 haec

2093 1990 2394 2061 tranquillo
2425 1990 2590 2045 corde
2619 1997 2675 2046 et
2705 2006 2800 2045 ore
2833 1989 3054 2044 dixisse.
3101 1989 3161 2043 In
3201 1989 3406 2044 Gallico
3437 1987 3679 2043 vertitur
3715 2003 3732 2041 :

2094 2078 2150 2132 Si
2179 2095 2288 2134 non
2313 2078 2552 2145 excedit,
2579 2086 2633 2133 et
2661 2093 2772 2133 non
2806 2078 2968 2132 nimis
2997 2086 3193 2149 potens
3222 2084 3320 2131 est.

2173 2174 2296 2226 Viri
2321 2171 2611 2242 ponderosi
2633 2174 2788 2240 ﬁant,
2820 2176 2870 2226 et
2895 2173 3112 2238 feminae
3141 2170 3381 2237 gutturis
3403 2168 3738 2222 calamitate

2088 2268 2418 2336 plectantur.
2470 2263 2565 2320 Hic
2615 2265 3002 2336 ponderositas
3032 2263 3226 2318 vitium
3247 2272 3330 2317 est
3365 2261 3732 2335 genitalium,

2093 2357 2241 2428 quod
2273 2356 2436 2428 quale
2453 2357 2523 2410 sit
2551 2356 2790 2427 explicat
2821 2356 2876 2411 S.
2907 2356 3098 2429 Greg.,
3126 2373 3142 2409 ι
3176 2363 3320 2425 part.
3355 2353 3506 2408 Cura:
3532 2360 3735 2423 pasto-

2094 2451 2244 2518 ralis,
2273 2468 2396 2522 cap.
2440 2451 2542 2506 ult.

2167 2541 2436 2604 Quoniam
2455 2540 2845 2593 vicedominum
2873 2538 3123 2592 Ecclesiae
3148 2537 3422 2592 Remensis
3450 2539 3510 2592 in
3540 2537 3735 2592 eadem

2096 2631 2232 2683 villa
2283 2635 2562 2684 necarunt.
2599 2629 2883 2694 Quodnam
2924 2627 3095 2682 fuerit
3141 2627 3272 2682 olim
3319 2629 3423 2683 hoc
3452 2626 3733 2694 officium,

2097 2718 2386 2773 videantur
2429 2733 2670 2773 canones
2725 2717 2876 2787 apud
2903 2717 3044 2771 Grat.
3079 2715 3208 2771 dist.
3252 2716 3344 2780 89,
3400 2733 3523 2786 cap.
3561 2718 3735 2771 Volu-

2099 2825 2220 2864 mus
2268 2817 2322 2864 et
2361 2809 2743 2880 sequentibus.
2794 2809 2866 2862 Ex
2895 2823 3004 2878 quo
3040 2807 3184 2873 loco,
3226 2817 3280 2862 et
3313 2807 3454 2862 infra
3505 2824 3571 2863 ex
3606 2809 3734 2864 Flo-

2098 2901 2329 2966 doardo,
2363 2901 2506 2954 libro
2536 2899 2805 2962 secundo,
2836 2899 3062 2969 cap.13,
3086 2905 3300 2952 constat
3319 2899 3514 2954 eadem
3531 2899 3730 2966 fuisse,

2096 2989 2492 3044 vimdominum
2527 2996 2582 3044 et
2622 3004 2971 3043 oeconomum
3011 2987 3278 3042 ecclesia.
3308 2987 3514 3042 Eodem
3555 2988 3728 3044 modo

2097 3083 2323 3152 exponit
2367 3081 2684 3152 Onuphrius
2731 3081 2788 3134 in
2846 3079 3305 3150 interpretatione
3363 3095 3559 3135 vocum
3620 3095 3728 3134 ec-

2096 3171 2546 3226 clesiasticarum.
2605 3169 2808 3225 Gallice
2856 3169 3090 3224 vertitur
3127 3169 3346 3224 uidame
3411 3169 3476 3222 de
3519 3171 3728 3224 Beims.

2094 3265 2224 3320 Nam
2283 3264 2484 3319 Gallice
2522 3264 2679 3318 dame
2731 3263 2862 3317 olim
2918 3261 3295 3331 usurpabatur
3333 3276 3536 3335 genere
3600 3277 3733 3315 ma-

2093 3355 2310 3409 sculino
2334 3370 2432 3423 pro
2454 3352 2701 3418 domino,
2727 3359 2785 3406 ut
2817 3350 3013 3420 probat
3041 3350 3406 3404 Sebastianus
3437 3349 3732 3404 Roulliard

2095 3443 2150 3497 in
2193 3460 2291 3497 sua
2335 3441 2644 3496 Partliemia
2676 3439 3015 3504 Carnotensi,
3067 3456 3188 3510 cap.
3223 3441 3308 3504 17,
3339 3437 3435 3492 ubi
3463 3437 3572 3492 late
3605 3439 3735 3511 agit

2093 3530 2536 3588 devicedominis
2564 3528 2821 3583 Ecclesiae
2849 3527 3215 3594 Carnotensis,
3235 3525 3522 3581 declarans
3539 3527 3736 3596 quod-

2092 3641 2214 3678 nam
2238 3631 2291 3678 et
2312 3622 2474 3694 quale
2505 3621 2669 3675 fuerit
2697 3636 2886 3674 eorum
2918 3619 3184 3674 officium.

2163 3715 2293 3772 Cum
2313 3715 2523 3768 dederit
2550 3713 2757 3766 dilectis
2778 3713 2890 3764 suis
2913 3725 3183 3775 somnum,
3211 3711 3318 3764 hac
3331 3714 3410 3764 est
3431 3709 3732 3766 ha’rcditas

2090 3809 2324 3862 Domini.
2371 3807 2449 3860 Ita
2506 3804 2829 3858 Psalterium
2891 3803 3193 3857 Romanum
3247 3800 3398 3874 legit.
3464 3801 3726 3856 Nostrum

2091 3900 2324 3972 vulgata:
2370 3896 2654 3961 editionis,
2705 3896 2855 3967 quod
2909 3892 3191 3949 consensit
3241 3907 3367 3947 cum
3419 3891 3729 3958 Gallicano,

2094 3991 2258 4061 paulo
2283 3989 2463 4044 aliter.

2164 4079 2235 4133 Et
2263 4078 2467 4132 nullius
2496 4077 2780 4147 propalati
2804 4090 3000 4144 corpus
3021 4073 3341 4128 servabatur
3358 4075 3416 4126 in
3443 4089 3506 4126 ea
3524 4076 3730 4137 sancti,

2093 4177 2602 4246 circumjacentibus
2653 4180 2833 4229 tamen
2869 4176 3050 4239 atriis,
3089 4173 3320 4226 ecclesiae
3367 4175 3736 4226 coemeterium

2096 4273 2376 4338 ferebatur
2420 4287 2488 4323 ea:
2541 4271 2766 4338 antiquo
2821 4269 3115 4323 Remensis.
3178 4266 3268 4334 SJ,
3321 4269 3575 4322 Remense
3609 4307 3623 4332 ,
3678 4273 3734 4320 et

2097 4370 2209 4418 tota
2265 4361 2545 4416 sententia
2595 4360 2796 4415 clarior
2837 4365 2925 4413 est
2980 4359 3034 4412 in
3100 4357 3411 4419 Hincmaro,
3453 4357 3522 4411 ad
3583 4358 3734 4412 hunc

2098 4451 2320 4505 modum
2355 4469 2368 4502 :
2401 4470 2426 4501 α
2458 4450 2565 4504 Sed
2601 4449 2814 4503 nullum
2845 4463 3046 4518 corpus
3075 4446 3342 4501 nominati
3373 4446 3550 4500 sancti
3581 4446 3638 4500 in
3667 4463 3732 4500 ea

2093 4540 2336 4610 jacsbat,
2365 4546 2420 4594 et
2466 4539 2524 4592 in
2553 4554 2662 4609 qua
2692 4537 2858 4608 eique
2901 4534 3426 4604 circumjacentibus
3455 4533 3632 4600 atriis,
3665 4552 3732 4590 ex

2097 4631 2326 4702 antiquo
2355 4637 2471 4686 erat
2515 4627 2894 4684 cremeterium
2952 4626 3244 4681 Remensis
3272 4625 3537 4681 ecclesiae.
3577 4646 3598 4676 ι
3667 4626 3730 4681 Ut

2093 4722 2242 4777 enim
2259 4721 2327 4776 ad
2347 4720 2648 4790 marginem
2669 4719 2953 4775 adnotavit
2985 4719 3040 4772 in
3063 4717 3266 4772 Gallica
3285 4716 3541 4772 versione
3563 4703 3730 4772 Nico.-

2092 4814 2210 4868 laus
2227 4812 2534 4878 Chesneau,
2554 4812 2844 4884 antiquum
2867 4809 3247 4867 cmmeterium
3267 4809 3543 4864 Remense
3571 4817 3723 4864 extra

2091 4903 2286 4958 urbem
2323 4901 2444 4958 fuit.

2160 4991 2420 5046 Adcloldi
2458 5005 2668 5060 quoque
2697 4991 2781 5043 tui
2817 4991 3068 5042 miserere
3119 4988 3336 5055 famuli.
3375 4986 3473 5040 Hic
3509 4986 3730 5041 videtur

2090 5079 2171 5133 vel
2203 5085 2394 5133 auctor
2437 5076 2762 5132 monimenti
2797 5075 2873 5129 ibi
2927 5075 3116 5146 positi,
3146 5075 3233 5130 vel
3293 5073 3480 5144 potius
3525 5075 3726 5129 horum

2091 5175 2450 5244 rythmorum,
2485 5188 2624 5243 quos
2657 5188 2757 5242 per
2787 5171 3011 5226 modum
3035 5168 3533 5239 versuumzexcudi
3565 5183 3729 5223 cura-

2090 5263 2290 5330 vimus,
2320 5263 2450 5334 quia
2481 5262 2608 5317 facti
2637 5270 2764 5316 sunt
2811 5261 2984 5314 instar
3014 5275 3300 5330 prosarum
3328 5257 3444 5312 sive
3475 5273 3729 5328 sequen-

2095 5355 2314 5419 tiarum,
2339 5371 2462 5424 quae
2490 5354 2619 5408 olim
2649 5353 2974 5424 frequenter
3005 5350 3387 5407 recitabantur
3407 5349 3476 5404 ad
3508 5365 3728 5405 sacrum

2093 5449 2278 5502 missa)
2310 5445 2575 5501 officium.

2702 5536 2909 5594 CAPUT
2931 5537 3114 5592 XVlll.

2169 5628 2319 5684 Beati
2371 5628 2605 5702 Remigii
2649 5634 3039 5682 testamentum
3072 5623 3352 5678 Barnabas
3389 5623 3722 5690 Brissonius,

2099 5721 2200 5777 lib.
2231 5738 2303 5775 vn
2359 5721 2428 5774 de
2461 5719 2712 5776 formulis
2755 5727 2810 5773 et
2857 5717 3204 5773 solemnibus
3253 5715 3442 5786 populi
3487 5715 3722 5771 Romani

2101 5813 2290 5868 verbis
2311 5813 2528 5886 integre
2554 5812 2900 5883 transcripsit
2925 5829 2989 5868 ex
3035 5813 3140 5868 hoc
3161 5817 3350 5868 nostro
3385 5819 3637 5875 auctore,
3670 5817 3722 5864 et
