3912 6398
159 417 269 472 349

1504 414 1569 468 IN
1611 413 1861 469 LIBRUM
1902 414 2184 469 PRIMUM.

3401 410 3506 467 330

157 544 407 611 aliunde,
440 546 512 600 de
541 560 652 617 quo
704 544 785 599 sic
842 544 1135 615 praefatur:
1174 562 1199 595 α
1234 543 1415 597 Exstat
1455 543 1511 596 Ι).
1545 543 1780 617 Remigii
1806 548 1858 615 Α
1885 542 2103 609 domus,
2128 558 2251 614 quae
2284 541 2525 597 oratoria
2566 546 2619 595 et
2669 540 2869 594 sacella
2918 538 3177 607 adjuncta
3208 538 3503 606 habebant,

158 634 453 690 Remensis
483 634 909 705 archiepisc0pi,
936 633 1031 705 qui
1063 633 1285 688 laudum
1313 650 1534 687 suarum
1576 649 1785 703 praeco-

160 739 290 777 nem
333 724 619 796 egregium
688 722 978 777 Sidonium
1059 723 1469 793 Appollinarem
1515 724 1783 793 aequalem

159 834 322 872 suum
336 817 571 888 epistola
596 818 628 870 7
659 817 756 871 lib.
794 817 1040 883 ix,habet
1061 815 1291 891 elegans
1318 824 1728 882 testamentum,
1755 833 1787 871 a

162 928 252 967 me
279 912 497 983 pridem
556 927 623 965 ex
667 909 942 964 Hincmari
993 918 1049 964 et
1101 910 1392 965 Flodoardi
1460 910 1700 977 scriniis,
1733 916 1787 964 et

161 1002 342 1073 ipsius
366 1002 660 1057 Remensis
677 1002 933 1057 Ecclesia.
946 1003 1149 1057 archiis
1162 1003 1499 1073 descriptum
1510 1003 1787 1068 ,versione

163 1098 217 1146 et
245 1107 428 1162 nuper
485 1107 517 1147 a
548 1091 774 1146 Nicolao
832 1090 1104 1155 Querculo
1137 1090 1195 1145 iu
1234 1091 1436 1145 Gallica
1469 1091 1780 1158 Flodoardi,

161 1180 396 1244 editum,
435 1204 458 1225 -
488 1186 594 1235 etc.
638 1180 811 1235 Habet
875 1181 1073 1235 eodem
1128 1179 1249 1235 loco
1277 1179 1784 1235 Brissoniustesta-

161 1274 414 1323 mentum
465 1267 736 1323 Hadoindi
794 1269 1226 1323 Cenomanensis
1275 1268 1545 1339 episcopi.
1616 1269 1785 1337 Hujus

160 1362 419 1417 meminit
464 1361 805 1416 Flodoardus
844 1361 986 1416 libro
1038 1362 1305 1422 secundo,
1356 1362 1538 1432 capite
1569 1361 1784 1433 quinto,

162 1451 417 1520 ejusdem
440 1450 556 1506 fere
576 1452 762 1507 saeculi
794 1458 848 1506 et
877 1451 1025 1522 styli,
1080 1451 1230 1522 quod
1284 1451 1364 1506 sic
1394 1451 1587 1521 incipit
1616 1468 1629 1504 :
1661 1471 1690 1501 α
1725 1451 1784 1504 ln

164 1544 396 1598 nomine
423 1543 641 1598 Domini
674 1543 843 1598 nostri
865 1544 993 1598 Jesu
1016 1542 1295 1611 Christi,et
1322 1545 1556 1615 Spiritus
1585 1544 1785 1609 sancti,

162 1648 263 1687 vin
298 1633 378 1687 ld.
412 1631 695 1687 Februarii
726 1633 780 1686 in
810 1648 957 1687 anno
1004 1649 1037 1685 v
1091 1642 1357 1707 regnante
1385 1633 1788 1705 gloriosissimo

166 1719 445 1776 Clodoveo
468 1735 619 1790 rege.
643 1720 753 1793 Ego
769 1720 1107 1781 Hadoindus,
1133 1736 1197 1774 ac
1210 1720 1254 1773 si
1289 1721 1551 1794 indignus
1572 1718 1787 1775 tametsi

1886 635 1938 688 in
1968 636 2170 706 quibus
2198 651 2228 689 a
2250 640 2404 705 patre
2435 632 3078 687 diaconiaisivediarono
3097 632 3289 707 egenis
3321 648 3511 686 neces-

1886 724 2030 776 saria
2056 722 2636 777 subministrabantur.
2662 721 2796 774 Vide
2824 720 3168 790 Onuphrium
3200 720 3295 775 ubi
3320 737 3504 792 supra.

1886 812 2134 865 Meminit
2164 812 2361 866 horum
2395 811 2679 864 Zacharias
2714 825 2856 880 papa
2899 809 3063 879 epist.
3096 810 3149 861 7.

1967 908 2129 961 Vicus
2148 921 2215 959 ea:
2240 907 2466 974 proprio
2492 906 2550 958 in
2579 903 2842 967 Portensi,
2867 906 2933 954 et.
2970 940 2983 953 .
3016 900 3253 954 Villanis
3278 915 3506 969 quoque,

1890 1004 1991 1052 etc.
2019 997 2105 1050 MS
2136 998 2238 1052 hoc
2267 997 2388 1052 loco
2419 1002 2474 1051 et
2497 1011 2621 1049 mox
2653 994 2795 1048 infra
2852 992 3122 1056 Porccnsi,
3180 990 3309 1044 item
3341 991 3510 1043 villa-

1887 1092 1971 1143 ris
2001 1090 2212 1163 legunt,
2247 1094 2301 1142 et
2358 1088 2412 1142 in
2445 1088 2493 1141 M
2523 1092 2678 1141 vacat
2729 1084 2989 1155 spatium,
3050 1090 3112 1136 ut
3164 1080 3510 1155 significetur

1885 1181 2083 1235 deesse
2114 1182 2299 1252 aliqua
2329 1180 2519 1246 dictio,
2576 1178 2655 1233 uti
2688 1186 2742 1233 et
2772 1178 2909 1232 intra
2934 1192 2949 1241 ;
2973 1174 3121 1246 quod
3148 1190 3179 1228 a
3233 1173 3508 1229 Brissonio

1887 1279 1941 1328 et
1970 1274 2095 1327 aliis
2111 1289 2223 1327 non
2251 1280 2333 1327 est
2363 1271 2831 1336 animadversum,
2866 1271 3101 1342 ideoque
3123 1270 3310 1325 omnia
3326 1269 3510 1324 conti-

1888 1370 2089 1416 nenter
2116 1362 2382 1416 scribunt.
2443 1360 2648 1414 Similis
2705 1369 2786 1414 est
2815 1359 3050 1413 varietas
3083 1359 3179 1413 lib.
3214 1376 3275 1425 ιι,
3338 1375 3388 1421 c,
3417 1359 3508 1425 11,

1886 1449 1985 1504 ubi
2011 1449 2167 1504 initio
2198 1450 2395 1519 capitis
2428 1449 2513 1502 MS
2541 1448 2568 1503 J
2596 1449 2792 1502 iterum
2855 1449 3102 1501 Porcensi
3140 1447 3351 1519 legunt,
3412 1444 3511 1498 sed

1889 1537 1925 1617 (ξ
1964 1538 2131 1593 vertit
2181 1542 2384 1604 Postez,
2442 1546 2499 1593 et
2553 1540 2607 1593 in
2655 1556 2680 1592 ε
2709 1539 2945 1593 litterat
2991 1536 3409 1608 superponitur.
3449 1536 3507 1590 ln

1891 1630 2001 1684 fine
2022 1646 2152 1686 vero
2183 1632 2231 1685 M
2254 1641 2308 1686 et
2331 1632 2657 1697 CPortensi,
2692 1631 2790 1686 lib.
2824 1647 2903 1695 ιιι,
2936 1646 2983 1685 c.
3016 1630 3071 1696 7,
3104 1629 3289 1684 omnia
3320 1628 3512 1703 legunt

1891 1726 2161 1785 Porcensi,
2194 1732 2249 1779 et
2315 1725 2522 1779 ibidem
2572 1725 2757 1790 vertit,
2807 1725 2985 1787 Potes,
3041 1722 3140 1777 sed
3173 1721 3228 1776 in
3258 1720 3510 1793 margine

164 1817 755 1887 peccator,episc0pus
788 1821 989 1869 sanctae
1018 1813 1110 1867 Dei
1132 1814 1393 1869 Ecclesiae
1423 1813 1791 1869 Cenomannis
1818 1864 1863 1887 η
1894 1811 2049 1881 ponit
2070 1827 2137 1865 ou
2167 1813 2231 1866 de
2255 1814 2513 1867 Portium.
2551 1814 2681 1867 ltcm
2709 1813 2805 1866 lib.
2837 1828 2911 1877 iv,
2944 1827 2989 1865 c.
3025 1809 3116 1875 29,
3152 1823 3353 1883 pagum
3376 1808 3510 1861 Por-

166 1864 753 1887 r""'"'v'r""r'"
789 1864 985 1869 --πν-«ν
1894 1864 1949 1881 ιγ
2255 1864 2273 1866 -
2844 1864 2847 1865 ν
2901 1864 2910 1877 ι
2958 1864 2963 1865 κ
3074 1864 3166 1880 γι.
3225 1864 3258 1883 υ

161 1907 429 1971 civitatis,
463 1923 653 1971 sanus,
711 1908 821 1962 Deo
876 1905 1142 1977 propitio,
1206 1913 1391 1959 mente
1441 1914 1496 1960 et
1528 1921 1784 1978 corpore,
1814 1864 1867 1932 B
1890 1908 2127 1967 tensem,
2160 1900 2224 1956 CJ
2255 1900 2613 1967 Porcensem,
2645 1909 2701 1957 et
2730 1899 2937 1955 Gallice
2967 1899 3129 1954 vertit
3159 1899 3213 1952 la
3272 1902 3415 1951 terre
3443 1895 3509 1949 de

158 2012 413 2067 sanoque
439 1996 1424 2057 consilio,metuenscasumhumanze
1448 1994 1783 2070 fragilitatis,

156 2092 554 2141 testamentum
585 2085 832 2151 condidi,
891 2086 1060 2156 idque
1091 2084 1321 2140 Cadulto
1377 2086 1615 2139 diacono
1648 2085 1787 2139 scri-

159 2176 408 2230 bendum
440 2175 663 2231 dictavi.
706 2175 861 2239 Quod
911 2181 1299 2229 testamentum
1358 2191 1566 2242 meum,
1597 2176 1644 2229 si
1676 2190 1787 2247 quo

159 2280 295 2319 casu
318 2265 448 2333 jure
474 2264 645 2330 civili,
672 2272 767 2319 aut
795 2264 1165 2334 praetorio,vel
1207 2265 1442 2334 alicujus
1471 2281 1626 2320 novae
1648 2265 1787 2338 legis
1814 2312 1832 2325 ,

163 2356 493 2411 interventu
524 2357 707 2411 valere
739 2358 1073 2428 nequiverit,
1114 2375 1177 2413 ac
1214 2358 1260 2412 si
1313 2359 1383 2413 ab
1411 2358 1687 2424 intestato,
1722 2359 1789 2413 ad

160 2446 345 2501 vicem
377 2447 761 2503 codicillorum
786 2449 971 2502 valere
1014 2448 1067 2501 id
1107 2449 1255 2516 volo,
1289 2456 1345 2504 et
1375 2450 1572 2503 valeat.
1600 2451 1791 2520 Itaque

160 2539 455 2611 siquando
487 2556 591 2613 ego
652 2540 970 2595 Hadoindus
1027 2541 1438 2612 suprascriptus
1469 2541 1716 2611 episc0p.
1760 2557 1790 2595 e

162 2631 338 2686 rebus
350 2633 609 2687 humanis
624 2649 931 2694 excessero,
953 2640 1006 2688 et
1020 2633 1267 2688 debitum
1286 2634 1501 2688 venturi
1529 2635 1795 2704 temporis

157 2723 542 2794 complevero,
569 2732 699 2779 tunc
728 2731 784 2778 tu
812 2725 905 2778 SS.
969 2725 1211 2780 Ecclesia
1241 2725 1579 2779 venerabilis
1612 2725 1793 2779 haeres

1887 1996 2146 2050 Portium.

1961 2088 2323 2142 Duodeciacus
2347 2102 2470 2139 vero
2526 2087 2665 2140 sicut
2716 2101 2752 2138 α
2788 2081 3110 2141 Clodowallo
3153 2087 3254 2136 etc.
3295 2080 3364 2144 Μ,
3399 2081 3510 2134 Lu-

1888 2180 2139 2245 dowallo,
2198 2188 2253 2233 et
2298 2178 2552 2232 similiter
2600 2176 2743 2231 infra
2794 2176 3184 2231 Ludowaldus.
3242 2173 3510 2237 Brisson.,

1892 2269 2269 2335 lllodowaldo,
2329 2276 2384 2324 et
2430 2268 2691 2323 similiter
2731 2267 2872 2321 infra
2926 2267 3024 2321 lib.
3068 2282 3148 2331 ιιι,
3178 2282 3300 2335 cap.
3329 2265 3416 2317 20.
3451 2265 3511 2319 In

1890 2360 2147 2416 omnibus
2167 2359 2574 2430 exemplaribus
2587 2358 2675 2412 his
2696 2358 2899 2430 legitur
2923 2362 3141 2412 sanctus
3165 2355 3510 2411 Clodoalllus.

1893 2454 2090 2507 Beatus
2148 2452 2430 2523 Remigius
2484 2450 2647 2522 paulo
2703 2450 2845 2505 infra
2902 2457 3059 2503 vocat
3118 2464 3243 2502 eum
3276 2464 3511 2518 puerum

1892 2542 2302 2611 sanctissimum
2321 2558 2334 2606 ;
2350 2541 2567 2611 sibique
2587 2540 2927 2593 unanimem.
2948 2536 3208 2611 Aguntde
3228 2549 3294 2589 eo
3314 2534 3516 2588 Usuar-

1894 2632 2016 2695 dus,
2069 2631 2378 2684 Romanum
2440 2629 2739 2699 Martyrol,
2808 2627 3088 2697 Martyrol.
3141 2622 3510 2677 monasticum

1895 2722 2120 2776 Arnoldi
2170 2721 2376 2785 Wion.,
2409 2730 2464 2775 et
2488 2721 2593 2774 alia
2622 2720 2711 2773 die
2759 2718 2789 2773 7
2844 2716 3204 2789 Septembris.
3269 2713 3517 2779 Quiescit

157 2830 283 2868 mea
308 2822 451 2877 esto,
486 2815 875 2886 haeredemque
904 2831 1083 2869 meam
1118 2825 1170 2870 te
1196 2832 1317 2870 esse
1348 2816 1626 2870 constituo
1662 2833 1675 2868 :
1713 2815 1786 2869 ita
1878 2816 2034 2883 juxta
2067 2814 2323 2877 Parisios,
2360 2813 2564 2867 Gallice
2603 2812 2989 2869 Saint—Cloud.
3025 2810 3145 2884 Agit
3176 2809 3245 2862 de
3277 2823 3343 2862 eo
3375 2807 3512 2861 Gre-

156 2902 569 2974 utubicunque
600 2902 813 2974 aliquid
845 2919 948 2974 per
995 2905 1102 2959 hoc
1162 2911 1549 2959 testamentum
1599 2919 1785 2958 meum

157 2992 395 3055 dedero,
428 2992 683 3064 legavero
737 2993 938 3047 dareve
991 2994 1233 3061 jussero,
1294 2995 1347 3049 id
1379 3002 1438 3049 ut
1460 2995 1638 3059 detur,
1670 2993 1784 3059 fiat,

158 3088 476 3153 pmstetur,
509 3080 641 3135 fidei
700 3089 804 3137 tute
867 3083 1047 3137 haeres
1107 3100 1236 3139 mea
1263 3085 1571 3153 committo,
1623 3108 1646 3130 η
1679 3094 1785 3140 etc.

1884 2903 2340 2977 gor.'l'uronens.
2375 2901 2475 2956 lib.
2538 2918 2594 2955 ιιι
2648 2901 2845 2955 llistor.
2900 2900 3255 2962 Francorum,
3314 2912 3436 2967 cap.
3480 2895 3515 2949 6

1886 3003 1939 3049 et
1966 2995 2018 3056 8,
2040 2994 2136 3048 ubi
2164 2993 2426 3047 scribitur
2449 2995 2847 3047 Chlodoraldus
2881 3011 2895 3067 ς
2928 2999 2982 3045 et
3010 2992 3336 3065 Sigcbertus
3367 3003 3515 3044 anno

1889 3082 2013 3137 531.
2048 3082 2217 3136 Filius
2270 3081 2370 3136 fuit
2424 3081 2764 3136 Clodomeris
2822 3080 2986 3153 regis,
3022 3094 3197 3149 nepos
3248 3076 3509 3133 Clodovei

155 3170 289 3235 Quae
345 3169 554 3225 idcirco
604 3171 713 3225 huc
748 3172 929 3239 attuli,
973 3172 1106 3243 quia
1132 3172 1340 3227 faciunt
1388 3174 1459 3228 ad
1515 3190 1789 3243 majorem
1822 3175 2078 3276 Cprimi.

154 3262 475 3318 testamenti
510 3262 568 3316 Β.
605 3261 838 3336 Remigii
880 3263 1328 3337 intelligentiam,
1358 3267 1505 3337 quod
1539 3267 1785 3338 quidem,

155 3354 264 3410 etsi
296 3352 620 3409 fidelissime
678 3370 710 3408 a
767 3355 1051 3411 Brissonio
1095 3356 1168 3411 sit
1228 3357 1460 3419 editum,
1488 3366 1571 3412 est
1604 3365 1788 3413 tamen

151 3443 251 3497 ubi
283 3442 555 3511 majorem
591 3442 884 3498 admittere
920 3451 1103 3515 potest
1122 3445 1468 3520 diligentiam
1512 3454 1569 3501 et
1595 3462 1789 3502 emen-

155 3532 475 3588 dationem.

232 3624 297 3678 Si
313 3624 365 3675 ei
382 3620 533 3689 juris
562 3622 782 3691 aliquid
810 3622 1095 3677 videbitur
1123 3624 1380 3691 defuisse.
1416 3625 1648 3680 Restitui
1666 3628 1718 3681 si
1745 3628 1795 3680 ei

157 3726 265 3781 pro
279 3712 425 3779 ﬁeri.
462 3709 548 3765 MS
573 3710 717 3764 male
753 3710 981 3779 affuisse
1013 3728 1111 3783 pro
1172 3714 1435 3779 defuisse,
1499 3714 1607 3767 nisi
1654 3712 1793 3768 forte

162 3800 436 3871 scriptum
469 3797 638 3854 fuerit
657 3800 920 3866 abfuisse.

236 3895 539 3957 Donavero,
596 3892 839 3959 legavero
899 3893 1091 3947 darive
1153 3894 1391 3962 jussero.
1449 3895 1525 3949 lta
1579 3894 1714 3950 MSJ
1748 3904 1803 3951 et

167 3984 417 4039 Brisson.
452 3982 511 4049 C,
545 3984 798 4038 donando
826 3985 1090 4052 legavero.
1125 3984 1295 4041 Paulo
1329 3994 1450 4056 post
1480 3987 1623 4041 male
1654 3987 1801 4042 Bris-

167 4092 294 4132 son.
328 4077 584 4131 Pontensi
633 4089 734 4146 pro
791 4078 1039 4131 Portensi
1086 4078 1235 4148 quod
1288 4077 1427 4134 forte
1466 4080 1797 4154 typOgraphi

165 4164 438 4220 mendum
471 4170 574 4231 est,
615 4164 824 4219 sicutet
840 4166 1012 4220 multo
1034 4173 1181 4236 post,
1205 4166 1417 4219 colonos
1444 4182 1545 4235 pro
1563 4168 1797 4234 colonus,

164 4264 222 4313 et
247 4264 377 4329 post
414 4264 527 4311 tres
558 4255 833 4312 dictiones
864 4258 1069 4312 omittit
1126 4258 1219 4311 illa
1250 4258 1441 4325 verba,
1474 4276 1591 4313 cum
1618 4262 1800 4314 omni-

164 4348 266 4401 bus
284 4360 420 4415 quos
449 4347 736 4399 intestatus
791 4347 1082 4416 reliquero,
1124 4363 1246 4418 quae
1303 4348 1505 4403 desunt
1536 4349 1702 4403 etiam
1745 4349 1800 4403 in

164 4440 224 4505 C,
260 4446 317 4494 et
341 4439 450 4493 alia
490 4438 758 4495 nonnulla
801 4455 925 4511 quae
958 4455 1025 4494 ex
1054 4439 1179 4495 aliis
1229 4442 1640 4512 exemplaribus
1666 4458 1800 4514 sup-

168 4528 342 4601 plevi.

1962 3270 2027 3322 In
2052 3268 2301 3327 Austria.
2337 3269 2449 3320 sive
2483 3269 2737 3334 Toringa.
2793 3265 2881 3319 Sic
2912 3266 3097 3319 omnia
3152 3262 3510 3335 exemplaria,

1890 3357 1988 3411 sed
2016 3356 2065 3408 S.
2106 3357 2403 3422 Thoringu,
2435 3356 2677 3409 Brisson.
2711 3362 2765 3409 et
2793 3354 2845 3419 J,
2882 3357 3163 3421 Toringiu.

1962 3447 2163 3498 Futuro
2183 3447 2426 3513 episcopo
2441 3447 2736 3499 successori
2754 3460 2866 3499 meo
2904 3444 3280 3514 amphibalum
3322 3443 3514 3497 album

1890 3535 2199 3604 paschalem
2228 3534 2495 3603 relinquo.
2521 3533 2819 3587 Siccaatera
2849 3533 3035 3588 omnia
3064 3542 3262 3604 praeter
3292 3530 3515 3586 tertium

1895 3624 2199 3693 exemplar,
2259 3639 2369 3694 quo
2410 3640 2543 3678 usus
2594 3630 2676 3677 est
2731 3624 2985 3679 Nicolaus
3026 3623 3336 3687 Chesneau,
3368 3619 3520 3691 quod

1895 3712 2028 3785 legit
2047 3714 2377 3782 pastoralem
2408 3729 2507 3783 pro
2555 3714 2881 3782 paschalem.
2919 3713 3300 3783 Amphlihalus
3332 3717 3516 3765 autem

1896 3803 2285 3857 indumentum
2314 3802 2541 3874 aliquod
2592 3802 2866 3877 designat,
2912 3817 2942 3856 a
2983 3802 3169 3856 Graeco
3199 3803 3517 3867 ἀμφιϐάλλω,

1903 3898 2264 3964 circumpono,
2298 3898 2496 3963 aperio,
2520 3896 2707 3949 induo.

1970 3988 2117 4041 Inter
2141 3990 2211 4050 te,
2244 3986 2409 4040 haeres
2455 4002 2592 4051 mea,
2635 3990 2685 4040 et
2738 3985 3009 4039 direcesim
3039 3987 3191 4037 tuam
3220 3983 3518 4039 Ecclesium

1901 4076 2335 4142 Laudunensem,
2358 4082 2412 4129 et
2443 4074 2604 4129 infra.
2626 4076 2893 4130 Lauduni.
2920 4074 2997 4128 lta
3010 4073 3101 4127 hic
3128 4080 3182 4126 et
3202 4071 3345 4125 infra
3371 4079 3519 4126 recte

1901 4164 2140 4218 correxit
2185 4164 2238 4218 S.
2302 4164 2566 4219 Similiter
2620 4163 2858 4217 Brisson.
2920 4163 3023 4217 etJ
3062 4167 3329 4232 perpetuo
3363 4160 3515 4233 legit,

1903 4270 2027 4309 cum
2057 4256 2104 4309 M
2126 4262 2181 4310 et
2207 4256 2249 4310 R
2312 4256 2519 4328 ubique
2550 4258 2959 4323 Lugdunensem
2988 4263 3041 4309 et
3073 4257 3389 4323 Lugdunum
3421 4254 3518 4307 ha-

1903 4349 2225 4415 berent,sed
2254 4366 2560 4421 perperam.
2597 4350 2734 4414 Quid
2767 4350 2911 4403 enim
2936 4348 3191 4403 Ecclesiae
3222 4347 3517 4402 Rhemensi

1899 4455 2023 4494 cum
2056 4439 2417 4512 Lugdunensi
2453 4438 2481 4491 ?
2527 4438 2907 4493 Laudunensis
2935 4454 3066 4493 vero
3099 4454 3221 4492 cum
3246 4454 3346 4509 par
3372 4446 3520 4491 esset

1814 4551 1873 4621 D
1899 4527 2156 4582 diwcesis
2180 4528 2524 4604 Rhemensis,
2592 4527 2661 4580 ab
2694 4527 2811 4596 ipso
2837 4527 3088 4601 Remigio
3119 4534 3302 4580 erecta
3336 4533 3420 4579 est
3465 4525 3517 4578 in

244 4620 359 4672 Tuo
388 4617 628 4671 dominio
663 4617 991 4673 vindicabis.
1026 4618 1113 4673 Sic
1144 4618 1310 4673 etiam
1340 4620 1442 4675 hoc
1473 4620 1595 4676 loco
1628 4638 1793 4693 quam
1814 4614 1859 4621 ⁷
1895 4616 2269 4671 cathedralem
2322 4615 2620 4670 Rhemeusi
2652 4614 2979 4682 subjectam,
3025 4624 3083 4670 ut
3132 4616 3520 4670 adnotavimus

164 4707 256 4761 bis
282 4706 341 4760 in
371 4703 559 4760 medio
619 4706 932 4761 testamenti
994 4706 1204 4761 habent
1232 4707 1418 4763 omnia
1439 4708 1791 4779 exemplaria,

165 4808 222 4857 et
254 4799 500 4866 Brisson,
534 4814 657 4854 cum
682 4799 982 4874 legendum
1013 4801 1295 4855 videretur
1316 4803 1650 4857 vendicabis.
1686 4801 1792 4857 Sed

164 4890 337 4945 etiam
388 4888 554 4943 hodie
585 4888 732 4944 docti
786 4889 867 4945 sic
918 4890 1272 4945 scribendum
1316 4890 1592 4961 judicant,
1632 4900 1688 4947 et
1719 4893 1794 4949 ita

164 4981 299 5037 olim
330 4980 597 5050 scriptum
628 4979 825 5036 fuisset
869 4981 1031 5037 docet
1061 4982 1229 5036 Aldus
1284 4982 1559 5038 Manutius
1597 4984 1653 5039 in
1692 5001 1791 5040 sua

165 5071 590 5144 Orthographia.
624 5072 781 5127 Unde
809 5074 1034 5139 vindex,
1061 5089 1172 5128 non
1210 5075 1435 5141 vendes,
1468 5077 1785 5132 etvindicaa.

166 5163 326 5219 Certe
351 5163 637 5218 vindicare
691 5163 841 5219 inter
868 5171 1064 5219 caetera
1103 5164 1380 5240 signiﬁcat
1408 5182 1663 5223 asserere.
1698 5170 1790 5224 Vi-

165 5251 366 5306 deatur
392 5250 700 5306 Ludovicus
754 5251 1122 5328 Rhodiginus,
1173 5253 1267 5309 lib.
1300 5271 1409 5310 xvu
1442 5258 1789 5329 antiquarum

163 5340 517 5407 Lectionum,
548 5355 600 5395 c.
630 5341 723 5395 29.
1660 5391 1669 5400 ,

231 5432 299 5486 In
310 5429 570 5498 ptochiis,
625 5430 897 5496 emnobiis,
929 5434 1239 5501 martyriis,
1295 5434 1589 5490 diaeoniis.
1659 5436 1792 5493 Pto-

162 5517 375 5585 chium,
409 5516 595 5573 Graece
632 5521 904 5588 πτωχεῖον
935 5520 1162 5577 domum
1194 5524 1574 5581 mendicorum
1614 5528 1792 5600 signi-

160 5608 310 5665 ﬁcat.
338 5609 595 5681 Martyria
624 5610 954 5667 dicebantur
993 5614 1246 5670 ecclesiae
1305 5616 1391 5671 vel
1439 5620 1678 5673 oratoria
1734 5621 1787 5676 in

158 5699 367 5770 quibus
398 5706 675 5771 martyres
697 5701 1043 5758 colebantur.
1060 5704 1385 5761 Diaconiaea
1411 5707 1664 5762 diaconus
1695 5710 1788 5764 di-

161 5800 260 5846 ctas
288 5798 439 5848 sunt.
500 5791 673 5847 Erant
708 5791 796 5848 hae
861 5795 1098 5865 publica:
1152 5812 1457 5868 pauperum
1489 5798 1790 5871 hospitales

1893 4724 2060 4779 supra
2081 4708 2152 4763 ad
2182 4725 2303 4779 cap.
2337 4710 2406 4763 14
2439 4726 2451 4762 :
2486 4709 2726 4779 ideoque
2759 4708 3057 4762 Ecclesiam
3094 4708 3515 4762 Lauduneusem

1896 4801 1984 4855 hic
2004 4807 2161 4856 vocat
2187 4801 2471 4856 diaecesim
2505 4802 2894 4855 Rhemensem.
2933 4801 3201 4855 Praeterea
3231 4801 3521 4869 siclegeu-

1893 4893 2021 4947 dum
2058 4902 2208 4964 patet
2239 4910 2306 4949 ex
2352 4910 2471 4965 cap.
2533 4895 2604 4948 20
2663 4893 2824 4960 infra,
2857 4894 2951 4948 ubi
2984 4894 3186 4947 diserte
3228 4892 3517 4946 Anisiacus

1894 4986 2247 5042 Laudunensi
2308 4988 2565 5043 Ecclesia:
2625 4987 2965 5053 attribuitur,
3034 4994 3088 5042 et
3140 5004 3201 5041 ex
3235 4986 3416 5057 capite
3458 4986 3518 5039 ιιι

1891 5095 2079 5151 supra,
2106 5080 2203 5135 ubi
2231 5080 2432 5136 dicitur
2455 5081 2507 5136 S.
2541 5081 2824 5155 Remigius
2858 5096 2967 5135 non
2994 5080 3265 5134 modicam
3298 5086 3514 5149 partem

1891 5169 2305 5237 possessionum
2331 5170 2438 5225 sibi
2470 5187 2500 5224 a
2567 5170 2868 5235 Clodoveo,
2899 5179 2953 5224 et
2979 5170 3101 5223 aliis
3128 5169 3376 5224 datarum
3405 5176 3519 5224 tra-

1893 5256 2099 5311 didisse
2125 5258 2371 5313 ecclesiae
2397 5260 2450 5314 S.
2487 5259 2667 5314 Maria:
2702 5259 2948 5313 Lauduni
2981 5258 3205 5326 Clavati,
3235 5260 3518 5331 quomodo

1892 5346 2189 5418 legendum
2247 5354 2333 5402 est
2384 5347 2439 5401 in
2489 5348 2650 5421 Greg.
2682 5349 2884 5403 Turon.
2920 5348 3014 5402 lib.
3075 5365 3148 5414 vr,
3182 5364 3301 5421 cap.
3332 5351 3387 5414 4,
3420 5349 3517 5404 ubi

1890 5436 2146 5502 Lugduni
2165 5437 2380 5491 Glavati
2407 5437 2630 5507 legitur.

1959 5527 2106 5582 Illud
2134 5542 2343 5596 quoque
2368 5543 2465 5582 vas
2502 5542 2733 5583 aureum
2786 5529 2963 5583 decem
2992 5530 3276 5585 librarum.
3313 5530 3401 5585 Sic
3430 5528 3515 5585 MS

1888 5616 1915 5670 J
1947 5624 2003 5670 et
2058 5616 2094 5671 C
2153 5617 2208 5670 in
2264 5617 2533 5690 margine.
2604 5619 2663 5673 ln
2720 5627 2869 5675 textu
2923 5635 3056 5675 vero
3104 5620 3185 5673 sic
3225 5620 3509 5674 habetur:

1895 5705 2095 5761 «Aliud
2126 5715 2448 5779 argenteum
2465 5723 2560 5761 vas
2590 5707 3082 5764 decemlibrarum.
3122 5729 3146 5757 ι)
3179 5707 3332 5773 Quod
3347 5723 3510 5759 secu-

1892 5808 1978 5855 tus
2003 5809 2086 5855 est
2118 5799 2487 5856 Brisson.Sed
2514 5801 2812 5876 legendum
2845 5819 3067 5858 aureum
3098 5807 3248 5872 patet
3268 5816 3329 5855 ex
3361 5796 3505 5851 anti-
