3912 6410
398 370 497 425 351

1241 374 1631 430 COLVENERII
1673 374 1948 430 SCHOLIA
1986 374 2052 430 IN
2093 375 2259 431 HlST.
2304 374 2591 430 REMENS.
2633 374 2895 429 ECCLES.

3636 376 3742 435 352

398 497 563 562 thesi,
596 514 719 553 cum
747 506 940 570 postea
971 501 1133 568 dicat,
1172 522 1196 553 ((
1225 519 1347 573 quae
1379 502 1628 559 Lauduni
1653 503 1709 557 in
1747 511 2011 577 argenteo
2036 506 2085 574 Α
2111 504 2341 559 versitas
2370 517 2436 557 ex
2491 517 2556 557 eo
2579 500 2903 572 provenisse
2957 500 3199 566 videtur,
3252 500 3401 571 quod
3428 516 3540 556 non
3571 502 3740 571 plena

397 586 413 640 i
420 603 516 657 pse
548 587 767 645 dictavi.
806 612 827 641 ι

464 678 628 730 Jubeo
654 679 981 733 turriculum
1011 684 1059 732 et
1088 681 1449 746 imuginatum
1480 682 1695 735 calicem
1723 682 2010 748 fabricari.

397 764 489 820 Sic
520 763 564 816 M
597 771 651 818 et
679 765 735 831 J,
769 783 833 820 ex
863 784 971 838 quo
1002 768 1141 821 alius
1184 769 1309 823 fecit
1341 772 1698 835 thuribulum,
1731 773 2011 841 quomodo

401 852 458 907 C.
492 852 621 924 legit
645 855 701 908 in
735 862 905 922 textu,
934 866 989 911 et
1031 858 1365 925 Brissonius,
1411 862 1508 915 sed
1538 861 1593 914 in
1627 861 1874 933 margine
1904 877 2011 916 no-

397 946 474 995 tat
500 940 535 992 G
567 943 700 996 alias
726 943 835 1017 legi
863 947 1190 1000 turriculum
1222 964 1234 1000 :
1272 967 1295 996 «
1333 948 1430 1003 Pro
1462 966 1593 1021 quo,
1622 950 1821 1021 inquit,
1844 953 2015 1004 turri-

396 1032 575 1085 culam
603 1047 805 1087 censeo
830 1037 1233 1103 reponendum.
1262 1038 1352 1093 Est
1368 1046 1550 1094 autem
1575 1040 1835 1095 turricula
1863 1042 2010 1111 quod

394 1120 559 1193 vulgo
590 1120 857 1175 ciborium
913 1131 1130 1179 vocant.
1194 1150 1219 1173 «ι
1254 1126 1343 1182 Sic
1374 1128 1487 1195 ille,
1540 1135 1593 1183 et
1655 1139 1946 1200 propterea
1976 1130 2009 1185 S

394 1211 718 1265 turricutam
748 1213 984 1283 scripsit.
1018 1216 1137 1270 Non
1170 1233 1292 1272 esse
1342 1218 1639 1292 legendum
1672 1220 2010 1274 thuribulum

392 1302 630 1372 primum
660 1321 726 1358 ex
757 1321 823 1361 eo
853 1309 1115 1377 probatur
1135 1310 1283 1379 quod
1338 1311 1568 1366 omnino
1618 1311 1689 1365 sit
1722 1310 2007 1365 verisimi-

394 1396 502 1451 lius
531 1414 596 1452 ex
638 1416 767 1455 vase
799 1418 965 1457 aureo
1006 1403 1302 1473 (quomodo
1351 1404 1649 1479 legendum
1701 1404 2011 1472 docuimus)

396 1506 519 1545 eum
546 1493 731 1563 potius
774 1494 1006 1563 jussisse
1062 1496 1185 1551 ﬁeri
1242 1513 1340 1554 vas
1378 1499 1446 1553 ad
1488 1516 1646 1553 usum
1679 1498 2010 1555 venerabilis

394 1586 723 1640 sacramenti
755 1588 1126 1655 eucharistiae,
1160 1607 1322 1662 quam
1354 1592 1721 1647 thuribulum.
1757 1590 2013 1646 Secundo

395 1677 523 1746 quia
553 1676 706 1732 addit
739 1696 753 1732 :
791 1702 808 1726 ι
848 1680 911 1734 Et
939 1681 1335 1756 epigrammata
1377 1700 1499 1755 quae
1555 1683 1803 1737 Lauduni
1839 1683 1894 1737 in
1926 1699 2017 1736 ar-

393 1771 593 1837 genteo
622 1766 739 1837 ipse
762 1768 984 1836 dictavi,
1019 1771 1073 1824 in
1105 1772 1209 1826 hoc
1244 1789 1467 1844 quoque
1499 1773 1773 1828 conscribi
1802 1772 1945 1828 volo.
1983 1791 2008 1821 ι)

2115 593 2377 656 dictione,
2412 599 2466 647 et
2496 608 2594 661 per
2634 601 2792 646 notas
2838 604 3192 645 numerorum
3225 590 3490 661 scriptum
3526 591 3601 645 sit
3631 592 3734 646 sol.

2113 683 2167 749 2,
2198 682 2475 752 quomodo
2508 678 2792 751 plerisque
2860 678 2998 734 locis
3053 678 3235 733 adhuc
3281 678 3520 734 habetur
3573 679 3631 733 in
3664 679 3735 747 Μ,

2116 770 2267 840 quod
2289 769 2431 823 alius
2466 768 2662 823 litteris
2685 767 2957 822 extendit.

2186 869 2373 936 Supra
2436 871 2684 935 cryptam
2744 868 3029 921 Remorum
3074 866 3354 935 mdiﬁcari.
3407 865 3497 920 Sic
3549 866 3742 921 omnia

2116 959 2468 1029 exemplaria.
2500 963 2678 1023 Quare
2708 958 2850 1011 male
2908 957 3177 1024 Brisson.,
3211 964 3382 1028 supra
3447 961 3737 1027 scriptam,

2113 1052 2218 1106 nisi
2247 1052 2510 1106 mondum
2533 1051 2602 1105 sit
2633 1050 2980 1124 typographi.
3086 1106 3091 1111 ,

2181 1145 2355 1200 Rebus
2376 1142 2652 1214 prioribus
2704 1142 3081 1211 superaddidi.
3138 1142 3227 1198 Sic
3271 1142 3357 1197 MS
3392 1142 3440 1197 J.
3508 1141 3740 1196 Brisson

2108 1250 2240 1290 vero
2267 1240 2320 1289 et
2348 1235 2403 1300 C,
2426 1235 2585 1288 rebus
2613 1234 2981 1302 superioribus
3036 1233 3260 1299 addidi,
3295 1248 3398 1286 nec
3420 1232 3742 1287 Brissonius

2111 1326 2166 1380 id
2214 1324 2359 1379 bene
2392 1323 2579 1397 jungit
2621 1322 2985 1393 sequentibus
3035 1329 3229 1376 contra
3294 1322 3482 1376 omnia
3547 1336 3743 1376 exem-

2110 1417 2302 1488 plaria.

2179 1510 2420 1564 Plebeius
2450 1524 2620 1578 supra
2656 1511 2966 1563 Matronam
3022 1508 3279 1576 adjunxi.
3313 1509 3390 1563 Ita
3418 1506 3744 1562 Brissonius

2114 1610 2170 1657 et
2200 1602 2387 1657 omnia
2415 1602 2773 1672 exemplaria,
2835 1601 3113 1672 quomodo
3146 1608 3201 1657 et
3233 1600 3377 1655 infra
3422 1601 3511 1655 his
3533 1600 3746 1675 legitur

2115 1694 2173 1748 in
2204 1695 2307 1750 hoc
2337 1701 2689 1758 testamento,
2746 1694 2853 1747 nisi
2909 1694 3057 1764 quod
3116 1693 3151 1747 C
3218 1694 3273 1749 in
3324 1693 3598 1763 impresso
3633 1691 3745 1747 hoc

2115 1786 2236 1841 loco
2266 1784 2468 1839 habeat
2500 1786 2826 1848 Matemam,
2860 1783 3010 1854 quod
3043 1784 3292 1851 ejusdem
3340 1782 3491 1837 ﬂuvii
3533 1797 3745 1837 recen-

395 1853 524 1918 Ωυὶθ
546 1870 771 1925 Prorsus
800 1873 865 1912 ea
920 1858 1178 1915 Vident“?
1234 1877 1354 1916 esse
1386 1878 1507 1933 (tum
1535 1878 1701 1933 supra
1734 1861 2011 1915 habent“
2036 1838 2086 1905 Β
2109 1875 2216 1929 tius
2246 1891 2450 1929 nomen
2475 1883 2577 1941 est,
2627 1874 2830 1928 Gallice
2894 1876 3083 1929 Marne
3116 1914 3129 1928 .
3159 1875 3350 1944 itaque
3412 1872 3743 1942 promiscue

395 1959 517 2014 cap.
556 1943 640 1998 lt).
696 1945 1061 2020 lmaginatum
1127 1949 1353 2004 calicem
1395 1950 1530 2005 dicit
1588 1949 1925 2022 imaginibus
1955 1955 2010 2003 et

395 2033 587 2109 ﬁguris
616 2038 909 2107 sculptum.
948 2037 1093 2093 Infra
1121 2056 1344 2111 quoque
1366 2041 1507 2095 libro
1535 2041 1802 2107 secundo,
1832 2042 2008 2111 capite

396 2133 569 2193 sexto,
603 2129 811 2205 mentio
844 2137 925 2183 est
968 2131 1135 2185 turris
1193 2149 1371 2187 aureae
1403 2150 1571 2203 super
1610 2133 1781 2187 altare
1831 2133 2007 2188 beatze

393 2217 573 2272 Mariae
601 2220 813 2289 positae,
843 2239 1005 2293 quam
1037 2232 1094 2278 et
1124 2225 1328 2280 ibidem
1362 2226 1635 2282 ciborium
1676 2227 2009 2297 interpreta-

397 2314 487 2360 tur
512 2307 659 2362 idem
687 2310 943 2365 Nicolaus
989 2311 1297 2380 Cliesneau,
1359 2315 1463 2370 hoc
1512 2324 1595 2371 est
1624 2316 2012 2386 repositorium

396 2398 731 2454 venerabilis
762 2405 1092 2458 sacramenti
1124 2407 1488 2464 eucharistize.
1520 2422 1550 2459 a
1580 2404 1756 2480 figura
1796 2405 1873 2458 sic
1906 2420 2011 2459 no-

337 2513 340 2517 ~
395 2487 686 2546 minatum.
722 2489 783 2544 Et
813 2491 957 2545 infra
988 2493 1126 2547 libro
1158 2512 1231 2560 IV,
1265 2497 1446 2566 capite
1464 2498 1680 2551 decimo
1703 2511 1875 2561 nono,
1905 2511 2016 2549 me—

395 2580 554 2633 minit
585 2581 925 2637 Flodoardus
957 2584 1151 2640 eiborii
1179 2604 1345 2657 super
1375 2589 1544 2643 altare
1568 2595 1770 2642 sanctae
1812 2587 2012 2642 Mariae.

396 2670 530 2724 item
573 2674 739 2725 turris
767 2688 946 2727 aure-ce
976 2674 1042 2727 ad
1075 2674 1331 2728 eumdem
1368 2693 1522 2730 usum
1556 2677 1895 2731 mentionem
1930 2676 2015 2730 fa-

398 2765 471 2819 cit
501 2765 801 2820 Venantius
845 2766 1172 2822 Fortunatus
1220 2768 1361 2822 libro
1418 2769 1600 2832 tertio,
1652 2769 1831 2838 capite
1862 2769 2016 2843 vige-

397 2856 538 2910 simo
568 2855 752 2921 tertio,
814 2857 870 2910 in
902 2858 1301 2931 epigrammate
1334 2860 1401 2913 ad
1428 2860 1664 2914 Felicem
1708 2861 2015 2915 Bituricen-

398 2962 535 3011 sem,
569 2946 663 3017 qui
692 2947 1018 3017 subscripsit
1058 2948 1269 3019 synodo
1287 2950 1532 3003 secundo
1554 2950 1883 3015 Turonensi,
1919 2951 2014 3003 ha-

398 3034 527 3088 bitae
554 3050 699 3089 anno
730 3035 852 3090 570.
883 3035 1138 3090 Absolute
1194 3046 1399 3090 turrem
1444 3038 1689 3092 nominat
1722 3038 2017 3111 Gregorius

397 3126 752 3189 Turonensis,
796 3127 935 3182 libro
967 3127 1147 3198 primo
1178 3128 1246 3182 de
1280 3128 1460 3182 Gloria
1480 3137 1802 3198 martyrum,
1838 3129 2017 3199 capite

393 3219 483 3285 86,
513 3219 735 3275 dicens:
787 3238 812 3271 α
870 3221 1218 3291 Acceptaque
1275 3227 1422 3277 turre
1472 3221 1760 3287 diaconus,
1798 3221 1850 3275 in
1909 3239 2016 3292 qua
2049 3207 2098 3275 Ο

397 3311 715 3381 mysterium
749 3312 1020 3366 Dominici
1044 3312 1295 3382 corporis
1319 3313 1648 3378 habebatur,
1678 3312 1824 3367 ferre
1855 3315 2024 3384 cmpit

400 3400 469 3454 ad
498 3400 699 3454 ostium
736 3418 750 3463 ;
786 3401 1178 3474 ingressusque
1220 3401 1507 3471 templum,
1566 3409 1625 3456 ut
1682 3417 1804 3455 eam
1862 3402 2019 3456 altari

398 3497 827 3558 superponeret,
888 3489 1076 3558 elapsa
1123 3489 1191 3543 de
1235 3506 1401 3544 manu
1451 3491 1571 3559 ejus
1624 3489 1905 3544 ferebatur
1963 3491 2018 3544 in

397 3595 544 3647 aera,
571 3600 596 3630 »
625 3590 729 3635 etc.
767 3579 1033 3635 Uttamcn
1079 3598 1110 3635 a
1157 3582 1436 3637 veteribus
1464 3583 1873 3654 exemplaribus
1907 3600 2017 3639 non

395 3670 742 3735 recedamus,
798 3671 892 3741 qui
949 3673 1275 3726 turriculum
1332 3680 1651 3728 constanter
1697 3673 1911 3748 legunt,
1942 3678 2021 3746 (et

396 3763 722 3834 plerumque
750 3779 815 3818 ea
845 3763 1007 3819 lectio
1038 3765 1221 3820 verior
1252 3772 1353 3831 est,
1387 3781 1509 3837 quae
1538 3772 1622 3820 est
1660 3765 1843 3820 minus
1872 3767 2023 3821 veri-

397 3856 613 3926 similis)
638 3864 817 3926 potest
850 3857 985 3912 illud
1038 3858 1230 3928 recipi,
1263 3867 1324 3912 ut
1383 3859 1455 3913 sit
1511 3859 1869 3928 adjectivum,
1923 3877 2021 3931 pro

401 3947 663 3999 turritum
695 3945 780 3999 vel
838 3948 1245 4000 turriculatum.
1292 3946 1425 4000 Nam
1475 3949 1735 4011 turricus,
1784 3963 1836 4011 (ι,
1908 3964 2019 4014 um,

402 4037 605 4111 legitur
629 4053 693 4091 ea
710 4038 1183 4111 signiticationein
1202 4038 1423 4091 Summa
1449 4034 1677 4092 Joannis
1704 4038 2020 4105 Januensis,

406 4140 529 4194 quae
563 4124 883 4181 Catholicon
917 4126 1135 4181 dicitur.
1153 4127 1318 4181 Porro
1343 4141 1407 4179 ex
1465 4142 1531 4179 eo
1552 4125 1843 4196 quodliuic
1860 4126 2018 4180 calici

404 4214 531 4268 velit
566 4214 791 4271 inscribi
839 4231 1032 4269 versus
1079 4215 1224 4280 illos,
1264 4229 1401 4284 quos
1435 4213 1606 4267 habes
1644 4230 1808 4283 supra
1838 4216 2018 4285 capite

402 4307 639 4375 decimo,
674 4308 1197 4384 intelligimusliunc
1224 4306 1395 4361 fuisse
1421 4306 1647 4361 calicem
1681 4306 2021 4362 ministeria-

401 4402 532 4467 lem,
566 4409 627 4455 ut
657 4400 819 4454 docet
866 4397 1179 4468 Onuphrius
1236 4396 1329 4451 ubi
1361 4412 1546 4466 supra.
1593 4396 1802 4451 Idcirco
1832 4405 2017 4451 autem

402 4492 603 4548 calices
619 4491 1011 4549 ministeriales
1049 4489 1396 4555 dicebantur,
1430 4489 1579 4561 quod
1597 4490 1665 4543 ad
1694 4490 2017 4544 ministran-

404 4586 533 4640 dum
552 4585 877 4657 sanguinem
911 4583 1110 4637 Christi
1143 4583 1347 4653 populo
1381 4583 1742 4637 deservirem.

474 4678 874 4744 Buloto/hrum.
898 4675 986 4729 Sic
1007 4674 1193 4729 omnia
1225 4674 1579 4745 exemplaria,
1607 4674 1715 4727 nisi
1771 4673 1922 4745 quod
1965 4672 2022 4727 in

406 4768 780 4838 manuscripto
812 4766 847 4821 G
874 4766 944 4820 sit
972 4766 1385 4834 Badatoforum,
1436 4773 1492 4821 et
1548 4765 1767 4820 videtur
1820 4780 2022 4820 nomen

405 4854 712 4928 proprium.

473 4949 811 5004 Alimoniam
838 4946 1299 5015 prcestolantibus.
1356 4944 1445 4999 Sic
1476 4944 1560 4999 MS
1590 4944 1614 4999 J
1649 4950 1703 4999 et
1734 4944 1974 4999 Brisson.
2010 4961 2024 5009 ;

406 5037 509 5105 CB,
528 5037 958 5107 postulantibus.

475 5132 847 5195 Calmisciaco,
910 5131 1171 5185 Tessiaco.
1232 5128 1322 5183 Sic
1377 5127 1438 5181 SJ
1482 5133 1537 5182 et
1592 5128 1833 5182 Brisson.
1886 5127 2029 5182 Alias

406 5231 467 5281 ut
501 5224 556 5278 in
588 5224 657 5288 M,
691 5222 1024 5279 Colmisiaco.
1059 5222 1194 5277 Item
1235 5219 1372 5274 alias
1405 5222 1632 5275 Tamaco
1672 5228 1727 5274 et
1760 5221 2029 5274 Trissiaco

409 5317 634 5390 legitur.

478 5406 575 5461 Ad
622 5409 839 5474 portam
886 5407 1259 5462 Suessonicum
1306 5408 1506 5463 solidos
1569 5408 1724 5461 duos.
1761 5407 1839 5461 Ita
1895 5402 2020 5470 CSJ,

410 5497 743 5563 Brissonius,
798 5504 910 5552 tum
952 5501 1311 5571 sequentibus
1377 5500 1693 5571 quindecim
1753 5498 2020 5563 articulis,

408 5584 670 5640 videlicet
701 5600 875 5653 usque
906 5587 969 5639 ad
1010 5608 1032 5635 ι
1058 5580 1345 5642 ee’clesiam
1377 5595 1691 5643 sanctorum
1726 5594 2023 5657 martyrum

411 5674 622 5731 Cosmae
653 5679 708 5725 et
737 5672 1002 5726 Damiani,
1033 5694 1056 5723 η
1086 5674 1131 5726 Μ
1164 5689 1291 5727 vero
1340 5677 1545 5747 ubique
1597 5676 1650 5729 in
1686 5674 2027 5730 nominativo

409 5777 543 5820 casu
568 5759 733 5815 solidi
760 5758 895 5823 duo,
916 5759 1054 5814 sicut
1084 5767 1140 5813 et
1169 5760 1341 5816 codex
1382 5764 1761 5837 Remigianus.
1788 5764 1916 5827 Quae
1944 5762 2031 5815 di-

2110 1982 2258 2019 nunc
2284 1981 2476 2031 unum,
2546 1981 2696 2018 nunc
2745 1964 2978 2018 alterum
3036 1962 3092 2016 in
3148 1960 3454 2017 Flodoardo
3505 1961 3742 2035 legitur.

2112 2054 2244 2108 Nam
2276 2054 2417 2110 libro
2447 2055 2631 2121 tertio,
2685 2054 2866 2124 capite
2920 2052 3135 2120 ultimo,
3176 2052 3362 2107 omnia
3398 2050 3746 2121 exemplaria

2114 2156 2167 2201 et
2198 2147 2481 2201 Aimonius
2530 2146 2650 2201 loco
2716 2146 2924 2200 ibidem
2964 2146 3020 2199 in
3066 2144 3316 2219 margine
3346 2160 3378 2198 a
3427 2159 3516 2198 me
3544 2149 3740 2198 notato

2115 2241 2421 2294 Matronam
2452 2238 2662 2309 legunt.
2717 2235 2862 2290 Infra
2914 2243 3094 2291 autem
3128 2235 3307 2306 primo
3354 2233 3520 2301 libro,
3555 2233 3743 2303 capite

2115 2333 2382 2387 vicesimo
2435 2338 2651 2402 quarto,
2703 2333 3007 2385 Maternum
3044 2331 3236 2403 legunt
3292 2329 3377 2383 MS
3427 2336 3482 2383 et
3548 2327 3747 2383 omnia

2116 2424 2472 2494 exemplaria,
2523 2424 2664 2478 libro
2717 2423 2984 2489 secundo,
3017 2423 3196 2493 capite
3231 2421 3473 2492 septimo
3497 2426 3553 2475 et
3579 2428 3745 2476 octa-

2115 2536 2203 2576 vo.
2236 2520 2493 2583 Rursum,
2526 2514 2666 2571 libro
2696 2523 2912 2587 quarto,
2961 2515 3140 2584 capite
3187 2529 3336 2568 nono
3378 2512 3597 2567 decimo
3628 2519 3751 2566 ter-

2120 2612 2217 2676 tio,
2245 2608 2509 2663 vicesimo
2540 2612 2714 2673 sexto,
2746 2612 2804 2659 et
2840 2604 3104 2660 vicesimo
3131 2604 3387 2674 septimo,
3433 2603 3623 2660 omnia
3650 2619 3750 2657 no-

2114 2710 2225 2758 stra
2244 2701 2579 2771 exemplaria
2629 2699 2875 2768 praeterJ
2923 2701 3228 2753 Maternum
3279 2696 3489 2770 legunt,
3544 2704 3599 2752 et
3631 2697 3743 2761 MS,

2115 2791 2348 2862 cap.33.
2402 2790 2665 2845 Similiter
2712 2791 2964 2843 Materna
3017 2789 3219 2862 legitur
3268 2790 3326 2843 in
3381 2789 3584 2844 litteris
3616 2788 3744 2843 fun-

2117 2880 2357 2936 dationis
2383 2878 2704 2933 monasterii
2734 2895 2830 2932 seu
2860 2877 3138 2947 prioratus
3189 2880 3243 2933 S.
3271 2878 3483 2934 Martini
3517 2895 3548 2932 a
3580 2878 3746 2933 Gam-

2118 2973 2223 3042 pis,
2249 2971 2468 3026 Parisiis
2496 2984 2641 3024 anno
2673 2968 2814 3024 106!)
2844 2984 2943 3039 per
2971 2968 3263 3023 Henricum
3306 2969 3544 3040 primum
3568 2968 3745 3022 Fran-

2120 3080 2309 3119 corum
2341 3078 2527 3135 regem
2562 3059 2798 3115 fundati.
2855 3061 3169 3113 Matronam
3226 3060 3394 3113 habet
3445 3058 3752 3133 Gregorius

2120 3155 2476 3220 Turonensis,
2506 3153 2646 3207 libro
2676 3158 2831 3206 sexto
2866 3151 3248 3216 Historiarum,
3297 3150 3476 3221 capite
3504 3151 3751 3206 decimo.

2194 3271 2264 3322 Et
2291 3266 2673 3321 Paschasidem
2698 3263 2980 3332 conjugem
3035 3277 3209 3316 suam.
3268 3261 3345 3314 lta
3390 3259 3485 3313 CS.
3519 3266 3575 3315 et
3597 3260 3754 3315 Bris-

2121 3359 2331 3421 sonius,
2358 3356 2457 3410 sed
2487 3355 2554 3420 Μ,
2606 3354 2979 3417 Pascasidam,
3030 3353 3079 3419 J,
3120 3352 3484 3414 Pascasidem,
3523 3351 3558 3404 C
3610 3367 3750 3407 vero

2121 3453 2275 3503 notat
2296 3446 2431 3501 alias
2463 3445 2569 3518 legi
2592 3444 2977 3499 Pascasiotam.

2198 3559 2577 3614 Thcodonima.
2633 3557 2948 3613 Brissonius
2978 3564 3033 3613 et
3079 3557 3114 3611 C
3162 3557 3218 3611 in
3248 3556 3541 3627 impresso,
3571 3555 3754 3609 Theu-

2122 3647 2363 3712 donima,
2389 3647 2437 3713 J,
2475 3648 2820 3703 Teodonivia.

2194 3761 2524 3827 Edoncifan,
2558 3776 2677 3830 quae
2693 3761 2897 3814 homini
2910 3764 3018 3813 tuo.
3054 3756 3145 3811 Sic
3174 3764 3229 3811 et
3264 3755 3578 3811 Brissonius
3596 3756 3754 3811 Edo-

2122 3869 2332 3908 versam
2389 3858 2570 3906 autem
2624 3852 2815 3926 legunt
2873 3850 2978 3904 MS.
3043 3850 3103 3903 In
3143 3848 3334 3902 codice
3385 3847 3427 3901 Ρι
3490 3846 3604 3920 legi
3638 3864 3758 3919 po—

2124 3951 2231 4000 test
2252 3945 2554 4010 Edoceifan
2590 3942 2887 4014 [quomodo
2908 3940 3089 4011 habet]
3125 3940 3574 3995 etEdoveresam.

2198 4038 2570 4091 Adimitatem
2624 4037 2888 4089 montium
2950 4036 3148 4105 posito.
3209 4032 3298 4087 Sic
3330 4031 3356 4085 J
3391 4037 3445 4085 et
3492 4032 3752 4090 Brisson.

2128 4127 2236 4182 Sed
2264 4128 2349 4181 MS
2375 4127 2428 4192 C,
2463 4128 2537 4181 ad
2566 4129 2854 4181 unitatem.

2193 4220 2261 4272 Et
2292 4233 2409 4287 qua:
2444 4218 2751 4279 ,Ιουίιιειιηΐι
2770 4214 3023 4283 pratella.
3058 4212 3149 4269 Sic
3173 4211 3360 4268 omnia
3381 4213 3747 4284 exemplaria.

2120 4307 2442 4379 Legendum
2474 4304 2613 4360 forte
2673 4304 2899 4359 adnotat
2946 4303 3200 4359 Nicolaus
3259 4302 3568 4371 Chesneau,
3622 4322 3749 4374 qua

2111 4400 2282 4468 juxta
2311 4402 2457 4453 sunt.

2193 4492 2263 4542 Et
2302 4503 2520 4541 uxorem
2575 4501 2729 4539 suam
2779 4487 3030 4539 Mortam.
3102 4484 3193 4538 Sic
3235 4483 3322 4537 MS
3382 4483 3407 4539 J
3471 4490 3527 4539 et
3595 4484 3631 4536 (Ζ
3688 4485 3746 4539 in

2044 4561 2101 4629 Ι)
2123 4577 2394 4651 margine,
2426 4576 2524 4630 sed
2548 4575 2602 4629 in
2636 4580 2806 4640 textu,
2834 4589 3061 4628 umorem
3091 4574 3207 4643 ejus
3222 4573 3747 4645 Moram,quomodo

2124 4675 2179 4720 et
2215 4665 2457 4720 Brisson.

2196 4759 2507 4814 Mcdaridus
2564 4772 2747 4812 eorum
2790 4757 2958 4827 ﬁlius.
3004 4756 3084 4810 lta
3137 4753 3223 4809 CJ.
3284 4760 3338 4808 et
3380 4752 3745 4821 Brissonius;

2128 4850 2236 4917 MS,
2255 4851 2561 4905 Medarius.

2199 4944 2496 5011 Delegoque
2521 4942 2703 5010 nepoti
2730 4955 2842 4993 meo
2873 4941 3202 4993 Praetemtato
3230 4935 3591 4991 Moderatum.
3625 4936 3750 4992 Haec

2131 5041 2361 5089 estvera
2391 5032 2553 5088 lectio
2583 5049 2648 5086 ex
2700 5030 2938 5085 diversis
2984 5029 3258 5090 restituta,
3304 5043 3469 5098 quam
3511 5026 3682 5081 habet
3714 5028 3751 5082 C

2131 5134 2184 5181 et
2211 5127 2259 5193 J,
2292 5135 2351 5180 ut
2383 5126 2739 5179 Praetextatus
2768 5124 2837 5178 sit
2865 5137 3069 5177 nomen
3103 5120 3408 5193 proprium.
3468 5118 3559 5173 Sic
3608 5118 3752 5174 infra

2132 5221 2381 5275 meminit
2404 5220 2691 5290 proneptis
2720 5235 2832 5273 sua:
2889 5217 3246 5271 Praetextata}.
3298 5214 3406 5268 Sed
3443 5213 3479 5266 C
3508 5213 3564 5266 in
3597 5220 3747 5269 textu

2129 5330 2352 5371 excuso.
2386 5314 2440 5367 S.
2472 5323 2528 5368 et
2554 5313 2867 5368 Brissonius
2913 5311 3108 5383 legunt
3148 5309 3444 5373 Moderato,
3475 5315 3536 5361 ut
3558 5306 3750 5361 cohae-

2123 5412 2237 5461 reat
2266 5420 2387 5459 cum
2429 5404 2773 5469 Praetextato,
2822 5399 2994 5456 veluti
3033 5412 3343 5472 cognomen
3378 5413 3393 5462 ;
3439 5394 3507 5461 Μ,
3536 5399 3748 5464 prasta-

2124 5502 2255 5550 acato
2286 5494 2642 5557 Moderatum,
2672 5498 2732 5544 ut
2776 5491 2847 5545 sit
2890 5489 3282 5561 appellativum
3342 5500 3440 5556 pro
3462 5484 3748 5556 praedicto.

2129 5602 2292 5657 quam
2332 5582 2626 5638 lectionem
2659 5582 2834 5636 codex
2857 5587 3009 5635 notat
3030 5579 3083 5633 in
3114 5576 3387 5650 margine.

2203 5675 2567 5728 Totticionem.
2604 5672 2677 5725 Ita
2694 5670 2778 5724 MS
2826 5668 3051 5733 Czetera,
3086 5668 3395 5721 Tottionem.

2201 5765 2517 5818 Lucernam.
2572 5760 2663 5814 Sic
2709 5759 2745 5813 G
2794 5758 2837 5812 R
2884 5766 2940 5813 et
2996 5756 3358 5818 Brissonius;
3405 5752 3542 5807 alias
3586 5752 3751 5806 later-
