  <div class='ocr_page' id='page_1' title='image "/cluster/home/n/w/nwhite01/storage/ocr_20150623/134-135/uc1.31175013627537/696.png"; bbox 0 0 3912 6404; ppageno 0'>
   <div class='ocr_carea' id='block_1_1' title="bbox 166 395 281 456">
    <p class='ocr_par' dir='ltr' id='par_1_1' title="bbox 166 395 281 456">
     <span class='ocr_line' id='line_1_1' title="bbox 166 395 281 456; baseline 0 0"><span class='ocrx_word' id='word_1_1' title='bbox 166 395 281 456; x_wconf 84' lang='grc'>353</span> 
     </span>
    </p>
   </div>
   <div class='ocr_carea' id='block_1_2' title="bbox 1506 390 2185 449">
    <p class='ocr_par' dir='ltr' id='par_1_2' title="bbox 1506 390 2185 449">
     <span class='ocr_line' id='line_1_2' title="bbox 1506 390 2185 449; baseline -0.004 0"><span class='ocrx_word' id='word_1_2' title='bbox 1506 394 1570 449; x_wconf 84' lang='grc' dir='ltr'>ΙΝ</span> <span class='ocrx_word' id='word_1_3' title='bbox 1611 390 1860 448; x_wconf 82' lang='lat' dir='ltr'>LIBRUM</span> <span class='ocrx_word' id='word_1_4' title='bbox 1900 390 2185 447; x_wconf 78' lang='lat' dir='ltr'>PRIMUM.</span> 
     </span>
    </p>
   </div>
   <div class='ocr_carea' id='block_1_3' title="bbox 3413 396 3520 451">
    <p class='ocr_par' dir='ltr' id='par_1_3' title="bbox 3413 396 3520 451">
     <span class='ocr_line' id='line_1_3' title="bbox 3413 396 3520 451; baseline 0 0"><span class='ocrx_word' id='word_1_5' title='bbox 3413 396 3520 451; x_wconf 69' lang='lat'>354</span> 
     </span>
    </p>
   </div>
   <div class='ocr_carea' id='block_1_4' title="bbox 167 522 3520 600">
    <p class='ocr_par' dir='ltr' id='par_1_4' title="bbox 167 522 3520 600">
     <span class='ocr_line' id='line_1_4' title="bbox 167 522 3520 600; baseline -0.001 -13"><span class='ocrx_word' id='word_1_6' title='bbox 167 548 328 599; x_wconf 84' lang='lat' dir='ltr'>nam,</span> <span class='ocrx_word' id='word_1_7' title='bbox 358 529 442 585; x_wconf 83' lang='lat' dir='ltr'>MS</span> <span class='ocrx_word' id='word_1_8' title='bbox 470 531 518 595; x_wconf 87' lang='lat' dir='ltr'>J,</span> <span class='ocrx_word' id='word_1_9' title='bbox 553 530 849 584; x_wconf 80' lang='lat' dir='ltr'>lucernam.</span> <span class='ocrx_word' id='word_1_10' title='bbox 887 528 975 584; x_wconf 94' lang='lat' dir='ltr'>Est</span> <span class='ocrx_word' id='word_1_11' title='bbox 1014 533 1195 583; x_wconf 88' lang='lat' dir='ltr'>autem</span> <span class='ocrx_word' id='word_1_12' title='bbox 1218 528 1439 583; x_wconf 82' lang='lat' dir='ltr'>lacerna</span> <span class='ocrx_word' id='word_1_13' title='bbox 1468 527 1614 581; x_wconf 90' lang='lat' dir='ltr'>idem</span> <span class='ocrx_word' id='word_1_14' title='bbox 1648 527 1797 598; x_wconf 91' lang='lat' dir='ltr'>quod</span> <span class='ocrx_word' id='word_1_15' title='bbox 1821 531 1879 600; x_wconf 86' lang='grc' dir='ltr'><strong>Α</strong></span> <span class='ocrx_word' id='word_1_16' title='bbox 1974 526 2361 579; x_wconf 85' lang='lat' dir='ltr'>Lcudoneram.</span> <span class='ocrx_word' id='word_1_17' title='bbox 2404 524 2482 579; x_wconf 92' lang='lat' dir='ltr'>Ita</span> <span class='ocrx_word' id='word_1_18' title='bbox 2509 522 2585 578; x_wconf 90' lang='lat' dir='ltr'>CS</span> <span class='ocrx_word' id='word_1_19' title='bbox 2644 530 2699 579; x_wconf 88' lang='lat' dir='ltr'>et</span> <span class='ocrx_word' id='word_1_20' title='bbox 2746 523 3079 579; x_wconf 88' lang='lat' dir='ltr'>Brissonius.</span> <span class='ocrx_word' id='word_1_21' title='bbox 3115 525 3224 580; x_wconf 89' lang='lat' dir='ltr'>Sed</span> <span class='ocrx_word' id='word_1_22' title='bbox 3253 525 3353 594; x_wconf 85' lang='lat' dir='ltr'>MJ,</span> <span class='ocrx_word' id='word_1_23' title='bbox 3379 527 3520 583; x_wconf 89' lang='lat' dir='ltr'>Leu-</span> 
     </span>
    </p>
   </div>
   <div class='ocr_carea' id='block_1_5' title="bbox 166 623 1798 699">
    <p class='ocr_par' dir='ltr' id='par_1_5' title="bbox 166 623 1798 699">
     <span class='ocr_line' id='line_1_5' title="bbox 166 623 1798 699; baseline 0 -19"><span class='ocrx_word' id='word_1_24' title='bbox 166 625 405 696; x_wconf 84' lang='lat' dir='ltr'>penula,</span> <span class='ocrx_word' id='word_1_25' title='bbox 431 624 694 679; x_wconf 87' lang='lat' dir='ltr'>nimirum</span> <span class='ocrx_word' id='word_1_26' title='bbox 748 624 923 679; x_wconf 87' lang='lat' dir='ltr'>vestis</span> <span class='ocrx_word' id='word_1_27' title='bbox 960 640 1136 699; x_wconf 90' lang='lat' dir='ltr'>genus</span> <span class='ocrx_word' id='word_1_28' title='bbox 1162 623 1363 679; x_wconf 63' lang='lat' dir='ltr'>tunicae</span> <span class='ocrx_word' id='word_1_29' title='bbox 1404 625 1798 695; x_wconf 84' lang='lat' dir='ltr'>superductum</span> 
     </span>
    </p>
   </div>
   <div class='ocr_carea' id='block_1_6' title="bbox 169 712 1795 784">
    <p class='ocr_par' dir='ltr' id='par_1_6' title="bbox 169 712 1795 784">
     <span class='ocr_line' id='line_1_6' title="bbox 169 712 1795 784; baseline 0 -16"><span class='ocrx_word' id='word_1_30' title='bbox 169 714 244 768; x_wconf 91' lang='lat' dir='ltr'>ad</span> <span class='ocrx_word' id='word_1_31' title='bbox 262 713 563 768; x_wconf 84' lang='lat' dir='ltr'>arcendam</span> <span class='ocrx_word' id='word_1_32' title='bbox 605 712 869 783; x_wconf 85' lang='lat' dir='ltr'>pluviam.</span> <span class='ocrx_word' id='word_1_33' title='bbox 928 713 1003 767; x_wconf 87' lang='lat' dir='ltr'>De</span> <span class='ocrx_word' id='word_1_34' title='bbox 1034 729 1143 784; x_wconf 85' lang='lat' dir='ltr'>qua</span> <span class='ocrx_word' id='word_1_35' title='bbox 1176 712 1234 766; x_wconf 93' lang='lat' dir='ltr'>in</span> <span class='ocrx_word' id='word_1_36' title='bbox 1264 714 1401 768; x_wconf 89' lang='lat' dir='ltr'>actis</span> <span class='ocrx_word' id='word_1_37' title='bbox 1428 714 1483 767; x_wconf 90' lang='lat' dir='ltr'>S.</span> <span class='ocrx_word' id='word_1_38' title='bbox 1520 714 1795 784; x_wconf 77' lang='lat' dir='ltr'>Cypriani,</span> 
     </span>
    </p>
   </div>
   <div class='ocr_carea' id='block_1_7' title="bbox 1902 622 2372 688">
    <p class='ocr_par' dir='ltr' id='par_1_7' title="bbox 1902 622 2372 688">
     <span class='ocr_line' id='line_1_7' title="bbox 1902 622 2372 688; baseline -0.009 -13"><span class='ocrx_word' id='word_1_39' title='bbox 1902 622 2166 675; x_wconf 87' lang='lat' dir='ltr'>doueram</span> <span class='ocrx_word' id='word_1_40' title='bbox 2194 634 2293 688; x_wconf 89' lang='lat' dir='ltr'>per</span> <span class='ocrx_word' id='word_1_41' title='bbox 2316 633 2372 671; x_wconf 71' lang='grc' dir='ltr'>τι.</span> 
     </span>
    </p>
   </div>
   <div class='ocr_carea' id='block_1_8' title="bbox 1973 709 3522 783">
    <p class='ocr_par' dir='ltr' id='par_1_8' title="bbox 1973 709 3522 783">
     <span class='ocr_line' id='line_1_8' title="bbox 1973 709 3522 783; baseline 0 -16"><span class='ocrx_word' id='word_1_42' title='bbox 1973 712 2323 767; x_wconf 77' lang='lat' dir='ltr'>Saleonarias</span> <span class='ocrx_word' id='word_1_43' title='bbox 2356 724 2523 777; x_wconf 80' lang='lat' dir='ltr'>supra</span> <span class='ocrx_word' id='word_1_44' title='bbox 2552 710 2783 763; x_wconf 82' lang='lat' dir='ltr'>Moram.</span> <span class='ocrx_word' id='word_1_45' title='bbox 2820 709 2899 763; x_wconf 90' lang='lat' dir='ltr'>Ita</span> <span class='ocrx_word' id='word_1_46' title='bbox 2953 709 3142 764; x_wconf 90' lang='lat' dir='ltr'>omnia</span> <span class='ocrx_word' id='word_1_47' title='bbox 3185 711 3522 783; x_wconf 84' lang='lat' dir='ltr'>exemplaria</span> 
     </span>
    </p>
   </div>
   <div class='ocr_carea' id='block_1_9' title="bbox 170 796 3522 876">
    <p class='ocr_par' dir='ltr' id='par_1_9' title="bbox 170 796 3522 876">
     <span class='ocr_line' id='line_1_9' title="bbox 170 796 3522 876; baseline -0.001 -17"><span class='ocrx_word' id='word_1_48' title='bbox 170 811 230 859; x_wconf 89' lang='lat' dir='ltr'>et</span> <span class='ocrx_word' id='word_1_49' title='bbox 278 803 339 857; x_wconf 90' lang='lat' dir='ltr'>in</span> <span class='ocrx_word' id='word_1_50' title='bbox 398 802 657 874; x_wconf 89' lang='lat' dir='ltr'>Sulpitio,</span> <span class='ocrx_word' id='word_1_51' title='bbox 707 801 850 857; x_wconf 92' lang='lat' dir='ltr'>libro</span> <span class='ocrx_word' id='word_1_52' title='bbox 886 801 1067 873; x_wconf 87' lang='lat' dir='ltr'>primo</span> <span class='ocrx_word' id='word_1_53' title='bbox 1108 801 1343 876; x_wconf 83' lang='lat' dir='ltr'>DiaIOgi,</span> <span class='ocrx_word' id='word_1_54' title='bbox 1375 803 1553 874; x_wconf 82' lang='lat' dir='ltr'>capite</span> <span class='ocrx_word' id='word_1_55' title='bbox 1580 803 1797 858; x_wconf 85' lang='lat' dir='ltr'>decimo</span> <span class='ocrx_word' id='word_1_56' title='bbox 1899 808 1955 854; x_wconf 88' lang='lat' dir='ltr'>et</span> <span class='ocrx_word' id='word_1_57' title='bbox 1995 799 2260 865; x_wconf 83' lang='lat' dir='ltr'>Brisson.,</span> <span class='ocrx_word' id='word_1_58' title='bbox 2294 797 2399 851; x_wconf 91' lang='lat' dir='ltr'>nisi</span> <span class='ocrx_word' id='word_1_59' title='bbox 2430 796 2577 868; x_wconf 88' lang='lat' dir='ltr'>quod</span> <span class='ocrx_word' id='word_1_60' title='bbox 2641 797 2687 851; x_wconf 87' lang='lat' dir='ltr'>M</span> <span class='ocrx_word' id='word_1_61' title='bbox 2718 797 2867 869; x_wconf 88' lang='lat' dir='ltr'>legat</span> <span class='ocrx_word' id='word_1_62' title='bbox 2908 797 3293 855; x_wconf 81' lang='lat' dir='ltr'>Salvanarias.</span> <span class='ocrx_word' id='word_1_63' title='bbox 3317 800 3352 854; x_wconf 90' lang='lat' dir='ltr'>C</span> <span class='ocrx_word' id='word_1_64' title='bbox 3379 802 3522 857; x_wconf 87' lang='lat' dir='ltr'>hanc</span> 
     </span>
    </p>
   </div>
   <div class='ocr_carea' id='block_1_10' title="bbox 172 894 1795 969">
    <p class='ocr_par' dir='ltr' id='par_1_10' title="bbox 172 894 1795 969">
     <span class='ocr_line' id='line_1_10' title="bbox 172 894 1795 969; baseline 0.001 -18"><span class='ocrx_word' id='word_1_65' title='bbox 172 905 400 969; x_wconf 88' lang='lat' dir='ltr'>quarto.</span> <span class='ocrx_word' id='word_1_66' title='bbox 444 896 628 951; x_wconf 81' lang='lat' dir='ltr'>Utitur</span> <span class='ocrx_word' id='word_1_67' title='bbox 669 894 931 951; x_wconf 87' lang='lat' dir='ltr'>Martialis</span> <span class='ocrx_word' id='word_1_68' title='bbox 984 895 1185 968; x_wconf 86' lang='lat' dir='ltr'>aliique</span> <span class='ocrx_word' id='word_1_69' title='bbox 1217 895 1434 968; x_wconf 88' lang='lat' dir='ltr'>profani</span> <span class='ocrx_word' id='word_1_70' title='bbox 1481 896 1795 967; x_wconf 89' lang='lat' dir='ltr'>scriptores.</span> 
     </span>
    </p>
   </div>
   <div class='ocr_carea' id='block_1_11' title="bbox 167 989 1795 1057">
    <p class='ocr_par' dir='ltr' id='par_1_11' title="bbox 167 989 1795 1057">
     <span class='ocr_line' id='line_1_11' title="bbox 167 989 1795 1057; baseline 0 -12"><span class='ocrx_word' id='word_1_71' title='bbox 167 990 481 1046; x_wconf 80' lang='lat' dir='ltr'>Videantur</span> <span class='ocrx_word' id='word_1_72' title='bbox 503 990 627 1046; x_wconf 90' lang='lat' dir='ltr'>loca</span> <span class='ocrx_word' id='word_1_73' title='bbox 673 989 729 1044; x_wconf 91' lang='lat' dir='ltr'>in</span> <span class='ocrx_word' id='word_1_74' title='bbox 766 991 964 1047; x_wconf 90' lang='lat' dir='ltr'>Baron.</span> <span class='ocrx_word' id='word_1_75' title='bbox 1022 999 1172 1047; x_wconf 92' lang='lat' dir='ltr'>tomo</span> <span class='ocrx_word' id='word_1_76' title='bbox 1199 991 1446 1047; x_wconf 92' lang='lat' dir='ltr'>secundo</span> <span class='ocrx_word' id='word_1_77' title='bbox 1479 991 1795 1057; x_wconf 86' lang='lat' dir='ltr'>Annalium,</span> 
     </span>
    </p>
   </div>
   <div class='ocr_carea' id='block_1_12' title="bbox 176 1080 477 1136">
    <p class='ocr_par' dir='ltr' id='par_1_12' title="bbox 176 1080 477 1136">
     <span class='ocr_line' id='line_1_12' title="bbox 176 1080 477 1136; baseline 0 -1"><span class='ocrx_word' id='word_1_78' title='bbox 176 1096 330 1136; x_wconf 89' lang='lat' dir='ltr'>anno</span> <span class='ocrx_word' id='word_1_79' title='bbox 349 1080 477 1135; x_wconf 73' lang='grc'>261.</span> 
     </span>
    </p>
   </div>
   <div class='ocr_carea' id='block_1_13' title="bbox 250 1170 1804 1238">
    <p class='ocr_par' dir='ltr' id='par_1_13' title="bbox 250 1170 1804 1238">
     <span class='ocr_line' id='line_1_13' title="bbox 250 1170 1804 1238; baseline 0.001 -17"><span class='ocrx_word' id='word_1_80' title='bbox 250 1170 325 1222; x_wconf 87' lang='lat' dir='ltr'>Et</span> <span class='ocrx_word' id='word_1_81' title='bbox 348 1172 659 1235; x_wconf 83' lang='lat' dir='ltr'>argenteam</span> <span class='ocrx_word' id='word_1_82' title='bbox 688 1170 939 1223; x_wconf 84' lang='lat' dir='ltr'>cabutam</span> <span class='ocrx_word' id='word_1_83' title='bbox 964 1171 1279 1238; x_wconf 87' lang='lat' dir='ltr'>ﬁguratam.</span> <span class='ocrx_word' id='word_1_84' title='bbox 1301 1170 1391 1225; x_wconf 92' lang='lat' dir='ltr'>Sic</span> <span class='ocrx_word' id='word_1_85' title='bbox 1419 1171 1605 1225; x_wconf 88' lang='lat' dir='ltr'>omnia</span> <span class='ocrx_word' id='word_1_86' title='bbox 1622 1187 1804 1225; x_wconf 84' lang='lat' dir='ltr'>exom-</span> 
     </span>
    </p>
   </div>
   <div class='ocr_carea' id='block_1_14' title="bbox 175 1260 1800 1335">
    <p class='ocr_par' dir='ltr' id='par_1_14' title="bbox 175 1260 1800 1335">
     <span class='ocr_line' id='line_1_14' title="bbox 175 1260 1800 1335; baseline 0.001 -20"><span class='ocrx_word' id='word_1_87' title='bbox 175 1260 378 1332; x_wconf 88' lang='lat' dir='ltr'>plaria.</span> <span class='ocrx_word' id='word_1_88' title='bbox 412 1261 715 1326; x_wconf 89' lang='lat' dir='ltr'>Brisonius,</span> <span class='ocrx_word' id='word_1_89' title='bbox 757 1264 1082 1329; x_wconf 83' lang='lat' dir='ltr'>cambulam,</span> <span class='ocrx_word' id='word_1_90' title='bbox 1114 1264 1208 1334; x_wconf 90' lang='lat' dir='ltr'>qui</span> <span class='ocrx_word' id='word_1_91' title='bbox 1240 1278 1351 1335; x_wconf 84' lang='lat' dir='ltr'>non</span> <span class='ocrx_word' id='word_1_92' title='bbox 1374 1270 1519 1317; x_wconf 85' lang='lat' dir='ltr'>recte</span> <span class='ocrx_word' id='word_1_93' title='bbox 1553 1279 1800 1333; x_wconf 81' lang='lat' dir='ltr'>sequen-</span> 
     </span>
    </p>
   </div>
   <div class='ocr_carea' id='block_1_15' title="bbox 177 1351 1805 1425">
    <p class='ocr_par' dir='ltr' id='par_1_15' title="bbox 177 1351 1805 1425">
     <span class='ocr_line' id='line_1_15' title="bbox 177 1351 1805 1425; baseline 0.001 -21"><span class='ocrx_word' id='word_1_94' title='bbox 177 1351 258 1405; x_wconf 91' lang='lat' dir='ltr'>tia</span> <span class='ocrx_word' id='word_1_95' title='bbox 289 1351 711 1406; x_wconf 79' lang='lat' dir='ltr'>verba:Filiolo</span> <span class='ocrx_word' id='word_1_96' title='bbox 766 1353 918 1407; x_wconf 86' lang='lat' dir='ltr'>illius</span> <span class='ocrx_word' id='word_1_97' title='bbox 980 1355 1213 1407; x_wconf 80' lang='lat' dir='ltr'>Parovio</span> <span class='ocrx_word' id='word_1_98' title='bbox 1267 1354 1452 1425; x_wconf 79' lang='lat' dir='ltr'>jungit</span> <span class='ocrx_word' id='word_1_99' title='bbox 1485 1353 1805 1423; x_wconf 78' lang='lat' dir='ltr'>praeceden-</span> 
     </span>
    </p>
   </div>
   <div class='ocr_carea' id='block_1_16' title="bbox 176 1439 1808 1513">
    <p class='ocr_par' dir='ltr' id='par_1_16' title="bbox 176 1439 1808 1513">
     <span class='ocr_line' id='line_1_16' title="bbox 176 1439 1808 1513; baseline 0 -19"><span class='ocrx_word' id='word_1_100' title='bbox 176 1439 356 1506; x_wconf 87' lang='lat' dir='ltr'>tibus,</span> <span class='ocrx_word' id='word_1_101' title='bbox 389 1455 511 1494; x_wconf 93' lang='lat' dir='ltr'>cum</span> <span class='ocrx_word' id='word_1_102' title='bbox 537 1440 671 1495; x_wconf 91' lang='lat' dir='ltr'>inde</span> <span class='ocrx_word' id='word_1_103' title='bbox 694 1456 835 1497; x_wconf 91' lang='lat' dir='ltr'>nova</span> <span class='ocrx_word' id='word_1_104' title='bbox 889 1442 1120 1512; x_wconf 85' lang='lat' dir='ltr'>incipiat</span> <span class='ocrx_word' id='word_1_105' title='bbox 1160 1444 1458 1508; x_wconf 87' lang='lat' dir='ltr'>sententia,</span> <span class='ocrx_word' id='word_1_106' title='bbox 1492 1450 1549 1497; x_wconf 87' lang='lat' dir='ltr'>ut</span> <span class='ocrx_word' id='word_1_107' title='bbox 1572 1450 1808 1513; x_wconf 80' lang='lat' dir='ltr'>quatuor</span> 
     </span>
    </p>
   </div>
   <div class='ocr_carea' id='block_1_17' title="bbox 179 1529 1803 1604">
    <p class='ocr_par' dir='ltr' id='par_1_17' title="bbox 179 1529 1803 1604">
     <span class='ocr_line' id='line_1_17' title="bbox 179 1529 1803 1604; baseline 0.001 -21"><span class='ocrx_word' id='word_1_108' title='bbox 179 1536 380 1584; x_wconf 87' lang='lat' dir='ltr'>nostra</span> <span class='ocrx_word' id='word_1_109' title='bbox 404 1529 689 1585; x_wconf 87' lang='lat' dir='ltr'>declarant</span> <span class='ocrx_word' id='word_1_110' title='bbox 737 1532 1095 1601; x_wconf 84' lang='lat' dir='ltr'>exemplaria.</span> <span class='ocrx_word' id='word_1_111' title='bbox 1150 1533 1212 1587; x_wconf 92' lang='lat' dir='ltr'>Et</span> <span class='ocrx_word' id='word_1_112' title='bbox 1258 1533 1344 1587; x_wconf 91' lang='lat' dir='ltr'>cui</span> <span class='ocrx_word' id='word_1_113' title='bbox 1397 1531 1607 1603; x_wconf 88' lang='lat' dir='ltr'>aliquid</span> <span class='ocrx_word' id='word_1_114' title='bbox 1636 1532 1803 1604; x_wconf 80' lang='lat' dir='ltr'>legat,</span> 
     </span>
    </p>
   </div>
   <div class='ocr_carea' id='block_1_18' title="bbox 180 1622 1808 1695">
    <p class='ocr_par' dir='ltr' id='par_1_18' title="bbox 180 1622 1808 1695">
     <span class='ocr_line' id='line_1_18' title="bbox 180 1622 1808 1695; baseline 0.002 -19"><span class='ocrx_word' id='word_1_115' title='bbox 180 1637 310 1677; x_wconf 90' lang='lat' dir='ltr'>cum</span> <span class='ocrx_word' id='word_1_116' title='bbox 334 1622 390 1676; x_wconf 90' lang='lat' dir='ltr'>in</span> <span class='ocrx_word' id='word_1_117' title='bbox 415 1622 694 1693; x_wconf 90' lang='lat' dir='ltr'>principio</span> <span class='ocrx_word' id='word_1_118' title='bbox 760 1624 1049 1679; x_wconf 89' lang='lat' dir='ltr'>nominare</span> <span class='ocrx_word' id='word_1_119' title='bbox 1100 1625 1260 1680; x_wconf 87' lang='lat' dir='ltr'>solet.</span> <span class='ocrx_word' id='word_1_120' title='bbox 1313 1625 1390 1679; x_wconf 70' lang='grc' dir='ltr'><strong>Μ]</strong></span> <span class='ocrx_word' id='word_1_121' title='bbox 1444 1626 1675 1695; x_wconf 75' lang='lat' dir='ltr'>parvulo</span> <span class='ocrx_word' id='word_1_122' title='bbox 1727 1626 1808 1680; x_wconf 94' lang='lat' dir='ltr'>Ie-</span> 
     </span>
    </p>
   </div>
   <div class='ocr_carea' id='block_1_19' title="bbox 181 1716 1810 1795">
    <p class='ocr_par' dir='ltr' id='par_1_19' title="bbox 181 1716 1810 1795">
     <span class='ocr_line' id='line_1_19' title="bbox 181 1716 1810 1795; baseline 0.004 -24"><span class='ocrx_word' id='word_1_123' title='bbox 181 1718 312 1789; x_wconf 83' lang='lat' dir='ltr'>git:</span> <span class='ocrx_word' id='word_1_124' title='bbox 343 1716 379 1771; x_wconf 91' lang='lat' dir='ltr'>C</span> <span class='ocrx_word' id='word_1_125' title='bbox 431 1720 712 1773; x_wconf 81' lang='lat' dir='ltr'>Parovio:</span> <span class='ocrx_word' id='word_1_126' title='bbox 771 1717 827 1781; x_wconf 88' lang='lat' dir='ltr'>S,</span> <span class='ocrx_word' id='word_1_127' title='bbox 879 1726 1178 1791; x_wconf 90' lang='lat' dir='ltr'>utrumque</span> <span class='ocrx_word' id='word_1_128' title='bbox 1236 1720 1541 1795; x_wconf 90' lang='lat' dir='ltr'>conjungit,</span> <span class='ocrx_word' id='word_1_129' title='bbox 1582 1724 1810 1791; x_wconf 80' lang='lat' dir='ltr'>parvulo</span> 
     </span>
    </p>
   </div>
   <div class='ocr_carea' id='block_1_20' title="bbox 181 1807 1808 1875">
    <p class='ocr_par' dir='ltr' id='par_1_20' title="bbox 181 1807 1808 1875">
     <span class='ocr_line' id='line_1_20' title="bbox 181 1807 1808 1875; baseline 0.004 -12"><span class='ocrx_word' id='word_1_130' title='bbox 181 1811 433 1863; x_wconf 81' lang='lat' dir='ltr'>Parovio.</span> <span class='ocrx_word' id='word_1_131' title='bbox 466 1807 607 1862; x_wconf 86' lang='lat' dir='ltr'>Vera</span> <span class='ocrx_word' id='word_1_132' title='bbox 664 1809 828 1865; x_wconf 89' lang='lat' dir='ltr'>lectio</span> <span class='ocrx_word' id='word_1_133' title='bbox 880 1808 1101 1865; x_wconf 87' lang='lat' dir='ltr'>videtur</span> <span class='ocrx_word' id='word_1_134' title='bbox 1158 1813 1402 1866; x_wconf 85' lang='lat' dir='ltr'>Parovio.</span> <span class='ocrx_word' id='word_1_135' title='bbox 1444 1812 1580 1875; x_wconf 83' lang='lat' dir='ltr'>Quid</span> <span class='ocrx_word' id='word_1_136' title='bbox 1605 1813 1677 1867; x_wconf 90' lang='lat' dir='ltr'>sit</span> <span class='ocrx_word' id='word_1_137' title='bbox 1706 1830 1808 1868; x_wconf 90' lang='lat' dir='ltr'>ca-</span> 
     </span>
    </p>
   </div>
   <div class='ocr_carea' id='block_1_21' title="bbox 1899 889 3520 962">
    <p class='ocr_par' dir='ltr' id='par_1_21' title="bbox 1899 889 3520 962">
     <span class='ocr_line' id='line_1_21' title="bbox 1899 889 3520 962; baseline 0 -16"><span class='ocrx_word' id='word_1_138' title='bbox 1899 891 2313 946; x_wconf 87' lang='lat' dir='ltr'>adnotationem</span> <span class='ocrx_word' id='word_1_139' title='bbox 2340 890 2578 961; x_wconf 81' lang='lat' dir='ltr'>margini</span> <span class='ocrx_word' id='word_1_140' title='bbox 2608 889 2812 958; x_wconf 85' lang='lat' dir='ltr'>adjecit</span> <span class='ocrx_word' id='word_1_141' title='bbox 2840 909 2856 943; x_wconf 91' lang='lat'><strong><em>:</em></strong></span> <span class='ocrx_word' id='word_1_142' title='bbox 2886 909 2912 940; x_wconf 87' lang='grc'>‹‹</span> <span class='ocrx_word' id='word_1_143' title='bbox 2944 889 3108 945; x_wconf 85' lang='lat' dir='ltr'>Forte</span> <span class='ocrx_word' id='word_1_144' title='bbox 3135 893 3520 962; x_wconf 91' lang='lat' dir='ltr'>reponendum</span> 
     </span>
    </p>
   </div>
   <div class='ocr_carea' id='block_1_22' title="bbox 1902 980 3522 1051">
    <p class='ocr_par' dir='ltr' id='par_1_22' title="bbox 1902 980 3522 1051">
     <span class='ocr_line' id='line_1_22' title="bbox 1902 980 3522 1051; baseline -0.001 -13"><span class='ocrx_word' id='word_1_145' title='bbox 1902 984 2212 1039; x_wconf 85' lang='lat' dir='ltr'>Salinarias</span> <span class='ocrx_word' id='word_1_146' title='bbox 2237 997 2404 1051; x_wconf 87' lang='lat' dir='ltr'>supra</span> <span class='ocrx_word' id='word_1_147' title='bbox 2434 984 2660 1045; x_wconf 86' lang='lat' dir='ltr'>Mosam,</span> <span class='ocrx_word' id='word_1_148' title='bbox 2692 980 2781 1035; x_wconf 91' lang='lat' dir='ltr'>vel</span> <span class='ocrx_word' id='word_1_149' title='bbox 2810 982 3188 1048; x_wconf 86' lang='lat' dir='ltr'>Sablona-rias,</span> <span class='ocrx_word' id='word_1_150' title='bbox 3221 981 3458 1037; x_wconf 89' lang='lat' dir='ltr'>utinfra.</span> <span class='ocrx_word' id='word_1_151' title='bbox 3498 1001 3522 1038; x_wconf 76' lang='grc' dir='ltr'><strong><em>ι</em></strong></span> 
     </span>
    </p>
   </div>
   <div class='ocr_carea' id='block_1_23' title="bbox 1962 1072 3525 1137">
    <p class='ocr_par' dir='ltr' id='par_1_23' title="bbox 1962 1072 3525 1137">
     <span class='ocr_line' id='line_1_23' title="bbox 1962 1072 3525 1137; baseline -0.001 -8"><span class='ocrx_word' id='word_1_152' title='bbox 1962 1074 2344 1137; x_wconf 68' lang='grc' dir='ltr'>Βοηῖῆεωίίιίε</span> <span class='ocrx_word' id='word_1_153' title='bbox 2371 1073 2611 1126; x_wconf 79' lang='lat' dir='ltr'>casulam</span> <span class='ocrx_word' id='word_1_154' title='bbox 2651 1073 2915 1126; x_wconf 74' lang='lat' dir='ltr'>subtilem.</span> <span class='ocrx_word' id='word_1_155' title='bbox 2951 1073 3009 1126; x_wconf 92' lang='lat' dir='ltr'><strong>In</strong></span> <span class='ocrx_word' id='word_1_156' title='bbox 3041 1072 3303 1127; x_wconf 91' lang='lat' dir='ltr'>omnibus</span> <span class='ocrx_word' id='word_1_157' title='bbox 3321 1072 3525 1128; x_wconf 87' lang='lat' dir='ltr'>nostris</span> 
     </span>
    </p>
   </div>
   <div class='ocr_carea' id='block_1_24' title="bbox 1904 1164 3525 1237">
    <p class='ocr_par' dir='ltr' id='par_1_24' title="bbox 1904 1164 3525 1237">
     <span class='ocr_line' id='line_1_24' title="bbox 1904 1164 3525 1237; baseline -0.001 -16"><span class='ocrx_word' id='word_1_158' title='bbox 1904 1166 2313 1237; x_wconf 84' lang='lat' dir='ltr'>exemplaribus</span> <span class='ocrx_word' id='word_1_159' title='bbox 2334 1171 2459 1219; x_wconf 88' lang='lat' dir='ltr'>sunt</span> <span class='ocrx_word' id='word_1_160' title='bbox 2490 1164 2611 1218; x_wconf 59' lang='lat' dir='ltr'>duas</span> <span class='ocrx_word' id='word_1_161' title='bbox 2645 1164 3053 1231; x_wconf 88' lang='lat' dir='ltr'>dictiones,sed</span> <span class='ocrx_word' id='word_1_162' title='bbox 3086 1181 3210 1219; x_wconf 91' lang='lat' dir='ltr'>cum</span> <span class='ocrx_word' id='word_1_163' title='bbox 3243 1165 3525 1220; x_wconf 90' lang='lat' dir='ltr'>Brissonio</span> 
     </span>
    </p>
   </div>
   <div class='ocr_carea' id='block_1_25' title="bbox 1909 1252 2985 1326">
    <p class='ocr_par' dir='ltr' id='par_1_25' title="bbox 1909 1252 2985 1326">
     <span class='ocr_line' id='line_1_25' title="bbox 1909 1252 2985 1326; baseline -0.002 -12"><span class='ocrx_word' id='word_1_164' title='bbox 1909 1258 2194 1326; x_wconf 82' lang='lat' dir='ltr'>conjunxi.</span> <span class='ocrx_word' id='word_1_165' title='bbox 2982 1252 2985 1257; x_wconf 68' lang='grc'><em>’</em></span> 
     </span>
    </p>
   </div>
   <div class='ocr_carea' id='block_1_26' title="bbox 1983 1347 3527 1413">
    <p class='ocr_par' dir='ltr' id='par_1_26' title="bbox 1983 1347 3527 1413">
     <span class='ocr_line' id='line_1_26' title="bbox 1983 1347 3527 1413; baseline -0.001 -7"><span class='ocrx_word' id='word_1_166' title='bbox 1983 1352 2172 1407; x_wconf 75' lang='lat' dir='ltr'>Cmteri</span> <span class='ocrx_word' id='word_1_167' title='bbox 2197 1364 2372 1401; x_wconf 86' lang='lat' dir='ltr'>omnes</span> <span class='ocrx_word' id='word_1_168' title='bbox 2424 1347 2732 1402; x_wconf 69' lang='lat' dir='ltr'>exhazrcdes</span> <span class='ocrx_word' id='word_1_169' title='bbox 2786 1351 2968 1413; x_wconf 82' lang='lat' dir='ltr'>estote,</span> <span class='ocrx_word' id='word_1_170' title='bbox 3000 1352 3228 1403; x_wconf 86' lang='lat' dir='ltr'>suntote.</span> <span class='ocrx_word' id='word_1_171' title='bbox 3282 1347 3373 1403; x_wconf 91' lang='lat' dir='ltr'>Sic</span> <span class='ocrx_word' id='word_1_172' title='bbox 3403 1364 3527 1404; x_wconf 91' lang='lat' dir='ltr'>om-</span> 
     </span>
    </p>
   </div>
   <div class='ocr_carea' id='block_1_27' title="bbox 1909 1437 3526 1509">
    <p class='ocr_par' dir='ltr' id='par_1_27' title="bbox 1909 1437 3526 1509">
     <span class='ocr_line' id='line_1_27' title="bbox 1909 1437 3526 1509; baseline 0.001 -15"><span class='ocrx_word' id='word_1_173' title='bbox 1909 1440 1998 1494; x_wconf 88' lang='lat' dir='ltr'>nia</span> <span class='ocrx_word' id='word_1_174' title='bbox 2032 1437 2389 1508; x_wconf 79' lang='lat' dir='ltr'>exemplaria,</span> <span class='ocrx_word' id='word_1_175' title='bbox 2434 1437 2541 1489; x_wconf 90' lang='lat' dir='ltr'>nisi</span> <span class='ocrx_word' id='word_1_176' title='bbox 2585 1437 2734 1507; x_wconf 91' lang='lat' dir='ltr'>quod</span> <span class='ocrx_word' id='word_1_177' title='bbox 2768 1437 2813 1490; x_wconf 88' lang='grc' dir='ltr'><strong>Μ</strong></span> <span class='ocrx_word' id='word_1_178' title='bbox 2845 1437 3047 1492; x_wconf 90' lang='lat' dir='ltr'>omittit</span> <span class='ocrx_word' id='word_1_179' title='bbox 3096 1440 3392 1509; x_wconf 85' lang='lat' dir='ltr'>posterius,</span> <span class='ocrx_word' id='word_1_180' title='bbox 3426 1441 3526 1495; x_wconf 91' lang='lat' dir='ltr'>sed</span> 
     </span>
    </p>
   </div>
   <div class='ocr_carea' id='block_1_28' title="bbox 1911 1531 3527 1610">
    <p class='ocr_par' dir='ltr' id='par_1_28' title="bbox 1911 1531 3527 1610">
     <span class='ocr_line' id='line_1_28' title="bbox 1911 1531 3527 1610; baseline 0.002 -22"><span class='ocrx_word' id='word_1_181' title='bbox 1911 1549 2025 1589; x_wconf 91' lang='lat' dir='ltr'>non</span> <span class='ocrx_word' id='word_1_182' title='bbox 2057 1540 2221 1587; x_wconf 88' lang='lat' dir='ltr'>recte.</span> <span class='ocrx_word' id='word_1_183' title='bbox 2257 1534 2333 1587; x_wconf 88' lang='lat' dir='ltr'>Ita</span> <span class='ocrx_word' id='word_1_184' title='bbox 2382 1532 2450 1586; x_wconf 89' lang='lat' dir='ltr'>ad</span> <span class='ocrx_word' id='word_1_185' title='bbox 2497 1533 2763 1601; x_wconf 83' lang='lat' dir='ltr'>majorem</span> <span class='ocrx_word' id='word_1_186' title='bbox 2796 1531 3106 1587; x_wconf 89' lang='lat' dir='ltr'>ﬁrmitatem</span> <span class='ocrx_word' id='word_1_187' title='bbox 3143 1540 3196 1588; x_wconf 89' lang='lat' dir='ltr'>et</span> <span class='ocrx_word' id='word_1_188' title='bbox 3225 1549 3527 1610; x_wconf 85' lang='lat' dir='ltr'>exaggera-</span> 
     </span>
    </p>
   </div>
   <div class='ocr_carea' id='block_1_29' title="bbox 1911 1623 3141 1681">
    <p class='ocr_par' dir='ltr' id='par_1_29' title="bbox 1911 1623 3141 1681">
     <span class='ocr_line' id='line_1_29' title="bbox 1911 1623 3141 1681; baseline -0.001 0"><span class='ocrx_word' id='word_1_189' title='bbox 1911 1627 2117 1681; x_wconf 91' lang='lat' dir='ltr'>tionem</span> <span class='ocrx_word' id='word_1_190' title='bbox 2145 1625 2198 1679; x_wconf 93' lang='lat' dir='ltr'>in</span> <span class='ocrx_word' id='word_1_191' title='bbox 2228 1623 2478 1679; x_wconf 87' lang='lat' dir='ltr'>formulis</span> <span class='ocrx_word' id='word_1_192' title='bbox 2502 1624 2946 1680; x_wconf 88' lang='lat' dir='ltr'>testamentidici</span> <span class='ocrx_word' id='word_1_193' title='bbox 2980 1626 3141 1681; x_wconf 87' lang='lat' dir='ltr'>solet.</span> 
     </span>
    </p>
   </div>
   <div class='ocr_carea' id='block_1_30' title="bbox 1983 1718 3525 1789">
    <p class='ocr_par' dir='ltr' id='par_1_30' title="bbox 1983 1718 3525 1789">
     <span class='ocr_line' id='line_1_30' title="bbox 1983 1718 3525 1789; baseline 0.001 -17"><span class='ocrx_word' id='word_1_194' title='bbox 1983 1722 2047 1773; x_wconf 85' lang='lat' dir='ltr'><strong>In</strong></span> <span class='ocrx_word' id='word_1_195' title='bbox 2074 1734 2178 1787; x_wconf 87' lang='lat' dir='ltr'>quo</span> <span class='ocrx_word' id='word_1_196' title='bbox 2209 1719 2258 1771; x_wconf 85' lang='lat' dir='ltr'>si</span> <span class='ocrx_word' id='word_1_197' title='bbox 2286 1734 2399 1787; x_wconf 86' lang='lat' dir='ltr'>qua</span> <span class='ocrx_word' id='word_1_198' title='bbox 2425 1718 2597 1770; x_wconf 86' lang='lat' dir='ltr'>litura</span> <span class='ocrx_word' id='word_1_199' title='bbox 2623 1718 2705 1770; x_wconf 85' lang='lat' dir='ltr'>uel</span> <span class='ocrx_word' id='word_1_200' title='bbox 2723 1722 3061 1771; x_wconf 73' lang='lat' dir='ltr'>caramaiura</span> <span class='ocrx_word' id='word_1_201' title='bbox 3086 1720 3257 1785; x_wconf 82' lang='lat' dir='ltr'>fuerit</span> <span class='ocrx_word' id='word_1_202' title='bbox 3286 1722 3525 1789; x_wconf 82' lang='lat' dir='ltr'>inuenta,</span> 
     </span>
    </p>
   </div>
   <div class='ocr_carea' id='block_1_31' title="bbox 1909 1810 3530 1880">
    <p class='ocr_par' dir='ltr' id='par_1_31' title="bbox 1909 1810 3530 1880">
     <span class='ocr_line' id='line_1_31' title="bbox 1909 1810 3530 1880; baseline 0.002 -14"><span class='ocrx_word' id='word_1_203' title='bbox 1909 1814 2063 1880; x_wconf 86' lang='lat' dir='ltr'>facta</span> <span class='ocrx_word' id='word_1_204' title='bbox 2092 1816 2178 1865; x_wconf 91' lang='lat' dir='ltr'>est</span> <span class='ocrx_word' id='word_1_205' title='bbox 2199 1827 2279 1865; x_wconf 87' lang='lat' dir='ltr'>me</span> <span class='ocrx_word' id='word_1_206' title='bbox 2304 1815 2592 1880; x_wconf 81' lang='lat' dir='ltr'>prcesente,</span> <span class='ocrx_word' id='word_1_207' title='bbox 2619 1810 2751 1863; x_wconf 87' lang='lat' dir='ltr'>dum</span> <span class='ocrx_word' id='word_1_208' title='bbox 2790 1826 2824 1863; x_wconf 90' lang='lat' dir='ltr'>a</span> <span class='ocrx_word' id='word_1_209' title='bbox 2882 1825 2966 1864; x_wconf 90' lang='lat' dir='ltr'>me</span> <span class='ocrx_word' id='word_1_210' title='bbox 2994 1811 3251 1880; x_wconf 82' lang='lat' dir='ltr'>relegitur</span> <span class='ocrx_word' id='word_1_211' title='bbox 3271 1817 3321 1867; x_wconf 86' lang='lat' dir='ltr'>et</span> <span class='ocrx_word' id='word_1_212' title='bbox 3350 1828 3530 1870; x_wconf 86' lang='lat' dir='ltr'>emen-</span> 
     </span>
    </p>
   </div>
   <div class='ocr_carea' id='block_1_32' title="bbox 182 1897 3527 1976">
    <p class='ocr_par' dir='ltr' id='par_1_32' title="bbox 182 1897 3527 1976">
     <span class='ocr_line' id='line_1_32' title="bbox 182 1897 3527 1976; baseline 0.003 -24"><span class='ocrx_word' id='word_1_213' title='bbox 182 1897 326 1954; x_wconf 90' lang='lat' dir='ltr'>buta</span> <span class='ocrx_word' id='word_1_214' title='bbox 353 1898 632 1970; x_wconf 85' lang='lat' dir='ltr'>explicent</span> <span class='ocrx_word' id='word_1_215' title='bbox 671 1898 785 1952; x_wconf 91' lang='lat' dir='ltr'>alii.</span> <span class='ocrx_word' id='word_1_216' title='bbox 819 1898 931 1954; x_wconf 87' lang='lat' dir='ltr'>Hoc</span> <span class='ocrx_word' id='word_1_217' title='bbox 950 1899 1087 1953; x_wconf 91' lang='lat' dir='ltr'>mihi</span> <span class='ocrx_word' id='word_1_218' title='bbox 1119 1905 1332 1955; x_wconf 90' lang='lat' dir='ltr'>tantum</span> <span class='ocrx_word' id='word_1_219' title='bbox 1380 1902 1637 1956; x_wconf 88' lang='lat' dir='ltr'>occurrit.</span> <span class='ocrx_word' id='word_1_220' title='bbox 1677 1901 1806 1957; x_wconf 90' lang='lat' dir='ltr'>Cum</span> <span class='ocrx_word' id='word_1_221' title='bbox 1834 1908 1883 1976; x_wconf 86' lang='lat' dir='ltr'>B</span> <span class='ocrx_word' id='word_1_222' title='bbox 1912 1904 2098 1958; x_wconf 82' lang='lat' dir='ltr'>datur.</span> <span class='ocrx_word' id='word_1_223' title='bbox 2125 1902 2330 1956; x_wconf 86' lang='lat' dir='ltr'>Similis</span> <span class='ocrx_word' id='word_1_224' title='bbox 2371 1908 2454 1956; x_wconf 91' lang='lat' dir='ltr'>est</span> <span class='ocrx_word' id='word_1_225' title='bbox 2485 1902 2731 1956; x_wconf 87' lang='lat' dir='ltr'>clausula</span> <span class='ocrx_word' id='word_1_226' title='bbox 2761 1902 2815 1954; x_wconf 92' lang='lat' dir='ltr'>in</span> <span class='ocrx_word' id='word_1_227' title='bbox 2874 1900 2985 1956; x_wconf 85' lang='lat' dir='ltr'>ﬁne</span> <span class='ocrx_word' id='word_1_228' title='bbox 3010 1904 3323 1958; x_wconf 88' lang='lat' dir='ltr'>testamenti</span> <span class='ocrx_word' id='word_1_229' title='bbox 3352 1906 3527 1961; x_wconf 89' lang='lat' dir='ltr'>sancti</span> 
     </span>
    </p>
   </div>
   <div class='ocr_carea' id='block_1_33' title="bbox 182 1987 1806 2063">
    <p class='ocr_par' dir='ltr' id='par_1_33' title="bbox 182 1987 1806 2063">
     <span class='ocr_line' id='line_1_33' title="bbox 182 1987 1806 2063; baseline 0.002 -21"><span class='ocrx_word' id='word_1_230' title='bbox 182 1987 525 2042; x_wconf 87' lang='lat' dir='ltr'>Brissionius</span> <span class='ocrx_word' id='word_1_231' title='bbox 552 1989 860 2043; x_wconf 86' lang='lat' dir='ltr'>cambutam</span> <span class='ocrx_word' id='word_1_232' title='bbox 902 1988 1068 2063; x_wconf 84' lang='lat' dir='ltr'>legat,</span> <span class='ocrx_word' id='word_1_233' title='bbox 1113 1990 1159 2043; x_wconf 89' lang='lat' dir='ltr'>si</span> <span class='ocrx_word' id='word_1_234' title='bbox 1216 1991 1477 2045; x_wconf 88' lang='lat' dir='ltr'>cambuca</span> <span class='ocrx_word' id='word_1_235' title='bbox 1507 1991 1806 2062; x_wconf 75' lang='lat' dir='ltr'>legeretur,</span> 
     </span>
    </p>
   </div>
   <div class='ocr_carea' id='block_1_34' title="bbox 182 2077 1810 2151">
    <p class='ocr_par' dir='ltr' id='par_1_34' title="bbox 182 2077 1810 2151">
     <span class='ocr_line' id='line_1_34' title="bbox 182 2077 1810 2151; baseline 0.003 -20"><span class='ocrx_word' id='word_1_236' title='bbox 182 2077 398 2148; x_wconf 87' lang='lat' dir='ltr'>pedum</span> <span class='ocrx_word' id='word_1_237' title='bbox 428 2078 771 2148; x_wconf 87' lang='lat' dir='ltr'>episcopale,</span> <span class='ocrx_word' id='word_1_238' title='bbox 810 2079 896 2133; x_wconf 90' lang='lat' dir='ltr'>vel</span> <span class='ocrx_word' id='word_1_239' title='bbox 935 2080 1120 2150; x_wconf 90' lang='lat' dir='ltr'>potius</span> <span class='ocrx_word' id='word_1_240' title='bbox 1144 2080 1402 2135; x_wconf 88' lang='lat' dir='ltr'>baculum</span> <span class='ocrx_word' id='word_1_241' title='bbox 1430 2081 1560 2151; x_wconf 90' lang='lat' dir='ltr'>pedi</span> <span class='ocrx_word' id='word_1_242' title='bbox 1588 2081 1810 2151; x_wconf 85' lang='lat' dir='ltr'>episco-</span> 
     </span>
    </p>
   </div>
   <div class='ocr_carea' id='block_1_35' title="bbox 182 2166 1813 2240">
    <p class='ocr_par' dir='ltr' id='par_1_35' title="bbox 182 2166 1813 2240">
     <span class='ocr_line' id='line_1_35' title="bbox 182 2166 1813 2240; baseline 0.004 -21"><span class='ocrx_word' id='word_1_243' title='bbox 182 2166 335 2237; x_wconf 90' lang='lat' dir='ltr'>palis</span> <span class='ocrx_word' id='word_1_244' title='bbox 362 2166 789 2240; x_wconf 89' lang='lat' dir='ltr'>signiﬁcaretur.</span> <span class='ocrx_word' id='word_1_245' title='bbox 847 2168 962 2234; x_wconf 87' lang='lat' dir='ltr'>Qua</span> <span class='ocrx_word' id='word_1_246' title='bbox 988 2184 1124 2224; x_wconf 88' lang='lat' dir='ltr'>voco</span> <span class='ocrx_word' id='word_1_247' title='bbox 1180 2171 1356 2224; x_wconf 88' lang='lat' dir='ltr'>utitur</span> <span class='ocrx_word' id='word_1_248' title='bbox 1386 2170 1578 2224; x_wconf 89' lang='lat' dir='ltr'>Petrus</span> <span class='ocrx_word' id='word_1_249' title='bbox 1618 2173 1813 2226; x_wconf 89' lang='lat' dir='ltr'>Come-</span> 
     </span>
    </p>
   </div>
   <div class='ocr_carea' id='block_1_36' title="bbox 181 2255 1811 2331">
    <p class='ocr_par' dir='ltr' id='par_1_36' title="bbox 181 2255 1811 2331">
     <span class='ocr_line' id='line_1_36' title="bbox 181 2255 1811 2331; baseline 0.002 -20"><span class='ocrx_word' id='word_1_250' title='bbox 181 2263 309 2311; x_wconf 87' lang='lat' dir='ltr'>stor</span> <span class='ocrx_word' id='word_1_251' title='bbox 334 2255 394 2309; x_wconf 90' lang='lat' dir='ltr'>in</span> <span class='ocrx_word' id='word_1_252' title='bbox 422 2256 661 2311; x_wconf 86' lang='lat' dir='ltr'>Historia</span> <span class='ocrx_word' id='word_1_253' title='bbox 689 2257 875 2326; x_wconf 85' lang='lat' dir='ltr'>Exodi,</span> <span class='ocrx_word' id='word_1_254' title='bbox 910 2259 1093 2329; x_wconf 88' lang='lat' dir='ltr'>capite</span> <span class='ocrx_word' id='word_1_255' title='bbox 1125 2258 1195 2314; x_wconf 76' lang='lat'>5‘2</span> <span class='ocrx_word' id='word_1_256' title='bbox 1224 2276 1237 2313; x_wconf 88' lang='lat'>:</span> <span class='ocrx_word' id='word_1_257' title='bbox 1273 2283 1299 2307; x_wconf 82' lang='lat'><strong>«</strong></span> <span class='ocrx_word' id='word_1_258' title='bbox 1333 2260 1505 2325; x_wconf 89' lang='lat' dir='ltr'>Sicut,</span> <span class='ocrx_word' id='word_1_259' title='bbox 1531 2261 1730 2331; x_wconf 90' lang='lat' dir='ltr'>inquit,</span> <span class='ocrx_word' id='word_1_260' title='bbox 1759 2261 1811 2315; x_wconf 90' lang='lat' dir='ltr'>in</span> 
     </span>
    </p>
   </div>
   <div class='ocr_carea' id='block_1_37' title="bbox 183 2345 1811 2418">
    <p class='ocr_par' dir='ltr' id='par_1_37' title="bbox 183 2345 1811 2418">
     <span class='ocr_line' id='line_1_37' title="bbox 183 2345 1811 2418; baseline 0.005 -19"><span class='ocrx_word' id='word_1_261' title='bbox 183 2345 391 2401; x_wconf 89' lang='lat' dir='ltr'>baculo</span> <span class='ocrx_word' id='word_1_262' title='bbox 418 2346 700 2401; x_wconf 71' lang='lat' dir='ltr'>cambucae</span> <span class='ocrx_word' id='word_1_263' title='bbox 732 2346 1066 2418; x_wconf 89' lang='lat' dir='ltr'>pontiﬁcalis</span> <span class='ocrx_word' id='word_1_264' title='bbox 1125 2349 1373 2405; x_wconf 88' lang='lat' dir='ltr'>eburneo</span> <span class='ocrx_word' id='word_1_265' title='bbox 1427 2349 1547 2405; x_wconf 88' lang='lat' dir='ltr'>ﬁeri</span> <span class='ocrx_word' id='word_1_266' title='bbox 1588 2354 1746 2407; x_wconf 88' lang='lat' dir='ltr'>solet.</span> <span class='ocrx_word' id='word_1_267' title='bbox 1785 2376 1811 2400; x_wconf 76' lang='grc' dir='ltr'><strong><em>ιο</em></strong></span> 
     </span>
    </p>
   </div>
   <div class='ocr_carea' id='block_1_38' title="bbox 181 2435 1815 2512">
    <p class='ocr_par' dir='ltr' id='par_1_38' title="bbox 181 2435 1815 2512">
     <span class='ocr_line' id='line_1_38' title="bbox 181 2435 1815 2512; baseline 0.007 -24"><span class='ocrx_word' id='word_1_268' title='bbox 181 2435 329 2489; x_wconf 85' lang='lat' dir='ltr'>Hinc</span> <span class='ocrx_word' id='word_1_269' title='bbox 360 2435 416 2489; x_wconf 91' lang='lat' dir='ltr'>in</span> <span class='ocrx_word' id='word_1_270' title='bbox 440 2436 747 2492; x_wconf 88' lang='lat' dir='ltr'>Pontiﬁcali</span> <span class='ocrx_word' id='word_1_271' title='bbox 803 2439 1082 2494; x_wconf 89' lang='lat' dir='ltr'>Guillelmi</span> <span class='ocrx_word' id='word_1_272' title='bbox 1132 2440 1381 2508; x_wconf 90' lang='lat' dir='ltr'>Duranti,</span> <span class='ocrx_word' id='word_1_273' title='bbox 1433 2442 1580 2512; x_wconf 92' lang='lat' dir='ltr'>quod</span> <span class='ocrx_word' id='word_1_274' title='bbox 1635 2442 1815 2499; x_wconf 84' lang='lat' dir='ltr'>habeo</span> 
     </span>
    </p>
   </div>
   <div class='ocr_carea' id='block_1_39' title="bbox 180 2525 1817 2603">
    <p class='ocr_par' dir='ltr' id='par_1_39' title="bbox 180 2525 1817 2603">
     <span class='ocr_line' id='line_1_39' title="bbox 180 2525 1817 2603; baseline 0.004 -24"><span class='ocrx_word' id='word_1_275' title='bbox 180 2525 649 2596; x_wconf 85' lang='lat' dir='ltr'>manuscriptum,</span> <span class='ocrx_word' id='word_1_276' title='bbox 692 2533 847 2597; x_wconf 90' lang='lat' dir='ltr'>parte</span> <span class='ocrx_word' id='word_1_277' title='bbox 880 2529 1146 2597; x_wconf 90' lang='lat' dir='ltr'>secunda,</span> <span class='ocrx_word' id='word_1_278' title='bbox 1180 2529 1276 2583; x_wconf 90' lang='lat' dir='ltr'>ubi</span> <span class='ocrx_word' id='word_1_279' title='bbox 1308 2529 1492 2603; x_wconf 85' lang='lat' dir='ltr'>agitur</span> <span class='ocrx_word' id='word_1_280' title='bbox 1521 2531 1589 2585; x_wconf 91' lang='lat' dir='ltr'>de</span> <span class='ocrx_word' id='word_1_281' title='bbox 1617 2546 1817 2587; x_wconf 91' lang='lat' dir='ltr'>conse-</span> 
     </span>
    </p>
   </div>
   <div class='ocr_carea' id='block_1_40' title="bbox 180 2613 1811 2689">
    <p class='ocr_par' dir='ltr' id='par_1_40' title="bbox 180 2613 1811 2689">
     <span class='ocr_line' id='line_1_40' title="bbox 180 2613 1811 2689; baseline 0.004 -21"><span class='ocrx_word' id='word_1_282' title='bbox 180 2613 439 2668; x_wconf 91' lang='lat' dir='ltr'>cratione</span> <span class='ocrx_word' id='word_1_283' title='bbox 467 2613 745 2682; x_wconf 84' lang='lat' dir='ltr'>Ecclesiae,</span> <span class='ocrx_word' id='word_1_284' title='bbox 770 2631 894 2670; x_wconf 93' lang='lat' dir='ltr'>cum</span> <span class='ocrx_word' id='word_1_285' title='bbox 945 2618 1158 2673; x_wconf 89' lang='lat' dir='ltr'>accedit</span> <span class='ocrx_word' id='word_1_286' title='bbox 1208 2618 1457 2689; x_wconf 86' lang='lat' dir='ltr'>pontifex</span> <span class='ocrx_word' id='word_1_287' title='bbox 1510 2620 1580 2674; x_wconf 90' lang='lat' dir='ltr'>ad</span> <span class='ocrx_word' id='word_1_288' title='bbox 1607 2621 1811 2676; x_wconf 89' lang='lat' dir='ltr'>ostium</span> 
     </span>
    </p>
   </div>
   <div class='ocr_carea' id='block_1_41' title="bbox 182 2702 1814 2781">
    <p class='ocr_par' dir='ltr' id='par_1_41' title="bbox 182 2702 1814 2781">
     <span class='ocr_line' id='line_1_41' title="bbox 182 2702 1814 2781; baseline 0.005 -23"><span class='ocrx_word' id='word_1_289' title='bbox 182 2702 464 2771; x_wconf 68' lang='lat' dir='ltr'>ecclesiae,</span> <span class='ocrx_word' id='word_1_290' title='bbox 496 2703 573 2758; x_wconf 88' lang='lat' dir='ltr'>ita</span> <span class='ocrx_word' id='word_1_291' title='bbox 597 2703 801 2777; x_wconf 81' lang='lat' dir='ltr'>legitur</span> <span class='ocrx_word' id='word_1_292' title='bbox 833 2722 846 2758; x_wconf 92' lang='lat'><strong>:</strong></span> <span class='ocrx_word' id='word_1_293' title='bbox 881 2730 906 2754; x_wconf 76' lang='grc' dir='ltr'>ιι</span> <span class='ocrx_word' id='word_1_294' title='bbox 933 2706 1115 2764; x_wconf 87' lang='lat' dir='ltr'>Faciat</span> <span class='ocrx_word' id='word_1_295' title='bbox 1137 2724 1359 2764; x_wconf 86' lang='lat' dir='ltr'>crucem</span> <span class='ocrx_word' id='word_1_296' title='bbox 1385 2725 1509 2764; x_wconf 87' lang='lat' dir='ltr'>cum</span> <span class='ocrx_word' id='word_1_297' title='bbox 1542 2711 1814 2781; x_wconf 87' lang='lat' dir='ltr'>gambuca</span> 
     </span>
    </p>
   </div>
   <div class='ocr_carea' id='block_1_42' title="bbox 181 2794 1811 2871">
    <p class='ocr_par' dir='ltr' id='par_1_42' title="bbox 181 2794 1811 2871">
     <span class='ocr_line' id='line_1_42' title="bbox 181 2794 1811 2871; baseline 0.004 -24"><span class='ocrx_word' id='word_1_298' title='bbox 181 2795 242 2848; x_wconf 92' lang='lat' dir='ltr'>in</span> <span class='ocrx_word' id='word_1_299' title='bbox 277 2794 475 2850; x_wconf 91' lang='lat' dir='ltr'>limine</span> <span class='ocrx_word' id='word_1_300' title='bbox 504 2796 802 2866; x_wconf 87' lang='lat' dir='ltr'>superiori,</span> <span class='ocrx_word' id='word_1_301' title='bbox 836 2804 892 2852; x_wconf 89' lang='lat' dir='ltr'>et</span> <span class='ocrx_word' id='word_1_302' title='bbox 923 2798 1192 2854; x_wconf 88' lang='lat' dir='ltr'>inferiori.</span> <span class='ocrx_word' id='word_1_303' title='bbox 1229 2819 1253 2851; x_wconf 86' lang='lat'><strong>»</strong></span> <span class='ocrx_word' id='word_1_304' title='bbox 1299 2800 1403 2855; x_wconf 90' lang='lat' dir='ltr'>Pro</span> <span class='ocrx_word' id='word_1_305' title='bbox 1433 2816 1542 2871; x_wconf 89' lang='lat' dir='ltr'>quo</span> <span class='ocrx_word' id='word_1_306' title='bbox 1572 2800 1811 2856; x_wconf 90' lang='lat' dir='ltr'>Pontiﬁ-</span> 
     </span>
    </p>
   </div>
   <div class='ocr_carea' id='block_1_43' title="bbox 181 2889 1816 2959">
    <p class='ocr_par' dir='ltr' id='par_1_43' title="bbox 181 2889 1816 2959">
     <span class='ocr_line' id='line_1_43' title="bbox 181 2889 1816 2959; baseline 0.003 -15"><span class='ocrx_word' id='word_1_307' title='bbox 181 2889 308 2946; x_wconf 86' lang='lat' dir='ltr'>cale</span> <span class='ocrx_word' id='word_1_308' title='bbox 352 2889 682 2956; x_wconf 81' lang='lat' dir='ltr'>Romanum,</span> <span class='ocrx_word' id='word_1_309' title='bbox 712 2905 975 2944; x_wconf 86' lang='lat' dir='ltr'>excusum</span> <span class='ocrx_word' id='word_1_310' title='bbox 1034 2907 1180 2946; x_wconf 88' lang='lat' dir='ltr'>anno</span> <span class='ocrx_word' id='word_1_311' title='bbox 1240 2893 1401 2959; x_wconf 73' lang='lat'>1303,</span> <span class='ocrx_word' id='word_1_312' title='bbox 1462 2900 1516 2947; x_wconf 86' lang='lat' dir='ltr'>et</span> <span class='ocrx_word' id='word_1_313' title='bbox 1572 2894 1816 2949; x_wconf 90' lang='lat' dir='ltr'>Venetiis</span> 
     </span>
    </p>
   </div>
   <div class='ocr_carea' id='block_1_44' title="bbox 183 2980 1815 3055">
    <p class='ocr_par' dir='ltr' id='par_1_44' title="bbox 183 2980 1815 3055">
     <span class='ocr_line' id='line_1_44' title="bbox 183 2980 1815 3055; baseline 0.004 -19"><span class='ocrx_word' id='word_1_314' title='bbox 183 2981 352 3048; x_wconf 77' lang='grc'>1561,</span> <span class='ocrx_word' id='word_1_315' title='bbox 387 2989 444 3035; x_wconf 92' lang='lat' dir='ltr'>et</span> <span class='ocrx_word' id='word_1_316' title='bbox 472 2980 580 3035; x_wconf 89' lang='lat' dir='ltr'>alia</span> <span class='ocrx_word' id='word_1_317' title='bbox 626 2980 821 3035; x_wconf 89' lang='lat' dir='ltr'>dicunt</span> <span class='ocrx_word' id='word_1_318' title='bbox 866 3007 892 3029; x_wconf 81' lang='grc' dir='ltr'>ιι</span> <span class='ocrx_word' id='word_1_319' title='bbox 940 2999 1065 3037; x_wconf 88' lang='lat' dir='ltr'>cum</span> <span class='ocrx_word' id='word_1_320' title='bbox 1120 2984 1317 3040; x_wconf 90' lang='lat' dir='ltr'>baculo</span> <span class='ocrx_word' id='word_1_321' title='bbox 1374 2987 1649 3055; x_wconf 80' lang='lat' dir='ltr'>pastorali.</span> <span class='ocrx_word' id='word_1_322' title='bbox 1687 3010 1707 3038; x_wconf 73' lang='grc' dir='ltr'><strong><em>ι</em></strong></span> <span class='ocrx_word' id='word_1_323' title='bbox 1755 2989 1815 3042; x_wconf 89' lang='lat' dir='ltr'>Et</span> 
     </span>
    </p>
   </div>
   <div class='ocr_carea' id='block_1_45' title="bbox 183 3075 1813 3147">
    <p class='ocr_par' dir='ltr' id='par_1_45' title="bbox 183 3075 1813 3147">
     <span class='ocr_line' id='line_1_45' title="bbox 183 3075 1813 3147; baseline 0.003 -16"><span class='ocrx_word' id='word_1_324' title='bbox 183 3084 358 3131; x_wconf 87' lang='lat' dir='ltr'>antea</span> <span class='ocrx_word' id='word_1_325' title='bbox 384 3075 587 3129; x_wconf 91' lang='lat' dir='ltr'>diserte</span> <span class='ocrx_word' id='word_1_326' title='bbox 614 3075 750 3130; x_wconf 88' lang='lat' dir='ltr'>dicit</span> <span class='ocrx_word' id='word_1_327' title='bbox 791 3076 937 3131; x_wconf 92' lang='lat' dir='ltr'>idem</span> <span class='ocrx_word' id='word_1_328' title='bbox 967 3077 1285 3133; x_wconf 85' lang='lat' dir='ltr'>Pontiﬁcale</span> <span class='ocrx_word' id='word_1_329' title='bbox 1324 3080 1572 3147; x_wconf 89' lang='lat' dir='ltr'>Duranti,</span> <span class='ocrx_word' id='word_1_330' title='bbox 1620 3101 1643 3133; x_wconf 76' lang='grc' dir='ltr'>α</span> <span class='ocrx_word' id='word_1_331' title='bbox 1689 3098 1813 3137; x_wconf 91' lang='lat' dir='ltr'>cum</span> 
     </span>
    </p>
   </div>
   <div class='ocr_carea' id='block_1_46' title="bbox 185 3168 1812 3243">
    <p class='ocr_par' dir='ltr' id='par_1_46' title="bbox 185 3168 1812 3243">
     <span class='ocr_line' id='line_1_46' title="bbox 185 3168 1812 3243; baseline 0.004 -19"><span class='ocrx_word' id='word_1_332' title='bbox 185 3168 447 3224; x_wconf 90' lang='lat' dir='ltr'>inferiori</span> <span class='ocrx_word' id='word_1_333' title='bbox 504 3176 661 3239; x_wconf 89' lang='lat' dir='ltr'>parte</span> <span class='ocrx_word' id='word_1_334' title='bbox 715 3170 1020 3242; x_wconf 79' lang='lat' dir='ltr'>gambucae,</span> <span class='ocrx_word' id='word_1_335' title='bbox 1080 3188 1178 3226; x_wconf 92' lang='lat' dir='ltr'>seu</span> <span class='ocrx_word' id='word_1_336' title='bbox 1224 3172 1407 3226; x_wconf 85' lang='lat' dir='ltr'>baculi</span> <span class='ocrx_word' id='word_1_337' title='bbox 1450 3176 1760 3243; x_wconf 86' lang='lat' dir='ltr'>pastoralis.</span> <span class='ocrx_word' id='word_1_338' title='bbox 1790 3199 1812 3221; x_wconf 77' lang='grc' dir='ltr'>ιο</span> 
     </span>
    </p>
   </div>
   <div class='ocr_carea' id='block_1_47' title="bbox 187 3261 1668 3337">
    <p class='ocr_par' dir='ltr' id='par_1_47' title="bbox 187 3261 1668 3337">
     <span class='ocr_line' id='line_1_47' title="bbox 187 3261 1668 3337; baseline 0.003 -20"><span class='ocrx_word' id='word_1_339' title='bbox 187 3262 406 3327; x_wconf 83' lang='lat' dir='ltr'>Quibus</span> <span class='ocrx_word' id='word_1_340' title='bbox 442 3261 630 3318; x_wconf 88' lang='lat' dir='ltr'>verbis</span> <span class='ocrx_word' id='word_1_341' title='bbox 647 3271 837 3332; x_wconf 89' lang='lat' dir='ltr'>aperte</span> <span class='ocrx_word' id='word_1_342' title='bbox 875 3263 1153 3337; x_wconf 81' lang='lat' dir='ltr'>significat</span> <span class='ocrx_word' id='word_1_343' title='bbox 1184 3264 1274 3318; x_wconf 89' lang='lat' dir='ltr'>illa</span> <span class='ocrx_word' id='word_1_344' title='bbox 1304 3266 1497 3320; x_wconf 88' lang='lat' dir='ltr'>eadem</span> <span class='ocrx_word' id='word_1_345' title='bbox 1526 3283 1668 3322; x_wconf 89' lang='lat' dir='ltr'>esse.</span> 
     </span>
    </p>
   </div>
   <div class='ocr_carea' id='block_1_48' title="bbox 260 3355 1819 3431">
    <p class='ocr_par' dir='ltr' id='par_1_48' title="bbox 260 3355 1819 3431">
     <span class='ocr_line' id='line_1_48' title="bbox 260 3355 1819 3431; baseline 0.004 -23"><span class='ocrx_word' id='word_1_346' title='bbox 260 3355 687 3409; x_wconf 83' lang='lat' dir='ltr'>Hichinaculum</span> <span class='ocrx_word' id='word_1_347' title='bbox 725 3371 938 3425; x_wconf 85' lang='lat' dir='ltr'>quoque</span> <span class='ocrx_word' id='word_1_348' title='bbox 993 3357 1132 3412; x_wconf 89' lang='lat' dir='ltr'>dono</span> <span class='ocrx_word' id='word_1_349' title='bbox 1190 3358 1292 3412; x_wconf 84' lang='lat' dir='ltr'>illi.</span> <span class='ocrx_word' id='word_1_350' title='bbox 1333 3359 1410 3413; x_wconf 88' lang='lat' dir='ltr'>Ita</span> <span class='ocrx_word' id='word_1_351' title='bbox 1442 3359 1545 3414; x_wconf 84' lang='lat' dir='ltr'>CR.</span> <span class='ocrx_word' id='word_1_352' title='bbox 1570 3364 1641 3431; x_wconf 65' lang='lat' dir='ltr'>{et</span> <span class='ocrx_word' id='word_1_353' title='bbox 1670 3360 1819 3415; x_wconf 92' lang='lat' dir='ltr'>Bris-</span> 
     </span>
    </p>
   </div>
   <div class='ocr_carea' id='block_1_49' title="bbox 189 3443 955 3511">
    <p class='ocr_par' dir='ltr' id='par_1_49' title="bbox 189 3443 955 3511">
     <span class='ocr_line' id='line_1_49' title="bbox 189 3443 955 3511; baseline -0.001 -11"><span class='ocrx_word' id='word_1_354' title='bbox 189 3459 317 3500; x_wconf 90' lang='lat' dir='ltr'>son.</span> <span class='ocrx_word' id='word_1_355' title='bbox 351 3443 438 3497; x_wconf 93' lang='lat' dir='ltr'>MS</span> <span class='ocrx_word' id='word_1_356' title='bbox 468 3443 518 3511; x_wconf 80' lang='lat' dir='ltr'>J,</span> <span class='ocrx_word' id='word_1_357' title='bbox 549 3444 955 3499; x_wconf 86' lang='lat' dir='ltr'>hiclinaculum.</span> 
     </span>
    </p>
   </div>
   <div class='ocr_carea' id='block_1_50' title="bbox 271 3532 1817 3605">
    <p class='ocr_par' dir='ltr' id='par_1_50' title="bbox 271 3532 1817 3605">
     <span class='ocr_line' id='line_1_50' title="bbox 271 3532 1817 3605; baseline 0.003 -17"><span class='ocrx_word' id='word_1_358' title='bbox 271 3535 481 3588; x_wconf 80' lang='lat' dir='ltr'>Vitium</span> <span class='ocrx_word' id='word_1_359' title='bbox 514 3533 863 3602; x_wconf 86' lang='lat' dir='ltr'>pedaturam.</span> <span class='ocrx_word' id='word_1_360' title='bbox 958 3533 1098 3587; x_wconf 89' lang='lat' dir='ltr'>Infra</span> <span class='ocrx_word' id='word_1_361' title='bbox 1181 3532 1328 3602; x_wconf 88' lang='lat' dir='ltr'>CMS,</span> <span class='ocrx_word' id='word_1_362' title='bbox 1392 3537 1672 3605; x_wconf 82' lang='lat' dir='ltr'>peditura,</span> <span class='ocrx_word' id='word_1_363' title='bbox 1720 3538 1817 3592; x_wconf 89' lang='lat' dir='ltr'>sed</span> 
     </span>
    </p>
   </div>
   <div class='ocr_carea' id='block_1_51' title="bbox 191 3626 1822 3701">
    <p class='ocr_par' dir='ltr' id='par_1_51' title="bbox 191 3626 1822 3701">
     <span class='ocr_line' id='line_1_51' title="bbox 191 3626 1822 3701; baseline 0.003 -20"><span class='ocrx_word' id='word_1_364' title='bbox 191 3627 364 3682; x_wconf 88' lang='lat' dir='ltr'>male.</span> <span class='ocrx_word' id='word_1_365' title='bbox 398 3626 631 3682; x_wconf 85' lang='lat' dir='ltr'>Videtur</span> <span class='ocrx_word' id='word_1_366' title='bbox 658 3633 841 3682; x_wconf 89' lang='lat' dir='ltr'>autem</span> <span class='ocrx_word' id='word_1_367' title='bbox 874 3628 1087 3697; x_wconf 90' lang='lat' dir='ltr'>accipio</span> <span class='ocrx_word' id='word_1_368' title='bbox 1127 3644 1225 3699; x_wconf 89' lang='lat' dir='ltr'>pro</span> <span class='ocrx_word' id='word_1_369' title='bbox 1252 3645 1316 3684; x_wconf 89' lang='lat' dir='ltr'>eo</span> <span class='ocrx_word' id='word_1_370' title='bbox 1346 3633 1491 3701; x_wconf 90' lang='lat' dir='ltr'>quod</span> <span class='ocrx_word' id='word_1_371' title='bbox 1521 3631 1822 3687; x_wconf 88' lang='lat' dir='ltr'>Columella</span> 
     </span>
    </p>
   </div>
   <div class='ocr_carea' id='block_1_52' title="bbox 194 3717 1822 3792">
    <p class='ocr_par' dir='ltr' id='par_1_52' title="bbox 194 3717 1822 3792">
     <span class='ocr_line' id='line_1_52' title="bbox 194 3717 1822 3792; baseline 0.004 -20"><span class='ocrx_word' id='word_1_372' title='bbox 194 3724 362 3773; x_wconf 87' lang='lat' dir='ltr'>vocat</span> <span class='ocrx_word' id='word_1_373' title='bbox 390 3717 784 3788; x_wconf 85' lang='lat' dir='ltr'>pedamentum</span> <span class='ocrx_word' id='word_1_374' title='bbox 814 3718 960 3784; x_wconf 87' lang='lat' dir='ltr'>vitis,</span> <span class='ocrx_word' id='word_1_375' title='bbox 990 3725 1044 3772; x_wconf 91' lang='lat' dir='ltr'>et</span> <span class='ocrx_word' id='word_1_376' title='bbox 1088 3726 1386 3787; x_wconf 86' lang='lat' dir='ltr'>statumen,</span> <span class='ocrx_word' id='word_1_377' title='bbox 1436 3722 1538 3776; x_wconf 90' lang='lat' dir='ltr'>hoc</span> <span class='ocrx_word' id='word_1_378' title='bbox 1592 3731 1673 3777; x_wconf 90' lang='lat' dir='ltr'>est</span> <span class='ocrx_word' id='word_1_379' title='bbox 1721 3737 1822 3792; x_wconf 89' lang='lat' dir='ltr'>pro</span> 
     </span>
    </p>
   </div>
   <div class='ocr_carea' id='block_1_53' title="bbox 196 3808 1322 3880">
    <p class='ocr_par' dir='ltr' id='par_1_53' title="bbox 196 3808 1322 3880">
     <span class='ocr_line' id='line_1_53' title="bbox 196 3808 1322 3880; baseline 0.001 -16"><span class='ocrx_word' id='word_1_380' title='bbox 196 3809 426 3880; x_wconf 88' lang='lat' dir='ltr'>perticis</span> <span class='ocrx_word' id='word_1_381' title='bbox 446 3814 502 3863; x_wconf 89' lang='lat' dir='ltr'>et</span> <span class='ocrx_word' id='word_1_382' title='bbox 531 3808 671 3879; x_wconf 88' lang='lat' dir='ltr'>palis</span> <span class='ocrx_word' id='word_1_383' title='bbox 695 3808 788 3879; x_wconf 91' lang='lat' dir='ltr'>qui</span> <span class='ocrx_word' id='word_1_384' title='bbox 804 3808 970 3864; x_wconf 88' lang='lat' dir='ltr'>vitem</span> <span class='ocrx_word' id='word_1_385' title='bbox 992 3816 1322 3865; x_wconf 87' lang='lat' dir='ltr'>sustentant.</span> 
     </span>
    </p>
   </div>
   <div class='ocr_carea' id='block_1_54' title="bbox 269 3902 1825 3978">
    <p class='ocr_par' dir='ltr' id='par_1_54' title="bbox 269 3902 1825 3978">
     <span class='ocr_line' id='line_1_54' title="bbox 269 3902 1825 3978; baseline 0.001 -21"><span class='ocrx_word' id='word_1_386' title='bbox 269 3902 435 3958; x_wconf 84' lang='lat' dir='ltr'>Actio</span> <span class='ocrx_word' id='word_1_387' title='bbox 461 3904 641 3971; x_wconf 82' lang='lat' dir='ltr'>nepoti</span> <span class='ocrx_word' id='word_1_388' title='bbox 685 3917 818 3968; x_wconf 85' lang='lat' dir='ltr'>meo,</span> <span class='ocrx_word' id='word_1_389' title='bbox 879 3902 969 3958; x_wconf 90' lang='lat' dir='ltr'>Sic</span> <span class='ocrx_word' id='word_1_390' title='bbox 1018 3902 1053 3957; x_wconf 88' lang='lat' dir='ltr'>C</span> <span class='ocrx_word' id='word_1_391' title='bbox 1093 3903 1149 3956; x_wconf 93' lang='lat' dir='ltr'>in</span> <span class='ocrx_word' id='word_1_392' title='bbox 1215 3903 1465 3978; x_wconf 81' lang='lat' dir='ltr'>margine</span> <span class='ocrx_word' id='word_1_393' title='bbox 1511 3910 1565 3959; x_wconf 90' lang='lat' dir='ltr'>et</span> <span class='ocrx_word' id='word_1_394' title='bbox 1595 3903 1738 3959; x_wconf 88' lang='lat' dir='ltr'>infra</span> <span class='ocrx_word' id='word_1_395' title='bbox 1770 3904 1825 3959; x_wconf 91' lang='lat' dir='ltr'>in</span> 
     </span>
    </p>
   </div>
   <div class='ocr_carea' id='block_1_55' title="bbox 198 3997 1827 4072">
    <p class='ocr_par' dir='ltr' id='par_1_55' title="bbox 198 3997 1827 4072">
     <span class='ocr_line' id='line_1_55' title="bbox 198 3997 1827 4072; baseline 0.002 -20"><span class='ocrx_word' id='word_1_396' title='bbox 198 4004 354 4053; x_wconf 80' lang='lat' dir='ltr'>textu</span> <span class='ocrx_word' id='word_1_397' title='bbox 383 4014 509 4054; x_wconf 92' lang='lat' dir='ltr'>cum</span> <span class='ocrx_word' id='word_1_398' title='bbox 538 3997 817 4053; x_wconf 91' lang='lat' dir='ltr'>Brissonio</span> <span class='ocrx_word' id='word_1_399' title='bbox 846 4004 901 4052; x_wconf 89' lang='lat' dir='ltr'>et</span> <span class='ocrx_word' id='word_1_400' title='bbox 944 3997 993 4053; x_wconf 86' lang='lat' dir='ltr'>J.</span> <span class='ocrx_word' id='word_1_401' title='bbox 1026 3998 1112 4052; x_wconf 90' lang='lat' dir='ltr'>MS</span> <span class='ocrx_word' id='word_1_402' title='bbox 1142 3998 1250 4066; x_wconf 88' lang='lat' dir='ltr'>hic,</span> <span class='ocrx_word' id='word_1_403' title='bbox 1306 4000 1487 4067; x_wconf 82' lang='lat' dir='ltr'>Actio,</span> <span class='ocrx_word' id='word_1_404' title='bbox 1521 4001 1617 4055; x_wconf 89' lang='lat' dir='ltr'>sed</span> <span class='ocrx_word' id='word_1_405' title='bbox 1658 4001 1827 4072; x_wconf 88' lang='lat' dir='ltr'>paulo</span> 
     </span>
    </p>
   </div>
   <div class='ocr_carea' id='block_1_56' title="bbox 198 4093 1826 4174">
    <p class='ocr_par' dir='ltr' id='par_1_56' title="bbox 198 4093 1826 4174">
     <span class='ocr_line' id='line_1_56' title="bbox 198 4093 1826 4174; baseline 0.002 -24"><span class='ocrx_word' id='word_1_406' title='bbox 198 4094 370 4162; x_wconf 89' lang='lat' dir='ltr'>infra,</span> <span class='ocrx_word' id='word_1_407' title='bbox 419 4100 478 4174; x_wconf 80' lang='lat' dir='ltr'>et</span> <span class='ocrx_word' id='word_1_408' title='bbox 533 4108 581 4147; x_wconf 94' lang='lat' dir='ltr'>c.</span> <span class='ocrx_word' id='word_1_409' title='bbox 630 4093 701 4151; x_wconf 74' lang='lat'><strong>23</strong></span> <span class='ocrx_word' id='word_1_410' title='bbox 733 4135 748 4161; x_wconf 92' lang='lat'>,</span> <span class='ocrx_word' id='word_1_411' title='bbox 805 4093 852 4147; x_wconf 88' lang='grc' dir='ltr'><strong>Μ</strong></span> <span class='ocrx_word' id='word_1_412' title='bbox 901 4108 1161 4165; x_wconf 88' lang='lat' dir='ltr'>quoque,</span> <span class='ocrx_word' id='word_1_413' title='bbox 1208 4096 1372 4156; x_wconf 85' lang='lat' dir='ltr'>Etio,</span> <span class='ocrx_word' id='word_1_414' title='bbox 1426 4101 1483 4149; x_wconf 89' lang='lat' dir='ltr'>et</span> <span class='ocrx_word' id='word_1_415' title='bbox 1531 4094 1595 4150; x_wconf 78' lang='lat' dir='ltr'>SJ</span> <span class='ocrx_word' id='word_1_416' title='bbox 1645 4096 1826 4153; x_wconf 86' lang='lat' dir='ltr'>Aetio.</span> 
     </span>
    </p>
   </div>
   <div class='ocr_carea' id='block_1_57' title="bbox 194 4183 1828 4259">
    <p class='ocr_par' dir='ltr' id='par_1_57' title="bbox 194 4183 1828 4259">
     <span class='ocr_line' id='line_1_57' title="bbox 194 4183 1828 4259; baseline 0 -17"><span class='ocrx_word' id='word_1_417' title='bbox 194 4187 416 4242; x_wconf 88' lang='lat' dir='ltr'>Nomen</span> <span class='ocrx_word' id='word_1_418' title='bbox 492 4184 679 4240; x_wconf 87' lang='lat' dir='ltr'>Aetius</span> <span class='ocrx_word' id='word_1_419' title='bbox 733 4183 936 4259; x_wconf 89' lang='lat' dir='ltr'>legitur</span> <span class='ocrx_word' id='word_1_420' title='bbox 991 4183 1227 4255; x_wconf 87' lang='lat' dir='ltr'>epistola</span> <span class='ocrx_word' id='word_1_421' title='bbox 1280 4185 1352 4240; x_wconf 78' lang='grc'>56</span> <span class='ocrx_word' id='word_1_422' title='bbox 1404 4184 1605 4241; x_wconf 88' lang='lat' dir='ltr'>Leonis</span> <span class='ocrx_word' id='word_1_423' title='bbox 1671 4202 1828 4257; x_wconf 80' lang='lat' dir='ltr'>papae</span> 
     </span>
    </p>
   </div>
   <div class='ocr_carea' id='block_1_58' title="bbox 195 4277 388 4351">
    <p class='ocr_par' dir='ltr' id='par_1_58' title="bbox 195 4277 388 4351">
     <span class='ocr_line' id='line_1_58' title="bbox 195 4277 388 4351; baseline -0.005 -18"><span class='ocrx_word' id='word_1_424' title='bbox 195 4277 388 4351; x_wconf 91' lang='lat' dir='ltr'>primi.</span> 
     </span>
    </p>
   </div>
   <div class='ocr_carea' id='block_1_59' title="bbox 274 4370 1697 4442">
    <p class='ocr_par' dir='ltr' id='par_1_59' title="bbox 274 4370 1697 4442">
     <span class='ocr_line' id='line_1_59' title="bbox 274 4370 1697 4442; baseline -0.001 -14"><span class='ocrx_word' id='word_1_425' title='bbox 274 4376 363 4429; x_wconf 86' lang='lat' dir='ltr'>Ita</span> <span class='ocrx_word' id='word_1_426' title='bbox 388 4377 450 4427; x_wconf 89' lang='lat' dir='ltr'>ut</span> <span class='ocrx_word' id='word_1_427' title='bbox 478 4388 513 4426; x_wconf 90' lang='lat' dir='ltr'>a</span> <span class='ocrx_word' id='word_1_428' title='bbox 537 4372 794 4442; x_wconf 79' lang='lat' dir='ltr'>partibus</span> <span class='ocrx_word' id='word_1_429' title='bbox 832 4373 968 4427; x_wconf 78' lang='lat' dir='ltr'>suis.</span> <span class='ocrx_word' id='word_1_430' title='bbox 1004 4370 1094 4427; x_wconf 91' lang='lat' dir='ltr'>Sic</span> <span class='ocrx_word' id='word_1_431' title='bbox 1118 4371 1166 4427; x_wconf 85' lang='lat' dir='ltr'>J.</span> <span class='ocrx_word' id='word_1_432' title='bbox 1194 4371 1396 4427; x_wconf 62' lang='lat' dir='ltr'>Caetera</span> <span class='ocrx_word' id='word_1_433' title='bbox 1424 4373 1697 4442; x_wconf 85' lang='lat' dir='ltr'>patribus.</span> 
     </span>
    </p>
   </div>
   <div class='ocr_carea' id='block_1_60' title="bbox 276 4461 1829 4529">
    <p class='ocr_par' dir='ltr' id='par_1_60' title="bbox 276 4461 1829 4529">
     <span class='ocr_line' id='line_1_60' title="bbox 276 4461 1829 4529; baseline -0.001 -13"><span class='ocrx_word' id='word_1_434' title='bbox 276 4463 418 4529; x_wconf 88' lang='lat' dir='ltr'>Quos</span> <span class='ocrx_word' id='word_1_435' title='bbox 446 4461 661 4515; x_wconf 86' lang='lat' dir='ltr'>libertos</span> <span class='ocrx_word' id='word_1_436' title='bbox 689 4475 797 4514; x_wconf 85' lang='lat' dir='ltr'>esse</span> <span class='ocrx_word' id='word_1_437' title='bbox 853 4461 1133 4528; x_wconf 73' lang='lat' dir='ltr'>praecipio,</span> <span class='ocrx_word' id='word_1_438' title='bbox 1167 4461 1511 4515; x_wconf 84' lang='lat' dir='ltr'>Catusionem</span> <span class='ocrx_word' id='word_1_439' title='bbox 1550 4465 1600 4515; x_wconf 89' lang='lat' dir='ltr'>et</span> <span class='ocrx_word' id='word_1_440' title='bbox 1629 4461 1829 4516; x_wconf 82' lang='lat' dir='ltr'>Aulia-</span> 
     </span>
    </p>
   </div>
   <div class='ocr_carea' id='block_1_61' title="bbox 199 4548 1829 4622">
    <p class='ocr_par' dir='ltr' id='par_1_61' title="bbox 199 4548 1829 4622">
     <span class='ocr_line' id='line_1_61' title="bbox 199 4548 1829 4622; baseline -0.002 -15"><span class='ocrx_word' id='word_1_441' title='bbox 199 4558 403 4608; x_wconf 83' lang='lat' dir='ltr'>tenam.</span> <span class='ocrx_word' id='word_1_442' title='bbox 442 4550 522 4604; x_wconf 88' lang='lat' dir='ltr'>Ita</span> <span class='ocrx_word' id='word_1_443' title='bbox 569 4549 656 4603; x_wconf 89' lang='lat' dir='ltr'>MS</span> <span class='ocrx_word' id='word_1_444' title='bbox 714 4548 797 4604; x_wconf 73' lang='lat' dir='ltr'>Cl.</span> <span class='ocrx_word' id='word_1_445' title='bbox 857 4550 921 4601; x_wconf 87' lang='lat' dir='ltr'>At</span> <span class='ocrx_word' id='word_1_446' title='bbox 978 4548 1290 4603; x_wconf 91' lang='lat' dir='ltr'>Brissonius</span> <span class='ocrx_word' id='word_1_447' title='bbox 1361 4548 1497 4622; x_wconf 85' lang='lat' dir='ltr'>legit</span> <span class='ocrx_word' id='word_1_448' title='bbox 1547 4552 1829 4619; x_wconf 76' lang='lat' dir='ltr'>percupio,</span> 
     </span>
    </p>
   </div>
   <div class='ocr_carea' id='block_1_62' title="bbox 201 4636 1833 4709">
    <p class='ocr_par' dir='ltr' id='par_1_62' title="bbox 201 4636 1833 4709">
     <span class='ocr_line' id='line_1_62' title="bbox 201 4636 1833 4709; baseline -0.003 -12"><span class='ocrx_word' id='word_1_449' title='bbox 201 4641 575 4699; x_wconf 84' lang='lat' dir='ltr'>Cuttusionem</span> <span class='ocrx_word' id='word_1_450' title='bbox 629 4641 680 4691; x_wconf 87' lang='lat' dir='ltr'>et</span> <span class='ocrx_word' id='word_1_451' title='bbox 741 4637 1085 4692; x_wconf 81' lang='lat' dir='ltr'>Aulietenam</span> <span class='ocrx_word' id='word_1_452' title='bbox 1139 4636 1418 4709; x_wconf 89' lang='lat' dir='ltr'>quomodo</span> <span class='ocrx_word' id='word_1_453' title='bbox 1450 4643 1504 4692; x_wconf 88' lang='lat' dir='ltr'>et</span> <span class='ocrx_word' id='word_1_454' title='bbox 1548 4636 1583 4691; x_wconf 86' lang='lat' dir='ltr'>C</span> <span class='ocrx_word' id='word_1_455' title='bbox 1635 4637 1693 4691; x_wconf 92' lang='lat' dir='ltr'>in</span> <span class='ocrx_word' id='word_1_456' title='bbox 1725 4639 1833 4692; x_wconf 91' lang='lat' dir='ltr'>im-</span> 
     </span>
    </p>
   </div>
   <div class='ocr_carea' id='block_1_63' title="bbox 204 4746 429 4804">
    <p class='ocr_par' dir='ltr' id='par_1_63' title="bbox 204 4746 429 4804">
     <span class='ocr_line' id='line_1_63' title="bbox 204 4746 429 4804; baseline -0.009 -18"><span class='ocrx_word' id='word_1_457' title='bbox 204 4746 429 4804; x_wconf 89' lang='lat' dir='ltr'>presso.</span> 
     </span>
    </p>
   </div>
   <div class='ocr_carea' id='block_1_64' title="bbox 1844 3234 1893 3302">
    <p class='ocr_par' dir='ltr' id='par_1_64' title="bbox 1844 3234 1893 3302">
     <span class='ocr_line' id='line_1_64' title="bbox 1844 3234 1893 3302; baseline 0 0"><span class='ocrx_word' id='word_1_458' title='bbox 1844 3234 1893 3302; x_wconf 90' lang='lat' dir='ltr'>C</span> 
     </span>
    </p>
   </div>
   <div class='ocr_carea' id='block_1_65' title="bbox 1910 1987 3528 2063">
    <p class='ocr_par' dir='ltr' id='par_1_65' title="bbox 1910 1987 3528 2063">
     <span class='ocr_line' id='line_1_65' title="bbox 1910 1987 3528 2063; baseline 0.002 -19"><span class='ocrx_word' id='word_1_459' title='bbox 1910 1990 2291 2045; x_wconf 90' lang='lat' dir='ltr'>Berthicranni</span> <span class='ocrx_word' id='word_1_460' title='bbox 2347 1990 2492 2060; x_wconf 90' lang='lat' dir='ltr'>apud</span> <span class='ocrx_word' id='word_1_461' title='bbox 2525 1988 2864 2043; x_wconf 89' lang='lat' dir='ltr'>Brissonium</span> <span class='ocrx_word' id='word_1_462' title='bbox 2896 1987 2983 2043; x_wconf 93' lang='lat' dir='ltr'>his</span> <span class='ocrx_word' id='word_1_463' title='bbox 3012 1988 3229 2044; x_wconf 85' lang='lat' dir='ltr'>verbis:</span> <span class='ocrx_word' id='word_1_464' title='bbox 3260 2011 3280 2040; x_wconf 71' lang='grc' dir='ltr'>ι</span> <span class='ocrx_word' id='word_1_465' title='bbox 3317 1990 3371 2045; x_wconf 91' lang='lat' dir='ltr'>Si</span> <span class='ocrx_word' id='word_1_466' title='bbox 3408 2009 3528 2063; x_wconf 69' lang='lat' dir='ltr'>quae</span> 
     </span>
    </p>
   </div>
   <div class='ocr_carea' id='block_1_66' title="bbox 1913 2080 3529 2153">
    <p class='ocr_par' dir='ltr' id='par_1_66' title="bbox 1913 2080 3529 2153">
     <span class='ocr_line' id='line_1_66' title="bbox 1913 2080 3529 2153; baseline 0.002 -15"><span class='ocrx_word' id='word_1_467' title='bbox 1913 2084 2114 2148; x_wconf 77' lang='lat' dir='ltr'>liturae,</span> <span class='ocrx_word' id='word_1_468' title='bbox 2162 2083 2207 2137; x_wconf 85' lang='lat' dir='ltr'>si</span> <span class='ocrx_word' id='word_1_469' title='bbox 2238 2098 2360 2153; x_wconf 70' lang='lat' dir='ltr'>quae</span> <span class='ocrx_word' id='word_1_470' title='bbox 2419 2088 2774 2146; x_wconf 70' lang='lat' dir='ltr'>caraxaturze,</span> <span class='ocrx_word' id='word_1_471' title='bbox 2820 2080 2866 2135; x_wconf 93' lang='lat' dir='ltr'>si</span> <span class='ocrx_word' id='word_1_472' title='bbox 2925 2096 3047 2152; x_wconf 74' lang='lat' dir='ltr'>quae</span> <span class='ocrx_word' id='word_1_473' title='bbox 3075 2082 3272 2137; x_wconf 72' lang='lat' dir='ltr'>litterae</span> <span class='ocrx_word' id='word_1_474' title='bbox 3303 2084 3529 2152; x_wconf 73' lang='lat' dir='ltr'>adjectae</span> 
     </span>
    </p>
   </div>
   <div class='ocr_carea' id='block_1_67' title="bbox 1913 2171 3527 2246">
    <p class='ocr_par' dir='ltr' id='par_1_67' title="bbox 1913 2171 3527 2246">
     <span class='ocr_line' id='line_1_67' title="bbox 1913 2171 3527 2246; baseline 0.002 -17"><span class='ocrx_word' id='word_1_475' title='bbox 1913 2183 2063 2240; x_wconf 92' lang='lat' dir='ltr'>sunt,</span> <span class='ocrx_word' id='word_1_476' title='bbox 2094 2175 2181 2229; x_wconf 90' lang='lat' dir='ltr'>vel</span> <span class='ocrx_word' id='word_1_477' title='bbox 2213 2175 2492 2240; x_wconf 69' lang='lat' dir='ltr'>detractae,</span> <span class='ocrx_word' id='word_1_478' title='bbox 2513 2189 2614 2246; x_wconf 88' lang='lat' dir='ltr'>ego</span> <span class='ocrx_word' id='word_1_479' title='bbox 2628 2171 2733 2227; x_wconf 92' lang='lat' dir='ltr'>feci</span> <span class='ocrx_word' id='word_1_480' title='bbox 2762 2172 2992 2245; x_wconf 88' lang='lat' dir='ltr'>ﬁerique</span> <span class='ocrx_word' id='word_1_481' title='bbox 3000 2174 3165 2243; x_wconf 88' lang='lat' dir='ltr'>jussi,</span> <span class='ocrx_word' id='word_1_482' title='bbox 3194 2175 3325 2229; x_wconf 90' lang='lat' dir='ltr'>dum</span> <span class='ocrx_word' id='word_1_483' title='bbox 3348 2192 3527 2232; x_wconf 91' lang='lat' dir='ltr'>meam</span> 
     </span>
    </p>
   </div>
   <div class='ocr_carea' id='block_1_68' title="bbox 1914 2266 3532 2341">
    <p class='ocr_par' dir='ltr' id='par_1_68' title="bbox 1914 2266 3532 2341">
     <span class='ocr_line' id='line_1_68' title="bbox 1914 2266 3532 2341; baseline 0.002 -20"><span class='ocrx_word' id='word_1_484' title='bbox 1914 2268 2050 2322; x_wconf 86' lang='lat' dir='ltr'>mihi</span> <span class='ocrx_word' id='word_1_485' title='bbox 2072 2267 2275 2338; x_wconf 69' lang='lat' dir='ltr'>saepius</span> <span class='ocrx_word' id='word_1_486' title='bbox 2307 2266 2548 2341; x_wconf 83' lang='lat' dir='ltr'>praelego</span> <span class='ocrx_word' id='word_1_487' title='bbox 2579 2266 2935 2333; x_wconf 86' lang='lat' dir='ltr'>voluntatem,</span> <span class='ocrx_word' id='word_1_488' title='bbox 2970 2274 3026 2321; x_wconf 89' lang='lat' dir='ltr'>et</span> <span class='ocrx_word' id='word_1_489' title='bbox 3071 2266 3255 2322; x_wconf 89' lang='lat' dir='ltr'>omnia</span> <span class='ocrx_word' id='word_1_490' title='bbox 3286 2285 3387 2340; x_wconf 91' lang='lat' dir='ltr'>per</span> <span class='ocrx_word' id='word_1_491' title='bbox 3413 2270 3532 2325; x_wconf 91' lang='lat' dir='ltr'>sin-</span> 
     </span>
    </p>
   </div>
   <div class='ocr_carea' id='block_1_69' title="bbox 1916 2354 3533 2430">
    <p class='ocr_par' dir='ltr' id='par_1_69' title="bbox 1916 2354 3533 2430">
     <span class='ocr_line' id='line_1_69' title="bbox 1916 2354 3533 2430; baseline 0.002 -20"><span class='ocrx_word' id='word_1_492' title='bbox 1916 2356 2043 2427; x_wconf 84' lang='lat' dir='ltr'>gula</span> <span class='ocrx_word' id='word_1_493' title='bbox 2074 2370 2430 2430; x_wconf 85' lang='lat' dir='ltr'>recognosco,</span> <span class='ocrx_word' id='word_1_494' title='bbox 2464 2354 2550 2409; x_wconf 85' lang='lat' dir='ltr'>vel</span> <span class='ocrx_word' id='word_1_495' title='bbox 2581 2355 2840 2421; x_wconf 90' lang='lat' dir='ltr'>emendo,</span> <span class='ocrx_word' id='word_1_496' title='bbox 2873 2363 2934 2410; x_wconf 94' lang='lat' dir='ltr'>ut</span> <span class='ocrx_word' id='word_1_497' title='bbox 2953 2355 3043 2410; x_wconf 88' lang='lat' dir='ltr'>lex</span> <span class='ocrx_word' id='word_1_498' title='bbox 3069 2356 3284 2424; x_wconf 89' lang='lat' dir='ltr'>edocet,</span> <span class='ocrx_word' id='word_1_499' title='bbox 3318 2365 3533 2429; x_wconf 89' lang='lat' dir='ltr'>septem</span> 
     </span>
    </p>
   </div>
   <div class='ocr_carea' id='block_1_70' title="bbox 1915 2447 3535 2522">
    <p class='ocr_par' dir='ltr' id='par_1_70' title="bbox 1915 2447 3535 2522">
     <span class='ocr_line' id='line_1_70' title="bbox 1915 2447 3535 2522; baseline 0.001 -19"><span class='ocrx_word' id='word_1_500' title='bbox 1915 2448 2157 2503; x_wconf 89' lang='lat' dir='ltr'>virorum</span> <span class='ocrx_word' id='word_1_501' title='bbox 2192 2449 2546 2502; x_wconf 91' lang='lat' dir='ltr'>honestorum</span> <span class='ocrx_word' id='word_1_502' title='bbox 2578 2447 3079 2519; x_wconf 87' lang='lat' dir='ltr'>subscriptionibus</span> <span class='ocrx_word' id='word_1_503' title='bbox 3111 2457 3166 2503; x_wconf 91' lang='lat' dir='ltr'>et</span> <span class='ocrx_word' id='word_1_504' title='bbox 3193 2449 3389 2522; x_wconf 87' lang='lat' dir='ltr'>sigillis</span> <span class='ocrx_word' id='word_1_505' title='bbox 3411 2464 3535 2505; x_wconf 89' lang='lat' dir='ltr'>cre-</span> 
     </span>
    </p>
   </div>
   <div class='ocr_carea' id='block_1_71' title="bbox 1918 2536 3534 2611">
    <p class='ocr_par' dir='ltr' id='par_1_71' title="bbox 1918 2536 3534 2611">
     <span class='ocr_line' id='line_1_71' title="bbox 1918 2536 3534 2611; baseline 0 -17"><span class='ocrx_word' id='word_1_506' title='bbox 1918 2541 2033 2594; x_wconf 91' lang='lat' dir='ltr'>didi</span> <span class='ocrx_word' id='word_1_507' title='bbox 2063 2537 2447 2604; x_wconf 89' lang='lat' dir='ltr'>muniendum,</span> <span class='ocrx_word' id='word_1_508' title='bbox 2510 2544 2563 2592; x_wconf 91' lang='lat' dir='ltr'>et</span> <span class='ocrx_word' id='word_1_509' title='bbox 2615 2554 2714 2608; x_wconf 92' lang='lat' dir='ltr'>pro</span> <span class='ocrx_word' id='word_1_510' title='bbox 2763 2538 2930 2593; x_wconf 88' lang='lat' dir='ltr'>totius</span> <span class='ocrx_word' id='word_1_511' title='bbox 2962 2538 3040 2593; x_wconf 91' lang='lat' dir='ltr'>rei</span> <span class='ocrx_word' id='word_1_512' title='bbox 3081 2536 3337 2593; x_wconf 85' lang='lat' dir='ltr'>firmitate</span> <span class='ocrx_word' id='word_1_513' title='bbox 3368 2547 3534 2611; x_wconf 89' lang='lat' dir='ltr'>atque</span> 
     </span>
    </p>
   </div>
   <div class='ocr_carea' id='block_1_72' title="bbox 1915 2630 3532 2703">
    <p class='ocr_par' dir='ltr' id='par_1_72' title="bbox 1915 2630 3532 2703">
     <span class='ocr_line' id='line_1_72' title="bbox 1915 2630 3532 2703; baseline -0.001 -15"><span class='ocrx_word' id='word_1_514' title='bbox 1915 2632 2272 2703; x_wconf 88' lang='lat' dir='ltr'>stipulatione</span> <span class='ocrx_word' id='word_1_515' title='bbox 2304 2630 2521 2685; x_wconf 88' lang='lat' dir='ltr'>adnecti</span> <span class='ocrx_word' id='word_1_516' title='bbox 2554 2630 2814 2701; x_wconf 74' lang='lat' dir='ltr'>praecepi.</span> <span class='ocrx_word' id='word_1_517' title='bbox 2854 2630 3044 2684; x_wconf 86' lang='lat' dir='ltr'>Actum</span> <span class='ocrx_word' id='word_1_518' title='bbox 3079 2630 3446 2686; x_wconf 88' lang='lat' dir='ltr'>Cenomannis</span> <span class='ocrx_word' id='word_1_519' title='bbox 3476 2632 3532 2687; x_wconf 92' lang='lat' dir='ltr'>in</span> 
     </span>
    </p>
   </div>
   <div class='ocr_carea' id='block_1_73' title="bbox 1915 2723 3535 2793">
    <p class='ocr_par' dir='ltr' id='par_1_73' title="bbox 1915 2723 3535 2793">
     <span class='ocr_line' id='line_1_73' title="bbox 1915 2723 3535 2793; baseline -0.001 -14"><span class='ocrx_word' id='word_1_520' title='bbox 1915 2724 2156 2790; x_wconf 88' lang='lat' dir='ltr'>civitate,</span> <span class='ocrx_word' id='word_1_521' title='bbox 2182 2723 2271 2777; x_wconf 90' lang='lat' dir='ltr'>die</span> <span class='ocrx_word' id='word_1_522' title='bbox 2300 2728 2355 2776; x_wconf 89' lang='lat' dir='ltr'>et</span> <span class='ocrx_word' id='word_1_523' title='bbox 2413 2736 2559 2777; x_wconf 88' lang='lat' dir='ltr'>anno</span> <span class='ocrx_word' id='word_1_524' title='bbox 2613 2723 2869 2791; x_wconf 90' lang='lat' dir='ltr'>superius</span> <span class='ocrx_word' id='word_1_525' title='bbox 2916 2724 3335 2793; x_wconf 87' lang='lat' dir='ltr'>comprehenso.</span> <span class='ocrx_word' id='word_1_526' title='bbox 3376 2747 3401 2771; x_wconf 76' lang='grc' dir='ltr'><strong><em>α</em></strong></span> <span class='ocrx_word' id='word_1_527' title='bbox 3429 2723 3535 2778; x_wconf 91' lang='lat' dir='ltr'>Ubi</span> 
     </span>
    </p>
   </div>
   <div class='ocr_carea' id='block_1_74' title="bbox 1916 2812 3535 2888">
    <p class='ocr_par' dir='ltr' id='par_1_74' title="bbox 1916 2812 3535 2888">
     <span class='ocr_line' id='line_1_74' title="bbox 1916 2812 3535 2888; baseline 0.001 -20"><span class='ocrx_word' id='word_1_528' title='bbox 1916 2820 2255 2877; x_wconf 76' lang='lat' dir='ltr'>caraxatura,</span> <span class='ocrx_word' id='word_1_529' title='bbox 2287 2827 2388 2865; x_wconf 88' lang='lat' dir='ltr'>seu</span> <span class='ocrx_word' id='word_1_530' title='bbox 2429 2812 2613 2881; x_wconf 89' lang='lat' dir='ltr'>potius</span> <span class='ocrx_word' id='word_1_531' title='bbox 2661 2812 3017 2867; x_wconf 87' lang='lat' dir='ltr'>charaxatura</span> <span class='ocrx_word' id='word_1_532' title='bbox 3043 2812 3321 2888; x_wconf 89' lang='lat' dir='ltr'>signiﬁcat</span> <span class='ocrx_word' id='word_1_533' title='bbox 3349 2814 3535 2870; x_wconf 88' lang='lat' dir='ltr'>obdu-</span> 
     </span>
    </p>
   </div>
   <div class='ocr_carea' id='block_1_75' title="bbox 1915 2903 3538 2961">
    <p class='ocr_par' dir='ltr' id='par_1_75' title="bbox 1915 2903 3538 2961">
     <span class='ocr_line' id='line_1_75' title="bbox 1915 2903 3538 2961; baseline 0 -1"><span class='ocrx_word' id='word_1_534' title='bbox 1915 2906 2157 2960; x_wconf 88' lang='lat' dir='ltr'>ctionem</span> <span class='ocrx_word' id='word_1_535' title='bbox 2184 2904 2302 2958; x_wconf 88' lang='lat' dir='ltr'>sive</span> <span class='ocrx_word' id='word_1_536' title='bbox 2362 2903 2723 2958; x_wconf 76' lang='lat' dir='ltr'>delationem.</span> <span class='ocrx_word' id='word_1_537' title='bbox 2781 2903 2961 2959; x_wconf 80' lang='lat' dir='ltr'>Verbo</span> <span class='ocrx_word' id='word_1_538' title='bbox 3014 2919 3271 2960; x_wconf 89' lang='lat' dir='ltr'>caraxare</span> <span class='ocrx_word' id='word_1_539' title='bbox 3300 2912 3356 2960; x_wconf 90' lang='lat' dir='ltr'>et</span> <span class='ocrx_word' id='word_1_540' title='bbox 3383 2921 3538 2961; x_wconf 89' lang='lat' dir='ltr'>cara-</span> 
     </span>
    </p>
   </div>
   <div class='ocr_carea' id='block_1_76' title="bbox 1916 2992 3538 3069">
    <p class='ocr_par' dir='ltr' id='par_1_76' title="bbox 1916 2992 3538 3069">
     <span class='ocr_line' id='line_1_76' title="bbox 1916 2992 3538 3069; baseline 0.001 -20"><span class='ocrx_word' id='word_1_541' title='bbox 1916 2996 2031 3049; x_wconf 88' lang='lat' dir='ltr'>xari</span> <span class='ocrx_word' id='word_1_542' title='bbox 2060 3008 2156 3065; x_wconf 93' lang='lat' dir='ltr'>pro</span> <span class='ocrx_word' id='word_1_543' title='bbox 2190 2992 2505 3063; x_wconf 89' lang='lat' dir='ltr'>insculpere</span> <span class='ocrx_word' id='word_1_544' title='bbox 2547 3001 2601 3047; x_wconf 88' lang='lat' dir='ltr'>et</span> <span class='ocrx_word' id='word_1_545' title='bbox 2630 2992 2863 3062; x_wconf 91' lang='lat' dir='ltr'>insculpi</span> <span class='ocrx_word' id='word_1_546' title='bbox 2905 2992 3077 3048; x_wconf 90' lang='lat' dir='ltr'>utitur</span> <span class='ocrx_word' id='word_1_547' title='bbox 3104 2993 3395 3069; x_wconf 87' lang='lat' dir='ltr'>Gregorius</span> <span class='ocrx_word' id='word_1_548' title='bbox 3422 2994 3538 3050; x_wconf 87' lang='lat' dir='ltr'>Tu-</span> 
     </span>
    </p>
   </div>
   <div class='ocr_carea' id='block_1_77' title="bbox 1919 3080 3541 3153">
    <p class='ocr_par' dir='ltr' id='par_1_77' title="bbox 1919 3080 3541 3153">
     <span class='ocr_line' id='line_1_77' title="bbox 1919 3080 3541 3153; baseline 0.004 -20"><span class='ocrx_word' id='word_1_549' title='bbox 1919 3081 2173 3135; x_wconf 88' lang='lat' dir='ltr'>ronensis</span> <span class='ocrx_word' id='word_1_550' title='bbox 2226 3081 2366 3135; x_wconf 89' lang='lat' dir='ltr'>libro</span> <span class='ocrx_word' id='word_1_551' title='bbox 2408 3081 2668 3151; x_wconf 90' lang='lat' dir='ltr'>septimo,</span> <span class='ocrx_word' id='word_1_552' title='bbox 2715 3080 2896 3150; x_wconf 89' lang='lat' dir='ltr'>capite</span> <span class='ocrx_word' id='word_1_553' title='bbox 2945 3081 3443 3153; x_wconf 69' lang='lat' dir='ltr'>tricesimosexto,</span> <span class='ocrx_word' id='word_1_554' title='bbox 3484 3090 3541 3139; x_wconf 90' lang='lat' dir='ltr'>et</span> 
     </span>
    </p>
   </div>
   <div class='ocr_carea' id='block_1_78' title="bbox 1918 3168 3540 3239">
    <p class='ocr_par' dir='ltr' id='par_1_78' title="bbox 1918 3168 3540 3239">
     <span class='ocr_line' id='line_1_78' title="bbox 1918 3168 3540 3239; baseline 0.002 -16"><span class='ocrx_word' id='word_1_555' title='bbox 1918 3170 2060 3224; x_wconf 90' lang='lat' dir='ltr'>libro</span> <span class='ocrx_word' id='word_1_556' title='bbox 2093 3176 2305 3236; x_wconf 91' lang='lat' dir='ltr'>octavo,</span> <span class='ocrx_word' id='word_1_557' title='bbox 2338 3169 2517 3239; x_wconf 88' lang='lat' dir='ltr'>capite</span> <span class='ocrx_word' id='word_1_558' title='bbox 2553 3168 2820 3225; x_wconf 90' lang='lat' dir='ltr'>vicesimo</span> <span class='ocrx_word' id='word_1_559' title='bbox 2848 3184 3017 3225; x_wconf 91' lang='lat' dir='ltr'>nono.</span> <span class='ocrx_word' id='word_1_560' title='bbox 3050 3170 3252 3224; x_wconf 83' lang='lat' dir='ltr'>Auctor</span> <span class='ocrx_word' id='word_1_561' title='bbox 3277 3171 3540 3226; x_wconf 91' lang='lat' dir='ltr'>nosterin</span> 
     </span>
    </p>
   </div>
   <div class='ocr_carea' id='block_1_79' title="bbox 1920 3260 3542 3334">
    <p class='ocr_par' dir='ltr' id='par_1_79' title="bbox 1920 3260 3542 3334">
     <span class='ocr_line' id='line_1_79' title="bbox 1920 3260 3542 3334; baseline 0.002 -20"><span class='ocrx_word' id='word_1_562' title='bbox 1920 3260 2146 3334; x_wconf 89' lang='lat' dir='ltr'>prologo</span> <span class='ocrx_word' id='word_1_563' title='bbox 2171 3262 2601 3314; x_wconf 70' lang='lat' dir='ltr'>charaxatorum</span> <span class='ocrx_word' id='word_1_564' title='bbox 2630 3261 2956 3328; x_wconf 79' lang='lat' dir='ltr'>indigentia,</span> <span class='ocrx_word' id='word_1_565' title='bbox 2991 3260 3045 3314; x_wconf 92' lang='lat' dir='ltr'>id</span> <span class='ocrx_word' id='word_1_566' title='bbox 3078 3269 3159 3315; x_wconf 91' lang='lat' dir='ltr'>est</span> <span class='ocrx_word' id='word_1_567' title='bbox 3188 3261 3542 3332; x_wconf 87' lang='lat' dir='ltr'>scriptorum,</span> 
     </span>
    </p>
   </div>
   <div class='ocr_carea' id='block_1_80' title="bbox 1918 3351 3543 3423">
    <p class='ocr_par' dir='ltr' id='par_1_80' title="bbox 1918 3351 3543 3423">
     <span class='ocr_line' id='line_1_80' title="bbox 1918 3351 3543 3423; baseline 0.002 -17"><span class='ocrx_word' id='word_1_568' title='bbox 1918 3369 2017 3407; x_wconf 89' lang='lat' dir='ltr'>seu</span> <span class='ocrx_word' id='word_1_569' title='bbox 2049 3352 2433 3420; x_wconf 91' lang='lat' dir='ltr'>scribentium,</span> <span class='ocrx_word' id='word_1_570' title='bbox 2489 3351 2633 3407; x_wconf 91' lang='lat' dir='ltr'>libro</span> <span class='ocrx_word' id='word_1_571' title='bbox 2664 3352 2865 3423; x_wconf 92' lang='lat' dir='ltr'>primo,</span> <span class='ocrx_word' id='word_1_572' title='bbox 2908 3353 3089 3423; x_wconf 87' lang='lat' dir='ltr'>capite</span> <span class='ocrx_word' id='word_1_573' title='bbox 3128 3369 3277 3409; x_wconf 90' lang='lat' dir='ltr'>nono</span> <span class='ocrx_word' id='word_1_574' title='bbox 3299 3370 3543 3410; x_wconf 66' lang='lat' dir='ltr'>caraxa-</span> 
     </span>
    </p>
   </div>
   <div class='ocr_carea' id='block_1_81' title="bbox 1921 3444 3544 3518">
    <p class='ocr_par' dir='ltr' id='par_1_81' title="bbox 1921 3444 3544 3518">
     <span class='ocr_line' id='line_1_81' title="bbox 1921 3444 3544 3518; baseline 0.002 -19"><span class='ocrx_word' id='word_1_575' title='bbox 1921 3449 2052 3511; x_wconf 88' lang='lat' dir='ltr'>tum,</span> <span class='ocrx_word' id='word_1_576' title='bbox 2089 3444 2143 3498; x_wconf 93' lang='lat' dir='ltr'>id</span> <span class='ocrx_word' id='word_1_577' title='bbox 2170 3451 2253 3498; x_wconf 92' lang='lat' dir='ltr'>est</span> <span class='ocrx_word' id='word_1_578' title='bbox 2291 3444 2579 3514; x_wconf 89' lang='lat' dir='ltr'>scriptum.</span> <span class='ocrx_word' id='word_1_579' title='bbox 2639 3445 2785 3499; x_wconf 85' lang='lat' dir='ltr'>Intra</span> <span class='ocrx_word' id='word_1_580' title='bbox 2816 3444 2957 3500; x_wconf 85' lang='lat' dir='ltr'>llbro</span> <span class='ocrx_word' id='word_1_581' title='bbox 2992 3447 3174 3514; x_wconf 91' lang='lat' dir='ltr'>tertio,</span> <span class='ocrx_word' id='word_1_582' title='bbox 3229 3446 3413 3518; x_wconf 89' lang='lat' dir='ltr'>capite</span> <span class='ocrx_word' id='word_1_583' title='bbox 3443 3447 3544 3503; x_wconf 90' lang='lat' dir='ltr'>de-</span> 
     </span>
    </p>
   </div>
   <div class='ocr_carea' id='block_1_82' title="bbox 1919 3533 3543 3608">
    <p class='ocr_par' dir='ltr' id='par_1_82' title="bbox 1919 3533 3543 3608">
     <span class='ocr_line' id='line_1_82' title="bbox 1919 3533 3543 3608; baseline 0.002 -18"><span class='ocrx_word' id='word_1_584' title='bbox 1919 3536 2061 3590; x_wconf 91' lang='lat' dir='ltr'>cimo</span> <span class='ocrx_word' id='word_1_585' title='bbox 2116 3543 2291 3601; x_wconf 89' lang='lat' dir='ltr'>sexto,</span> <span class='ocrx_word' id='word_1_586' title='bbox 2351 3535 2497 3589; x_wconf 91' lang='lat' dir='ltr'>idem</span> <span class='ocrx_word' id='word_1_587' title='bbox 2543 3533 2858 3608; x_wconf 87' lang='lat' dir='ltr'>signiﬁcare</span> <span class='ocrx_word' id='word_1_588' title='bbox 2908 3535 3131 3591; x_wconf 90' lang='lat' dir='ltr'>videtur</span> <span class='ocrx_word' id='word_1_589' title='bbox 3172 3538 3320 3608; x_wconf 91' lang='lat' dir='ltr'>quod</span> <span class='ocrx_word' id='word_1_590' title='bbox 3352 3545 3543 3594; x_wconf 89' lang='lat' dir='ltr'>notare</span> 
     </span>
    </p>
   </div>
   <div class='ocr_carea' id='block_1_83' title="bbox 1921 3623 3545 3696">
    <p class='ocr_par' dir='ltr' id='par_1_83' title="bbox 1921 3623 3545 3696">
     <span class='ocr_line' id='line_1_83' title="bbox 1921 3623 3545 3696; baseline 0.001 -17"><span class='ocrx_word' id='word_1_591' title='bbox 1921 3626 2009 3679; x_wconf 92' lang='lat' dir='ltr'>vel</span> <span class='ocrx_word' id='word_1_592' title='bbox 2042 3625 2394 3696; x_wconf 83' lang='lat' dir='ltr'>redarguere.</span> <span class='ocrx_word' id='word_1_593' title='bbox 2451 3623 2586 3678; x_wconf 89' lang='lat' dir='ltr'>Vide</span> <span class='ocrx_word' id='word_1_594' title='bbox 2615 3630 2863 3678; x_wconf 90' lang='lat' dir='ltr'>nostrum</span> <span class='ocrx_word' id='word_1_595' title='bbox 2917 3624 3160 3680; x_wconf 90' lang='lat' dir='ltr'>indicem</span> <span class='ocrx_word' id='word_1_596' title='bbox 3203 3641 3401 3682; x_wconf 84' lang='lat' dir='ltr'>vocum</span> <span class='ocrx_word' id='word_1_597' title='bbox 3438 3625 3545 3683; x_wconf 87' lang='lat' dir='ltr'>ob-</span> 
     </span>
    </p>
   </div>
   <div class='ocr_carea' id='block_1_84' title="bbox 1924 3713 3544 3787">
    <p class='ocr_par' dir='ltr' id='par_1_84' title="bbox 1924 3713 3544 3787">
     <span class='ocr_line' id='line_1_84' title="bbox 1924 3713 3544 3787; baseline 0.002 -16"><span class='ocrx_word' id='word_1_598' title='bbox 1924 3732 2203 3772; x_wconf 88' lang='lat' dir='ltr'>scurarum</span> <span class='ocrx_word' id='word_1_599' title='bbox 2233 3716 2289 3769; x_wconf 93' lang='lat' dir='ltr'>in</span> <span class='ocrx_word' id='word_1_600' title='bbox 2339 3715 2539 3770; x_wconf 88' lang='lat' dir='ltr'>Chron.</span> <span class='ocrx_word' id='word_1_601' title='bbox 2601 3713 3000 3787; x_wconf 89' lang='lat' dir='ltr'>Cameracensi,</span> <span class='ocrx_word' id='word_1_602' title='bbox 3030 3716 3125 3771; x_wconf 93' lang='lat' dir='ltr'>ubi</span> <span class='ocrx_word' id='word_1_603' title='bbox 3167 3724 3222 3772; x_wconf 91' lang='lat' dir='ltr'>et</span> <span class='ocrx_word' id='word_1_604' title='bbox 3268 3719 3452 3773; x_wconf 90' lang='lat' dir='ltr'>locum</span> <span class='ocrx_word' id='word_1_605' title='bbox 3478 3734 3544 3774; x_wconf 92' lang='lat' dir='ltr'>ex</span> 
     </span>
    </p>
   </div>
   <div class='ocr_carea' id='block_1_85' title="bbox 1926 3808 2574 3864">
    <p class='ocr_par' dir='ltr' id='par_1_85' title="bbox 1926 3808 2574 3864">
     <span class='ocr_line' id='line_1_85' title="bbox 1926 3808 2574 3864; baseline -0.002 0"><span class='ocrx_word' id='word_1_606' title='bbox 1926 3809 2228 3864; x_wconf 89' lang='lat' dir='ltr'>Prudentio</span> <span class='ocrx_word' id='word_1_607' title='bbox 2258 3808 2574 3863; x_wconf 87' lang='lat' dir='ltr'>citavimus.</span> 
     </span>
    </p>
   </div>
   <div class='ocr_carea' id='block_1_86' title="bbox 2000 3902 3543 3973">
    <p class='ocr_par' dir='ltr' id='par_1_86' title="bbox 2000 3902 3543 3973">
     <span class='ocr_line' id='line_1_86' title="bbox 2000 3902 3543 3973; baseline 0.002 -16"><span class='ocrx_word' id='word_1_608' title='bbox 2000 3905 2287 3958; x_wconf 72' lang='lat' dir='ltr'>Peracta-2n</span> <span class='ocrx_word' id='word_1_609' title='bbox 2338 3904 2518 3959; x_wconf 84' lang='lat' dir='ltr'>Remis</span> <span class='ocrx_word' id='word_1_610' title='bbox 2575 3902 2663 3957; x_wconf 88' lang='lat' dir='ltr'>die</span> <span class='ocrx_word' id='word_1_611' title='bbox 2691 3906 2743 3956; x_wconf 85' lang='lat' dir='ltr'>et</span> <span class='ocrx_word' id='word_1_612' title='bbox 2788 3903 3002 3957; x_wconf 87' lang='lat' dir='ltr'>consule</span> <span class='ocrx_word' id='word_1_613' title='bbox 3035 3904 3370 3973; x_wconf 82' lang='lat' dir='ltr'>supradicto.</span> <span class='ocrx_word' id='word_1_614' title='bbox 3402 3903 3543 3960; x_wconf 80' lang='lat' dir='ltr'>Hinc</span> 
     </span>
    </p>
   </div>
   <div class='ocr_carea' id='block_1_87' title="bbox 1931 3993 3541 4070">
    <p class='ocr_par' dir='ltr' id='par_1_87' title="bbox 1931 3993 3541 4070">
     <span class='ocr_line' id='line_1_87' title="bbox 1931 3993 3541 4070; baseline 0.001 -19"><span class='ocrx_word' id='word_1_615' title='bbox 1931 4002 2165 4062; x_wconf 89' lang='lat' dir='ltr'>constat,</span> <span class='ocrx_word' id='word_1_616' title='bbox 2198 4002 2625 4066; x_wconf 87' lang='lat' dir='ltr'>quantacunque</span> <span class='ocrx_word' id='word_1_617' title='bbox 2672 3993 2813 4049; x_wconf 86' lang='lat' dir='ltr'>facta</span> <span class='ocrx_word' id='word_1_618' title='bbox 2856 3994 2927 4049; x_wconf 92' lang='lat' dir='ltr'>sit</span> <span class='ocrx_word' id='word_1_619' title='bbox 2976 4011 3009 4049; x_wconf 88' lang='lat' dir='ltr'>a</span> <span class='ocrx_word' id='word_1_620' title='bbox 3058 3994 3220 4050; x_wconf 90' lang='lat' dir='ltr'>nobis</span> <span class='ocrx_word' id='word_1_621' title='bbox 3252 3995 3541 4070; x_wconf 89' lang='lat' dir='ltr'>diligentia</span> 
     </span>
    </p>
   </div>
   <div class='ocr_carea' id='block_1_88' title="bbox 1928 4086 3542 4160">
    <p class='ocr_par' dir='ltr' id='par_1_88' title="bbox 1928 4086 3542 4160">
     <span class='ocr_line' id='line_1_88' title="bbox 1928 4086 3542 4160; baseline 0.001 -20"><span class='ocrx_word' id='word_1_622' title='bbox 1928 4093 1992 4140; x_wconf 91' lang='lat' dir='ltr'>ut</span> <span class='ocrx_word' id='word_1_623' title='bbox 2012 4086 2229 4140; x_wconf 87' lang='lat' dir='ltr'>sincere</span> <span class='ocrx_word' id='word_1_624' title='bbox 2259 4092 2315 4140; x_wconf 91' lang='lat' dir='ltr'>et</span> <span class='ocrx_word' id='word_1_625' title='bbox 2358 4086 2572 4160; x_wconf 89' lang='lat' dir='ltr'>integre</span> <span class='ocrx_word' id='word_1_626' title='bbox 2622 4086 2727 4140; x_wconf 92' lang='lat' dir='ltr'>hoc</span> <span class='ocrx_word' id='word_1_627' title='bbox 2777 4090 3164 4141; x_wconf 88' lang='lat' dir='ltr'>testamentum</span> <span class='ocrx_word' id='word_1_628' title='bbox 3224 4086 3542 4156; x_wconf 90' lang='lat' dir='ltr'>ederemus,</span> 
     </span>
    </p>
   </div>
   <div class='ocr_carea' id='block_1_89' title="bbox 1929 4177 3552 4250">
    <p class='ocr_par' dir='ltr' id='par_1_89' title="bbox 1929 4177 3552 4250">
     <span class='ocr_line' id='line_1_89' title="bbox 1929 4177 3552 4250; baseline 0.001 -17"><span class='ocrx_word' id='word_1_629' title='bbox 1929 4185 2113 4233; x_wconf 88' lang='lat' dir='ltr'>tamen</span> <span class='ocrx_word' id='word_1_630' title='bbox 2153 4178 2362 4250; x_wconf 88' lang='lat' dir='ltr'>aliquid</span> <span class='ocrx_word' id='word_1_631' title='bbox 2420 4179 2602 4234; x_wconf 89' lang='lat' dir='ltr'>adhuc</span> <span class='ocrx_word' id='word_1_632' title='bbox 2658 4178 2816 4234; x_wconf 90' lang='lat' dir='ltr'>initio</span> <span class='ocrx_word' id='word_1_633' title='bbox 2876 4178 3093 4247; x_wconf 89' lang='lat' dir='ltr'>deesse,</span> <span class='ocrx_word' id='word_1_634' title='bbox 3154 4177 3284 4249; x_wconf 90' lang='lat' dir='ltr'>quia</span> <span class='ocrx_word' id='word_1_635' title='bbox 3335 4177 3412 4232; x_wconf 90' lang='lat' dir='ltr'>ibi</span> <span class='ocrx_word' id='word_1_636' title='bbox 3446 4193 3552 4234; x_wconf 89' lang='lat' dir='ltr'>nec</span> 
     </span>
    </p>
   </div>
   <div class='ocr_carea' id='block_1_90' title="bbox 1928 4265 3548 4333">
    <p class='ocr_par' dir='ltr' id='par_1_90' title="bbox 1928 4265 3548 4333">
     <span class='ocr_line' id='line_1_90' title="bbox 1928 4265 3548 4333; baseline 0 -12"><span class='ocrx_word' id='word_1_637' title='bbox 1928 4267 2042 4333; x_wconf 91' lang='lat' dir='ltr'>die,</span> <span class='ocrx_word' id='word_1_638' title='bbox 2082 4283 2188 4323; x_wconf 88' lang='lat' dir='ltr'>nec</span> <span class='ocrx_word' id='word_1_639' title='bbox 2227 4267 2470 4323; x_wconf 88' lang='lat' dir='ltr'>consulis</span> <span class='ocrx_word' id='word_1_640' title='bbox 2501 4266 2615 4322; x_wconf 89' lang='lat' dir='ltr'>ulla</span> <span class='ocrx_word' id='word_1_641' title='bbox 2658 4265 2718 4320; x_wconf 87' lang='lat' dir='ltr'>ﬁt</span> <span class='ocrx_word' id='word_1_642' title='bbox 2774 4267 3002 4322; x_wconf 90' lang='lat' dir='ltr'>mentio.</span> <span class='ocrx_word' id='word_1_643' title='bbox 3064 4266 3216 4331; x_wconf 88' lang='lat' dir='ltr'>Quod</span> <span class='ocrx_word' id='word_1_644' title='bbox 3247 4265 3548 4321; x_wconf 91' lang='lat' dir='ltr'>dolendum</span> 
     </span>
    </p>
   </div>
   <div class='ocr_carea' id='block_1_91' title="bbox 1930 4354 3554 4430">
    <p class='ocr_par' dir='ltr' id='par_1_91' title="bbox 1930 4354 3554 4430">
     <span class='ocr_line' id='line_1_91' title="bbox 1930 4354 3554 4430; baseline 0 -20"><span class='ocrx_word' id='word_1_645' title='bbox 1930 4362 2035 4421; x_wconf 87' lang='lat' dir='ltr'>est,</span> <span class='ocrx_word' id='word_1_646' title='bbox 2068 4356 2199 4428; x_wconf 89' lang='lat' dir='ltr'>quia</span> <span class='ocrx_word' id='word_1_647' title='bbox 2217 4354 2289 4413; x_wconf 90' lang='lat' dir='ltr'>ob</span> <span class='ocrx_word' id='word_1_648' title='bbox 2321 4357 2429 4412; x_wconf 89' lang='lat' dir='ltr'>hoc</span> <span class='ocrx_word' id='word_1_649' title='bbox 2460 4357 2747 4430; x_wconf 84' lang='lat' dir='ltr'>ignoratur</span> <span class='ocrx_word' id='word_1_650' title='bbox 2783 4362 3003 4426; x_wconf 88' lang='lat' dir='ltr'>tempus</span> <span class='ocrx_word' id='word_1_651' title='bbox 3032 4355 3196 4425; x_wconf 87' lang='lat' dir='ltr'>hujus</span> <span class='ocrx_word' id='word_1_652' title='bbox 3239 4356 3554 4412; x_wconf 88' lang='lat' dir='ltr'>testamenti</span> 
     </span>
    </p>
   </div>
   <div class='ocr_carea' id='block_1_92' title="bbox 1931 4442 2165 4498">
    <p class='ocr_par' dir='ltr' id='par_1_92' title="bbox 1931 4442 2165 4498">
     <span class='ocr_line' id='line_1_92' title="bbox 1931 4442 2165 4498; baseline -0.004 0"><span class='ocrx_word' id='word_1_653' title='bbox 1931 4442 2165 4498; x_wconf 91' lang='lat' dir='ltr'>conditi.</span> 
     </span>
    </p>
   </div>
   <div class='ocr_carea' id='block_1_93' title="bbox 1998 4531 3554 4602">
    <p class='ocr_par' dir='ltr' id='par_1_93' title="bbox 1998 4531 3554 4602">
     <span class='ocr_line' id='line_1_93' title="bbox 1998 4531 3554 4602; baseline 0.001 -15"><span class='ocrx_word' id='word_1_654' title='bbox 1998 4531 2456 4588; x_wconf 83' lang='lat' dir='ltr'>Intercedentibus</span> <span class='ocrx_word' id='word_1_655' title='bbox 2486 4533 2742 4588; x_wconf 84' lang='lat' dir='ltr'>etmediis</span> <span class='ocrx_word' id='word_1_656' title='bbox 2772 4534 3162 4602; x_wconf 84' lang='lat' dir='ltr'>signatoribus.</span> <span class='ocrx_word' id='word_1_657' title='bbox 3190 4533 3269 4588; x_wconf 90' lang='lat' dir='ltr'>Ita</span> <span class='ocrx_word' id='word_1_658' title='bbox 3299 4532 3384 4589; x_wconf 83' lang='lat' dir='ltr'>CJ.</span> <span class='ocrx_word' id='word_1_659' title='bbox 3404 4533 3554 4589; x_wconf 90' lang='lat' dir='ltr'>Bris—</span> 
     </span>
    </p>
   </div>
   <div class='ocr_carea' id='block_1_94' title="bbox 1856 4606 3551 4697">
    <p class='ocr_par' dir='ltr' id='par_1_94' title="bbox 1856 4606 3551 4697">
     <span class='ocr_line' id='line_1_94' title="bbox 1856 4606 3551 4697; baseline 0.003 -22"><span class='ocrx_word' id='word_1_660' title='bbox 1856 4606 1908 4675; x_wconf 86' lang='lat' dir='ltr'><strong>D</strong></span> <span class='ocrx_word' id='word_1_661' title='bbox 1934 4622 2126 4678; x_wconf 87' lang='lat' dir='ltr'>senius</span> <span class='ocrx_word' id='word_1_662' title='bbox 2155 4639 2265 4695; x_wconf 90' lang='lat' dir='ltr'>quo</span> <span class='ocrx_word' id='word_1_663' title='bbox 2291 4624 2470 4679; x_wconf 89' lang='lat' dir='ltr'>tendit</span> <span class='ocrx_word' id='word_1_664' title='bbox 2499 4624 2569 4692; x_wconf 88' lang='lat' dir='ltr'>M,</span> <span class='ocrx_word' id='word_1_665' title='bbox 2604 4625 2752 4696; x_wconf 91' lang='lat' dir='ltr'>quod</span> <span class='ocrx_word' id='word_1_666' title='bbox 2783 4625 2915 4697; x_wconf 87' lang='lat' dir='ltr'>legit</span> <span class='ocrx_word' id='word_1_667' title='bbox 2947 4626 3243 4680; x_wconf 84' lang='lat' dir='ltr'>meridicis.</span> <span class='ocrx_word' id='word_1_668' title='bbox 3278 4625 3352 4679; x_wconf 84' lang='lat' dir='ltr'>Ex</span> <span class='ocrx_word' id='word_1_669' title='bbox 3385 4626 3551 4697; x_wconf 89' lang='lat' dir='ltr'>quoS</span> 
     </span>
    </p>
   </div>
   <div class='ocr_carea' id='block_1_95' title="bbox 1940 4715 3555 4788">
    <p class='ocr_par' dir='ltr' id='par_1_95' title="bbox 1940 4715 3555 4788">
     <span class='ocr_line' id='line_1_95' title="bbox 1940 4715 3555 4788; baseline 0.002 -20"><span class='ocrx_word' id='word_1_670' title='bbox 1940 4715 2070 4770; x_wconf 91' lang='lat' dir='ltr'>fecit</span> <span class='ocrx_word' id='word_1_671' title='bbox 2095 4717 2362 4771; x_wconf 80' lang='lat' dir='ltr'>veridicis.</span> <span class='ocrx_word' id='word_1_672' title='bbox 2387 4715 2514 4780; x_wconf 75' lang='lat' dir='ltr'>Qua:</span> <span class='ocrx_word' id='word_1_673' title='bbox 2545 4715 2711 4771; x_wconf 92' lang='lat' dir='ltr'>lectio</span> <span class='ocrx_word' id='word_1_674' title='bbox 2734 4732 2863 4771; x_wconf 89' lang='lat' dir='ltr'>vera</span> <span class='ocrx_word' id='word_1_675' title='bbox 2876 4716 3051 4772; x_wconf 89' lang='lat' dir='ltr'>videri</span> <span class='ocrx_word' id='word_1_676' title='bbox 3079 4720 3287 4788; x_wconf 88' lang='lat' dir='ltr'>posset,</span> <span class='ocrx_word' id='word_1_677' title='bbox 3317 4716 3422 4771; x_wconf 91' lang='lat' dir='ltr'>nisi</span> <span class='ocrx_word' id='word_1_678' title='bbox 3450 4715 3555 4772; x_wconf 90' lang='lat' dir='ltr'>ob-</span> 
     </span>
    </p>
   </div>
   <div class='ocr_carea' id='block_1_96' title="bbox 275 4810 2365 4889">
    <p class='ocr_par' dir='ltr' id='par_1_96' title="bbox 275 4810 2365 4889">
     <span class='ocr_line' id='line_1_96' title="bbox 275 4810 2365 4889; baseline -0.003 -9"><span class='ocrx_word' id='word_1_679' title='bbox 275 4822 712 4880; x_wconf 82' lang='lat' dir='ltr'>Lcutiberedum.</span> <span class='ocrx_word' id='word_1_680' title='bbox 771 4821 860 4877; x_wconf 92' lang='lat' dir='ltr'>Sic</span> <span class='ocrx_word' id='word_1_681' title='bbox 897 4821 1008 4889; x_wconf 85' lang='lat' dir='ltr'>MS,</span> <span class='ocrx_word' id='word_1_682' title='bbox 1064 4822 1129 4877; x_wconf 82' lang='lat' dir='ltr'>At</span> <span class='ocrx_word' id='word_1_683' title='bbox 1170 4820 1232 4875; x_wconf 88' lang='lat' dir='ltr'>CJ</span> <span class='ocrx_word' id='word_1_684' title='bbox 1266 4827 1321 4875; x_wconf 90' lang='lat' dir='ltr'>et</span> <span class='ocrx_word' id='word_1_685' title='bbox 1386 4819 1576 4889; x_wconf 91' lang='lat' dir='ltr'>Briss.,</span> <span class='ocrx_word' id='word_1_686' title='bbox 1634 4822 1838 4877; x_wconf 86' lang='lat' dir='ltr'>Lcube-</span> <span class='ocrx_word' id='word_1_687' title='bbox 1936 4818 2104 4865; x_wconf 70' lang='lat' dir='ltr'>Staret</span> <span class='ocrx_word' id='word_1_688' title='bbox 2133 4810 2269 4865; x_wconf 77' lang='lat' dir='ltr'>illud</span> <span class='ocrx_word' id='word_1_689' title='bbox 2299 4815 2365 4866; x_wconf 77' lang='grc' dir='ltr'>ει.</span> 
     </span>
    </p>
   </div>
   <div class='ocr_carea' id='block_1_97' title="bbox 204 4918 422 4973">
    <p class='ocr_par' dir='ltr' id='par_1_97' title="bbox 204 4918 422 4973">
     <span class='ocr_line' id='line_1_97' title="bbox 204 4918 422 4973; baseline -0.005 -1"><span class='ocrx_word' id='word_1_690' title='bbox 204 4918 422 4973; x_wconf 85' lang='lat' dir='ltr'>redum.</span> 
     </span>
    </p>
   </div>
   <div class='ocr_carea' id='block_1_98' title="bbox 284 5003 1827 5073">
    <p class='ocr_par' dir='ltr' id='par_1_98' title="bbox 284 5003 1827 5073">
     <span class='ocr_line' id='line_1_98' title="bbox 284 5003 1827 5073; baseline -0.003 -8"><span class='ocrx_word' id='word_1_691' title='bbox 284 5011 602 5073; x_wconf 85' lang='lat' dir='ltr'>Vasantem,</span> <span class='ocrx_word' id='word_1_692' title='bbox 664 5007 874 5063; x_wconf 88' lang='lat' dir='ltr'>Cocum.</span> <span class='ocrx_word' id='word_1_693' title='bbox 926 5005 1015 5061; x_wconf 92' lang='lat' dir='ltr'>Sic</span> <span class='ocrx_word' id='word_1_694' title='bbox 1053 5005 1139 5059; x_wconf 90' lang='lat' dir='ltr'>MS</span> <span class='ocrx_word' id='word_1_695' title='bbox 1183 5004 1217 5059; x_wconf 87' lang='lat' dir='ltr'>C</span> <span class='ocrx_word' id='word_1_696' title='bbox 1267 5011 1322 5059; x_wconf 92' lang='lat' dir='ltr'>et</span> <span class='ocrx_word' id='word_1_697' title='bbox 1348 5003 1691 5071; x_wconf 89' lang='lat' dir='ltr'>Brissonius;</span> <span class='ocrx_word' id='word_1_698' title='bbox 1727 5005 1827 5060; x_wconf 91' lang='lat' dir='ltr'>sed</span> 
     </span>
    </p>
   </div>
   <div class='ocr_carea' id='block_1_99' title="bbox 205 5100 1831 5174">
    <p class='ocr_par' dir='ltr' id='par_1_99' title="bbox 205 5100 1831 5174">
     <span class='ocr_line' id='line_1_99' title="bbox 205 5100 1831 5174; baseline -0.004 -14"><span class='ocrx_word' id='word_1_699' title='bbox 205 5105 243 5160; x_wconf 89' lang='lat' dir='ltr'>C</span> <span class='ocrx_word' id='word_1_700' title='bbox 274 5109 433 5160; x_wconf 88' lang='lat' dir='ltr'>notat</span> <span class='ocrx_word' id='word_1_701' title='bbox 460 5102 517 5156; x_wconf 91' lang='lat' dir='ltr'>in</span> <span class='ocrx_word' id='word_1_702' title='bbox 539 5100 789 5174; x_wconf 83' lang='lat' dir='ltr'>margine</span> <span class='ocrx_word' id='word_1_703' title='bbox 820 5100 955 5156; x_wconf 89' lang='lat' dir='ltr'>alias</span> <span class='ocrx_word' id='word_1_704' title='bbox 1013 5100 1119 5172; x_wconf 84' lang='lat' dir='ltr'>legi</span> <span class='ocrx_word' id='word_1_705' title='bbox 1184 5101 1421 5168; x_wconf 82' lang='lat' dir='ltr'>Adcum,</span> <span class='ocrx_word' id='word_1_706' title='bbox 1448 5100 1498 5169; x_wconf 87' lang='lat' dir='ltr'>J,</span> <span class='ocrx_word' id='word_1_707' title='bbox 1534 5101 1831 5156; x_wconf 84' lang='lat' dir='ltr'>Vasantem</span> 
     </span>
    </p>
   </div>
   <div class='ocr_carea' id='block_1_100' title="bbox 208 5193 1832 5267">
    <p class='ocr_par' dir='ltr' id='par_1_100' title="bbox 208 5193 1832 5267">
     <span class='ocr_line' id='line_1_100' title="bbox 208 5193 1832 5267; baseline -0.005 -13"><span class='ocrx_word' id='word_1_708' title='bbox 208 5214 419 5267; x_wconf 88' lang='lat' dir='ltr'>cocum,</span> <span class='ocrx_word' id='word_1_709' title='bbox 447 5203 507 5251; x_wconf 93' lang='lat' dir='ltr'>ut</span> <span class='ocrx_word' id='word_1_710' title='bbox 533 5197 604 5250; x_wconf 89' lang='lat' dir='ltr'>sit</span> <span class='ocrx_word' id='word_1_711' title='bbox 648 5194 1063 5266; x_wconf 88' lang='lat' dir='ltr'>appellativum,</span> <span class='ocrx_word' id='word_1_712' title='bbox 1103 5208 1213 5248; x_wconf 91' lang='lat' dir='ltr'>non</span> <span class='ocrx_word' id='word_1_713' title='bbox 1247 5199 1427 5249; x_wconf 86' lang='lat' dir='ltr'>autem</span> <span class='ocrx_word' id='word_1_714' title='bbox 1460 5193 1570 5248; x_wconf 92' lang='lat' dir='ltr'>duo</span> <span class='ocrx_word' id='word_1_715' title='bbox 1606 5193 1832 5263; x_wconf 85' lang='lat' dir='ltr'>prepria</span> 
     </span>
    </p>
   </div>
   <div class='ocr_carea' id='block_1_101' title="bbox 210 5287 465 5343">
    <p class='ocr_par' dir='ltr' id='par_1_101' title="bbox 210 5287 465 5343">
     <span class='ocr_line' id='line_1_101' title="bbox 210 5287 465 5343; baseline -0.008 0"><span class='ocrx_word' id='word_1_716' title='bbox 210 5287 465 5343; x_wconf 89' lang='lat' dir='ltr'>nomina.</span> 
     </span>
    </p>
   </div>
   <div class='ocr_carea' id='block_1_102' title="bbox 281 5370 1830 5445">
    <p class='ocr_par' dir='ltr' id='par_1_102' title="bbox 281 5370 1830 5445">
     <span class='ocr_line' id='line_1_102' title="bbox 281 5370 1830 5445; baseline -0.004 -12"><span class='ocrx_word' id='word_1_717' title='bbox 281 5381 702 5445; x_wconf 87' lang='lat' dir='ltr'>Dagarasena-m</span> <span class='ocrx_word' id='word_1_718' title='bbox 728 5378 777 5430; x_wconf 80' lang='lat' dir='ltr'>et</span> <span class='ocrx_word' id='word_1_719' title='bbox 801 5374 1256 5429; x_wconf 88' lang='lat' dir='ltr'>Baudorosenam.</span> <span class='ocrx_word' id='word_1_720' title='bbox 1308 5373 1372 5428; x_wconf 89' lang='lat' dir='ltr'>Et</span> <span class='ocrx_word' id='word_1_721' title='bbox 1402 5370 1542 5427; x_wconf 84' lang='lat' dir='ltr'>infra</span> <span class='ocrx_word' id='word_1_722' title='bbox 1576 5389 1589 5427; x_wconf 89' lang='lat'><strong>:</strong></span> <span class='ocrx_word' id='word_1_723' title='bbox 1622 5373 1830 5428; x_wconf 86' lang='lat' dir='ltr'>Flava-</span> 
     </span>
    </p>
   </div>
   <div class='ocr_carea' id='block_1_103' title="bbox 210 5462 1835 5535">
    <p class='ocr_par' dir='ltr' id='par_1_103' title="bbox 210 5462 1835 5535">
     <span class='ocr_line' id='line_1_103' title="bbox 210 5462 1835 5535; baseline -0.003 -11"><span class='ocrx_word' id='word_1_724' title='bbox 210 5484 492 5525; x_wconf 87' lang='lat' dir='ltr'>rasenam.</span> <span class='ocrx_word' id='word_1_725' title='bbox 547 5466 638 5522; x_wconf 90' lang='lat' dir='ltr'>Sic</span> <span class='ocrx_word' id='word_1_726' title='bbox 695 5465 757 5521; x_wconf 76' lang='grc' dir='ltr'>ω</span> <span class='ocrx_word' id='word_1_727' title='bbox 807 5471 861 5520; x_wconf 93' lang='lat' dir='ltr'>et</span> <span class='ocrx_word' id='word_1_728' title='bbox 911 5464 1241 5519; x_wconf 88' lang='lat' dir='ltr'>Brissonius.</span> <span class='ocrx_word' id='word_1_729' title='bbox 1276 5463 1409 5518; x_wconf 91' lang='lat' dir='ltr'>Item</span> <span class='ocrx_word' id='word_1_730' title='bbox 1466 5463 1522 5528; x_wconf 92' lang='lat' dir='ltr'>S,</span> <span class='ocrx_word' id='word_1_731' title='bbox 1558 5462 1661 5517; x_wconf 91' lang='lat' dir='ltr'>nisi</span> <span class='ocrx_word' id='word_1_732' title='bbox 1685 5462 1835 5535; x_wconf 89' lang='lat' dir='ltr'>quod</span> 
     </span>
    </p>
   </div>
   <div class='ocr_carea' id='block_1_104' title="bbox 210 5552 1890 5634">
    <p class='ocr_par' dir='ltr' id='par_1_104' title="bbox 210 5552 1890 5634">
     <span class='ocr_line' id='line_1_104' title="bbox 210 5552 1890 5634; baseline -0.004 -19"><span class='ocrx_word' id='word_1_733' title='bbox 210 5562 363 5634; x_wconf 89' lang='lat' dir='ltr'>legat</span> <span class='ocrx_word' id='word_1_734' title='bbox 393 5574 518 5613; x_wconf 92' lang='lat' dir='ltr'>cum</span> <span class='ocrx_word' id='word_1_735' title='bbox 552 5557 600 5611; x_wconf 90' lang='lat' dir='ltr'>M</span> <span class='ocrx_word' id='word_1_736' title='bbox 651 5560 1037 5624; x_wconf 85' lang='lat' dir='ltr'>Dagaraseam.</span> <span class='ocrx_word' id='word_1_737' title='bbox 1100 5554 1330 5625; x_wconf 82' lang='lat' dir='ltr'>Reliqua</span> <span class='ocrx_word' id='word_1_738' title='bbox 1361 5553 1470 5607; x_wconf 88' lang='lat' dir='ltr'>duo</span> <span class='ocrx_word' id='word_1_739' title='bbox 1506 5552 1552 5606; x_wconf 85' lang='lat' dir='ltr'>M</span> <span class='ocrx_word' id='word_1_740' title='bbox 1573 5552 1708 5627; x_wconf 86' lang='lat' dir='ltr'>legit</span> <span class='ocrx_word' id='word_1_741' title='bbox 1739 5570 1838 5623; x_wconf 88' lang='lat' dir='ltr'>per</span> <span class='ocrx_word' id='word_1_742' title='bbox 1882 5573 1890 5580; x_wconf 91' lang='grc'><strong>·</strong></span> 
     </span>
    </p>
   </div>
   <div class='ocr_carea' id='block_1_105' title="bbox 207 5642 1761 5716">
    <p class='ocr_par' dir='ltr' id='par_1_105' title="bbox 207 5642 1761 5716">
     <span class='ocr_line' id='line_1_105' title="bbox 207 5642 1761 5716; baseline -0.007 -12"><span class='ocrx_word' id='word_1_743' title='bbox 207 5666 249 5704; x_wconf 85' lang='lat' dir='ltr'>u</span> <span class='ocrx_word' id='word_1_744' title='bbox 280 5648 339 5704; x_wconf 90' lang='lat' dir='ltr'>in</span> <span class='ocrx_word' id='word_1_745' title='bbox 370 5646 566 5703; x_wconf 89' lang='lat' dir='ltr'>ultima</span> <span class='ocrx_word' id='word_1_746' title='bbox 595 5644 804 5716; x_wconf 81' lang='lat' dir='ltr'>syllaba</span> <span class='ocrx_word' id='word_1_747' title='bbox 838 5644 1298 5708; x_wconf 81' lang='lat' dir='ltr'>Baudoroseuam,</span> <span class='ocrx_word' id='word_1_748' title='bbox 1322 5642 1761 5698; x_wconf 83' lang='lat' dir='ltr'>Flavaraseuam.</span> 
     </span>
    </p>
   </div>
   <div class='ocr_carea' id='block_1_106' title="bbox 284 5728 1834 5800">
    <p class='ocr_par' dir='ltr' id='par_1_106' title="bbox 284 5728 1834 5800">
     <span class='ocr_line' id='line_1_106' title="bbox 284 5728 1834 5800; baseline -0.004 -6"><span class='ocrx_word' id='word_1_749' title='bbox 284 5737 720 5794; x_wconf 76' lang='lat' dir='ltr'>Modorosenmn.</span> <span class='ocrx_word' id='word_1_750' title='bbox 748 5732 839 5789; x_wconf 90' lang='lat' dir='ltr'>Sic</span> <span class='ocrx_word' id='word_1_751' title='bbox 868 5730 1307 5789; x_wconf 86' lang='lat' dir='ltr'>CetBrissonius</span> <span class='ocrx_word' id='word_1_752' title='bbox 1330 5747 1345 5800; x_wconf 87' lang='lat'><strong>;</strong></span> <span class='ocrx_word' id='word_1_753' title='bbox 1370 5729 1438 5799; x_wconf 88' lang='lat' dir='ltr'>M,</span> <span class='ocrx_word' id='word_1_754' title='bbox 1456 5728 1834 5788; x_wconf 80' lang='lat' dir='ltr'>Odoresevam.</span> 
     </span>
    </p>
   </div>
   <div class='ocr_carea' id='block_1_107' title="bbox 214 5828 718 5909">
    <p class='ocr_par' dir='ltr' id='par_1_107' title="bbox 214 5828 718 5909">
     <span class='ocr_line' id='line_1_107' title="bbox 214 5828 718 5909; baseline -0.006 -24"><span class='ocrx_word' id='word_1_755' title='bbox 214 5830 302 5901; x_wconf 80' lang='lat' dir='ltr'>St,</span> <span class='ocrx_word' id='word_1_756' title='bbox 335 5828 718 5909; x_wconf 76' lang='lat' dir='ltr'>Odorosenam.</span> 
     </span>
    </p>
   </div>
   <div class='ocr_carea' id='block_1_108' title="bbox 2004 4900 3550 4977">
    <p class='ocr_par' dir='ltr' id='par_1_108' title="bbox 2004 4900 3550 4977">
     <span class='ocr_line' id='line_1_108' title="bbox 2004 4900 3550 4977; baseline 0.004 -24"><span class='ocrx_word' id='word_1_757' title='bbox 2004 4900 2259 4972; x_wconf 86' lang='lat' dir='ltr'>Episcopi</span> <span class='ocrx_word' id='word_1_758' title='bbox 2281 4901 2375 4973; x_wconf 91' lang='lat' dir='ltr'>qui</span> <span class='ocrx_word' id='word_1_759' title='bbox 2405 4907 2736 4958; x_wconf 88' lang='lat' dir='ltr'>testamento</span> <span class='ocrx_word' id='word_1_760' title='bbox 2770 4903 3183 4977; x_wconf 90' lang='lat' dir='ltr'>subsignarunt,</span> <span class='ocrx_word' id='word_1_761' title='bbox 3218 4903 3324 4958; x_wconf 90' lang='lat' dir='ltr'>hoc</span> <span class='ocrx_word' id='word_1_762' title='bbox 3355 4902 3550 4959; x_wconf 90' lang='lat' dir='ltr'>ordine</span> 
     </span>
    </p>
   </div>
   <div class='ocr_carea' id='block_1_109' title="bbox 1929 4992 3552 5061">
    <p class='ocr_par' dir='ltr' id='par_1_109' title="bbox 1929 4992 3552 5061">
     <span class='ocr_line' id='line_1_109' title="bbox 1929 4992 3552 5061; baseline 0.002 -15"><span class='ocrx_word' id='word_1_763' title='bbox 1929 4993 2208 5058; x_wconf 88' lang='lat' dir='ltr'>recensiti,</span> <span class='ocrx_word' id='word_1_764' title='bbox 2240 4994 2297 5048; x_wconf 86' lang='lat' dir='ltr'>hi</span> <span class='ocrx_word' id='word_1_765' title='bbox 2356 4999 2484 5048; x_wconf 90' lang='lat' dir='ltr'>sunt</span> <span class='ocrx_word' id='word_1_766' title='bbox 2515 4993 2786 5049; x_wconf 90' lang='lat' dir='ltr'>:Sanctus</span> <span class='ocrx_word' id='word_1_767' title='bbox 2836 4994 3101 5049; x_wconf 87' lang='lat' dir='ltr'>Vedastus</span> <span class='ocrx_word' id='word_1_768' title='bbox 3152 4992 3552 5061; x_wconf 87' lang='lat' dir='ltr'>Atrebatensis,</span> 
     </span>
    </p>
   </div>
   <div class='ocr_carea' id='block_1_110' title="bbox 1930 5086 3553 5153">
    <p class='ocr_par' dir='ltr' id='par_1_110' title="bbox 1930 5086 3553 5153">
     <span class='ocr_line' id='line_1_110' title="bbox 1930 5086 3553 5153; baseline 0.001 -14"><span class='ocrx_word' id='word_1_769' title='bbox 1930 5094 2153 5141; x_wconf 89' lang='lat' dir='ltr'>sanctus</span> <span class='ocrx_word' id='word_1_770' title='bbox 2181 5086 2551 5142; x_wconf 84' lang='lat' dir='ltr'>Genebaudus</span> <span class='ocrx_word' id='word_1_771' title='bbox 2616 5087 3022 5153; x_wconf 90' lang='lat' dir='ltr'>Laudunensis,</span> <span class='ocrx_word' id='word_1_772' title='bbox 3078 5092 3303 5141; x_wconf 89' lang='lat' dir='ltr'>sanctus</span> <span class='ocrx_word' id='word_1_773' title='bbox 3340 5087 3553 5141; x_wconf 85' lang='lat' dir='ltr'>Medar-</span> 
     </span>
    </p>
   </div>
   <div class='ocr_carea' id='block_1_111' title="bbox 1934 5177 3552 5252">
    <p class='ocr_par' dir='ltr' id='par_1_111' title="bbox 1934 5177 3552 5252">
     <span class='ocr_line' id='line_1_111' title="bbox 1934 5177 3552 5252; baseline 0.003 -21"><span class='ocrx_word' id='word_1_774' title='bbox 1934 5178 2037 5233; x_wconf 86' lang='lat' dir='ltr'>dus</span> <span class='ocrx_word' id='word_1_775' title='bbox 2054 5179 2437 5235; x_wconf 87' lang='lat' dir='ltr'>Noviomensis</span> <span class='ocrx_word' id='word_1_776' title='bbox 2458 5186 2512 5233; x_wconf 90' lang='lat' dir='ltr'>et</span> <span class='ocrx_word' id='word_1_777' title='bbox 2542 5179 2905 5234; x_wconf 86' lang='lat' dir='ltr'>Tornacensis</span> <span class='ocrx_word' id='word_1_778' title='bbox 2934 5178 3235 5248; x_wconf 83' lang='lat' dir='ltr'>unitarum,</span> <span class='ocrx_word' id='word_1_779' title='bbox 3278 5177 3335 5233; x_wconf 88' lang='lat' dir='ltr'>S.</span> <span class='ocrx_word' id='word_1_780' title='bbox 3364 5178 3552 5252; x_wconf 90' lang='lat' dir='ltr'>Lupus</span> 
     </span>
    </p>
   </div>
   <div class='ocr_carea' id='block_1_112' title="bbox 1936 5267 3101 5340">
    <p class='ocr_par' dir='ltr' id='par_1_112' title="bbox 1936 5267 3101 5340">
     <span class='ocr_line' id='line_1_112' title="bbox 1936 5267 3101 5340; baseline 0.001 -19"><span class='ocrx_word' id='word_1_781' title='bbox 1936 5267 2373 5335; x_wconf 89' lang='lat' dir='ltr'>Suessionensis,</span> <span class='ocrx_word' id='word_1_782' title='bbox 2405 5268 2735 5322; x_wconf 87' lang='lat' dir='ltr'>Benedictus</span> <span class='ocrx_word' id='word_1_783' title='bbox 2765 5274 2819 5321; x_wconf 90' lang='lat' dir='ltr'>et</span> <span class='ocrx_word' id='word_1_784' title='bbox 2842 5267 3101 5340; x_wconf 89' lang='lat' dir='ltr'>Eulogius</span> 
     </span>
    </p>
   </div>
   <div class='ocr_carea' id='block_1_113' title="bbox 2007 5356 3547 5427">
    <p class='ocr_par' dir='ltr' id='par_1_113' title="bbox 2007 5356 3547 5427">
     <span class='ocr_line' id='line_1_113' title="bbox 2007 5356 3547 5427; baseline 0.003 -16"><span class='ocrx_word' id='word_1_785' title='bbox 2007 5358 2067 5412; x_wconf 88' lang='lat' dir='ltr'><strong>In</strong></span> <span class='ocrx_word' id='word_1_786' title='bbox 2090 5356 2393 5427; x_wconf 83' lang='lat' dir='ltr'>exemplari</span> <span class='ocrx_word' id='word_1_787' title='bbox 2422 5357 2468 5411; x_wconf 88' lang='lat' dir='ltr'>M</span> <span class='ocrx_word' id='word_1_788' title='bbox 2522 5364 2649 5426; x_wconf 90' lang='lat' dir='ltr'>post</span> <span class='ocrx_word' id='word_1_789' title='bbox 2697 5356 3017 5410; x_wconf 85' lang='lat' dir='ltr'>Medardum</span> <span class='ocrx_word' id='word_1_790' title='bbox 3049 5356 3159 5412; x_wconf 93' lang='lat' dir='ltr'>duo</span> <span class='ocrx_word' id='word_1_791' title='bbox 3190 5356 3433 5413; x_wconf 89' lang='lat' dir='ltr'>addendi</span> <span class='ocrx_word' id='word_1_792' title='bbox 3462 5359 3547 5417; x_wconf 88' lang='lat' dir='ltr'>vi-</span> 
     </span>
    </p>
   </div>
   <div class='ocr_carea' id='block_1_114' title="bbox 1936 5445 3544 5520">
    <p class='ocr_par' dir='ltr' id='par_1_114' title="bbox 1936 5445 3544 5520">
     <span class='ocr_line' id='line_1_114' title="bbox 1936 5445 3544 5520; baseline 0 -16"><span class='ocrx_word' id='word_1_793' title='bbox 1936 5450 2154 5504; x_wconf 90' lang='lat' dir='ltr'>dentur.</span> <span class='ocrx_word' id='word_1_794' title='bbox 2188 5448 2321 5502; x_wconf 88' lang='lat' dir='ltr'>Nam</span> <span class='ocrx_word' id='word_1_795' title='bbox 2339 5446 2425 5500; x_wconf 91' lang='lat' dir='ltr'>bis</span> <span class='ocrx_word' id='word_1_796' title='bbox 2446 5446 2631 5501; x_wconf 92' lang='lat' dir='ltr'>denuo</span> <span class='ocrx_word' id='word_1_797' title='bbox 2662 5454 2945 5516; x_wconf 91' lang='lat' dir='ltr'>ponuntur</span> <span class='ocrx_word' id='word_1_798' title='bbox 2980 5445 3075 5500; x_wconf 89' lang='lat' dir='ltr'>illa</span> <span class='ocrx_word' id='word_1_799' title='bbox 3110 5447 3297 5516; x_wconf 84' lang='lat' dir='ltr'>verba,</span> <span class='ocrx_word' id='word_1_800' title='bbox 3321 5451 3414 5503; x_wconf 90' lang='lat' dir='ltr'>cui</span> <span class='ocrx_word' id='word_1_801' title='bbox 3434 5465 3544 5520; x_wconf 83' lang='lat' dir='ltr'>pa-</span> 
     </span>
    </p>
   </div>
   <div class='ocr_carea' id='block_1_115' title="bbox 1936 5541 3547 5611">
    <p class='ocr_par' dir='ltr' id='par_1_115' title="bbox 1936 5541 3547 5611">
     <span class='ocr_line' id='line_1_115' title="bbox 1936 5541 3547 5611; baseline 0.001 -12"><span class='ocrx_word' id='word_1_802' title='bbox 1936 5549 2019 5599; x_wconf 85' lang='lat' dir='ltr'>ter</span> <span class='ocrx_word' id='word_1_803' title='bbox 2046 5559 2192 5598; x_wconf 85' lang='lat' dir='ltr'>meus</span> <span class='ocrx_word' id='word_1_804' title='bbox 2224 5543 2521 5609; x_wconf 82' lang='lat' dir='ltr'>Remigius,</span> <span class='ocrx_word' id='word_1_805' title='bbox 2574 5547 2703 5609; x_wconf 90' lang='lat' dir='ltr'>etc.,</span> <span class='ocrx_word' id='word_1_806' title='bbox 2756 5541 2945 5595; x_wconf 87' lang='lat' dir='ltr'>addita</span> <span class='ocrx_word' id='word_1_807' title='bbox 2974 5557 3159 5611; x_wconf 90' lang='lat' dir='ltr'>cruce,</span> <span class='ocrx_word' id='word_1_808' title='bbox 3192 5542 3293 5597; x_wconf 90' lang='lat' dir='ltr'>sed</span> <span class='ocrx_word' id='word_1_809' title='bbox 3325 5543 3547 5600; x_wconf 85' lang='lat' dir='ltr'>omissis</span> 
     </span>
    </p>
   </div>
   <div class='ocr_carea' id='block_1_116' title="bbox 1939 5636 3550 5708">
    <p class='ocr_par' dir='ltr' id='par_1_116' title="bbox 1939 5636 3550 5708">
     <span class='ocr_line' id='line_1_116' title="bbox 1939 5636 3550 5708; baseline -0.001 -14"><span class='ocrx_word' id='word_1_810' title='bbox 1939 5638 2277 5705; x_wconf 86' lang='lat' dir='ltr'>nominibus,</span> <span class='ocrx_word' id='word_1_811' title='bbox 2310 5643 2363 5693; x_wconf 88' lang='lat' dir='ltr'>et</span> <span class='ocrx_word' id='word_1_812' title='bbox 2393 5636 2518 5692; x_wconf 89' lang='lat' dir='ltr'>ideo</span> <span class='ocrx_word' id='word_1_813' title='bbox 2572 5637 2639 5690; x_wconf 91' lang='lat' dir='ltr'>ab</span> <span class='ocrx_word' id='word_1_814' title='bbox 2671 5636 2793 5692; x_wconf 89' lang='lat' dir='ltr'>aliis</span> <span class='ocrx_word' id='word_1_815' title='bbox 2850 5637 3132 5708; x_wconf 80' lang='lat' dir='ltr'>praeteriti.</span> <span class='ocrx_word' id='word_1_816' title='bbox 3167 5637 3344 5704; x_wconf 85' lang='lat' dir='ltr'>Quare</span> <span class='ocrx_word' id='word_1_817' title='bbox 3367 5652 3550 5708; x_wconf 69' lang='lat' dir='ltr'>Operae</span> 
     </span>
    </p>
   </div>
   <div class='ocr_carea' id='block_1_117' title="bbox 1937 5723 3541 5798">
    <p class='ocr_par' dir='ltr' id='par_1_117' title="bbox 1937 5723 3541 5798">
     <span class='ocr_line' id='line_1_117' title="bbox 1937 5723 3541 5798; baseline -0.002 -17"><span class='ocrx_word' id='word_1_818' title='bbox 1937 5727 2173 5798; x_wconf 89' lang='lat' dir='ltr'>pretium</span> <span class='ocrx_word' id='word_1_819' title='bbox 2196 5726 2361 5781; x_wconf 88' lang='lat' dir='ltr'>fuerit</span> <span class='ocrx_word' id='word_1_820' title='bbox 2424 5725 2703 5798; x_wconf 86' lang='lat' dir='ltr'>inquirere</span> <span class='ocrx_word' id='word_1_821' title='bbox 2749 5742 2820 5780; x_wconf 90' lang='lat' dir='ltr'>an</span> <span class='ocrx_word' id='word_1_822' title='bbox 2868 5725 2925 5779; x_wconf 93' lang='lat' dir='ltr'>in</span> <span class='ocrx_word' id='word_1_823' title='bbox 2979 5725 3217 5782; x_wconf 91' lang='lat' dir='ltr'>archivis</span> <span class='ocrx_word' id='word_1_824' title='bbox 3264 5723 3541 5780; x_wconf 65' lang='lat' dir='ltr'>Ecclesia:</span> 
     </span>
    </p>
   </div>
   <div class='ocr_carea' id='block_1_118' title="bbox 1938 5812 3551 5890">
    <p class='ocr_par' dir='ltr' id='par_1_118' title="bbox 1938 5812 3551 5890">
     <span class='ocr_line' id='line_1_118' title="bbox 1938 5812 3551 5890; baseline -0.002 -18"><span class='ocrx_word' id='word_1_825' title='bbox 1938 5817 2228 5875; x_wconf 82' lang='lat' dir='ltr'>Remensis</span> <span class='ocrx_word' id='word_1_826' title='bbox 2256 5816 2342 5877; x_wconf 86' lang='lat' dir='ltr'>vel</span> <span class='ocrx_word' id='word_1_827' title='bbox 2370 5817 2427 5873; x_wconf 92' lang='lat' dir='ltr'>in</span> <span class='ocrx_word' id='word_1_828' title='bbox 2452 5818 2673 5890; x_wconf 87' lang='lat' dir='ltr'>scriptis</span> <span class='ocrx_word' id='word_1_829' title='bbox 2717 5816 2993 5875; x_wconf 85' lang='lat' dir='ltr'>Hincmari</span> <span class='ocrx_word' id='word_1_830' title='bbox 3031 5831 3142 5874; x_wconf 89' lang='lat' dir='ltr'>non</span> <span class='ocrx_word' id='word_1_831' title='bbox 3174 5812 3348 5889; x_wconf 88' lang='lat' dir='ltr'>possit</span> <span class='ocrx_word' id='word_1_832' title='bbox 3378 5826 3551 5886; x_wconf 61' lang='grc' dir='ltr'>[ερατ</span> 
     </span>
    </p>
   </div>
  </div>
