  <div class='ocr_page' id='page_1' title='image "/cluster/home/n/w/nwhite01/storage/ocr_20150623/134-135/uc1.31175013627537/697.png"; bbox 0 0 3874 6426; ppageno 0'>
   <div class='ocr_carea' id='block_1_1' title="bbox 368 394 472 453">
    <p class='ocr_par' dir='ltr' id='par_1_1' title="bbox 368 394 472 453">
     <span class='ocr_line' id='line_1_1' title="bbox 368 394 472 453; baseline -0.019 0"><span class='ocrx_word' id='word_1_1' title='bbox 368 394 472 453; x_wconf 87' lang='grc'>355</span> 
     </span>
    </p>
   </div>
   <div class='ocr_carea' id='block_1_2' title="bbox 1203 368 2864 440">
    <p class='ocr_par' dir='ltr' id='par_1_2' title="bbox 1203 368 2864 440">
     <span class='ocr_line' id='line_1_2' title="bbox 1203 368 2864 440; baseline -0.01 0"><span class='ocrx_word' id='word_1_2' title='bbox 1203 380 1597 440; x_wconf 78' lang='lat' dir='ltr'>COLVENERII</span> <span class='ocrx_word' id='word_1_3' title='bbox 1640 378 1915 435; x_wconf 86' lang='lat' dir='ltr'><strong>SCIIOLIA</strong></span> <span class='ocrx_word' id='word_1_4' title='bbox 1958 377 2023 434; x_wconf 86' lang='lat' dir='ltr'>IN</span> <span class='ocrx_word' id='word_1_5' title='bbox 2064 374 2232 433; x_wconf 86' lang='lat' dir='ltr'><strong>IIIST.</strong></span> <span class='ocrx_word' id='word_1_6' title='bbox 2273 372 2560 431; x_wconf 82' lang='lat' dir='ltr'>REMENS.</span> <span class='ocrx_word' id='word_1_7' title='bbox 2604 368 2864 426; x_wconf 86' lang='lat' dir='ltr'>ECCLES.</span> 
     </span>
    </p>
   </div>
   <div class='ocr_carea' id='block_1_3' title="bbox 3593 366 3704 423">
    <p class='ocr_par' dir='ltr' id='par_1_3' title="bbox 3593 366 3704 423">
     <span class='ocr_line' id='line_1_3' title="bbox 3593 366 3704 423; baseline -0.018 1"><span class='ocrx_word' id='word_1_8' title='bbox 3593 366 3704 423; x_wconf 83' lang='lat'>356</span> 
     </span>
    </p>
   </div>
   <div class='ocr_carea' id='block_1_4' title="bbox 370 489 3711 587">
    <p class='ocr_par' dir='ltr' id='par_1_4' title="bbox 370 489 3711 587">
     <span class='ocr_line' id='line_1_4' title="bbox 370 489 3711 587; baseline -0.009 -10"><span class='ocrx_word' id='word_1_9' title='bbox 370 522 461 577; x_wconf 90' lang='lat' dir='ltr'>riri</span> <span class='ocrx_word' id='word_1_10' title='bbox 495 518 799 576; x_wconf 89' lang='lat' dir='ltr'>correctius</span> <span class='ocrx_word' id='word_1_11' title='bbox 854 513 1077 587; x_wconf 87' lang='lat' dir='ltr'>aliquod</span> <span class='ocrx_word' id='word_1_12' title='bbox 1129 510 1408 581; x_wconf 89' lang='lat' dir='ltr'>exemplar</span> <span class='ocrx_word' id='word_1_13' title='bbox 1456 506 1769 564; x_wconf 90' lang='lat' dir='ltr'>testamenti</span> <span class='ocrx_word' id='word_1_14' title='bbox 1797 506 1981 575; x_wconf 83' lang='lat' dir='ltr'>hujus.</span> <span class='ocrx_word' id='word_1_15' title='bbox 2010 510 2062 579; x_wconf 80' lang='grc' dir='ltr'><strong>Î‘</strong></span> <span class='ocrx_word' id='word_1_16' title='bbox 2091 509 2148 560; x_wconf 88' lang='lat' dir='ltr'>nt</span> <span class='ocrx_word' id='word_1_17' title='bbox 2179 502 2246 558; x_wconf 89' lang='lat' dir='ltr'>ad</span> <span class='ocrx_word' id='word_1_18' title='bbox 2275 501 2599 574; x_wconf 85' lang='lat' dir='ltr'>cpiscOpum</span> <span class='ocrx_word' id='word_1_19' title='bbox 2628 496 2959 561; x_wconf 86' lang='lat' dir='ltr'>referantur,</span> <span class='ocrx_word' id='word_1_20' title='bbox 2987 491 3136 565; x_wconf 91' lang='lat' dir='ltr'>quod</span> <span class='ocrx_word' id='word_1_21' title='bbox 3159 490 3355 558; x_wconf 86' lang='lat' dir='ltr'><strong>tenuit,</strong></span> <span class='ocrx_word' id='word_1_22' title='bbox 3384 489 3580 546; x_wconf 87' lang='lat' dir='ltr'>Ebone</span> <span class='ocrx_word' id='word_1_23' title='bbox 3609 490 3711 546; x_wconf 82' lang='lat' dir='ltr'>de-</span> 
     </span>
    </p>
   </div>
   <div class='ocr_carea' id='block_1_5' title="bbox 369 598 1987 672">
    <p class='ocr_par' dir='ltr' id='par_1_5' title="bbox 369 598 1987 672">
     <span class='ocr_line' id='line_1_5' title="bbox 369 598 1987 672; baseline -0.013 0"><span class='ocrx_word' id='word_1_24' title='bbox 369 618 500 672; x_wconf 88' lang='lat' dir='ltr'>Nam</span> <span class='ocrx_word' id='word_1_25' title='bbox 540 630 675 670; x_wconf 84' lang='lat' dir='ltr'>sane</span> <span class='ocrx_word' id='word_1_26' title='bbox 694 610 1013 667; x_wconf 90' lang='lat' dir='ltr'>verosimilc</span> <span class='ocrx_word' id='word_1_27' title='bbox 1040 612 1122 663; x_wconf 89' lang='lat' dir='ltr'>est</span> <span class='ocrx_word' id='word_1_28' title='bbox 1148 620 1341 661; x_wconf 90' lang='lat' dir='ltr'>omnes</span> <span class='ocrx_word' id='word_1_29' title='bbox 1370 602 1518 656; x_wconf 90' lang='lat' dir='ltr'>illius</span> <span class='ocrx_word' id='word_1_30' title='bbox 1549 599 1846 672; x_wconf 75' lang='lat' dir='ltr'>provinciae</span> <span class='ocrx_word' id='word_1_31' title='bbox 1868 598 1987 670; x_wconf 90' lang='lat' dir='ltr'>epi-</span> 
     </span>
    </p>
   </div>
   <div class='ocr_carea' id='block_1_6' title="bbox 370 694 1725 779">
    <p class='ocr_par' dir='ltr' id='par_1_6' title="bbox 370 694 1725 779">
     <span class='ocr_line' id='line_1_6' title="bbox 370 694 1725 779; baseline -0.013 -14"><span class='ocrx_word' id='word_1_32' title='bbox 370 724 592 779; x_wconf 89' lang='lat' dir='ltr'>sc0pos,</span> <span class='ocrx_word' id='word_1_33' title='bbox 616 706 709 779; x_wconf 91' lang='lat' dir='ltr'>qui</span> <span class='ocrx_word' id='word_1_34' title='bbox 726 712 858 759; x_wconf 89' lang='lat' dir='ltr'>tunc</span> <span class='ocrx_word' id='word_1_35' title='bbox 883 716 1080 757; x_wconf 90' lang='lat' dir='ltr'>novem</span> <span class='ocrx_word' id='word_1_36' title='bbox 1106 704 1280 763; x_wconf 86' lang='lat' dir='ltr'>erant,</span> <span class='ocrx_word' id='word_1_37' title='bbox 1309 694 1725 764; x_wconf 89' lang='lat' dir='ltr'>subscripsisse.</span> 
     </span>
    </p>
   </div>
   <div class='ocr_carea' id='block_1_7' title="bbox 444 783 1987 865">
    <p class='ocr_par' dir='ltr' id='par_1_7' title="bbox 444 783 1987 865">
     <span class='ocr_line' id='line_1_7' title="bbox 444 783 1987 865; baseline -0.012 -12"><span class='ocrx_word' id='word_1_38' title='bbox 444 801 505 854; x_wconf 90' lang='lat' dir='ltr'><strong>In</strong></span> <span class='ocrx_word' id='word_1_39' title='bbox 535 795 909 865; x_wconf 88' lang='lat' dir='ltr'>manuscripto</span> <span class='ocrx_word' id='word_1_40' title='bbox 934 792 970 846; x_wconf 92' lang='lat' dir='ltr'>C</span> <span class='ocrx_word' id='word_1_41' title='bbox 1008 796 1131 862; x_wconf 90' lang='lat' dir='ltr'>post</span> <span class='ocrx_word' id='word_1_42' title='bbox 1150 786 1458 862; x_wconf 83' lang='lat' dir='ltr'>Agricolam</span> <span class='ocrx_word' id='word_1_43' title='bbox 1489 783 1873 856; x_wconf 83' lang='lat' dir='ltr'>presbyterum</span> <span class='ocrx_word' id='word_1_44' title='bbox 1899 796 1987 835; x_wconf 90' lang='lat' dir='ltr'>se-</span> 
     </span>
    </p>
   </div>
   <div class='ocr_carea' id='block_1_8' title="bbox 375 880 1986 966">
    <p class='ocr_par' dir='ltr' id='par_1_8' title="bbox 375 880 1986 966">
     <span class='ocr_line' id='line_1_8' title="bbox 375 880 1986 966; baseline -0.012 -18"><span class='ocrx_word' id='word_1_45' title='bbox 375 893 563 966; x_wconf 87' lang='lat' dir='ltr'>quitur</span> <span class='ocrx_word' id='word_1_46' title='bbox 591 891 788 945; x_wconf 89' lang='lat' dir='ltr'>iterum</span> <span class='ocrx_word' id='word_1_47' title='bbox 843 884 1106 959; x_wconf 78' lang='lat' dir='ltr'>Eulogius</span> <span class='ocrx_word' id='word_1_48' title='bbox 1158 881 1478 952; x_wconf 90' lang='lat' dir='ltr'>cpisc0pus,</span> <span class='ocrx_word' id='word_1_49' title='bbox 1520 880 1608 932; x_wconf 86' lang='lat' dir='ltr'>cui</span> <span class='ocrx_word' id='word_1_50' title='bbox 1630 882 1791 947; x_wconf 80' lang='lat' dir='ltr'>pater</span> <span class='ocrx_word' id='word_1_51' title='bbox 1818 890 1986 939; x_wconf 87' lang='lat' dir='ltr'>meus,</span> 
     </span>
    </p>
   </div>
   <div class='ocr_carea' id='block_1_9' title="bbox 375 964 1990 1046">
    <p class='ocr_par' dir='ltr' id='par_1_9' title="bbox 375 964 1990 1046">
     <span class='ocr_line' id='line_1_9' title="bbox 375 964 1990 1046; baseline -0.012 -11"><span class='ocrx_word' id='word_1_52' title='bbox 375 964 484 1046; x_wconf 86' lang='lat' dir='ltr'>etc,</span> <span class='ocrx_word' id='word_1_53' title='bbox 540 976 745 1032; x_wconf 89' lang='lat' dir='ltr'>deinde</span> <span class='ocrx_word' id='word_1_54' title='bbox 775 975 976 1029; x_wconf 86' lang='lat' dir='ltr'>iterum</span> <span class='ocrx_word' id='word_1_55' title='bbox 1002 970 1299 1038; x_wconf 87' lang='lat' dir='ltr'>:Agricola</span> <span class='ocrx_word' id='word_1_56' title='bbox 1324 968 1628 1038; x_wconf 82' lang='lat' dir='ltr'>presbyter.</span> <span class='ocrx_word' id='word_1_57' title='bbox 1663 965 1864 1019; x_wconf 88' lang='lat' dir='ltr'>Verum</span> <span class='ocrx_word' id='word_1_58' title='bbox 1891 964 1990 1017; x_wconf 89' lang='lat' dir='ltr'>hoc</span> 
     </span>
    </p>
   </div>
   <div class='ocr_carea' id='block_1_10' title="bbox 374 1051 1990 1137">
    <p class='ocr_par' dir='ltr' id='par_1_10' title="bbox 374 1051 1990 1137">
     <span class='ocr_line' id='line_1_10' title="bbox 374 1051 1990 1137; baseline -0.011 -15"><span class='ocrx_word' id='word_1_59' title='bbox 374 1065 661 1137; x_wconf 84' lang='lat' dir='ltr'>scriptoris</span> <span class='ocrx_word' id='word_1_60' title='bbox 692 1062 956 1117; x_wconf 87' lang='lat' dir='ltr'>mendum</span> <span class='ocrx_word' id='word_1_61' title='bbox 989 1065 1087 1113; x_wconf 89' lang='lat' dir='ltr'>est.</span> <span class='ocrx_word' id='word_1_62' title='bbox 1123 1058 1255 1111; x_wconf 76' lang='lat' dir='ltr'>Nam</span> <span class='ocrx_word' id='word_1_63' title='bbox 1290 1055 1396 1110; x_wconf 89' lang='lat' dir='ltr'>etsi</span> <span class='ocrx_word' id='word_1_64' title='bbox 1427 1054 1546 1109; x_wconf 83' lang='lat' dir='ltr'>fieri</span> <span class='ocrx_word' id='word_1_65' title='bbox 1601 1053 1772 1124; x_wconf 88' lang='lat' dir='ltr'>possit</span> <span class='ocrx_word' id='word_1_66' title='bbox 1793 1059 1851 1106; x_wconf 93' lang='lat' dir='ltr'>ut</span> <span class='ocrx_word' id='word_1_67' title='bbox 1881 1051 1990 1105; x_wconf 91' lang='lat' dir='ltr'>duo</span> 
     </span>
    </p>
   </div>
   <div class='ocr_carea' id='block_1_11' title="bbox 373 1146 1992 1231">
    <p class='ocr_par' dir='ltr' id='par_1_11' title="bbox 373 1146 1992 1231">
     <span class='ocr_line' id='line_1_11' title="bbox 373 1146 1992 1231; baseline -0.011 -18"><span class='ocrx_word' id='word_1_68' title='bbox 373 1158 761 1231; x_wconf 82' lang='lat' dir='ltr'>subsignarent</span> <span class='ocrx_word' id='word_1_69' title='bbox 789 1150 1037 1223; x_wconf 85' lang='lat' dir='ltr'>episcopi</span> <span class='ocrx_word' id='word_1_70' title='bbox 1061 1149 1312 1217; x_wconf 88' lang='lat' dir='ltr'>ejusdem</span> <span class='ocrx_word' id='word_1_71' title='bbox 1337 1146 1602 1212; x_wconf 90' lang='lat' dir='ltr'>nominis,</span> <span class='ocrx_word' id='word_1_72' title='bbox 1626 1154 1811 1199; x_wconf 89' lang='lat' dir='ltr'>tamen</span> <span class='ocrx_word' id='word_1_73' title='bbox 1845 1159 1992 1197; x_wconf 90' lang='lat' dir='ltr'>nun-</span> 
     </span>
    </p>
   </div>
   <div class='ocr_carea' id='block_1_12' title="bbox 375 1234 1992 1320">
    <p class='ocr_par' dir='ltr' id='par_1_12' title="bbox 375 1234 1992 1320">
     <span class='ocr_line' id='line_1_12' title="bbox 375 1234 1992 1320; baseline -0.011 -18"><span class='ocrx_word' id='word_1_74' title='bbox 375 1263 539 1320; x_wconf 88' lang='lat' dir='ltr'>quam</span> <span class='ocrx_word' id='word_1_75' title='bbox 568 1244 865 1316; x_wconf 89' lang='lat' dir='ltr'>episcopus</span> <span class='ocrx_word' id='word_1_76' title='bbox 897 1247 1021 1312; x_wconf 92' lang='lat' dir='ltr'>post</span> <span class='ocrx_word' id='word_1_77' title='bbox 1052 1239 1438 1311; x_wconf 78' lang='lat' dir='ltr'>presbyterum</span> <span class='ocrx_word' id='word_1_78' title='bbox 1479 1234 1851 1306; x_wconf 83' lang='lat' dir='ltr'>subsignaret.</span> <span class='ocrx_word' id='word_1_79' title='bbox 1883 1234 1992 1286; x_wconf 90' lang='lat' dir='ltr'>Ita-</span> 
     </span>
    </p>
   </div>
   <div class='ocr_carea' id='block_1_13' title="bbox 374 1328 1992 1415">
    <p class='ocr_par' dir='ltr' id='par_1_13' title="bbox 374 1328 1992 1415">
     <span class='ocr_line' id='line_1_13' title="bbox 374 1328 1992 1415; baseline -0.011 -16"><span class='ocrx_word' id='word_1_80' title='bbox 374 1360 483 1415; x_wconf 90' lang='lat' dir='ltr'>que</span> <span class='ocrx_word' id='word_1_81' title='bbox 529 1343 648 1396; x_wconf 69' lang='lat'>11286</span> <span class='ocrx_word' id='word_1_82' title='bbox 703 1355 827 1394; x_wconf 91' lang='lat' dir='ltr'>cum</span> <span class='ocrx_word' id='word_1_83' title='bbox 878 1336 1109 1408; x_wconf 88' lang='lat' dir='ltr'>reliquis</span> <span class='ocrx_word' id='word_1_84' title='bbox 1154 1333 1415 1391; x_wconf 90' lang='lat' dir='ltr'>omnibus</span> <span class='ocrx_word' id='word_1_85' title='bbox 1472 1328 1882 1401; x_wconf 83' lang='lat' dir='ltr'>exemplaribus</span> <span class='ocrx_word' id='word_1_86' title='bbox 1938 1335 1992 1382; x_wconf 90' lang='lat' dir='ltr'>et</span> 
     </span>
    </p>
   </div>
   <div class='ocr_carea' id='block_1_14' title="bbox 374 1425 1028 1500">
    <p class='ocr_par' dir='ltr' id='par_1_14' title="bbox 374 1425 1028 1500">
     <span class='ocr_line' id='line_1_14' title="bbox 374 1425 1028 1500; baseline -0.011 -14"><span class='ocrx_word' id='word_1_87' title='bbox 374 1431 654 1486; x_wconf 88' lang='lat' dir='ltr'>Brissonio</span> <span class='ocrx_word' id='word_1_88' title='bbox 683 1425 1028 1500; x_wconf 68' lang='lat' dir='ltr'>praetermisi.</span> 
     </span>
    </p>
   </div>
   <div class='ocr_carea' id='block_1_15' title="bbox 451 1508 1993 1592">
    <p class='ocr_par' dir='ltr' id='par_1_15' title="bbox 451 1508 1993 1592">
     <span class='ocr_line' id='line_1_15' title="bbox 451 1508 1993 1592; baseline -0.012 -11"><span class='ocrx_word' id='word_1_89' title='bbox 451 1526 785 1583; x_wconf 85' lang='lat' dir='ltr'>Theodonius</span> <span class='ocrx_word' id='word_1_90' title='bbox 808 1520 1110 1592; x_wconf 81' lang='lat' dir='ltr'>presbyter.</span> <span class='ocrx_word' id='word_1_91' title='bbox 1147 1516 1238 1572; x_wconf 89' lang='lat' dir='ltr'>Sic</span> <span class='ocrx_word' id='word_1_92' title='bbox 1268 1515 1432 1570; x_wconf 90' lang='lat' dir='ltr'>Briss.</span> <span class='ocrx_word' id='word_1_93' title='bbox 1467 1520 1521 1568; x_wconf 89' lang='lat' dir='ltr'>et</span> <span class='ocrx_word' id='word_1_94' title='bbox 1547 1512 1604 1578; x_wconf 90' lang='lat' dir='ltr'>C,</span> <span class='ocrx_word' id='word_1_95' title='bbox 1633 1518 1830 1567; x_wconf 88' lang='lat' dir='ltr'>notans</span> <span class='ocrx_word' id='word_1_96' title='bbox 1858 1508 1993 1564; x_wconf 89' lang='lat' dir='ltr'>alias</span> 
     </span>
    </p>
   </div>
   <div class='ocr_carea' id='block_1_16' title="bbox 374 1602 1990 1693">
    <p class='ocr_par' dir='ltr' id='par_1_16' title="bbox 374 1602 1990 1693">
     <span class='ocr_line' id='line_1_16' title="bbox 374 1602 1990 1693; baseline -0.011 -20"><span class='ocrx_word' id='word_1_97' title='bbox 374 1618 484 1693; x_wconf 86' lang='lat' dir='ltr'>legi</span> <span class='ocrx_word' id='word_1_98' title='bbox 520 1616 871 1680; x_wconf 84' lang='lat' dir='ltr'>Theodonus;</span> <span class='ocrx_word' id='word_1_99' title='bbox 901 1611 989 1666; x_wconf 87' lang='lat' dir='ltr'>MS</span> <span class='ocrx_word' id='word_1_100' title='bbox 1019 1609 1068 1671; x_wconf 84' lang='lat' dir='ltr'><strong>J.</strong></span> <span class='ocrx_word' id='word_1_101' title='bbox 1107 1608 1478 1664; x_wconf 80' lang='lat' dir='ltr'>Theodericus.</span> <span class='ocrx_word' id='word_1_102' title='bbox 1505 1606 1663 1660; x_wconf 88' lang='lat' dir='ltr'>Forte</span> <span class='ocrx_word' id='word_1_103' title='bbox 1693 1602 1990 1678; x_wconf 86' lang='lat' dir='ltr'>legendum</span> 
     </span>
    </p>
   </div>
   <div class='ocr_carea' id='block_1_17' title="bbox 378 1712 712 1768">
    <p class='ocr_par' dir='ltr' id='par_1_17' title="bbox 378 1712 712 1768">
     <span class='ocr_line' id='line_1_17' title="bbox 378 1712 712 1768; baseline -0.018 0"><span class='ocrx_word' id='word_1_104' title='bbox 378 1712 687 1768; x_wconf 81' lang='lat' dir='ltr'>Theodorus</span> <span class='ocrx_word' id='word_1_105' title='bbox 698 1747 712 1762; x_wconf 97' lang='lat'><strong>.</strong></span> 
     </span>
    </p>
   </div>
   <div class='ocr_carea' id='block_1_18' title="bbox 450 1790 2068 1901">
    <p class='ocr_par' dir='ltr' id='par_1_18' title="bbox 450 1790 2068 1901">
     <span class='ocr_line' id='line_1_18' title="bbox 450 1790 2068 1901; baseline -0.011 -43"><span class='ocrx_word' id='word_1_106' title='bbox 450 1805 515 1859; x_wconf 87' lang='lat' dir='ltr'>V.</span> <span class='ocrx_word' id='word_1_107' title='bbox 553 1802 607 1856; x_wconf 87' lang='lat' dir='ltr'>C.</span> <span class='ocrx_word' id='word_1_108' title='bbox 650 1800 926 1869; x_wconf 81' lang='lat' dir='ltr'>Pappolus</span> <span class='ocrx_word' id='word_1_109' title='bbox 978 1795 1210 1861; x_wconf 78' lang='lat' dir='ltr'>interfui</span> <span class='ocrx_word' id='word_1_110' title='bbox 1275 1796 1325 1847; x_wconf 89' lang='lat' dir='ltr'>et</span> <span class='ocrx_word' id='word_1_111' title='bbox 1381 1792 1698 1860; x_wconf 79' lang='lat' dir='ltr'>subscripsi.</span> <span class='ocrx_word' id='word_1_112' title='bbox 1736 1790 1840 1843; x_wconf 89' lang='lat' dir='ltr'>Sex</span> <span class='ocrx_word' id='word_1_113' title='bbox 1899 1790 2068 1901; x_wconf 67' lang='lat' dir='ltr'>aut&#39;B</span> 
     </span>
    </p>
   </div>
   <div class='ocr_carea' id='block_1_19' title="bbox 373 1883 1993 1967">
    <p class='ocr_par' dir='ltr' id='par_1_19' title="bbox 373 1883 1993 1967">
     <span class='ocr_line' id='line_1_19' title="bbox 373 1883 1993 1967; baseline -0.011 -16"><span class='ocrx_word' id='word_1_114' title='bbox 373 1903 586 1967; x_wconf 86' lang='lat' dir='ltr'>septem</span> <span class='ocrx_word' id='word_1_115' title='bbox 618 1887 1148 1964; x_wconf 86' lang='lat' dir='ltr'>sequentibuslaicis</span> <span class='ocrx_word' id='word_1_116' title='bbox 1176 1886 1233 1940; x_wconf 91' lang='lat' dir='ltr'>in</span> <span class='ocrx_word' id='word_1_117' title='bbox 1264 1884 1566 1955; x_wconf 80' lang='lat' dir='ltr'>exemplari</span> <span class='ocrx_word' id='word_1_118' title='bbox 1598 1883 1993 1953; x_wconf 73' lang='lat' dir='ltr'>Mpraeponun-</span> 
     </span>
    </p>
   </div>
   <div class='ocr_carea' id='block_1_20' title="bbox 378 1970 1992 2049">
    <p class='ocr_par' dir='ltr' id='par_1_20' title="bbox 378 1970 1992 2049">
     <span class='ocr_line' id='line_1_20' title="bbox 378 1970 1992 2049; baseline -0.011 -9"><span class='ocrx_word' id='word_1_119' title='bbox 378 1995 467 2041; x_wconf 92' lang='lat' dir='ltr'>tur</span> <span class='ocrx_word' id='word_1_120' title='bbox 494 1985 616 2039; x_wconf 70' lang='lat' dir='ltr'>duae</span> <span class='ocrx_word' id='word_1_121' title='bbox 648 1983 765 2036; x_wconf 82' lang='lat' dir='ltr'>istae</span> <span class='ocrx_word' id='word_1_122' title='bbox 788 1980 1008 2046; x_wconf 77' lang='lat' dir='ltr'>litterae,</span> <span class='ocrx_word' id='word_1_123' title='bbox 1032 1992 1170 2049; x_wconf 90' lang='lat' dir='ltr'>quas</span> <span class='ocrx_word' id='word_1_124' title='bbox 1196 1991 1262 2030; x_wconf 91' lang='lat' dir='ltr'>ex</span> <span class='ocrx_word' id='word_1_125' title='bbox 1295 1988 1363 2029; x_wconf 90' lang='lat' dir='ltr'>eo</span> <span class='ocrx_word' id='word_1_126' title='bbox 1402 1972 1604 2041; x_wconf 90' lang='lat' dir='ltr'>adjeci,</span> <span class='ocrx_word' id='word_1_127' title='bbox 1656 1970 1992 2040; x_wconf 90' lang='lat' dir='ltr'>easdemque</span> 
     </span>
    </p>
   </div>
   <div class='ocr_carea' id='block_1_21' title="bbox 376 2058 1995 2144">
    <p class='ocr_par' dir='ltr' id='par_1_21' title="bbox 376 2058 1995 2144">
     <span class='ocr_line' id='line_1_21' title="bbox 376 2058 1995 2144; baseline -0.012 -15"><span class='ocrx_word' id='word_1_128' title='bbox 376 2070 723 2144; x_wconf 83' lang='lat' dir='ltr'>expressitJ.</span> <span class='ocrx_word' id='word_1_129' title='bbox 755 2069 882 2133; x_wconf 65' lang='lat' dir='ltr'>Quae</span> <span class='ocrx_word' id='word_1_130' title='bbox 932 2066 1000 2121; x_wconf 86' lang='lat' dir='ltr'>ab</span> <span class='ocrx_word' id='word_1_131' title='bbox 1051 2064 1172 2120; x_wconf 91' lang='lat' dir='ltr'>aliis</span> <span class='ocrx_word' id='word_1_132' title='bbox 1224 2062 1362 2118; x_wconf 84' lang='lat' dir='ltr'>forte</span> <span class='ocrx_word' id='word_1_133' title='bbox 1402 2076 1513 2116; x_wconf 90' lang='lat' dir='ltr'>non</span> <span class='ocrx_word' id='word_1_134' title='bbox 1561 2059 1875 2122; x_wconf 52' lang='lat' dir='ltr'>intellecta,</span> <span class='ocrx_word' id='word_1_135' title='bbox 1906 2058 1995 2112; x_wconf 85' lang='lat' dir='ltr'>vel</span> 
     </span>
    </p>
   </div>
   <div class='ocr_carea' id='block_1_22' title="bbox 381 2149 1997 2228">
    <p class='ocr_par' dir='ltr' id='par_1_22' title="bbox 381 2149 1997 2228">
     <span class='ocr_line' id='line_1_22' title="bbox 381 2149 1997 2228; baseline -0.012 -7"><span class='ocrx_word' id='word_1_136' title='bbox 381 2182 492 2221; x_wconf 90' lang='lat' dir='ltr'>non</span> <span class='ocrx_word' id='word_1_137' title='bbox 525 2163 946 2226; x_wconf 52' lang='lat' dir='ltr'>animadversa,</span> <span class='ocrx_word' id='word_1_138' title='bbox 1005 2154 1390 2228; x_wconf 69' lang='lat' dir='ltr'>praetermissa:</span> <span class='ocrx_word' id='word_1_139' title='bbox 1420 2158 1574 2219; x_wconf 90' lang='lat' dir='ltr'>sunt,</span> <span class='ocrx_word' id='word_1_140' title='bbox 1616 2151 1692 2206; x_wconf 90' lang='lat' dir='ltr'>uti</span> <span class='ocrx_word' id='word_1_141' title='bbox 1733 2150 1801 2205; x_wconf 90' lang='lat' dir='ltr'>ab</span> <span class='ocrx_word' id='word_1_142' title='bbox 1836 2149 1909 2203; x_wconf 89' lang='lat' dir='ltr'>CS</span> <span class='ocrx_word' id='word_1_143' title='bbox 1941 2156 1997 2203; x_wconf 91' lang='lat' dir='ltr'>et</span> 
     </span>
    </p>
   </div>
   <div class='ocr_carea' id='block_1_23' title="bbox 376 2242 1997 2325">
    <p class='ocr_par' dir='ltr' id='par_1_23' title="bbox 376 2242 1997 2325">
     <span class='ocr_line' id='line_1_23' title="bbox 376 2242 1997 2325; baseline -0.01 -12"><span class='ocrx_word' id='word_1_144' title='bbox 376 2256 682 2313; x_wconf 85' lang='lat' dir='ltr'>Brissonio.</span> <span class='ocrx_word' id='word_1_145' title='bbox 732 2251 1047 2325; x_wconf 82' lang='lat' dir='ltr'>Legendum</span> <span class='ocrx_word' id='word_1_146' title='bbox 1079 2263 1243 2320; x_wconf 87' lang='lat' dir='ltr'>porro</span> <span class='ocrx_word' id='word_1_147' title='bbox 1273 2248 1381 2302; x_wconf 87' lang='lat' dir='ltr'>hoc</span> <span class='ocrx_word' id='word_1_148' title='bbox 1409 2254 1512 2313; x_wconf 89' lang='lat' dir='ltr'>est,</span> <span class='ocrx_word' id='word_1_149' title='bbox 1557 2246 1646 2299; x_wconf 82' lang='lat' dir='ltr'>uir</span> <span class='ocrx_word' id='word_1_150' title='bbox 1674 2246 1852 2299; x_wconf 76' lang='lat' dir='ltr'>clarus</span> <span class='ocrx_word' id='word_1_151' title='bbox 1881 2242 1997 2297; x_wconf 88' lang='lat' dir='ltr'>sive</span> 
     </span>
    </p>
   </div>
   <div class='ocr_carea' id='block_1_24' title="bbox 380 2336 1997 2411">
    <p class='ocr_par' dir='ltr' id='par_1_24' title="bbox 380 2336 1997 2411">
     <span class='ocr_line' id='line_1_24' title="bbox 380 2336 1997 2411; baseline -0.011 -5"><span class='ocrx_word' id='word_1_152' title='bbox 380 2351 743 2411; x_wconf 83' lang='lat' dir='ltr'>clarissimus,</span> <span class='ocrx_word' id='word_1_153' title='bbox 774 2347 972 2401; x_wconf 81' lang='lat' dir='ltr'>autvir</span> <span class='ocrx_word' id='word_1_154' title='bbox 992 2342 1310 2398; x_wconf 83' lang='lat' dir='ltr'>consularis.</span> <span class='ocrx_word' id='word_1_155' title='bbox 1341 2340 1489 2393; x_wconf 87' lang='lat' dir='ltr'>Inter</span> <span class='ocrx_word' id='word_1_156' title='bbox 1525 2336 1997 2411; x_wconf 88' lang='lat' dir='ltr'>subsignationem</span> 
     </span>
    </p>
   </div>
   <div class='ocr_carea' id='block_1_25' title="bbox 380 2429 1998 2503">
    <p class='ocr_par' dir='ltr' id='par_1_25' title="bbox 380 2429 1998 2503">
     <span class='ocr_line' id='line_1_25' title="bbox 380 2429 1998 2503; baseline -0.01 -4"><span class='ocrx_word' id='word_1_157' title='bbox 380 2442 602 2499; x_wconf 84' lang='lat' dir='ltr'>Eusebii</span> <span class='ocrx_word' id='word_1_158' title='bbox 632 2448 687 2496; x_wconf 89' lang='lat' dir='ltr'>et</span> <span class='ocrx_word' id='word_1_159' title='bbox 720 2437 985 2494; x_wconf 80' lang='lat' dir='ltr'>Rusticoli</span> <span class='ocrx_word' id='word_1_160' title='bbox 1018 2436 1073 2490; x_wconf 89' lang='lat' dir='ltr'>in</span> <span class='ocrx_word' id='word_1_161' title='bbox 1119 2435 1165 2488; x_wconf 88' lang='lat' dir='ltr'><strong>M</strong></span> <span class='ocrx_word' id='word_1_162' title='bbox 1215 2433 1336 2489; x_wconf 70' lang='lat' dir='ltr'>haec</span> <span class='ocrx_word' id='word_1_163' title='bbox 1364 2432 1797 2503; x_wconf 89' lang='lat' dir='ltr'>interponuntur</span> <span class='ocrx_word' id='word_1_164' title='bbox 1838 2446 1851 2483; x_wconf 93' lang='lat'>:</span> <span class='ocrx_word' id='word_1_165' title='bbox 1890 2429 1998 2484; x_wconf 86' lang='lat' dir='ltr'>VC.</span> 
     </span>
    </p>
   </div>
   <div class='ocr_carea' id='block_1_26' title="bbox 379 2518 1998 2601">
    <p class='ocr_par' dir='ltr' id='par_1_26' title="bbox 379 2518 1998 2601">
     <span class='ocr_line' id='line_1_26' title="bbox 379 2518 1998 2601; baseline -0.011 -12"><span class='ocrx_word' id='word_1_166' title='bbox 379 2535 630 2601; x_wconf 81' lang='lat' dir='ltr'>interfui,</span> <span class='ocrx_word' id='word_1_167' title='bbox 663 2532 901 2601; x_wconf 89' lang='lat' dir='ltr'>ideoque</span> <span class='ocrx_word' id='word_1_168' title='bbox 919 2528 1138 2583; x_wconf 88' lang='lat' dir='ltr'>videtur</span> <span class='ocrx_word' id='word_1_169' title='bbox 1167 2525 1258 2580; x_wconf 86' lang='lat' dir='ltr'>hic</span> <span class='ocrx_word' id='word_1_170' title='bbox 1285 2540 1428 2578; x_wconf 90' lang='lat' dir='ltr'>unus</span> <span class='ocrx_word' id='word_1_171' title='bbox 1442 2521 1774 2593; x_wconf 62' lang='lat' dir='ltr'>praeteritus,</span> <span class='ocrx_word' id='word_1_172' title='bbox 1792 2518 1998 2574; x_wconf 87' lang='lat' dir='ltr'>etforte</span> 
     </span>
    </p>
   </div>
   <div class='ocr_carea' id='block_1_27' title="bbox 379 2608 2000 2692">
    <p class='ocr_par' dir='ltr' id='par_1_27' title="bbox 379 2608 2000 2692">
     <span class='ocr_line' id='line_1_27' title="bbox 379 2608 2000 2692; baseline -0.011 -11"><span class='ocrx_word' id='word_1_173' title='bbox 379 2625 611 2688; x_wconf 84' lang='lat' dir='ltr'>Attolus,</span> <span class='ocrx_word' id='word_1_174' title='bbox 639 2622 708 2676; x_wconf 89' lang='lat' dir='ltr'>de</span> <span class='ocrx_word' id='word_1_175' title='bbox 736 2635 846 2692; x_wconf 94' lang='lat' dir='ltr'>quo</span> <span class='ocrx_word' id='word_1_176' title='bbox 876 2616 1019 2672; x_wconf 88' lang='lat' dir='ltr'>infra</span> <span class='ocrx_word' id='word_1_177' title='bbox 1040 2614 1218 2684; x_wconf 83' lang='lat' dir='ltr'>capite</span> <span class='ocrx_word' id='word_1_178' title='bbox 1243 2612 1507 2668; x_wconf 90' lang='lat' dir='ltr'>vicesimo</span> <span class='ocrx_word' id='word_1_179' title='bbox 1541 2611 1700 2666; x_wconf 91' lang='lat' dir='ltr'>tertio</span> <span class='ocrx_word' id='word_1_180' title='bbox 1745 2627 1757 2663; x_wconf 92' lang='lat'><strong>:</strong></span> <span class='ocrx_word' id='word_1_181' title='bbox 1791 2609 1874 2664; x_wconf 82' lang='lat' dir='ltr'>vel</span> <span class='ocrx_word' id='word_1_182' title='bbox 1907 2608 2000 2663; x_wconf 90' lang='lat' dir='ltr'>illa</span> 
     </span>
    </p>
   </div>
   <div class='ocr_carea' id='block_1_28' title="bbox 379 2702 2001 2775">
    <p class='ocr_par' dir='ltr' id='par_1_28' title="bbox 379 2702 2001 2775">
     <span class='ocr_line' id='line_1_28' title="bbox 379 2702 2001 2775; baseline -0.01 -3"><span class='ocrx_word' id='word_1_183' title='bbox 379 2713 859 2773; x_wconf 86' lang='lat' dir='ltr'>verhaabundant.</span> <span class='ocrx_word' id='word_1_184' title='bbox 892 2709 1049 2765; x_wconf 89' lang='lat' dir='ltr'>Certe</span> <span class='ocrx_word' id='word_1_185' title='bbox 1079 2706 1225 2761; x_wconf 81' lang='lat' dir='ltr'>infra</span> <span class='ocrx_word' id='word_1_186' title='bbox 1246 2722 1368 2775; x_wconf 86' lang='lat' dir='ltr'>cap,</span> <span class='ocrx_word' id='word_1_187' title='bbox 1402 2704 1473 2761; x_wconf 75' lang='lat'><strong>23</strong></span> <span class='ocrx_word' id='word_1_188' title='bbox 1502 2720 1597 2758; x_wconf 85' lang='lat' dir='ltr'>sex</span> <span class='ocrx_word' id='word_1_189' title='bbox 1630 2710 1841 2757; x_wconf 88' lang='lat' dir='ltr'>tantum</span> <span class='ocrx_word' id='word_1_190' title='bbox 1878 2702 2001 2756; x_wconf 85' lang='lat' dir='ltr'>laici</span> 
     </span>
    </p>
   </div>
   <div class='ocr_carea' id='block_1_29' title="bbox 381 2800 2003 2870">
    <p class='ocr_par' dir='ltr' id='par_1_29' title="bbox 381 2800 2003 2870">
     <span class='ocr_line' id='line_1_29' title="bbox 381 2800 2003 2870; baseline -0.01 -7"><span class='ocrx_word' id='word_1_191' title='bbox 381 2808 741 2863; x_wconf 84' lang='lat' dir='ltr'>nominantur</span> <span class='ocrx_word' id='word_1_192' title='bbox 793 2800 1211 2870; x_wconf 88' lang='lat' dir='ltr'>subscripsisse,</span> <span class='ocrx_word' id='word_1_193' title='bbox 1263 2811 1500 2869; x_wconf 92' lang='lat' dir='ltr'>quorum</span> <span class='ocrx_word' id='word_1_194' title='bbox 1557 2803 1687 2851; x_wconf 91' lang='lat' dir='ltr'>sunt</span> <span class='ocrx_word' id='word_1_195' title='bbox 1743 2810 2003 2866; x_wconf 87' lang='lat' dir='ltr'>expressa</span> 
     </span>
    </p>
   </div>
   <div class='ocr_carea' id='block_1_30' title="bbox 389 2903 633 2959">
    <p class='ocr_par' dir='ltr' id='par_1_30' title="bbox 389 2903 633 2959">
     <span class='ocr_line' id='line_1_30' title="bbox 389 2903 633 2959; baseline -0.004 0"><span class='ocrx_word' id='word_1_196' title='bbox 389 2903 633 2959; x_wconf 90' lang='lat' dir='ltr'>nomina.</span> 
     </span>
    </p>
   </div>
   <div class='ocr_carea' id='block_1_31' title="bbox 993 2965 1393 3023">
    <p class='ocr_par' dir='ltr' id='par_1_31' title="bbox 993 2965 1393 3023">
     <span class='ocr_line' id='line_1_31' title="bbox 993 2965 1393 3023; baseline -0.003 0"><span class='ocrx_word' id='word_1_197' title='bbox 993 2966 1199 3023; x_wconf 85' lang='lat' dir='ltr'>CAPUT</span> <span class='ocrx_word' id='word_1_198' title='bbox 1252 2965 1393 3022; x_wconf 88' lang='lat' dir='ltr'><strong>XIX.</strong></span> 
     </span>
    </p>
   </div>
   <div class='ocr_carea' id='block_1_32' title="bbox 457 3068 2007 3149">
    <p class='ocr_par' dir='ltr' id='par_1_32' title="bbox 457 3068 2007 3149">
     <span class='ocr_line' id='line_1_32' title="bbox 457 3068 2007 3149; baseline -0.007 -16"><span class='ocrx_word' id='word_1_199' title='bbox 457 3079 571 3135; x_wconf 81' lang='lat' dir='ltr'>Hoc</span> <span class='ocrx_word' id='word_1_200' title='bbox 599 3077 898 3149; x_wconf 87' lang='lat' dir='ltr'>capitulum</span> <span class='ocrx_word' id='word_1_201' title='bbox 929 3075 985 3129; x_wconf 92' lang='lat' dir='ltr'>in</span> <span class='ocrx_word' id='word_1_202' title='bbox 1044 3072 1344 3144; x_wconf 89' lang='lat' dir='ltr'>exemplari</span> <span class='ocrx_word' id='word_1_203' title='bbox 1402 3071 1489 3126; x_wconf 87' lang='lat' dir='ltr'>MS</span> <span class='ocrx_word' id='word_1_204' title='bbox 1550 3068 1813 3142; x_wconf 61' lang='lat' dir='ltr'>praecedit</span> <span class='ocrx_word' id='word_1_205' title='bbox 1843 3074 2007 3139; x_wconf 87' lang='lat' dir='ltr'>caput</span> 
     </span>
    </p>
   </div>
   <div class='ocr_carea' id='block_1_33' title="bbox 386 3156 2007 3233">
    <p class='ocr_par' dir='ltr' id='par_1_33' title="bbox 386 3156 2007 3233">
     <span class='ocr_line' id='line_1_33' title="bbox 386 3156 2007 3233; baseline -0.006 -12"><span class='ocrx_word' id='word_1_206' title='bbox 386 3166 457 3222; x_wconf 90' lang='lat' dir='ltr'>de</span> <span class='ocrx_word' id='word_1_207' title='bbox 484 3173 811 3221; x_wconf 89' lang='lat' dir='ltr'>testamento</span> <span class='ocrx_word' id='word_1_208' title='bbox 837 3182 851 3231; x_wconf 93' lang='lat'><strong>;</strong></span> <span class='ocrx_word' id='word_1_209' title='bbox 881 3164 938 3218; x_wconf 91' lang='lat' dir='ltr'>in</span> <span class='ocrx_word' id='word_1_210' title='bbox 969 3162 1094 3217; x_wconf 91' lang='lat' dir='ltr'>aliis</span> <span class='ocrx_word' id='word_1_211' title='bbox 1124 3161 1392 3233; x_wconf 84' lang='lat' dir='ltr'>sequitur,</span> <span class='ocrx_word' id='word_1_212' title='bbox 1441 3159 1609 3231; x_wconf 90' lang='lat' dir='ltr'>idque</span> <span class='ocrx_word' id='word_1_213' title='bbox 1634 3156 1808 3229; x_wconf 86' lang='lat' dir='ltr'>magis</span> <span class='ocrx_word' id='word_1_214' title='bbox 1836 3156 2007 3230; x_wconf 81' lang='lat' dir='ltr'>exigit</span> 
     </span>
    </p>
   </div>
   <div class='ocr_carea' id='block_1_34' title="bbox 388 3256 1059 3328">
    <p class='ocr_par' dir='ltr' id='par_1_34' title="bbox 388 3256 1059 3328">
     <span class='ocr_line' id='line_1_34' title="bbox 388 3256 1059 3328; baseline -0.012 -16"><span class='ocrx_word' id='word_1_215' title='bbox 388 3256 525 3313; x_wconf 89' lang='lat' dir='ltr'>ordo</span> <span class='ocrx_word' id='word_1_216' title='bbox 552 3272 729 3310; x_wconf 81' lang='lat' dir='ltr'>rerum</span> <span class='ocrx_word' id='word_1_217' title='bbox 760 3261 1059 3328; x_wconf 88' lang='lat' dir='ltr'>gestarum.</span> 
     </span>
    </p>
   </div>
   <div class='ocr_carea' id='block_1_35' title="bbox 456 3335 2004 3416">
    <p class='ocr_par' dir='ltr' id='par_1_35' title="bbox 456 3335 2004 3416">
     <span class='ocr_line' id='line_1_35' title="bbox 456 3335 2004 3416; baseline -0.009 -14"><span class='ocrx_word' id='word_1_218' title='bbox 456 3346 725 3416; x_wconf 81' lang='lat' dir='ltr'>Populum</span> <span class='ocrx_word' id='word_1_219' title='bbox 751 3345 944 3413; x_wconf 72' lang='lat' dir='ltr'>prima</span> <span class='ocrx_word' id='word_1_220' title='bbox 965 3341 1265 3398; x_wconf 68' lang='lat' dir='ltr'>Germania:</span> <span class='ocrx_word' id='word_1_221' title='bbox 1297 3339 1620 3393; x_wconf 82' lang='lat' dir='ltr'>devastaret.</span> <span class='ocrx_word' id='word_1_222' title='bbox 1657 3335 1713 3389; x_wconf 92' lang='lat' dir='ltr'><strong>Id</strong></span> <span class='ocrx_word' id='word_1_223' title='bbox 1739 3340 1820 3389; x_wconf 92' lang='lat' dir='ltr'>est</span> <span class='ocrx_word' id='word_1_224' title='bbox 1841 3350 2004 3405; x_wconf 87' lang='lat' dir='ltr'>supe-</span> 
     </span>
    </p>
   </div>
   <div class='ocr_carea' id='block_1_36' title="bbox 391 3426 2004 3503">
    <p class='ocr_par' dir='ltr' id='par_1_36' title="bbox 391 3426 2004 3503">
     <span class='ocr_line' id='line_1_36' title="bbox 391 3426 2004 3503; baseline -0.007 -13"><span class='ocrx_word' id='word_1_225' title='bbox 391 3434 554 3491; x_wconf 87' lang='lat' dir='ltr'>rioris</span> <span class='ocrx_word' id='word_1_226' title='bbox 572 3431 897 3487; x_wconf 71' lang='lat' dir='ltr'>Germaniae.</span> <span class='ocrx_word' id='word_1_227' title='bbox 930 3428 1461 3503; x_wconf 86' lang='lat' dir='ltr'>IntelligitTreviros</span> <span class='ocrx_word' id='word_1_228' title='bbox 1512 3433 1567 3481; x_wconf 93' lang='lat' dir='ltr'>et</span> <span class='ocrx_word' id='word_1_229' title='bbox 1599 3426 2004 3494; x_wconf 77' lang='lat' dir='ltr'>circumjecen-</span> 
     </span>
    </p>
   </div>
   <div class='ocr_carea' id='block_1_37' title="bbox 392 3516 2001 3592">
    <p class='ocr_par' dir='ltr' id='par_1_37' title="bbox 392 3516 2001 3592">
     <span class='ocr_line' id='line_1_37' title="bbox 392 3516 2001 3592; baseline -0.007 -11"><span class='ocrx_word' id='word_1_230' title='bbox 392 3533 496 3581; x_wconf 91' lang='lat' dir='ltr'>tes.</span> <span class='ocrx_word' id='word_1_231' title='bbox 528 3523 818 3579; x_wconf 87' lang='lat' dir='ltr'>Germania</span> <span class='ocrx_word' id='word_1_232' title='bbox 849 3521 1046 3592; x_wconf 91' lang='lat' dir='ltr'>prima,</span> <span class='ocrx_word' id='word_1_233' title='bbox 1078 3519 1258 3591; x_wconf 83' lang='lat' dir='ltr'>inquit</span> <span class='ocrx_word' id='word_1_234' title='bbox 1280 3518 1529 3591; x_wconf 89' lang='lat' dir='ltr'>Papirius</span> <span class='ocrx_word' id='word_1_235' title='bbox 1564 3517 1849 3573; x_wconf 81' lang='lat' dir='ltr'>Massonus</span> <span class='ocrx_word' id='word_1_236' title='bbox 1872 3516 2001 3572; x_wconf 78' lang='lat' dir='ltr'>lib.i</span> 
     </span>
    </p>
   </div>
   <div class='ocr_carea' id='block_1_38' title="bbox 393 3605 2003 3674">
    <p class='ocr_par' dir='ltr' id='par_1_38' title="bbox 393 3605 2003 3674">
     <span class='ocr_line' id='line_1_38' title="bbox 393 3605 2003 3674; baseline -0.006 -5"><span class='ocrx_word' id='word_1_237' title='bbox 393 3612 685 3669; x_wconf 84' lang='lat' dir='ltr'>Annalium</span> <span class='ocrx_word' id='word_1_238' title='bbox 718 3612 1051 3666; x_wconf 88' lang='lat' dir='ltr'>Francorum</span> <span class='ocrx_word' id='word_1_239' title='bbox 1079 3609 1133 3663; x_wconf 90' lang='lat' dir='ltr'>in</span> <span class='ocrx_word' id='word_1_240' title='bbox 1162 3608 1439 3673; x_wconf 82' lang='lat' dir='ltr'>Meroveo,</span> <span class='ocrx_word' id='word_1_241' title='bbox 1472 3607 1752 3674; x_wconf 77' lang='lat' dir='ltr'>Salviano,</span> <span class='ocrx_word' id='word_1_242' title='bbox 1772 3605 2003 3662; x_wconf 89' lang='lat' dir='ltr'>Sidonio</span> 
     </span>
    </p>
   </div>
   <div class='ocr_carea' id='block_1_39' title="bbox 393 3696 2009 3768">
    <p class='ocr_par' dir='ltr' id='par_1_39' title="bbox 393 3696 2009 3768">
     <span class='ocr_line' id='line_1_39' title="bbox 393 3696 2009 3768; baseline -0.006 -10"><span class='ocrx_word' id='word_1_243' title='bbox 393 3709 447 3758; x_wconf 90' lang='lat' dir='ltr'>et</span> <span class='ocrx_word' id='word_1_244' title='bbox 476 3700 756 3757; x_wconf 88' lang='lat' dir='ltr'>veteribus</span> <span class='ocrx_word' id='word_1_245' title='bbox 800 3700 882 3755; x_wconf 89' lang='lat' dir='ltr'>eis</span> <span class='ocrx_word' id='word_1_246' title='bbox 940 3699 1192 3755; x_wconf 82' lang='lat' dir='ltr'>Rhenum</span> <span class='ocrx_word' id='word_1_247' title='bbox 1250 3704 1353 3763; x_wconf 88' lang='lat' dir='ltr'>est,</span> <span class='ocrx_word' id='word_1_248' title='bbox 1396 3698 1466 3752; x_wconf 90' lang='lat' dir='ltr'>ad</span> <span class='ocrx_word' id='word_1_249' title='bbox 1498 3712 1663 3768; x_wconf 87' lang='lat' dir='ltr'>quam</span> <span class='ocrx_word' id='word_1_250' title='bbox 1692 3696 2009 3750; x_wconf 83' lang='lat' dir='ltr'>Ammianus</span> 
     </span>
    </p>
   </div>
   <div class='ocr_carea' id='block_1_40' title="bbox 392 3776 2006 3865">
    <p class='ocr_par' dir='ltr' id='par_1_40' title="bbox 392 3776 2006 3865">
     <span class='ocr_line' id='line_1_40' title="bbox 392 3776 2006 3865; baseline -0.006 -15"><span class='ocrx_word' id='word_1_251' title='bbox 392 3802 577 3850; x_wconf 88' lang='lat' dir='ltr'>narrat</span> <span class='ocrx_word' id='word_1_252' title='bbox 597 3801 795 3865; x_wconf 79' lang='lat' dir='ltr'>praeter</span> <span class='ocrx_word' id='word_1_253' title='bbox 837 3792 944 3847; x_wconf 90' lang='lat' dir='ltr'>alia</span> <span class='ocrx_word' id='word_1_254' title='bbox 974 3791 1249 3863; x_wconf 89' lang='lat' dir='ltr'>pertinere</span> <span class='ocrx_word' id='word_1_255' title='bbox 1302 3776 2006 3865; x_wconf 75' lang='lat' dir='ltr'>Moguntiacum,Vangio-</span> 
     </span>
    </p>
   </div>
   <div class='ocr_carea' id='block_1_41' title="bbox 392 3876 2005 3954">
    <p class='ocr_par' dir='ltr' id='par_1_41' title="bbox 392 3876 2005 3954">
     <span class='ocr_line' id='line_1_41' title="bbox 392 3876 2005 3954; baseline -0.007 -14"><span class='ocrx_word' id='word_1_256' title='bbox 392 3900 514 3951; x_wconf 88' lang='lat' dir='ltr'>nes,</span> <span class='ocrx_word' id='word_1_257' title='bbox 545 3885 798 3939; x_wconf 89' lang='lat' dir='ltr'>Nemetes</span> <span class='ocrx_word' id='word_1_258' title='bbox 849 3888 904 3937; x_wconf 92' lang='lat' dir='ltr'>et</span> <span class='ocrx_word' id='word_1_259' title='bbox 940 3882 1383 3954; x_wconf 81' lang='lat' dir='ltr'>Argentoratum.</span> <span class='ocrx_word' id='word_1_260' title='bbox 1439 3880 1590 3934; x_wconf 90' lang='lat' dir='ltr'>Idem</span> <span class='ocrx_word' id='word_1_261' title='bbox 1630 3879 1918 3934; x_wconf 87' lang='lat' dir='ltr'>Massonus</span> <span class='ocrx_word' id='word_1_262' title='bbox 1949 3876 2005 3929; x_wconf 92' lang='lat' dir='ltr'>in</span> 
     </span>
    </p>
   </div>
   <div class='ocr_carea' id='block_1_42' title="bbox 394 3968 2009 4047">
    <p class='ocr_par' dir='ltr' id='par_1_42' title="bbox 394 3968 2009 4047">
     <span class='ocr_line' id='line_1_42' title="bbox 394 3968 2009 4047; baseline -0.007 -15"><span class='ocrx_word' id='word_1_263' title='bbox 394 3975 666 4032; x_wconf 87' lang='lat' dir='ltr'>Clodoveo</span> <span class='ocrx_word' id='word_1_264' title='bbox 717 3973 791 4028; x_wconf 87' lang='lat' dir='ltr'>ait</span> <span class='ocrx_word' id='word_1_265' title='bbox 834 3972 1189 4047; x_wconf 78' lang='lat' dir='ltr'>Agrippinam</span> <span class='ocrx_word' id='word_1_266' title='bbox 1243 3971 1545 4041; x_wconf 31' lang='lat' dir='ltr'>Coloniam,</span> <span class='ocrx_word' id='word_1_267' title='bbox 1575 3971 1719 4025; x_wconf 88' lang='lat' dir='ltr'>inter</span> <span class='ocrx_word' id='word_1_268' title='bbox 1758 3968 2009 4025; x_wconf 79' lang='lat' dir='ltr'>civitates</span> 
     </span>
    </p>
   </div>
   <div class='ocr_carea' id='block_1_43' title="bbox 391 4062 2008 4135">
    <p class='ocr_par' dir='ltr' id='par_1_43' title="bbox 391 4062 2008 4135">
     <span class='ocr_line' id='line_1_43' title="bbox 391 4062 2008 4135; baseline -0.006 -14"><span class='ocrx_word' id='word_1_269' title='bbox 391 4067 699 4122; x_wconf 65' lang='lat' dir='ltr'>Germania:</span> <span class='ocrx_word' id='word_1_270' title='bbox 745 4064 1002 4120; x_wconf 58' lang='lat' dir='ltr'>secunda</span> <span class='ocrx_word' id='word_1_271' title='bbox 1051 4063 1257 4135; x_wconf 88' lang='lat' dir='ltr'>primas</span> <span class='ocrx_word' id='word_1_272' title='bbox 1303 4071 1518 4118; x_wconf 86' lang='lat' dir='ltr'>tenere.</span> <span class='ocrx_word' id='word_1_273' title='bbox 1573 4062 1634 4116; x_wconf 91' lang='lat' dir='ltr'><strong>In</strong></span> <span class='ocrx_word' id='word_1_274' title='bbox 1690 4062 1884 4117; x_wconf 89' lang='lat' dir='ltr'>eadem</span> <span class='ocrx_word' id='word_1_275' title='bbox 1925 4065 2008 4114; x_wconf 91' lang='lat' dir='ltr'>est</span> 
     </span>
    </p>
   </div>
   <div class='ocr_carea' id='block_1_44' title="bbox 391 4150 2009 4235">
    <p class='ocr_par' dir='ltr' id='par_1_44' title="bbox 391 4150 2009 4235">
     <span class='ocr_line' id='line_1_44' title="bbox 391 4150 2009 4235; baseline -0.006 -22"><span class='ocrx_word' id='word_1_276' title='bbox 391 4159 740 4235; x_wconf 85' lang='lat' dir='ltr'>Tungrorum</span> <span class='ocrx_word' id='word_1_277' title='bbox 781 4156 992 4213; x_wconf 85' lang='lat' dir='ltr'>civitas.</span> <span class='ocrx_word' id='word_1_278' title='bbox 1052 4155 1188 4209; x_wconf 90' lang='lat' dir='ltr'>Vide</span> <span class='ocrx_word' id='word_1_279' title='bbox 1219 4155 1361 4209; x_wconf 81' lang='lat' dir='ltr'>infra</span> <span class='ocrx_word' id='word_1_280' title='bbox 1399 4153 1469 4209; x_wconf 90' lang='lat' dir='ltr'>ad</span> <span class='ocrx_word' id='word_1_281' title='bbox 1519 4168 1550 4208; x_wconf 91' lang='lat' dir='ltr'>c</span> <span class='ocrx_word' id='word_1_282' title='bbox 1625 4152 1718 4220; x_wconf 73' lang='grc'>25,</span> <span class='ocrx_word' id='word_1_283' title='bbox 1771 4150 2009 4224; x_wconf 84' lang='lat' dir='ltr'>Contigit</span> 
     </span>
    </p>
   </div>
   <div class='ocr_carea' id='block_1_45' title="bbox 391 4245 1699 4322">
    <p class='ocr_par' dir='ltr' id='par_1_45' title="bbox 391 4245 1699 4322">
     <span class='ocr_line' id='line_1_45' title="bbox 391 4245 1699 4322; baseline -0.005 -16"><span class='ocrx_word' id='word_1_284' title='bbox 391 4261 575 4306; x_wconf 89' lang='lat' dir='ltr'>autem</span> <span class='ocrx_word' id='word_1_285' title='bbox 598 4252 715 4306; x_wconf 84' lang='lat' dir='ltr'>haec</span> <span class='ocrx_word' id='word_1_286' title='bbox 745 4250 917 4322; x_wconf 88' lang='lat' dir='ltr'>pestis</span> <span class='ocrx_word' id='word_1_287' title='bbox 947 4263 1093 4303; x_wconf 89' lang='lat' dir='ltr'>anno</span> <span class='ocrx_word' id='word_1_288' title='bbox 1110 4248 1233 4311; x_wconf 82' lang='grc'>565,</span> <span class='ocrx_word' id='word_1_289' title='bbox 1267 4254 1412 4303; x_wconf 91' lang='lat' dir='ltr'>teste</span> <span class='ocrx_word' id='word_1_290' title='bbox 1442 4245 1699 4303; x_wconf 88' lang='lat' dir='ltr'>Baronio.</span> 
     </span>
    </p>
   </div>
   <div class='ocr_carea' id='block_1_46' title="bbox 1026 4336 1382 4393">
    <p class='ocr_par' dir='ltr' id='par_1_46' title="bbox 1026 4336 1382 4393">
     <span class='ocr_line' id='line_1_46' title="bbox 1026 4336 1382 4393; baseline 0.006 -2"><span class='ocrx_word' id='word_1_291' title='bbox 1026 4336 1243 4393; x_wconf 86' lang='lat' dir='ltr'>CAPUT</span> <span class='ocrx_word' id='word_1_292' title='bbox 1275 4338 1382 4393; x_wconf 87' lang='lat' dir='ltr'><strong>XX.</strong></span> 
     </span>
    </p>
   </div>
   <div class='ocr_carea' id='block_1_47' title="bbox 461 4426 2009 4501">
    <p class='ocr_par' dir='ltr' id='par_1_47' title="bbox 461 4426 2009 4501">
     <span class='ocr_line' id='line_1_47' title="bbox 461 4426 2009 4501; baseline -0.004 -15"><span class='ocrx_word' id='word_1_293' title='bbox 461 4433 524 4487; x_wconf 87' lang='lat' dir='ltr'><strong>In</strong></span> <span class='ocrx_word' id='word_1_294' title='bbox 547 4436 724 4487; x_wconf 86' lang='lat' dir='ltr'>monte</span> <span class='ocrx_word' id='word_1_295' title='bbox 741 4432 1074 4487; x_wconf 87' lang='lat' dir='ltr'>Bardonum.</span> <span class='ocrx_word' id='word_1_296' title='bbox 1100 4431 1150 4486; x_wconf 91' lang='lat' dir='ltr'><strong>Is</strong></span> <span class='ocrx_word' id='word_1_297' title='bbox 1181 4430 1380 4501; x_wconf 89' lang='lat' dir='ltr'>estqui</span> <span class='ocrx_word' id='word_1_298' title='bbox 1404 4429 1513 4484; x_wconf 91' lang='lat' dir='ltr'>alio</span> <span class='ocrx_word' id='word_1_299' title='bbox 1548 4427 1774 4483; x_wconf 91' lang='lat' dir='ltr'>nomine</span> <span class='ocrx_word' id='word_1_300' title='bbox 1821 4426 2009 4497; x_wconf 89' lang='lat' dir='ltr'>Apen-</span> 
     </span>
    </p>
   </div>
   <div class='ocr_carea' id='block_1_48' title="bbox 395 4515 2009 4591">
    <p class='ocr_par' dir='ltr' id='par_1_48' title="bbox 395 4515 2009 4591">
     <span class='ocr_line' id='line_1_48' title="bbox 395 4515 2009 4591; baseline -0.004 -15"><span class='ocrx_word' id='word_1_301' title='bbox 395 4521 520 4576; x_wconf 88' lang='lat' dir='ltr'>nius</span> <span class='ocrx_word' id='word_1_302' title='bbox 547 4521 769 4588; x_wconf 87' lang='lat' dir='ltr'>dicitur,</span> <span class='ocrx_word' id='word_1_303' title='bbox 828 4520 921 4591; x_wconf 92' lang='lat' dir='ltr'>qui</span> <span class='ocrx_word' id='word_1_304' title='bbox 982 4520 1188 4575; x_wconf 89' lang='lat' dir='ltr'>Italiam</span> <span class='ocrx_word' id='word_1_305' title='bbox 1249 4519 1554 4575; x_wconf 91' lang='lat' dir='ltr'>secundum</span> <span class='ocrx_word' id='word_1_306' title='bbox 1605 4515 2009 4591; x_wconf 82' lang='lat' dir='ltr'>longitudinem</span> 
     </span>
    </p>
   </div>
   <div class='ocr_carea' id='block_1_49' title="bbox 393 4607 1865 4682">
    <p class='ocr_par' dir='ltr' id='par_1_49' title="bbox 393 4607 1865 4682">
     <span class='ocr_line' id='line_1_49' title="bbox 393 4607 1865 4682; baseline -0.003 -18"><span class='ocrx_word' id='word_1_307' title='bbox 393 4610 605 4665; x_wconf 81' lang='lat' dir='ltr'>dividit.</span> <span class='ocrx_word' id='word_1_308' title='bbox 640 4610 773 4664; x_wconf 87' lang='lat' dir='ltr'>Vide</span> <span class='ocrx_word' id='word_1_309' title='bbox 805 4610 1010 4665; x_wconf 90' lang='lat' dir='ltr'>Ortellii</span> <span class='ocrx_word' id='word_1_310' title='bbox 1038 4609 1375 4663; x_wconf 90' lang='lat' dir='ltr'>Thesaurum</span> <span class='ocrx_word' id='word_1_311' title='bbox 1410 4607 1865 4682; x_wconf 79' lang='lat' dir='ltr'>geograpliicum.</span> 
     </span>
    </p>
   </div>
   <div class='ocr_carea' id='block_1_50' title="bbox 466 4700 2009 4769">
    <p class='ocr_par' dir='ltr' id='par_1_50' title="bbox 466 4700 2009 4769">
     <span class='ocr_line' id='line_1_50' title="bbox 466 4700 2009 4769; baseline -0.005 -12"><span class='ocrx_word' id='word_1_312' title='bbox 466 4702 624 4769; x_wconf 82' lang='lat' dir='ltr'>Quod</span> <span class='ocrx_word' id='word_1_313' title='bbox 650 4708 873 4756; x_wconf 78' lang='lat' dir='ltr'>uocatur</span> <span class='ocrx_word' id='word_1_314' title='bbox 898 4704 1196 4756; x_wconf 86' lang='lat' dir='ltr'>Bercetum.</span> <span class='ocrx_word' id='word_1_315' title='bbox 1231 4700 1376 4754; x_wconf 88' lang='lat' dir='ltr'>Alias</span> <span class='ocrx_word' id='word_1_316' title='bbox 1409 4703 1701 4765; x_wconf 85' lang='lat' dir='ltr'>Berterum,</span> <span class='ocrx_word' id='word_1_317' title='bbox 1734 4700 2009 4753; x_wconf 83' lang='lat' dir='ltr'>Bertecum</span> 
     </span>
    </p>
   </div>
   <div class='ocr_carea' id='block_1_51' title="bbox 395 4790 2006 4850">
    <p class='ocr_par' dir='ltr' id='par_1_51' title="bbox 395 4790 2006 4850">
     <span class='ocr_line' id='line_1_51' title="bbox 395 4790 2006 4850; baseline -0.005 -1"><span class='ocrx_word' id='word_1_318' title='bbox 395 4800 450 4849; x_wconf 90' lang='lat' dir='ltr'>et</span> <span class='ocrx_word' id='word_1_319' title='bbox 477 4794 762 4849; x_wconf 86' lang='lat' dir='ltr'>Berletum.</span> <span class='ocrx_word' id='word_1_320' title='bbox 799 4792 907 4847; x_wconf 86' lang='lat' dir='ltr'>Sed</span> <span class='ocrx_word' id='word_1_321' title='bbox 952 4793 1241 4848; x_wconf 90' lang='lat' dir='ltr'>Bercetum</span> <span class='ocrx_word' id='word_1_322' title='bbox 1304 4808 1427 4846; x_wconf 88' lang='lat' dir='ltr'>esse</span> <span class='ocrx_word' id='word_1_323' title='bbox 1475 4807 1659 4847; x_wconf 84' lang='lat' dir='ltr'>veram</span> <span class='ocrx_word' id='word_1_324' title='bbox 1692 4790 2006 4850; x_wconf 90' lang='lat' dir='ltr'>lectionem,</span> 
     </span>
    </p>
   </div>
   <div class='ocr_carea' id='block_1_52' title="bbox 397 4878 2011 4953">
    <p class='ocr_par' dir='ltr' id='par_1_52' title="bbox 397 4878 2011 4953">
     <span class='ocr_line' id='line_1_52' title="bbox 397 4878 2011 4953; baseline -0.006 -14"><span class='ocrx_word' id='word_1_325' title='bbox 397 4899 561 4953; x_wconf 89' lang='lat' dir='ltr'>quam</span> <span class='ocrx_word' id='word_1_326' title='bbox 594 4883 798 4937; x_wconf 89' lang='lat' dir='ltr'>habeat</span> <span class='ocrx_word' id='word_1_327' title='bbox 840 4881 1068 4937; x_wconf 86' lang='lat' dir='ltr'>meliora</span> <span class='ocrx_word' id='word_1_328' title='bbox 1107 4880 1462 4950; x_wconf 89' lang='lat' dir='ltr'>exemplaria,</span> <span class='ocrx_word' id='word_1_329' title='bbox 1495 4878 1760 4949; x_wconf 88' lang='lat' dir='ltr'>probatur</span> <span class='ocrx_word' id='word_1_330' title='bbox 1789 4892 2011 4948; x_wconf 88' lang='lat' dir='ltr'>quoque</span> 
     </span>
    </p>
   </div>
   <div class='ocr_carea' id='block_1_53' title="bbox 393 4965 2010 5042">
    <p class='ocr_par' dir='ltr' id='par_1_53' title="bbox 393 4965 2010 5042">
     <span class='ocr_line' id='line_1_53' title="bbox 393 4965 2010 5042; baseline -0.004 -16"><span class='ocrx_word' id='word_1_331' title='bbox 393 4986 459 5026; x_wconf 90' lang='lat' dir='ltr'>ex</span> <span class='ocrx_word' id='word_1_332' title='bbox 489 4972 657 5026; x_wconf 89' lang='lat' dir='ltr'>Paulo</span> <span class='ocrx_word' id='word_1_333' title='bbox 678 4971 920 5026; x_wconf 91' lang='lat' dir='ltr'>Diacono</span> <span class='ocrx_word' id='word_1_334' title='bbox 972 4969 1067 5042; x_wconf 89' lang='lat' dir='ltr'>qui</span> <span class='ocrx_word' id='word_1_335' title='bbox 1133 4968 1386 5024; x_wconf 89' lang='lat' dir='ltr'>meminit</span> <span class='ocrx_word' id='word_1_336' title='bbox 1412 4968 1578 5037; x_wconf 88' lang='lat' dir='ltr'>hujus</span> <span class='ocrx_word' id='word_1_337' title='bbox 1608 4966 1932 5022; x_wconf 88' lang='lat' dir='ltr'>monasterii</span> <span class='ocrx_word' id='word_1_338' title='bbox 1956 4965 2010 5019; x_wconf 90' lang='lat' dir='ltr'>in</span> 
     </span>
    </p>
   </div>
   <div class='ocr_carea' id='block_1_54' title="bbox 393 5062 1705 5135">
    <p class='ocr_par' dir='ltr' id='par_1_54' title="bbox 393 5062 1705 5135">
     <span class='ocr_line' id='line_1_54' title="bbox 393 5062 1705 5135; baseline -0.003 -14"><span class='ocrx_word' id='word_1_339' title='bbox 393 5065 669 5121; x_wconf 89' lang='lat' dir='ltr'>Bardonis</span> <span class='ocrx_word' id='word_1_340' title='bbox 695 5064 924 5135; x_wconf 87' lang='lat' dir='ltr'>Alpibus</span> <span class='ocrx_word' id='word_1_341' title='bbox 954 5082 985 5119; x_wconf 90' lang='lat' dir='ltr'>a</span> <span class='ocrx_word' id='word_1_342' title='bbox 1018 5063 1351 5135; x_wconf 88' lang='lat' dir='ltr'>Luitprando</span> <span class='ocrx_word' id='word_1_343' title='bbox 1384 5062 1705 5118; x_wconf 86' lang='lat' dir='ltr'>constructi.</span> 
     </span>
    </p>
   </div>
   <div class='ocr_carea' id='block_1_55' title="bbox 466 5152 2015 5222">
    <p class='ocr_par' dir='ltr' id='par_1_55' title="bbox 466 5152 2015 5222">
     <span class='ocr_line' id='line_1_55' title="bbox 466 5152 2015 5222; baseline -0.002 -15"><span class='ocrx_word' id='word_1_344' title='bbox 466 5154 695 5219; x_wconf 81' lang='lat' dir='ltr'>Quando</span> <span class='ocrx_word' id='word_1_345' title='bbox 709 5158 814 5208; x_wconf 87' lang='lat' dir='ltr'>tres</span> <span class='ocrx_word' id='word_1_346' title='bbox 842 5156 1069 5222; x_wconf 83' lang='lat' dir='ltr'>fratres,</span> <span class='ocrx_word' id='word_1_347' title='bbox 1101 5154 1415 5218; x_wconf 83' lang='lat' dir='ltr'>Lotharius,</span> <span class='ocrx_word' id='word_1_348' title='bbox 1443 5152 1750 5206; x_wconf 77' lang='lat' dir='ltr'>Ludovicus</span> <span class='ocrx_word' id='word_1_349' title='bbox 1780 5154 1829 5204; x_wconf 88' lang='lat' dir='ltr'>et</span> <span class='ocrx_word' id='word_1_350' title='bbox 1844 5152 2015 5205; x_wconf 70' lang='grc' dir='ltr'>ÎšÎ±Î½Î¿-</span> 
     </span>
    </p>
   </div>
   <div class='ocr_carea' id='block_1_56' title="bbox 399 5244 2016 5315">
    <p class='ocr_par' dir='ltr' id='par_1_56' title="bbox 399 5244 2016 5315">
     <span class='ocr_line' id='line_1_56' title="bbox 399 5244 2016 5315; baseline -0.002 -16"><span class='ocrx_word' id='word_1_351' title='bbox 399 5248 509 5313; x_wconf 89' lang='lat' dir='ltr'>lus,</span> <span class='ocrx_word' id='word_1_352' title='bbox 549 5261 774 5312; x_wconf 82' lang='lat' dir='ltr'>regnum</span> <span class='ocrx_word' id='word_1_353' title='bbox 802 5248 909 5301; x_wconf 83' lang='lat' dir='ltr'>sibi</span> <span class='ocrx_word' id='word_1_354' title='bbox 936 5249 1268 5301; x_wconf 87' lang='lat' dir='ltr'>Francorum</span> <span class='ocrx_word' id='word_1_355' title='bbox 1291 5249 1415 5315; x_wconf 80' lang='lat' dir='ltr'>post</span> <span class='ocrx_word' id='word_1_356' title='bbox 1442 5246 1620 5314; x_wconf 80' lang='lat' dir='ltr'>patris</span> <span class='ocrx_word' id='word_1_357' title='bbox 1647 5245 1850 5299; x_wconf 84' lang='lat' dir='ltr'>obitum</span> <span class='ocrx_word' id='word_1_358' title='bbox 1868 5244 2016 5298; x_wconf 86' lang='lat' dir='ltr'>divi-</span> 
     </span>
    </p>
   </div>
   <div class='ocr_carea' id='block_1_57' title="bbox 397 5336 2025 5406">
    <p class='ocr_par' dir='ltr' id='par_1_57' title="bbox 397 5336 2025 5406">
     <span class='ocr_line' id='line_1_57' title="bbox 397 5336 2025 5406; baseline 0.001 -15"><span class='ocrx_word' id='word_1_359' title='bbox 397 5352 534 5391; x_wconf 79' lang='lat' dir='ltr'>sere.</span> <span class='ocrx_word' id='word_1_360' title='bbox 561 5336 647 5389; x_wconf 83' lang='lat' dir='ltr'>MS</span> <span class='ocrx_word' id='word_1_361' title='bbox 703 5337 905 5393; x_wconf 89' lang='lat' dir='ltr'>omittit</span> <span class='ocrx_word' id='word_1_362' title='bbox 961 5339 1260 5394; x_wconf 88' lang='lat' dir='ltr'>dictionem</span> <span class='ocrx_word' id='word_1_363' title='bbox 1307 5338 1667 5406; x_wconf 88' lang='lat' dir='ltr'>Francorum,</span> <span class='ocrx_word' id='word_1_364' title='bbox 1725 5338 2025 5394; x_wconf 77' lang='lat' dir='ltr'>necliabet</span> 
     </span>
    </p>
   </div>
   <div class='ocr_carea' id='block_1_58' title="bbox 398 5423 2022 5489">
    <p class='ocr_par' dir='ltr' id='par_1_58' title="bbox 398 5423 2022 5489">
     <span class='ocr_line' id='line_1_58' title="bbox 398 5423 2022 5489; baseline 0.002 -12"><span class='ocrx_word' id='word_1_365' title='bbox 398 5423 746 5489; x_wconf 83' lang='lat' dir='ltr'>Ilincmarus,</span> <span class='ocrx_word' id='word_1_366' title='bbox 766 5432 818 5478; x_wconf 92' lang='lat' dir='ltr'>et</span> <span class='ocrx_word' id='word_1_367' title='bbox 852 5426 987 5481; x_wconf 82' lang='lat' dir='ltr'>forte</span> <span class='ocrx_word' id='word_1_368' title='bbox 1018 5428 1240 5482; x_wconf 90' lang='lat' dir='ltr'>rectius.</span> <span class='ocrx_word' id='word_1_369' title='bbox 1303 5427 1439 5483; x_wconf 90' lang='lat' dir='ltr'>Sunt</span> <span class='ocrx_word' id='word_1_370' title='bbox 1465 5434 1646 5483; x_wconf 84' lang='lat' dir='ltr'>autem</span> <span class='ocrx_word' id='word_1_371' title='bbox 1699 5428 1754 5482; x_wconf 83' lang='lat' dir='ltr'>lii</span> <span class='ocrx_word' id='word_1_372' title='bbox 1784 5435 1897 5483; x_wconf 90' lang='lat' dir='ltr'>tres</span> <span class='ocrx_word' id='word_1_373' title='bbox 1924 5427 2022 5482; x_wconf 79' lang='lat' dir='ltr'>filii</span> 
     </span>
    </p>
   </div>
   <div class='ocr_carea' id='block_1_59' title="bbox 401 5511 2027 5590">
    <p class='ocr_par' dir='ltr' id='par_1_59' title="bbox 401 5511 2027 5590">
     <span class='ocr_line' id='line_1_59' title="bbox 401 5511 2027 5590; baseline 0.004 -23"><span class='ocrx_word' id='word_1_374' title='bbox 401 5511 667 5569; x_wconf 89' lang='lat' dir='ltr'>Ludovici</span> <span class='ocrx_word' id='word_1_375' title='bbox 691 5513 771 5581; x_wconf 92' lang='lat' dir='ltr'>pii</span> <span class='ocrx_word' id='word_1_376' title='bbox 804 5513 997 5585; x_wconf 91' lang='lat' dir='ltr'>imper.</span> <span class='ocrx_word' id='word_1_377' title='bbox 1024 5516 1276 5573; x_wconf 87' lang='lat' dir='ltr'>Lothario</span> <span class='ocrx_word' id='word_1_378' title='bbox 1304 5520 1470 5573; x_wconf 87' lang='lat' dir='ltr'>cessit</span> <span class='ocrx_word' id='word_1_379' title='bbox 1500 5519 1815 5590; x_wconf 89' lang='lat' dir='ltr'>imperium,</span> <span class='ocrx_word' id='word_1_380' title='bbox 1844 5519 2027 5575; x_wconf 91' lang='lat' dir='ltr'>Ludo-</span> 
     </span>
    </p>
   </div>
   <div class='ocr_carea' id='block_1_60' title="bbox 398 5602 1566 5670">
    <p class='ocr_par' dir='ltr' id='par_1_60' title="bbox 398 5602 1566 5670">
     <span class='ocr_line' id='line_1_60' title="bbox 398 5602 1566 5670; baseline 0.006 -11"><span class='ocrx_word' id='word_1_381' title='bbox 398 5603 522 5659; x_wconf 92' lang='lat' dir='ltr'>vico</span> <span class='ocrx_word' id='word_1_382' title='bbox 554 5602 864 5670; x_wconf 88' lang='lat' dir='ltr'>Germania,</span> <span class='ocrx_word' id='word_1_383' title='bbox 910 5605 1099 5660; x_wconf 87' lang='lat' dir='ltr'>Carolo</span> <span class='ocrx_word' id='word_1_384' title='bbox 1132 5605 1289 5662; x_wconf 87' lang='lat' dir='ltr'>Calvo</span> <span class='ocrx_word' id='word_1_385' title='bbox 1319 5609 1566 5666; x_wconf 90' lang='lat' dir='ltr'>Francia.</span> 
     </span>
    </p>
   </div>
   <div class='ocr_carea' id='block_1_61' title="bbox 478 5692 2028 5770">
    <p class='ocr_par' dir='ltr' id='par_1_61' title="bbox 478 5692 2028 5770">
     <span class='ocr_line' id='line_1_61' title="bbox 478 5692 2028 5770; baseline 0.005 -21"><span class='ocrx_word' id='word_1_386' title='bbox 478 5692 655 5749; x_wconf 78' lang='lat' dir='ltr'>Vilius</span> <span class='ocrx_word' id='word_1_387' title='bbox 680 5693 918 5761; x_wconf 81' lang='lat' dir='ltr'>episcOpi</span> <span class='ocrx_word' id='word_1_388' title='bbox 944 5694 1228 5759; x_wconf 84' lang='lat' dir='ltr'>Remensis,</span> <span class='ocrx_word' id='word_1_389' title='bbox 1274 5698 1420 5763; x_wconf 83' lang='lat' dir='ltr'>quod</span> <span class='ocrx_word' id='word_1_390' title='bbox 1437 5700 1648 5754; x_wconf 82' lang='lat' dir='ltr'>tenebat</span> <span class='ocrx_word' id='word_1_391' title='bbox 1682 5700 1846 5754; x_wconf 88' lang='lat' dir='ltr'>Fulco</span> <span class='ocrx_word' id='word_1_392' title='bbox 1873 5716 2028 5770; x_wconf 84' lang='lat' dir='ltr'>pres-</span> 
     </span>
    </p>
   </div>
   <div class='ocr_carea' id='block_1_62' title="bbox 401 5775 2025 5857">
    <p class='ocr_par' dir='ltr' id='par_1_62' title="bbox 401 5775 2025 5857">
     <span class='ocr_line' id='line_1_62' title="bbox 401 5775 2025 5857; baseline 0.006 -22"><span class='ocrx_word' id='word_1_393' title='bbox 401 5780 574 5850; x_wconf 79' lang='lat' dir='ltr'>byter.</span> <span class='ocrx_word' id='word_1_394' title='bbox 610 5775 701 5833; x_wconf 88' lang='lat' dir='ltr'>Sic</span> <span class='ocrx_word' id='word_1_395' title='bbox 721 5777 907 5833; x_wconf 87' lang='lat' dir='ltr'>omnia</span> <span class='ocrx_word' id='word_1_396' title='bbox 943 5779 1277 5848; x_wconf 85' lang='lat' dir='ltr'>exemplaria</span> <span class='ocrx_word' id='word_1_397' title='bbox 1319 5789 1527 5854; x_wconf 88' lang='lat' dir='ltr'>vetera,</span> <span class='ocrx_word' id='word_1_398' title='bbox 1578 5793 1634 5842; x_wconf 92' lang='lat' dir='ltr'>et</span> <span class='ocrx_word' id='word_1_399' title='bbox 1681 5786 2025 5857; x_wconf 81' lang='lat' dir='ltr'>Hincmarus,</span> 
     </span>
    </p>
   </div>
   <div class='ocr_carea' id='block_1_63' title="bbox 2028 4618 2089 4688">
    <p class='ocr_par' dir='ltr' id='par_1_63' title="bbox 2028 4618 2089 4688">
     <span class='ocr_line' id='line_1_63' title="bbox 2028 4618 2089 4688; baseline 0 0"><span class='ocrx_word' id='word_1_400' title='bbox 2028 4618 2089 4688; x_wconf 89' lang='lat' dir='ltr'>D</span> 
     </span>
    </p>
   </div>
   <div class='ocr_carea' id='block_1_64' title="bbox 2090 582 3708 669">
    <p class='ocr_par' dir='ltr' id='par_1_64' title="bbox 2090 582 3708 669">
     <span class='ocr_line' id='line_1_64' title="bbox 2090 582 3708 669; baseline -0.008 -19"><span class='ocrx_word' id='word_1_401' title='bbox 2090 596 2295 669; x_wconf 89' lang='lat' dir='ltr'>posito,</span> <span class='ocrx_word' id='word_1_402' title='bbox 2323 603 2384 649; x_wconf 92' lang='lat' dir='ltr'>ut</span> <span class='ocrx_word' id='word_1_403' title='bbox 2413 598 2564 664; x_wconf 90' lang='lat' dir='ltr'>patet</span> <span class='ocrx_word' id='word_1_404' title='bbox 2588 607 2655 645; x_wconf 89' lang='lat' dir='ltr'>ex</span> <span class='ocrx_word' id='word_1_405' title='bbox 2683 588 2878 644; x_wconf 91' lang='lat' dir='ltr'>ultimo</span> <span class='ocrx_word' id='word_1_406' title='bbox 2930 602 3052 657; x_wconf 91' lang='lat' dir='ltr'>cap.</span> <span class='ocrx_word' id='word_1_407' title='bbox 3081 584 3182 640; x_wconf 89' lang='lat' dir='ltr'>lib.</span> <span class='ocrx_word' id='word_1_408' title='bbox 3214 601 3272 650; x_wconf 80' lang='grc' dir='ltr'>Î¹Î¹,</span> <span class='ocrx_word' id='word_1_409' title='bbox 3304 592 3428 640; x_wconf 90' lang='lat' dir='ltr'>etc.</span> <span class='ocrx_word' id='word_1_410' title='bbox 3453 584 3480 637; x_wconf 87' lang='grc'>1</span> <span class='ocrx_word' id='word_1_411' title='bbox 3515 582 3595 636; x_wconf 92' lang='lat' dir='ltr'>lib</span> <span class='ocrx_word' id='word_1_412' title='bbox 3625 600 3708 652; x_wconf 90' lang='grc' dir='ltr'><strong>Î¹Î¹Î¹,</strong></span> 
     </span>
    </p>
   </div>
   <div class='ocr_carea' id='block_1_65' title="bbox 2090 677 3710 761">
    <p class='ocr_par' dir='ltr' id='par_1_65' title="bbox 2090 677 3710 761">
     <span class='ocr_line' id='line_1_65' title="bbox 2090 677 3710 761; baseline -0.009 -16"><span class='ocrx_word' id='word_1_413' title='bbox 2090 689 2313 761; x_wconf 90' lang='lat' dir='ltr'>quando</span> <span class='ocrx_word' id='word_1_414' title='bbox 2344 687 2507 742; x_wconf 86' lang='lat' dir='ltr'>sedes</span> <span class='ocrx_word' id='word_1_415' title='bbox 2540 701 2640 756; x_wconf 89' lang='lat' dir='ltr'>per</span> <span class='ocrx_word' id='word_1_416' title='bbox 2666 684 2857 737; x_wconf 88' lang='lat' dir='ltr'>decem</span> <span class='ocrx_word' id='word_1_417' title='bbox 2916 694 3095 735; x_wconf 86' lang='lat' dir='ltr'>annos</span> <span class='ocrx_word' id='word_1_418' title='bbox 3124 677 3355 735; x_wconf 89' lang='lat' dir='ltr'>vacavit.</span> <span class='ocrx_word' id='word_1_419' title='bbox 3385 678 3565 742; x_wconf 85' lang='lat' dir='ltr'>Quare</span> <span class='ocrx_word' id='word_1_420' title='bbox 3596 692 3710 733; x_wconf 90' lang='lat' dir='ltr'>non</span> 
     </span>
    </p>
   </div>
   <div class='ocr_carea' id='block_1_66' title="bbox 2091 769 3714 852">
    <p class='ocr_par' dir='ltr' id='par_1_66' title="bbox 2091 769 3714 852">
     <span class='ocr_line' id='line_1_66' title="bbox 2091 769 3714 852; baseline -0.008 -13"><span class='ocrx_word' id='word_1_421' title='bbox 2091 783 2279 839; x_wconf 75' lang='lat' dir='ltr'>recte]</span> <span class='ocrx_word' id='word_1_422' title='bbox 2310 782 2458 852; x_wconf 85' lang='lat' dir='ltr'>quod</span> <span class='ocrx_word' id='word_1_423' title='bbox 2488 778 2717 834; x_wconf 82' lang='lat' dir='ltr'>mutavit</span> <span class='ocrx_word' id='word_1_424' title='bbox 2744 777 2800 831; x_wconf 90' lang='lat' dir='ltr'>in</span> <span class='ocrx_word' id='word_1_425' title='bbox 2824 791 2982 846; x_wconf 82' lang='lat' dir='ltr'>quas,</span> <span class='ocrx_word' id='word_1_426' title='bbox 3014 780 3074 829; x_wconf 91' lang='lat' dir='ltr'>ut</span> <span class='ocrx_word' id='word_1_427' title='bbox 3114 773 3184 827; x_wconf 91' lang='lat' dir='ltr'>ad</span> <span class='ocrx_word' id='word_1_428' title='bbox 3215 772 3374 829; x_wconf 88' lang='lat' dir='ltr'>villas</span> <span class='ocrx_word' id='word_1_429' title='bbox 3439 769 3714 827; x_wconf 83' lang='lat' dir='ltr'>referatur</span> 
     </span>
    </p>
   </div>
   <div class='ocr_carea' id='block_1_67' title="bbox 2092 871 2921 936">
    <p class='ocr_par' dir='ltr' id='par_1_67' title="bbox 2092 871 2921 936">
     <span class='ocr_line' id='line_1_67' title="bbox 2092 871 2921 936; baseline -0.01 -2"><span class='ocrx_word' id='word_1_430' title='bbox 2092 879 2235 936; x_wconf 88' lang='lat' dir='ltr'>sicut</span> <span class='ocrx_word' id='word_1_431' title='bbox 2261 885 2315 933; x_wconf 85' lang='lat' dir='ltr'>et</span> <span class='ocrx_word' id='word_1_432' title='bbox 2347 878 2382 931; x_wconf 92' lang='lat' dir='ltr'>C</span> <span class='ocrx_word' id='word_1_433' title='bbox 2412 878 2465 931; x_wconf 92' lang='lat' dir='ltr'>in</span> <span class='ocrx_word' id='word_1_434' title='bbox 2494 876 2699 930; x_wconf 89' lang='lat' dir='ltr'>Gallico</span> <span class='ocrx_word' id='word_1_435' title='bbox 2717 871 2921 928; x_wconf 88' lang='lat' dir='ltr'>retulit.</span> 
     </span>
    </p>
   </div>
   <div class='ocr_carea' id='block_1_68' title="bbox 2168 956 3712 1035">
    <p class='ocr_par' dir='ltr' id='par_1_68' title="bbox 2168 956 3712 1035">
     <span class='ocr_line' id='line_1_68' title="bbox 2168 956 3712 1035; baseline -0.008 -10"><span class='ocrx_word' id='word_1_436' title='bbox 2168 971 2369 1027; x_wconf 81' lang='lat' dir='ltr'>Villam</span> <span class='ocrx_word' id='word_1_437' title='bbox 2393 969 2665 1022; x_wconf 85' lang='lat' dir='ltr'>Juliucum</span> <span class='ocrx_word' id='word_1_438' title='bbox 2689 964 2916 1035; x_wconf 82' lang='lat' dir='ltr'>quidam</span> <span class='ocrx_word' id='word_1_439' title='bbox 2945 962 3173 1017; x_wconf 84' lang='lat' dir='ltr'>Ricuino</span> <span class='ocrx_word' id='word_1_440' title='bbox 3218 959 3387 1014; x_wconf 78' lang='lat' dir='ltr'>dedit.</span> <span class='ocrx_word' id='word_1_441' title='bbox 3420 956 3712 1024; x_wconf 79' lang='lat' dir='ltr'>Quomodo</span> 
     </span>
    </p>
   </div>
   <div class='ocr_carea' id='block_1_69' title="bbox 2092 1048 3713 1127">
    <p class='ocr_par' dir='ltr' id='par_1_69' title="bbox 2092 1048 3713 1127">
     <span class='ocr_line' id='line_1_69' title="bbox 2092 1048 3713 1127; baseline -0.007 -11"><span class='ocrx_word' id='word_1_442' title='bbox 2092 1062 2234 1116; x_wconf 87' lang='lat' dir='ltr'>hanc</span> <span class='ocrx_word' id='word_1_443' title='bbox 2258 1060 2614 1116; x_wconf 89' lang='lat' dir='ltr'>donationem</span> <span class='ocrx_word' id='word_1_444' title='bbox 2639 1063 2829 1127; x_wconf 91' lang='lat' dir='ltr'>postea</span> <span class='ocrx_word' id='word_1_445' title='bbox 2884 1053 3027 1107; x_wconf 90' lang='lat' dir='ltr'>idem</span> <span class='ocrx_word' id='word_1_446' title='bbox 3070 1050 3295 1106; x_wconf 84' lang='lat' dir='ltr'>Carolus</span> <span class='ocrx_word' id='word_1_447' title='bbox 3323 1048 3519 1105; x_wconf 83' lang='lat' dir='ltr'>Calvus</span> <span class='ocrx_word' id='word_1_448' title='bbox 3550 1062 3713 1104; x_wconf 84' lang='lat' dir='ltr'>revo-</span> 
     </span>
    </p>
   </div>
   <div class='ocr_carea' id='block_1_70' title="bbox 2091 1143 3714 1223">
    <p class='ocr_par' dir='ltr' id='par_1_70' title="bbox 2091 1143 3714 1223">
     <span class='ocr_line' id='line_1_70' title="bbox 2091 1143 3714 1223; baseline -0.01 -11"><span class='ocrx_word' id='word_1_449' title='bbox 2091 1157 2317 1223; x_wconf 88' lang='lat' dir='ltr'>caverit,</span> <span class='ocrx_word' id='word_1_450' title='bbox 2348 1163 2407 1209; x_wconf 85' lang='lat' dir='ltr'>et</span> <span class='ocrx_word' id='word_1_451' title='bbox 2454 1153 2639 1208; x_wconf 89' lang='lat' dir='ltr'>villam</span> <span class='ocrx_word' id='word_1_452' title='bbox 2690 1151 2848 1205; x_wconf 91' lang='lat' dir='ltr'>istam</span> <span class='ocrx_word' id='word_1_453' title='bbox 2902 1163 3028 1201; x_wconf 90' lang='lat' dir='ltr'>cum</span> <span class='ocrx_word' id='word_1_454' title='bbox 3071 1146 3330 1201; x_wconf 86' lang='lat' dir='ltr'>omnibus</span> <span class='ocrx_word' id='word_1_455' title='bbox 3378 1144 3506 1199; x_wconf 89' lang='lat' dir='ltr'>aliis</span> <span class='ocrx_word' id='word_1_456' title='bbox 3546 1143 3714 1198; x_wconf 89' lang='lat' dir='ltr'>bonis</span> 
     </span>
    </p>
   </div>
   <div class='ocr_carea' id='block_1_71' title="bbox 2092 1231 3718 1317">
    <p class='ocr_par' dir='ltr' id='par_1_71' title="bbox 2092 1231 3718 1317">
     <span class='ocr_line' id='line_1_71' title="bbox 2092 1231 3718 1317; baseline -0.009 -17"><span class='ocrx_word' id='word_1_457' title='bbox 2092 1262 2213 1317; x_wconf 59' lang='lat' dir='ltr'>quin</span> <span class='ocrx_word' id='word_1_458' title='bbox 2243 1244 2481 1298; x_wconf 90' lang='lat' dir='ltr'>alienata</span> <span class='ocrx_word' id='word_1_459' title='bbox 2539 1240 2759 1294; x_wconf 83' lang='lat' dir='ltr'>fuerant</span> <span class='ocrx_word' id='word_1_460' title='bbox 2814 1236 3070 1291; x_wconf 66' lang='lat' dir='ltr'>Ecclesiae</span> <span class='ocrx_word' id='word_1_461' title='bbox 3115 1234 3374 1289; x_wconf 72' lang='lat' dir='ltr'>Itemensi</span> <span class='ocrx_word' id='word_1_462' title='bbox 3408 1231 3718 1287; x_wconf 85' lang='lat' dir='ltr'>restituerit</span> 
     </span>
    </p>
   </div>
   <div class='ocr_carea' id='block_1_72' title="bbox 2093 1324 3519 1408">
    <p class='ocr_par' dir='ltr' id='par_1_72' title="bbox 2093 1324 3519 1408">
     <span class='ocr_line' id='line_1_72' title="bbox 2093 1324 3519 1408; baseline -0.01 -17"><span class='ocrx_word' id='word_1_463' title='bbox 2093 1353 2187 1408; x_wconf 84' lang='lat' dir='ltr'>per</span> <span class='ocrx_word' id='word_1_464' title='bbox 2223 1335 2502 1402; x_wconf 91' lang='lat' dir='ltr'>publicum</span> <span class='ocrx_word' id='word_1_465' title='bbox 2531 1331 2793 1392; x_wconf 90' lang='lat' dir='ltr'>edictum,</span> <span class='ocrx_word' id='word_1_466' title='bbox 2823 1327 3011 1382; x_wconf 91' lang='lat' dir='ltr'>videre</span> <span class='ocrx_word' id='word_1_467' title='bbox 3044 1332 3126 1379; x_wconf 91' lang='lat' dir='ltr'>est</span> <span class='ocrx_word' id='word_1_468' title='bbox 3157 1325 3255 1379; x_wconf 90' lang='lat' dir='ltr'>lib.</span> <span class='ocrx_word' id='word_1_469' title='bbox 3281 1341 3360 1391; x_wconf 89' lang='grc' dir='ltr'><strong>Î¹Î¹Î¹,</strong></span> <span class='ocrx_word' id='word_1_470' title='bbox 3389 1339 3439 1378; x_wconf 91' lang='lat' dir='ltr'>c.</span> <span class='ocrx_word' id='word_1_471' title='bbox 3464 1324 3519 1377; x_wconf 79' lang='grc'>4.</span> 
     </span>
    </p>
   </div>
   <div class='ocr_carea' id='block_1_73' title="bbox 2163 1412 3722 1490">
    <p class='ocr_par' dir='ltr' id='par_1_73' title="bbox 2163 1412 3722 1490">
     <span class='ocr_line' id='line_1_73' title="bbox 2163 1412 3722 1490; baseline -0.008 -11"><span class='ocrx_word' id='word_1_472' title='bbox 2163 1425 2417 1480; x_wconf 81' lang='lat' dir='ltr'>Moderno</span> <span class='ocrx_word' id='word_1_473' title='bbox 2447 1427 2679 1490; x_wconf 82' lang='lat' dir='ltr'>tempore</span> <span class='ocrx_word' id='word_1_474' title='bbox 2716 1419 2933 1471; x_wconf 88' lang='lat' dir='ltr'>colonus</span> <span class='ocrx_word' id='word_1_475' title='bbox 2974 1413 3287 1485; x_wconf 73' lang='lat' dir='ltr'>quidamld</span> <span class='ocrx_word' id='word_1_476' title='bbox 3326 1412 3559 1487; x_wconf 84' lang='lat' dir='ltr'>contigit</span> <span class='ocrx_word' id='word_1_477' title='bbox 3584 1420 3722 1468; x_wconf 67' lang='lat' dir='ltr'>teta-</span> 
     </span>
    </p>
   </div>
   <div class='ocr_carea' id='block_1_74' title="bbox 2093 1503 3608 1579">
    <p class='ocr_par' dir='ltr' id='par_1_74' title="bbox 2093 1503 3608 1579">
     <span class='ocr_line' id='line_1_74' title="bbox 2093 1503 3608 1579; baseline -0.011 -10"><span class='ocrx_word' id='word_1_478' title='bbox 2093 1523 2147 1568; x_wconf 92' lang='lat' dir='ltr'>te</span> <span class='ocrx_word' id='word_1_479' title='bbox 2176 1510 2474 1579; x_wconf 86' lang='lat' dir='ltr'>Hincmari,</span> <span class='ocrx_word' id='word_1_480' title='bbox 2504 1525 2628 1562; x_wconf 91' lang='lat' dir='ltr'>nam</span> <span class='ocrx_word' id='word_1_481' title='bbox 2655 1508 2774 1577; x_wconf 91' lang='lat' dir='ltr'>ipse</span> <span class='ocrx_word' id='word_1_482' title='bbox 2805 1521 2902 1576; x_wconf 91' lang='lat' dir='ltr'>pro</span> <span class='ocrx_word' id='word_1_483' title='bbox 2935 1519 3001 1558; x_wconf 89' lang='lat' dir='ltr'>eo</span> <span class='ocrx_word' id='word_1_484' title='bbox 3041 1503 3196 1570; x_wconf 87' lang='lat' dir='ltr'>dicit,</span> <span class='ocrx_word' id='word_1_485' title='bbox 3216 1506 3406 1556; x_wconf 82' lang='lat' dir='ltr'>nostra</span> <span class='ocrx_word' id='word_1_486' title='bbox 3427 1505 3608 1555; x_wconf 71' lang='lat' dir='ltr'>(etate.</span> 
     </span>
    </p>
   </div>
   <div class='ocr_carea' id='block_1_75' title="bbox 2162 1588 3725 1669">
    <p class='ocr_par' dir='ltr' id='par_1_75' title="bbox 2162 1588 3725 1669">
     <span class='ocr_line' id='line_1_75' title="bbox 2162 1588 3725 1669; baseline -0.008 -13"><span class='ocrx_word' id='word_1_487' title='bbox 2162 1605 2266 1657; x_wconf 86' lang='lat' dir='ltr'>Pro</span> <span class='ocrx_word' id='word_1_488' title='bbox 2296 1616 2405 1669; x_wconf 86' lang='lat' dir='ltr'>qua</span> <span class='ocrx_word' id='word_1_489' title='bbox 2431 1615 2488 1652; x_wconf 87' lang='lat' dir='ltr'>re</span> <span class='ocrx_word' id='word_1_490' title='bbox 2535 1612 2707 1665; x_wconf 82' lang='lat' dir='ltr'>nuper</span> <span class='ocrx_word' id='word_1_491' title='bbox 2755 1609 2897 1648; x_wconf 79' lang='lat' dir='ltr'>anno</span> <span class='ocrx_word' id='word_1_492' title='bbox 2943 1594 3241 1663; x_wconf 67' lang='lat' dir='ltr'>praeterito,</span> <span class='ocrx_word' id='word_1_493' title='bbox 3290 1606 3410 1644; x_wconf 85' lang='lat' dir='ltr'>cum</span> <span class='ocrx_word' id='word_1_494' title='bbox 3455 1604 3582 1657; x_wconf 83' lang='lat' dir='ltr'>rege</span> <span class='ocrx_word' id='word_1_495' title='bbox 3620 1588 3725 1645; x_wconf 80' lang='lat' dir='ltr'>0t-</span> 
     </span>
    </p>
   </div>
   <div class='ocr_carea' id='block_1_76' title="bbox 2091 1682 3726 1763">
    <p class='ocr_par' dir='ltr' id='par_1_76' title="bbox 2091 1682 3726 1763">
     <span class='ocr_line' id='line_1_76' title="bbox 2091 1682 3726 1763; baseline -0.009 -12"><span class='ocrx_word' id='word_1_496' title='bbox 2091 1701 2211 1752; x_wconf 81' lang='lat' dir='ltr'>tone</span> <span class='ocrx_word' id='word_1_497' title='bbox 2236 1701 2285 1749; x_wconf 88' lang='lat' dir='ltr'>et</span> <span class='ocrx_word' id='word_1_498' title='bbox 2314 1695 2544 1763; x_wconf 75' lang='lat' dir='ltr'>prwfato</span> <span class='ocrx_word' id='word_1_499' title='bbox 2573 1691 2707 1745; x_wconf 89' lang='lat' dir='ltr'>duce</span> <span class='ocrx_word' id='word_1_500' title='bbox 2735 1690 2898 1743; x_wconf 83' lang='lat' dir='ltr'>locuti</span> <span class='ocrx_word' id='word_1_501' title='bbox 2951 1701 3154 1750; x_wconf 84' lang='lat' dir='ltr'>sumus,</span> <span class='ocrx_word' id='word_1_502' title='bbox 3188 1685 3406 1755; x_wconf 82' lang='lat' dir='ltr'>quando</span> <span class='ocrx_word' id='word_1_503' title='bbox 3435 1684 3618 1752; x_wconf 81' lang='lat' dir='ltr'>Aquis</span> <span class='ocrx_word' id='word_1_504' title='bbox 3643 1682 3726 1737; x_wconf 82' lang='lat' dir='ltr'>ad</span> 
     </span>
    </p>
   </div>
   <div class='ocr_carea' id='block_1_77' title="bbox 2092 1775 3723 1852">
    <p class='ocr_par' dir='ltr' id='par_1_77' title="bbox 2092 1775 3723 1852">
     <span class='ocr_line' id='line_1_77' title="bbox 2092 1775 3723 1852; baseline -0.008 -10"><span class='ocrx_word' id='word_1_505' title='bbox 2092 1788 2330 1842; x_wconf 85' lang='lat' dir='ltr'>eumdem</span> <span class='ocrx_word' id='word_1_506' title='bbox 2361 1800 2539 1852; x_wconf 85' lang='lat' dir='ltr'>regem</span> <span class='ocrx_word' id='word_1_507' title='bbox 2588 1784 2746 1836; x_wconf 87' lang='lat' dir='ltr'>missi</span> <span class='ocrx_word' id='word_1_508' title='bbox 2799 1781 3025 1847; x_wconf 81' lang='lat' dir='ltr'>fuimus.</span> <span class='ocrx_word' id='word_1_509' title='bbox 3084 1779 3275 1831; x_wconf 88' lang='lat' dir='ltr'>Sermo</span> <span class='ocrx_word' id='word_1_510' title='bbox 3306 1776 3482 1831; x_wconf 86' lang='lat' dir='ltr'>estde</span> <span class='ocrx_word' id='word_1_511' title='bbox 3517 1775 3723 1830; x_wconf 86' lang='lat' dir='ltr'>Ottone</span> 
     </span>
    </p>
   </div>
   <div class='ocr_carea' id='block_1_78' title="bbox 2093 1865 3725 1949">
    <p class='ocr_par' dir='ltr' id='par_1_78' title="bbox 2093 1865 3725 1949">
     <span class='ocr_line' id='line_1_78' title="bbox 2093 1865 3725 1949; baseline -0.009 -17"><span class='ocrx_word' id='word_1_512' title='bbox 2093 1877 2295 1949; x_wconf 89' lang='lat' dir='ltr'>primo,</span> <span class='ocrx_word' id='word_1_513' title='bbox 2330 1875 2397 1929; x_wconf 91' lang='lat' dir='ltr'>de</span> <span class='ocrx_word' id='word_1_514' title='bbox 2429 1888 2539 1944; x_wconf 93' lang='lat' dir='ltr'>quo</span> <span class='ocrx_word' id='word_1_515' title='bbox 2567 1870 2710 1925; x_wconf 83' lang='lat' dir='ltr'>infra</span> <span class='ocrx_word' id='word_1_516' title='bbox 2742 1868 2838 1923; x_wconf 91' lang='lat' dir='ltr'>lib.</span> <span class='ocrx_word' id='word_1_517' title='bbox 2869 1885 2942 1935; x_wconf 79' lang='lat' dir='ltr'>iv,</span> <span class='ocrx_word' id='word_1_518' title='bbox 2976 1883 3102 1937; x_wconf 91' lang='lat' dir='ltr'>cap.</span> <span class='ocrx_word' id='word_1_519' title='bbox 3136 1865 3204 1922; x_wconf 83' lang='lat'><strong>33</strong></span> <span class='ocrx_word' id='word_1_520' title='bbox 3243 1873 3296 1920; x_wconf 89' lang='lat' dir='ltr'>et</span> <span class='ocrx_word' id='word_1_521' title='bbox 3328 1865 3725 1936; x_wconf 87' lang='lat' dir='ltr'>sequentibus.</span> 
     </span>
    </p>
   </div>
   <div class='ocr_carea' id='block_1_79' title="bbox 2092 1958 3729 2033">
    <p class='ocr_par' dir='ltr' id='par_1_79' title="bbox 2092 1958 3729 2033">
     <span class='ocr_line' id='line_1_79' title="bbox 2092 1958 3729 2033; baseline -0.009 -8"><span class='ocrx_word' id='word_1_522' title='bbox 2092 1971 2229 2025; x_wconf 90' lang='lat' dir='ltr'>Vera</span> <span class='ocrx_word' id='word_1_523' title='bbox 2258 1967 2422 2023; x_wconf 89' lang='lat' dir='ltr'>lectio</span> <span class='ocrx_word' id='word_1_524' title='bbox 2452 1972 2535 2020; x_wconf 90' lang='lat' dir='ltr'>est</span> <span class='ocrx_word' id='word_1_525' title='bbox 2563 1965 2753 2033; x_wconf 87' lang='lat' dir='ltr'>Aquis,</span> <span class='ocrx_word' id='word_1_526' title='bbox 2812 1960 2994 2014; x_wconf 90' lang='lat' dir='ltr'>Galice</span> <span class='ocrx_word' id='word_1_527' title='bbox 3052 1961 3191 2025; x_wconf 71' lang='lat' dir='ltr'>Ain,</span> <span class='ocrx_word' id='word_1_528' title='bbox 3218 1958 3499 2030; x_wconf 89' lang='lat' dir='ltr'>quomodo</span> <span class='ocrx_word' id='word_1_529' title='bbox 3525 1958 3729 2031; x_wconf 86' lang='lat' dir='ltr'>legunt</span> 
     </span>
    </p>
   </div>
   <div class='ocr_carea' id='block_1_80' title="bbox 2095 2046 3727 2124">
    <p class='ocr_par' dir='ltr' id='par_1_80' title="bbox 2095 2046 3727 2124">
     <span class='ocr_line' id='line_1_80' title="bbox 2095 2046 3727 2124; baseline -0.009 -11"><span class='ocrx_word' id='word_1_530' title='bbox 2095 2057 2283 2113; x_wconf 89' lang='lat' dir='ltr'>omnia</span> <span class='ocrx_word' id='word_1_531' title='bbox 2309 2052 2675 2124; x_wconf 84' lang='lat' dir='ltr'>exemplaria:</span> <span class='ocrx_word' id='word_1_532' title='bbox 2710 2065 2809 2121; x_wconf 90' lang='lat' dir='ltr'>pro</span> <span class='ocrx_word' id='word_1_533' title='bbox 2859 2063 2969 2118; x_wconf 91' lang='lat' dir='ltr'>quo</span> <span class='ocrx_word' id='word_1_534' title='bbox 3012 2046 3045 2101; x_wconf 96' lang='lat' dir='ltr'>S</span> <span class='ocrx_word' id='word_1_535' title='bbox 3090 2046 3356 2101; x_wconf 83' lang='lat' dir='ltr'>substitut</span> <span class='ocrx_word' id='word_1_536' title='bbox 3396 2047 3727 2116; x_wconf 86' lang='lat' dir='ltr'>Aquisgra-</span> 
     </span>
    </p>
   </div>
   <div class='ocr_carea' id='block_1_81' title="bbox 2094 2135 3729 2213">
    <p class='ocr_par' dir='ltr' id='par_1_81' title="bbox 2094 2135 3729 2213">
     <span class='ocr_line' id='line_1_81' title="bbox 2094 2135 3729 2213; baseline -0.008 -11"><span class='ocrx_word' id='word_1_537' title='bbox 2094 2163 2244 2212; x_wconf 88' lang='lat' dir='ltr'>num,</span> <span class='ocrx_word' id='word_1_538' title='bbox 2278 2144 2528 2213; x_wconf 89' lang='lat' dir='ltr'>ejusdem</span> <span class='ocrx_word' id='word_1_539' title='bbox 2560 2140 2797 2196; x_wconf 86' lang='lat' dir='ltr'>civitatis</span> <span class='ocrx_word' id='word_1_540' title='bbox 2828 2152 3051 2193; x_wconf 89' lang='lat' dir='ltr'>nomen.</span> <span class='ocrx_word' id='word_1_541' title='bbox 3093 2136 3200 2192; x_wconf 90' lang='lat' dir='ltr'>Sed</span> <span class='ocrx_word' id='word_1_542' title='bbox 3231 2137 3386 2207; x_wconf 89' lang='lat' dir='ltr'>prius</span> <span class='ocrx_word' id='word_1_543' title='bbox 3413 2135 3729 2207; x_wconf 80' lang='lat' dir='ltr'>saepissime</span> 
     </span>
    </p>
   </div>
   <div class='ocr_carea' id='block_1_82' title="bbox 2099 2234 2849 2312">
    <p class='ocr_par' dir='ltr' id='par_1_82' title="bbox 2099 2234 2849 2312">
     <span class='ocr_line' id='line_1_82' title="bbox 2099 2234 2849 2312; baseline -0.013 -16"><span class='ocrx_word' id='word_1_544' title='bbox 2099 2240 2244 2312; x_wconf 90' lang='lat' dir='ltr'>apud</span> <span class='ocrx_word' id='word_1_545' title='bbox 2274 2248 2529 2294; x_wconf 87' lang='lat' dir='ltr'>auctores</span> <span class='ocrx_word' id='word_1_546' title='bbox 2555 2234 2849 2290; x_wconf 88' lang='lat' dir='ltr'>invenitur.</span> 
     </span>
    </p>
   </div>
   <div class='ocr_carea' id='block_1_83' title="bbox 2712 2361 3110 2417">
    <p class='ocr_par' dir='ltr' id='par_1_83' title="bbox 2712 2361 3110 2417">
     <span class='ocr_line' id='line_1_83' title="bbox 2712 2361 3110 2417; baseline -0.008 0"><span class='ocrx_word' id='word_1_547' title='bbox 2712 2362 2921 2417; x_wconf 80' lang='lat' dir='ltr'>CAPUT</span> <span class='ocrx_word' id='word_1_548' title='bbox 2975 2361 3110 2416; x_wconf 85' lang='lat' dir='ltr'><strong>XXI.</strong></span> 
     </span>
    </p>
   </div>
   <div class='ocr_carea' id='block_1_84' title="bbox 2172 2472 3729 2549">
    <p class='ocr_par' dir='ltr' id='par_1_84' title="bbox 2172 2472 3729 2549">
     <span class='ocr_line' id='line_1_84' title="bbox 2172 2472 3729 2549; baseline -0.006 -15"><span class='ocrx_word' id='word_1_549' title='bbox 2172 2482 2552 2549; x_wconf 75' lang='lat' dir='ltr'>[ntegrumque</span> <span class='ocrx_word' id='word_1_550' title='bbox 2588 2476 2730 2532; x_wconf 70' lang='lat' dir='ltr'>illud</span> <span class='ocrx_word' id='word_1_551' title='bbox 2776 2491 2895 2531; x_wconf 90' lang='lat' dir='ltr'>cum</span> <span class='ocrx_word' id='word_1_552' title='bbox 2928 2473 3184 2541; x_wconf 87' lang='lat' dir='ltr'>brandeo,</span> <span class='ocrx_word' id='word_1_553' title='bbox 3244 2486 3349 2542; x_wconf 87' lang='lat' dir='ltr'>quo</span> <span class='ocrx_word' id='word_1_554' title='bbox 3367 2472 3527 2542; x_wconf 81' lang='lat' dir='ltr'>prius</span> <span class='ocrx_word' id='word_1_555' title='bbox 3547 2487 3729 2542; x_wconf 79' lang='lat' dir='ltr'>reper-</span> 
     </span>
    </p>
   </div>
   <div class='ocr_carea' id='block_1_85' title="bbox 2101 2563 3731 2640">
    <p class='ocr_par' dir='ltr' id='par_1_85' title="bbox 2101 2563 3731 2640">
     <span class='ocr_line' id='line_1_85' title="bbox 2101 2563 3731 2640; baseline -0.007 -11"><span class='ocrx_word' id='word_1_556' title='bbox 2101 2579 2213 2629; x_wconf 89' lang='lat' dir='ltr'>tum</span> <span class='ocrx_word' id='word_1_557' title='bbox 2249 2575 2433 2640; x_wconf 82' lang='lat' dir='ltr'>fuerat</span> <span class='ocrx_word' id='word_1_558' title='bbox 2458 2573 2779 2626; x_wconf 79' lang='lat' dir='ltr'>inuolutum.</span> <span class='ocrx_word' id='word_1_559' title='bbox 2842 2568 3171 2623; x_wconf 86' lang='lat' dir='ltr'>Hincmarus</span> <span class='ocrx_word' id='word_1_560' title='bbox 3228 2565 3283 2619; x_wconf 91' lang='lat' dir='ltr'>in</span> <span class='ocrx_word' id='word_1_561' title='bbox 3309 2563 3430 2619; x_wconf 88' lang='lat' dir='ltr'>Vita</span> <span class='ocrx_word' id='word_1_562' title='bbox 3460 2564 3514 2618; x_wconf 92' lang='lat' dir='ltr'>S.</span> <span class='ocrx_word' id='word_1_563' title='bbox 3544 2563 3731 2619; x_wconf 83' lang='lat' dir='ltr'>Remi-</span> 
     </span>
    </p>
   </div>
   <div class='ocr_carea' id='block_1_86' title="bbox 2101 2653 3733 2739">
    <p class='ocr_par' dir='ltr' id='par_1_86' title="bbox 2101 2653 3733 2739">
     <span class='ocr_line' id='line_1_86' title="bbox 2101 2653 3733 2739; baseline -0.006 -20"><span class='ocrx_word' id='word_1_564' title='bbox 2101 2665 2201 2739; x_wconf 84' lang='lat' dir='ltr'>gii,</span> <span class='ocrx_word' id='word_1_565' title='bbox 2237 2664 2472 2718; x_wconf 86' lang='lat' dir='ltr'>brandeo</span> <span class='ocrx_word' id='word_1_566' title='bbox 2510 2663 2673 2717; x_wconf 82' lang='lat' dir='ltr'>rubea</span> <span class='ocrx_word' id='word_1_567' title='bbox 2706 2661 3026 2716; x_wconf 74' lang='lat' dir='ltr'>involutum.</span> <span class='ocrx_word' id='word_1_568' title='bbox 3069 2657 3226 2723; x_wconf 85' lang='lat' dir='ltr'>Quod</span> <span class='ocrx_word' id='word_1_569' title='bbox 3265 2655 3525 2711; x_wconf 90' lang='lat' dir='ltr'>Nicolaus</span> <span class='ocrx_word' id='word_1_570' title='bbox 3558 2653 3733 2710; x_wconf 83' lang='lat' dir='ltr'>Ches-</span> 
     </span>
    </p>
   </div>
   <div class='ocr_carea' id='block_1_87' title="bbox 2106 2746 3729 2819">
    <p class='ocr_par' dir='ltr' id='par_1_87' title="bbox 2106 2746 3729 2819">
     <span class='ocr_line' id='line_1_87' title="bbox 2106 2746 3729 2819; baseline -0.007 -8"><span class='ocrx_word' id='word_1_571' title='bbox 2106 2773 2247 2811; x_wconf 89' lang='lat' dir='ltr'>neau</span> <span class='ocrx_word' id='word_1_572' title='bbox 2280 2754 2483 2809; x_wconf 89' lang='lat' dir='ltr'>Gallice</span> <span class='ocrx_word' id='word_1_573' title='bbox 2515 2754 2711 2809; x_wconf 89' lang='lat' dir='ltr'>vertit:</span> <span class='ocrx_word' id='word_1_574' title='bbox 2746 2754 2885 2819; x_wconf 87' lang='lat' dir='ltr'>drap</span> <span class='ocrx_word' id='word_1_575' title='bbox 2924 2751 2990 2806; x_wconf 85' lang='lat' dir='ltr'>de</span> <span class='ocrx_word' id='word_1_576' title='bbox 3019 2766 3156 2817; x_wconf 84' lang='lat' dir='ltr'>sang</span> <span class='ocrx_word' id='word_1_577' title='bbox 3181 2748 3421 2813; x_wconf 79' lang='lat' dir='ltr'>vermeil,</span> <span class='ocrx_word' id='word_1_578' title='bbox 3454 2752 3515 2800; x_wconf 90' lang='lat' dir='ltr'>ut</span> <span class='ocrx_word' id='word_1_579' title='bbox 3543 2746 3729 2816; x_wconf 86' lang='lat' dir='ltr'>capite</span> 
     </span>
    </p>
   </div>
   <div class='ocr_carea' id='block_1_88' title="bbox 2105 2839 3732 2921">
    <p class='ocr_par' dir='ltr' id='par_1_88' title="bbox 2105 2839 3732 2921">
     <span class='ocr_line' id='line_1_88' title="bbox 2105 2839 3732 2921; baseline -0.008 -17"><span class='ocrx_word' id='word_1_580' title='bbox 2105 2847 2438 2921; x_wconf 71' lang='lat' dir='ltr'>praecedenti</span> <span class='ocrx_word' id='word_1_581' title='bbox 2473 2847 2691 2921; x_wconf 79' lang='lat' dir='ltr'>legitur.</span> <span class='ocrx_word' id='word_1_582' title='bbox 2718 2842 3004 2918; x_wconf 85' lang='lat' dir='ltr'>Signiï¬cat</span> <span class='ocrx_word' id='word_1_583' title='bbox 3035 2850 3218 2898; x_wconf 90' lang='lat' dir='ltr'>autem</span> <span class='ocrx_word' id='word_1_584' title='bbox 3239 2839 3555 2895; x_wconf 84' lang='lat' dir='ltr'>brandeum</span> <span class='ocrx_word' id='word_1_585' title='bbox 3589 2852 3732 2909; x_wconf 89' lang='lat' dir='ltr'>pan-</span> 
     </span>
    </p>
   </div>
   <div class='ocr_carea' id='block_1_89' title="bbox 2108 2938 3730 3008">
    <p class='ocr_par' dir='ltr' id='par_1_89' title="bbox 2108 2938 3730 3008">
     <span class='ocr_line' id='line_1_89' title="bbox 2108 2938 3730 3008; baseline -0.008 -10"><span class='ocrx_word' id='word_1_586' title='bbox 2108 2960 2237 2998; x_wconf 90' lang='lat' dir='ltr'>num</span> <span class='ocrx_word' id='word_1_587' title='bbox 2267 2941 2505 2997; x_wconf 89' lang='lat' dir='ltr'>sericum</span> <span class='ocrx_word' id='word_1_588' title='bbox 2533 2940 2647 2995; x_wconf 89' lang='lat' dir='ltr'>sive</span> <span class='ocrx_word' id='word_1_589' title='bbox 2674 2938 2930 3005; x_wconf 91' lang='lat' dir='ltr'>linteum,</span> <span class='ocrx_word' id='word_1_590' title='bbox 2969 2951 3079 3008; x_wconf 92' lang='lat' dir='ltr'>quo</span> <span class='ocrx_word' id='word_1_591' title='bbox 3142 2941 3461 2990; x_wconf 90' lang='lat' dir='ltr'>sanctorum</span> <span class='ocrx_word' id='word_1_592' title='bbox 3493 2946 3730 3002; x_wconf 86' lang='lat' dir='ltr'>corpora</span> 
     </span>
    </p>
   </div>
   <div class='ocr_carea' id='block_1_90' title="bbox 2107 3026 3736 3108">
    <p class='ocr_par' dir='ltr' id='par_1_90' title="bbox 2107 3026 3736 3108">
     <span class='ocr_line' id='line_1_90' title="bbox 2107 3026 3736 3108; baseline -0.008 -15"><span class='ocrx_word' id='word_1_593' title='bbox 2107 3056 2205 3093; x_wconf 89' lang='lat' dir='ltr'>seu</span> <span class='ocrx_word' id='word_1_594' title='bbox 2270 3035 2519 3108; x_wconf 59' lang='lat' dir='ltr'>reliquiasI</span> <span class='ocrx_word' id='word_1_595' title='bbox 2579 3034 3022 3090; x_wconf 86' lang='lat' dir='ltr'>involvebantur.</span> <span class='ocrx_word' id='word_1_596' title='bbox 3082 3030 3247 3087; x_wconf 82' lang='lat' dir='ltr'>Moris</span> <span class='ocrx_word' id='word_1_597' title='bbox 3298 3028 3445 3084; x_wconf 90' lang='lat' dir='ltr'>enim</span> <span class='ocrx_word' id='word_1_598' title='bbox 3486 3026 3609 3093; x_wconf 81' lang='lat' dir='ltr'>fuit,</span> <span class='ocrx_word' id='word_1_599' title='bbox 3670 3032 3736 3080; x_wconf 91' lang='lat' dir='ltr'>ut</span> 
     </span>
    </p>
   </div>
   <div class='ocr_carea' id='block_1_91' title="bbox 2109 3118 3736 3192">
    <p class='ocr_par' dir='ltr' id='par_1_91' title="bbox 2109 3118 3736 3192">
     <span class='ocr_line' id='line_1_91' title="bbox 2109 3118 3736 3192; baseline -0.007 -9"><span class='ocrx_word' id='word_1_600' title='bbox 2109 3128 2312 3184; x_wconf 88' lang='lat' dir='ltr'>alicubi</span> <span class='ocrx_word' id='word_1_601' title='bbox 2343 3127 2399 3181; x_wconf 93' lang='lat' dir='ltr'>in</span> <span class='ocrx_word' id='word_1_602' title='bbox 2432 3125 3008 3192; x_wconf 90' lang='lat' dir='ltr'>conciliisdecretum,</span> <span class='ocrx_word' id='word_1_603' title='bbox 3028 3130 3087 3178; x_wconf 93' lang='lat' dir='ltr'>ut</span> <span class='ocrx_word' id='word_1_604' title='bbox 3123 3119 3443 3189; x_wconf 89' lang='lat' dir='ltr'>hujusmodi</span> <span class='ocrx_word' id='word_1_605' title='bbox 3470 3118 3736 3190; x_wconf 90' lang='lat' dir='ltr'>pretiosis</span> 
     </span>
    </p>
   </div>
   <div class='ocr_carea' id='block_1_92' title="bbox 2109 3207 3734 3285">
    <p class='ocr_par' dir='ltr' id='par_1_92' title="bbox 2109 3207 3734 3285">
     <span class='ocr_line' id='line_1_92' title="bbox 2109 3207 3734 3285; baseline -0.006 -14"><span class='ocrx_word' id='word_1_606' title='bbox 2109 3218 2250 3272; x_wconf 89' lang='lat' dir='ltr'>velis</span> <span class='ocrx_word' id='word_1_607' title='bbox 2280 3223 2596 3272; x_wconf 89' lang='lat' dir='ltr'>sanctorum</span> <span class='ocrx_word' id='word_1_608' title='bbox 2612 3211 3292 3285; x_wconf 86' lang='lat' dir='ltr'>corporainvolverentur.</span> <span class='ocrx_word' id='word_1_609' title='bbox 3322 3208 3502 3264; x_wconf 90' lang='lat' dir='ltr'>Utitur</span> <span class='ocrx_word' id='word_1_610' title='bbox 3530 3207 3734 3263; x_wconf 90' lang='lat' dir='ltr'>eadem</span> 
     </span>
    </p>
   </div>
   <div class='ocr_carea' id='block_1_93' title="bbox 2028 3296 3739 3377">
    <p class='ocr_par' dir='ltr' id='par_1_93' title="bbox 2028 3296 3739 3377">
     <span class='ocr_line' id='line_1_93' title="bbox 2028 3296 3739 3377; baseline -0.007 -15"><span class='ocrx_word' id='word_1_611' title='bbox 2028 3301 2077 3369; x_wconf 89' lang='lat' dir='ltr'>C</span> <span class='ocrx_word' id='word_1_612' title='bbox 2107 3322 2240 3362; x_wconf 87' lang='lat' dir='ltr'>voce</span> <span class='ocrx_word' id='word_1_613' title='bbox 2273 3306 2329 3360; x_wconf 88' lang='lat' dir='ltr'>S.</span> <span class='ocrx_word' id='word_1_614' title='bbox 2364 3305 2660 3377; x_wconf 79' lang='lat' dir='ltr'>Gregorius</span> <span class='ocrx_word' id='word_1_615' title='bbox 2688 3320 2829 3375; x_wconf 91' lang='lat' dir='ltr'>papa</span> <span class='ocrx_word' id='word_1_616' title='bbox 2859 3301 3004 3357; x_wconf 88' lang='lat' dir='ltr'>libro</span> <span class='ocrx_word' id='word_1_617' title='bbox 3034 3300 3219 3365; x_wconf 88' lang='lat' dir='ltr'>tertio,</span> <span class='ocrx_word' id='word_1_618' title='bbox 3239 3298 3476 3370; x_wconf 89' lang='lat' dir='ltr'>epistola</span> <span class='ocrx_word' id='word_1_619' title='bbox 3506 3296 3595 3364; x_wconf 91' lang='lat'>30,</span> <span class='ocrx_word' id='word_1_620' title='bbox 3631 3311 3739 3367; x_wconf 89' lang='lat' dir='ltr'>pro</span> 
     </span>
    </p>
   </div>
   <div class='ocr_carea' id='block_1_94' title="bbox 2104 3393 3739 3471">
    <p class='ocr_par' dir='ltr' id='par_1_94' title="bbox 2104 3393 3739 3471">
     <span class='ocr_line' id='line_1_94' title="bbox 2104 3393 3739 3471; baseline -0.007 -15"><span class='ocrx_word' id='word_1_621' title='bbox 2104 3401 2306 3468; x_wconf 90' lang='lat' dir='ltr'>serico,</span> <span class='ocrx_word' id='word_1_622' title='bbox 2338 3408 2431 3456; x_wconf 90' lang='lat' dir='ltr'>aut</span> <span class='ocrx_word' id='word_1_623' title='bbox 2459 3400 2604 3467; x_wconf 90' lang='lat' dir='ltr'>velo,</span> <span class='ocrx_word' id='word_1_624' title='bbox 2639 3398 2790 3471; x_wconf 92' lang='lat' dir='ltr'>quod</span> <span class='ocrx_word' id='word_1_625' title='bbox 2836 3397 2905 3452; x_wconf 91' lang='lat' dir='ltr'>ad</span> <span class='ocrx_word' id='word_1_626' title='bbox 2950 3412 3076 3452; x_wconf 90' lang='lat' dir='ltr'>eum</span> <span class='ocrx_word' id='word_1_627' title='bbox 3124 3394 3292 3448; x_wconf 81' lang='lat' dir='ltr'>tinem</span> <span class='ocrx_word' id='word_1_628' title='bbox 3325 3393 3575 3457; x_wconf 82' lang='lat' dir='ltr'>missum,</span> <span class='ocrx_word' id='word_1_629' title='bbox 3603 3406 3739 3445; x_wconf 90' lang='lat' dir='ltr'>san-</span> 
     </span>
    </p>
   </div>
   <div class='ocr_carea' id='block_1_95' title="bbox 2107 3484 3741 3567">
    <p class='ocr_par' dir='ltr' id='par_1_95' title="bbox 2107 3484 3741 3567">
     <span class='ocr_line' id='line_1_95' title="bbox 2107 3484 3741 3567; baseline -0.008 -16"><span class='ocrx_word' id='word_1_630' title='bbox 2107 3504 2319 3551; x_wconf 91' lang='lat' dir='ltr'>ctorum</span> <span class='ocrx_word' id='word_1_631' title='bbox 2375 3510 2602 3566; x_wconf 90' lang='lat' dir='ltr'>corpora</span> <span class='ocrx_word' id='word_1_632' title='bbox 2655 3491 2999 3567; x_wconf 85' lang='lat' dir='ltr'>contigisset.</span> <span class='ocrx_word' id='word_1_633' title='bbox 3058 3490 3147 3545; x_wconf 91' lang='lat' dir='ltr'>Sic</span> <span class='ocrx_word' id='word_1_634' title='bbox 3200 3488 3350 3544; x_wconf 90' lang='lat' dir='ltr'>enim</span> <span class='ocrx_word' id='word_1_635' title='bbox 3404 3485 3597 3542; x_wconf 90' lang='lat' dir='ltr'>scribit</span> <span class='ocrx_word' id='word_1_636' title='bbox 3668 3484 3741 3540; x_wconf 88' lang='lat' dir='ltr'>ad</span> 
     </span>
    </p>
   </div>
   <div class='ocr_carea' id='block_1_96' title="bbox 2109 3581 3743 3657">
    <p class='ocr_par' dir='ltr' id='par_1_96' title="bbox 2109 3581 3743 3657">
     <span class='ocr_line' id='line_1_96' title="bbox 2109 3581 3743 3657; baseline -0.007 -16"><span class='ocrx_word' id='word_1_637' title='bbox 2109 3586 2481 3641; x_wconf 90' lang='lat' dir='ltr'>Constantiam</span> <span class='ocrx_word' id='word_1_638' title='bbox 2542 3585 2851 3657; x_wconf 86' lang='lat' dir='ltr'>Augustam</span> <span class='ocrx_word' id='word_1_639' title='bbox 2888 3599 2901 3635; x_wconf 94' lang='lat'>:</span> <span class='ocrx_word' id='word_1_640' title='bbox 2941 3601 2962 3631; x_wconf 79' lang='grc' dir='ltr'>Î¹</span> <span class='ocrx_word' id='word_1_641' title='bbox 3013 3581 3320 3655; x_wconf 86' lang='lat' dir='ltr'>Cognoscat</span> <span class='ocrx_word' id='word_1_642' title='bbox 3365 3584 3552 3633; x_wconf 88' lang='lat' dir='ltr'>autem</span> <span class='ocrx_word' id='word_1_643' title='bbox 3582 3581 3743 3631; x_wconf 86' lang='lat' dir='ltr'>tran-</span> 
     </span>
    </p>
   </div>
   <div class='ocr_carea' id='block_1_97' title="bbox 2109 3667 3743 3747">
    <p class='ocr_par' dir='ltr' id='par_1_97' title="bbox 2109 3667 3743 3747">
     <span class='ocr_line' id='line_1_97' title="bbox 2109 3667 3743 3747; baseline -0.007 -15"><span class='ocrx_word' id='word_1_644' title='bbox 2109 3676 2441 3747; x_wconf 90' lang='lat' dir='ltr'>quillissima</span> <span class='ocrx_word' id='word_1_645' title='bbox 2475 3674 2720 3740; x_wconf 89' lang='lat' dir='ltr'>domina,</span> <span class='ocrx_word' id='word_1_646' title='bbox 2756 3673 2889 3744; x_wconf 84' lang='lat' dir='ltr'>quia</span> <span class='ocrx_word' id='word_1_647' title='bbox 2932 3671 3198 3726; x_wconf 84' lang='lat' dir='ltr'>Romanis</span> <span class='ocrx_word' id='word_1_648' title='bbox 3254 3667 3599 3726; x_wconf 89' lang='lat' dir='ltr'>consuetudo</span> <span class='ocrx_word' id='word_1_649' title='bbox 3625 3682 3743 3722; x_wconf 91' lang='lat' dir='ltr'>non</span> 
     </span>
    </p>
   </div>
   <div class='ocr_carea' id='block_1_98' title="bbox 2112 3759 3743 3838">
    <p class='ocr_par' dir='ltr' id='par_1_98' title="bbox 2112 3759 3743 3838">
     <span class='ocr_line' id='line_1_98' title="bbox 2112 3759 3743 3838; baseline -0.006 -16"><span class='ocrx_word' id='word_1_650' title='bbox 2112 3776 2213 3830; x_wconf 87' lang='lat' dir='ltr'>est,</span> <span class='ocrx_word' id='word_1_651' title='bbox 2249 3765 2475 3838; x_wconf 91' lang='lat' dir='ltr'>quando</span> <span class='ocrx_word' id='word_1_652' title='bbox 2505 3773 2819 3819; x_wconf 87' lang='lat' dir='ltr'>sanctorum</span> <span class='ocrx_word' id='word_1_653' title='bbox 2850 3760 3116 3833; x_wconf 90' lang='lat' dir='ltr'>reliquias</span> <span class='ocrx_word' id='word_1_654' title='bbox 3139 3760 3293 3825; x_wconf 88' lang='lat' dir='ltr'>dant,</span> <span class='ocrx_word' id='word_1_655' title='bbox 3326 3769 3390 3815; x_wconf 90' lang='lat' dir='ltr'>ut</span> <span class='ocrx_word' id='word_1_656' title='bbox 3433 3759 3743 3831; x_wconf 89' lang='lat' dir='ltr'>quidquam</span> 
     </span>
    </p>
   </div>
   <div class='ocr_carea' id='block_1_99' title="bbox 2113 3849 3743 3930">
    <p class='ocr_par' dir='ltr' id='par_1_99' title="bbox 2113 3849 3743 3930">
     <span class='ocr_line' id='line_1_99' title="bbox 2113 3849 3743 3930; baseline -0.006 -19"><span class='ocrx_word' id='word_1_657' title='bbox 2113 3864 2343 3930; x_wconf 85' lang='lat' dir='ltr'>tangere</span> <span class='ocrx_word' id='word_1_658' title='bbox 2370 3860 2709 3925; x_wconf 76' lang='lat' dir='ltr'>praesumant</span> <span class='ocrx_word' id='word_1_659' title='bbox 2730 3852 2797 3906; x_wconf 89' lang='lat' dir='ltr'>de</span> <span class='ocrx_word' id='word_1_660' title='bbox 2824 3866 3081 3922; x_wconf 92' lang='lat' dir='ltr'>corpore,</span> <span class='ocrx_word' id='word_1_661' title='bbox 3111 3849 3209 3905; x_wconf 90' lang='lat' dir='ltr'>sed</span> <span class='ocrx_word' id='word_1_662' title='bbox 3254 3850 3642 3906; x_wconf 88' lang='lat' dir='ltr'>tantummodo</span> <span class='ocrx_word' id='word_1_663' title='bbox 3684 3849 3743 3902; x_wconf 90' lang='lat' dir='ltr'>in</span> 
     </span>
    </p>
   </div>
   <div class='ocr_carea' id='block_1_100' title="bbox 2109 3940 3745 4019">
    <p class='ocr_par' dir='ltr' id='par_1_100' title="bbox 2109 3940 3745 4019">
     <span class='ocr_line' id='line_1_100' title="bbox 2109 3940 3745 4019; baseline -0.004 -18"><span class='ocrx_word' id='word_1_664' title='bbox 2109 3945 2310 4019; x_wconf 77' lang='lat' dir='ltr'>pyxide</span> <span class='ocrx_word' id='word_1_665' title='bbox 2361 3944 2668 4000; x_wconf 89' lang='lat' dir='ltr'>brandeum</span> <span class='ocrx_word' id='word_1_666' title='bbox 2722 3942 2975 4009; x_wconf 88' lang='lat' dir='ltr'>mittitur,</span> <span class='ocrx_word' id='word_1_667' title='bbox 3036 3948 3200 4013; x_wconf 88' lang='lat' dir='ltr'>atque</span> <span class='ocrx_word' id='word_1_668' title='bbox 3245 3940 3315 3995; x_wconf 88' lang='lat' dir='ltr'>ad</span> <span class='ocrx_word' id='word_1_669' title='bbox 3364 3941 3745 3996; x_wconf 87' lang='lat' dir='ltr'>sacratissima</span> 
     </span>
    </p>
   </div>
   <div class='ocr_carea' id='block_1_101' title="bbox 2108 4030 3746 4106">
    <p class='ocr_par' dir='ltr' id='par_1_101' title="bbox 2108 4030 3746 4106">
     <span class='ocr_line' id='line_1_101' title="bbox 2108 4030 3746 4106; baseline -0.005 -14"><span class='ocrx_word' id='word_1_670' title='bbox 2108 4050 2342 4106; x_wconf 89' lang='lat' dir='ltr'>corpora</span> <span class='ocrx_word' id='word_1_671' title='bbox 2376 4041 2691 4088; x_wconf 91' lang='lat' dir='ltr'>sanctorum</span> <span class='ocrx_word' id='word_1_672' title='bbox 2731 4031 2978 4103; x_wconf 88' lang='lat' dir='ltr'>ponitur.</span> <span class='ocrx_word' id='word_1_673' title='bbox 3027 4030 3181 4094; x_wconf 83' lang='lat' dir='ltr'>Quod</span> <span class='ocrx_word' id='word_1_674' title='bbox 3206 4030 3446 4086; x_wconf 89' lang='lat' dir='ltr'>levatum</span> <span class='ocrx_word' id='word_1_675' title='bbox 3478 4030 3536 4085; x_wconf 90' lang='lat' dir='ltr'>in</span> <span class='ocrx_word' id='word_1_676' title='bbox 3559 4030 3746 4086; x_wconf 89' lang='lat' dir='ltr'>eccle-</span> 
     </span>
    </p>
   </div>
   <div class='ocr_carea' id='block_1_102' title="bbox 2109 4121 3741 4196">
    <p class='ocr_par' dir='ltr' id='par_1_102' title="bbox 2109 4121 3741 4196">
     <span class='ocr_line' id='line_1_102' title="bbox 2109 4121 3741 4196; baseline -0.003 -15"><span class='ocrx_word' id='word_1_677' title='bbox 2109 4127 2192 4181; x_wconf 88' lang='lat' dir='ltr'>sia</span> <span class='ocrx_word' id='word_1_678' title='bbox 2214 4140 2337 4196; x_wconf 75' lang='lat' dir='ltr'>qua:</span> <span class='ocrx_word' id='word_1_679' title='bbox 2371 4131 2454 4179; x_wconf 91' lang='lat' dir='ltr'>est</span> <span class='ocrx_word' id='word_1_680' title='bbox 2481 4124 2815 4190; x_wconf 89' lang='lat' dir='ltr'>dedicanda,</span> <span class='ocrx_word' id='word_1_681' title='bbox 2862 4123 3050 4178; x_wconf 89' lang='lat' dir='ltr'>debita</span> <span class='ocrx_word' id='word_1_682' title='bbox 3088 4138 3211 4178; x_wconf 91' lang='lat' dir='ltr'>cum</span> <span class='ocrx_word' id='word_1_683' title='bbox 3251 4121 3613 4178; x_wconf 89' lang='lat' dir='ltr'>veneratione</span> <span class='ocrx_word' id='word_1_684' title='bbox 3646 4138 3741 4177; x_wconf 89' lang='lat' dir='ltr'>re-</span> 
     </span>
    </p>
   </div>
   <div class='ocr_carea' id='block_1_103' title="bbox 2110 4208 3740 4284">
    <p class='ocr_par' dir='ltr' id='par_1_103' title="bbox 2110 4208 3740 4284">
     <span class='ocr_line' id='line_1_103' title="bbox 2110 4208 3740 4284; baseline -0.004 -11"><span class='ocrx_word' id='word_1_685' title='bbox 2110 4216 2367 4273; x_wconf 86' lang='lat' dir='ltr'>conditur</span> <span class='ocrx_word' id='word_1_686' title='bbox 2398 4231 2411 4268; x_wconf 92' lang='lat'><strong>:</strong></span> <span class='ocrx_word' id='word_1_687' title='bbox 2453 4220 2508 4270; x_wconf 90' lang='lat' dir='ltr'>et</span> <span class='ocrx_word' id='word_1_688' title='bbox 2536 4221 2701 4268; x_wconf 63' lang='lat' dir='ltr'>tantae</span> <span class='ocrx_word' id='word_1_689' title='bbox 2740 4228 2840 4284; x_wconf 90' lang='lat' dir='ltr'>per</span> <span class='ocrx_word' id='word_1_690' title='bbox 2870 4212 2977 4267; x_wconf 84' lang='lat' dir='ltr'>lioc</span> <span class='ocrx_word' id='word_1_691' title='bbox 3003 4212 3209 4267; x_wconf 91' lang='lat' dir='ltr'>ibidem</span> <span class='ocrx_word' id='word_1_692' title='bbox 3232 4211 3463 4266; x_wconf 90' lang='lat' dir='ltr'>virtutes</span> <span class='ocrx_word' id='word_1_693' title='bbox 3486 4208 3649 4277; x_wconf 86' lang='lat' dir='ltr'>ï¬unt,</span> <span class='ocrx_word' id='word_1_694' title='bbox 3674 4226 3740 4266; x_wconf 89' lang='lat' dir='ltr'>ac</span> 
     </span>
    </p>
   </div>
   <div class='ocr_carea' id='block_1_104' title="bbox 2110 4303 3739 4377">
    <p class='ocr_par' dir='ltr' id='par_1_104' title="bbox 2110 4303 3739 4377">
     <span class='ocr_line' id='line_1_104' title="bbox 2110 4303 3739 4377; baseline -0.002 -15"><span class='ocrx_word' id='word_1_695' title='bbox 2110 4309 2157 4362; x_wconf 92' lang='lat' dir='ltr'>si</span> <span class='ocrx_word' id='word_1_696' title='bbox 2188 4308 2318 4363; x_wconf 92' lang='lat' dir='ltr'>illuc</span> <span class='ocrx_word' id='word_1_697' title='bbox 2374 4306 2692 4377; x_wconf 91' lang='lat' dir='ltr'>specialiter</span> <span class='ocrx_word' id='word_1_698' title='bbox 2720 4321 2913 4361; x_wconf 91' lang='lat' dir='ltr'>eorum</span> <span class='ocrx_word' id='word_1_699' title='bbox 2938 4320 3172 4375; x_wconf 91' lang='lat' dir='ltr'>corpora</span> <span class='ocrx_word' id='word_1_700' title='bbox 3202 4303 3542 4358; x_wconf 74' lang='lat' dir='ltr'>deferantur.</span> <span class='ocrx_word' id='word_1_701' title='bbox 3579 4304 3739 4359; x_wconf 87' lang='lat' dir='ltr'>Unde</span> 
     </span>
    </p>
   </div>
   <div class='ocr_carea' id='block_1_105' title="bbox 2111 4393 3740 4469">
    <p class='ocr_par' dir='ltr' id='par_1_105' title="bbox 2111 4393 3740 4469">
     <span class='ocr_line' id='line_1_105' title="bbox 2111 4393 3740 4469; baseline -0.001 -18"><span class='ocrx_word' id='word_1_702' title='bbox 2111 4397 2419 4469; x_wconf 89' lang='lat' dir='ltr'>contigitut</span> <span class='ocrx_word' id='word_1_703' title='bbox 2461 4396 2636 4451; x_wconf 64' lang='lat' dir='ltr'>beata:</span> <span class='ocrx_word' id='word_1_704' title='bbox 2668 4395 3071 4451; x_wconf 86' lang='lat' dir='ltr'>recordationis</span> <span class='ocrx_word' id='word_1_705' title='bbox 3103 4393 3301 4448; x_wconf 88' lang='lat' dir='ltr'>Leonis</span> <span class='ocrx_word' id='word_1_706' title='bbox 3324 4409 3479 4464; x_wconf 64' lang='lat' dir='ltr'>papa&quot;:</span> <span class='ocrx_word' id='word_1_707' title='bbox 3513 4400 3740 4465; x_wconf 85' lang='lat' dir='ltr'>tempo-</span> 
     </span>
    </p>
   </div>
   <div class='ocr_carea' id='block_1_106' title="bbox 2111 4481 3739 4554">
    <p class='ocr_par' dir='ltr' id='par_1_106' title="bbox 2111 4481 3739 4554">
     <span class='ocr_line' id='line_1_106' title="bbox 2111 4481 3739 4554; baseline -0.002 -14"><span class='ocrx_word' id='word_1_708' title='bbox 2111 4485 2444 4552; x_wconf 81' lang='lat' dir='ltr'>ril)us,sicut</span> <span class='ocrx_word' id='word_1_709' title='bbox 2472 4500 2503 4539; x_wconf 89' lang='lat' dir='ltr'>a</span> <span class='ocrx_word' id='word_1_710' title='bbox 2531 4483 2839 4552; x_wconf 72' lang='lat' dir='ltr'>majoribus</span> <span class='ocrx_word' id='word_1_711' title='bbox 2869 4481 3261 4550; x_wconf 88' lang='lat' dir='ltr'>traditur,dum</span> <span class='ocrx_word' id='word_1_712' title='bbox 3312 4482 3536 4554; x_wconf 89' lang='lat' dir='ltr'>quidam</span> <span class='ocrx_word' id='word_1_713' title='bbox 3565 4482 3739 4537; x_wconf 67' lang='lat' dir='ltr'>Graaci</span> 
     </span>
    </p>
   </div>
   <div class='ocr_carea' id='block_1_107' title="bbox 2115 4574 3742 4648">
    <p class='ocr_par' dir='ltr' id='par_1_107' title="bbox 2115 4574 3742 4648">
     <span class='ocr_line' id='line_1_107' title="bbox 2115 4574 3742 4648; baseline -0.002 -15"><span class='ocrx_word' id='word_1_714' title='bbox 2115 4579 2184 4633; x_wconf 92' lang='lat' dir='ltr'>de</span> <span class='ocrx_word' id='word_1_715' title='bbox 2211 4577 2415 4632; x_wconf 89' lang='lat' dir='ltr'>talibus</span> <span class='ocrx_word' id='word_1_716' title='bbox 2445 4576 2699 4648; x_wconf 89' lang='lat' dir='ltr'>reliquiis</span> <span class='ocrx_word' id='word_1_717' title='bbox 2752 4575 3091 4640; x_wconf 85' lang='lat' dir='ltr'>dubitarent,</span> <span class='ocrx_word' id='word_1_718' title='bbox 3150 4574 3449 4646; x_wconf 69' lang='lat' dir='ltr'>praedictus</span> <span class='ocrx_word' id='word_1_719' title='bbox 3488 4575 3742 4645; x_wconf 87' lang='lat' dir='ltr'>pontifex</span> 
     </span>
    </p>
   </div>
   <div class='ocr_carea' id='block_1_108' title="bbox 2118 4662 3744 4737">
    <p class='ocr_par' dir='ltr' id='par_1_108' title="bbox 2118 4662 3744 4737">
     <span class='ocr_line' id='line_1_108' title="bbox 2118 4662 3744 4737; baseline -0.001 -16"><span class='ocrx_word' id='word_1_720' title='bbox 2118 4668 2222 4723; x_wconf 91' lang='lat' dir='ltr'>hoc</span> <span class='ocrx_word' id='word_1_721' title='bbox 2253 4667 2431 4737; x_wconf 90' lang='lat' dir='ltr'>ipsum</span> <span class='ocrx_word' id='word_1_722' title='bbox 2463 4665 2795 4732; x_wconf 88' lang='lat' dir='ltr'>brandeum,</span> <span class='ocrx_word' id='word_1_723' title='bbox 2818 4664 2999 4720; x_wconf 89' lang='lat' dir='ltr'>allatis</span> <span class='ocrx_word' id='word_1_724' title='bbox 3030 4663 3335 4730; x_wconf 79' lang='lat' dir='ltr'>forï¬cibus,</span> <span class='ocrx_word' id='word_1_725' title='bbox 3372 4662 3657 4731; x_wconf 87' lang='lat' dir='ltr'>inciderit,</span> <span class='ocrx_word' id='word_1_726' title='bbox 3687 4673 3744 4719; x_wconf 92' lang='lat' dir='ltr'>et</span> 
     </span>
    </p>
   </div>
   <div class='ocr_carea' id='block_1_109' title="bbox 2111 4756 3742 4832">
    <p class='ocr_par' dir='ltr' id='par_1_109' title="bbox 2111 4756 3742 4832">
     <span class='ocr_line' id='line_1_109' title="bbox 2111 4756 3742 4832; baseline -0.002 -18"><span class='ocrx_word' id='word_1_727' title='bbox 2111 4776 2175 4815; x_wconf 89' lang='lat' dir='ltr'>ex</span> <span class='ocrx_word' id='word_1_728' title='bbox 2199 4761 2317 4829; x_wconf 88' lang='lat' dir='ltr'>ipsa</span> <span class='ocrx_word' id='word_1_729' title='bbox 2348 4759 2620 4814; x_wconf 89' lang='lat' dir='ltr'>incisione</span> <span class='ocrx_word' id='word_1_730' title='bbox 2640 4759 2869 4832; x_wconf 84' lang='lat' dir='ltr'>sanguis</span> <span class='ocrx_word' id='word_1_731' title='bbox 2899 4756 3195 4812; x_wconf 77' lang='lat' dir='ltr'>effluxerit.</span> <span class='ocrx_word' id='word_1_732' title='bbox 3229 4776 3257 4807; x_wconf 77' lang='grc' dir='ltr'><strong>Î¹)</strong></span> <span class='ocrx_word' id='word_1_733' title='bbox 3289 4756 3412 4811; x_wconf 63' lang='lat' dir='ltr'>Haec</span> <span class='ocrx_word' id='word_1_734' title='bbox 3436 4756 3549 4810; x_wconf 90' lang='lat' dir='ltr'>ille.</span> <span class='ocrx_word' id='word_1_735' title='bbox 3583 4756 3742 4825; x_wconf 85' lang='lat' dir='ltr'>Ejus-</span> 
     </span>
    </p>
   </div>
   <div class='ocr_carea' id='block_1_110' title="bbox 2112 4845 3743 4919">
    <p class='ocr_par' dir='ltr' id='par_1_110' title="bbox 2112 4845 3743 4919">
     <span class='ocr_line' id='line_1_110' title="bbox 2112 4845 3743 4919; baseline -0.002 -16"><span class='ocrx_word' id='word_1_736' title='bbox 2112 4850 2236 4904; x_wconf 84' lang='lat' dir='ltr'>dem</span> <span class='ocrx_word' id='word_1_737' title='bbox 2268 4849 2439 4904; x_wconf 89' lang='lat' dir='ltr'>moris</span> <span class='ocrx_word' id='word_1_738' title='bbox 2474 4847 2851 4919; x_wconf 90' lang='lat' dir='ltr'>antiquissimi</span> <span class='ocrx_word' id='word_1_739' title='bbox 2886 4846 3131 4918; x_wconf 90' lang='lat' dir='ltr'>ponendi</span> <span class='ocrx_word' id='word_1_740' title='bbox 3163 4846 3286 4901; x_wconf 90' lang='lat' dir='ltr'>vela</span> <span class='ocrx_word' id='word_1_741' title='bbox 3336 4845 3422 4900; x_wconf 88' lang='lat' dir='ltr'>vel</span> <span class='ocrx_word' id='word_1_742' title='bbox 3459 4845 3568 4900; x_wconf 88' lang='lat' dir='ltr'>alia</span> <span class='ocrx_word' id='word_1_743' title='bbox 3592 4845 3743 4914; x_wconf 89' lang='lat' dir='ltr'>ejus-</span> 
     </span>
    </p>
   </div>
   <div class='ocr_carea' id='block_1_111' title="bbox 2113 4935 3745 5010">
    <p class='ocr_par' dir='ltr' id='par_1_111' title="bbox 2113 4935 3745 5010">
     <span class='ocr_line' id='line_1_111' title="bbox 2113 4935 3745 5010; baseline -0.002 -16"><span class='ocrx_word' id='word_1_744' title='bbox 2113 4940 2239 4994; x_wconf 89' lang='lat' dir='ltr'>dem</span> <span class='ocrx_word' id='word_1_745' title='bbox 2289 4955 2458 5010; x_wconf 90' lang='lat' dir='ltr'>supra</span> <span class='ocrx_word' id='word_1_746' title='bbox 2504 4938 2740 5010; x_wconf 90' lang='lat' dir='ltr'>apostoli</span> <span class='ocrx_word' id='word_1_747' title='bbox 2796 4937 2938 4992; x_wconf 86' lang='lat' dir='ltr'>Petri</span> <span class='ocrx_word' id='word_1_748' title='bbox 2986 4937 3326 5008; x_wconf 90' lang='lat' dir='ltr'>sepulcrum,</span> <span class='ocrx_word' id='word_1_749' title='bbox 3384 4940 3454 4991; x_wconf 88' lang='lat' dir='ltr'>ut</span> <span class='ocrx_word' id='word_1_750' title='bbox 3508 4935 3745 4990; x_wconf 88' lang='lat' dir='ltr'>benedi-</span> 
     </span>
    </p>
   </div>
   <div class='ocr_carea' id='block_1_112' title="bbox 2114 5023 3745 5098">
    <p class='ocr_par' dir='ltr' id='par_1_112' title="bbox 2114 5023 3745 5098">
     <span class='ocr_line' id='line_1_112' title="bbox 2114 5023 3745 5098; baseline -0.002 -16"><span class='ocrx_word' id='word_1_751' title='bbox 2114 5028 2299 5082; x_wconf 86' lang='lat' dir='ltr'>ctione</span> <span class='ocrx_word' id='word_1_752' title='bbox 2329 5027 2665 5098; x_wconf 85' lang='lat' dir='ltr'>locuplctata</span> <span class='ocrx_word' id='word_1_753' title='bbox 2722 5026 3125 5096; x_wconf 89' lang='lat' dir='ltr'>reciperentur,</span> <span class='ocrx_word' id='word_1_754' title='bbox 3154 5023 3413 5080; x_wconf 88' lang='lat' dir='ltr'>meminit</span> <span class='ocrx_word' id='word_1_755' title='bbox 3444 5023 3745 5097; x_wconf 87' lang='lat' dir='ltr'>Gregorius</span> 
     </span>
    </p>
   </div>
   <div class='ocr_carea' id='block_1_113' title="bbox 2112 5116 3748 5189">
    <p class='ocr_par' dir='ltr' id='par_1_113' title="bbox 2112 5116 3748 5189">
     <span class='ocr_line' id='line_1_113' title="bbox 2112 5116 3748 5189; baseline -0.001 -16"><span class='ocrx_word' id='word_1_756' title='bbox 2112 5119 2447 5175; x_wconf 90' lang='lat' dir='ltr'>Turonensis</span> <span class='ocrx_word' id='word_1_757' title='bbox 2503 5118 2647 5175; x_wconf 90' lang='lat' dir='ltr'>libro</span> <span class='ocrx_word' id='word_1_758' title='bbox 2692 5118 2869 5189; x_wconf 90' lang='lat' dir='ltr'>primo</span> <span class='ocrx_word' id='word_1_759' title='bbox 2920 5118 3328 5184; x_wconf 84' lang='lat' dir='ltr'>Miraculorum,</span> <span class='ocrx_word' id='word_1_760' title='bbox 3372 5116 3556 5186; x_wconf 90' lang='lat' dir='ltr'>capite</span> <span class='ocrx_word' id='word_1_761' title='bbox 3596 5116 3748 5173; x_wconf 90' lang='lat' dir='ltr'>vice-</span> 
     </span>
    </p>
   </div>
   <div class='ocr_carea' id='block_1_114' title="bbox 2118 5207 2501 5264">
    <p class='ocr_par' dir='ltr' id='par_1_114' title="bbox 2118 5207 2501 5264">
     <span class='ocr_line' id='line_1_114' title="bbox 2118 5207 2501 5264; baseline 0.003 -3"><span class='ocrx_word' id='word_1_762' title='bbox 2118 5207 2261 5263; x_wconf 89' lang='lat' dir='ltr'>simo</span> <span class='ocrx_word' id='word_1_763' title='bbox 2283 5214 2501 5264; x_wconf 91' lang='lat' dir='ltr'>octavo.</span> 
     </span>
    </p>
   </div>
   <div class='ocr_carea' id='block_1_115' title="bbox 2201 5314 3750 5385">
    <p class='ocr_par' dir='ltr' id='par_1_115' title="bbox 2201 5314 3750 5385">
     <span class='ocr_line' id='line_1_115' title="bbox 2201 5314 3750 5385; baseline -0.001 -13"><span class='ocrx_word' id='word_1_764' title='bbox 2201 5319 2407 5373; x_wconf 65' lang='lat' dir='ltr'>Tertius</span> <span class='ocrx_word' id='word_1_765' title='bbox 2438 5321 2491 5373; x_wconf 85' lang='lat' dir='ltr'>et</span> <span class='ocrx_word' id='word_1_766' title='bbox 2517 5318 2752 5372; x_wconf 88' lang='lat' dir='ltr'>Karolus</span> <span class='ocrx_word' id='word_1_767' title='bbox 2792 5318 2949 5384; x_wconf 86' lang='lat' dir='ltr'>regni</span> <span class='ocrx_word' id='word_1_768' title='bbox 2978 5319 3313 5385; x_wconf 81' lang='lat' dir='ltr'>componeret</span> <span class='ocrx_word' id='word_1_769' title='bbox 3358 5318 3535 5369; x_wconf 87' lang='lat' dir='ltr'>actus.</span> <span class='ocrx_word' id='word_1_770' title='bbox 3579 5314 3629 5369; x_wconf 92' lang='lat' dir='ltr'><strong>Is</strong></span> <span class='ocrx_word' id='word_1_771' title='bbox 3667 5325 3750 5370; x_wconf 93' lang='lat' dir='ltr'>est</span> 
     </span>
    </p>
   </div>
   <div class='ocr_carea' id='block_1_116' title="bbox 2128 5404 3745 5475">
    <p class='ocr_par' dir='ltr' id='par_1_116' title="bbox 2128 5404 3745 5475">
     <span class='ocr_line' id='line_1_116' title="bbox 2128 5404 3745 5475; baseline -0.001 -12"><span class='ocrx_word' id='word_1_772' title='bbox 2128 5407 2353 5465; x_wconf 88' lang='lat' dir='ltr'>Carolus</span> <span class='ocrx_word' id='word_1_773' title='bbox 2375 5408 2589 5464; x_wconf 89' lang='lat' dir='ltr'>Calvus.</span> <span class='ocrx_word' id='word_1_774' title='bbox 2623 5407 2842 5463; x_wconf 87' lang='lat' dir='ltr'>Primus</span> <span class='ocrx_word' id='word_1_775' title='bbox 2872 5407 3019 5462; x_wconf 90' lang='lat' dir='ltr'>enim</span> <span class='ocrx_word' id='word_1_776' title='bbox 3052 5413 3134 5462; x_wconf 86' lang='lat' dir='ltr'>est</span> <span class='ocrx_word' id='word_1_777' title='bbox 3195 5404 3417 5461; x_wconf 89' lang='lat' dir='ltr'>Carolus</span> <span class='ocrx_word' id='word_1_778' title='bbox 3447 5406 3745 5475; x_wconf 81' lang='lat' dir='ltr'>Martellus,</span> 
     </span>
    </p>
   </div>
   <div class='ocr_carea' id='block_1_117' title="bbox 2126 5505 2947 5582">
    <p class='ocr_par' dir='ltr' id='par_1_117' title="bbox 2126 5505 2947 5582">
     <span class='ocr_line' id='line_1_117' title="bbox 2126 5505 2947 5582; baseline -0.001 -21"><span class='ocrx_word' id='word_1_779' title='bbox 2126 5506 2407 5562; x_wconf 89' lang='lat' dir='ltr'>secundus</span> <span class='ocrx_word' id='word_1_780' title='bbox 2442 5505 2669 5562; x_wconf 90' lang='lat' dir='ltr'>Carolus</span> <span class='ocrx_word' id='word_1_781' title='bbox 2700 5506 2947 5582; x_wconf 83' lang='lat' dir='ltr'>Magnus,</span> 
     </span>
    </p>
   </div>
   <div class='ocr_carea' id='block_1_118' title="bbox 2197 5610 3748 5684">
    <p class='ocr_par' dir='ltr' id='par_1_118' title="bbox 2197 5610 3748 5684">
     <span class='ocr_line' id='line_1_118' title="bbox 2197 5610 3748 5684; baseline -0.001 -16"><span class='ocrx_word' id='word_1_782' title='bbox 2197 5613 2465 5668; x_wconf 85' lang='lat' dir='ltr'>Octimbcr</span> <span class='ocrx_word' id='word_1_783' title='bbox 2522 5616 2784 5683; x_wconf 79' lang='lat' dir='ltr'>primum,</span> <span class='ocrx_word' id='word_1_784' title='bbox 2845 5619 2955 5667; x_wconf 88' lang='lat' dir='ltr'>etc.</span> <span class='ocrx_word' id='word_1_785' title='bbox 3015 5610 3105 5666; x_wconf 91' lang='lat' dir='ltr'>Sic</span> <span class='ocrx_word' id='word_1_786' title='bbox 3154 5612 3510 5684; x_wconf 89' lang='lat' dir='ltr'>exemplaria,</span> <span class='ocrx_word' id='word_1_787' title='bbox 3569 5613 3668 5667; x_wconf 88' lang='lat' dir='ltr'>sed</span> <span class='ocrx_word' id='word_1_788' title='bbox 3698 5613 3748 5679; x_wconf 79' lang='lat' dir='ltr'>.l,</span> 
     </span>
    </p>
   </div>
   <div class='ocr_carea' id='block_1_119' title="bbox 2127 5698 3751 5770">
    <p class='ocr_par' dir='ltr' id='par_1_119' title="bbox 2127 5698 3751 5770">
     <span class='ocr_line' id='line_1_119' title="bbox 2127 5698 3751 5770; baseline -0.001 -14"><span class='ocrx_word' id='word_1_789' title='bbox 2127 5700 2419 5767; x_wconf 86' lang='lat' dir='ltr'>Octember,</span> <span class='ocrx_word' id='word_1_790' title='bbox 2480 5699 2513 5753; x_wconf 94' lang='lat' dir='ltr'>S</span> <span class='ocrx_word' id='word_1_791' title='bbox 2564 5699 2793 5755; x_wconf 89' lang='lat' dir='ltr'>mutavit</span> <span class='ocrx_word' id='word_1_792' title='bbox 2844 5698 3086 5765; x_wconf 85' lang='lat' dir='ltr'>October,</span> <span class='ocrx_word' id='word_1_793' title='bbox 3142 5714 3267 5754; x_wconf 91' lang='lat' dir='ltr'>cum</span> <span class='ocrx_word' id='word_1_794' title='bbox 3318 5698 3559 5770; x_wconf 91' lang='lat' dir='ltr'>primum</span> <span class='ocrx_word' id='word_1_795' title='bbox 3615 5699 3751 5755; x_wconf 91' lang='lat' dir='ltr'>illud</span> 
     </span>
    </p>
   </div>
   <div class='ocr_carea' id='block_1_120' title="bbox 2127 5789 3749 5865">
    <p class='ocr_par' dir='ltr' id='par_1_120' title="bbox 2127 5789 3749 5865">
     <span class='ocr_line' id='line_1_120' title="bbox 2127 5789 3749 5865; baseline 0.002 -20"><span class='ocrx_word' id='word_1_796' title='bbox 2127 5790 2512 5863; x_wconf 87' lang='lat' dir='ltr'>antiquitatem</span> <span class='ocrx_word' id='word_1_797' title='bbox 2542 5790 2812 5862; x_wconf 88' lang='lat' dir='ltr'>redoleat,</span> <span class='ocrx_word' id='word_1_798' title='bbox 2842 5796 2898 5847; x_wconf 91' lang='lat' dir='ltr'>et</span> <span class='ocrx_word' id='word_1_799' title='bbox 2939 5789 3210 5861; x_wconf 90' lang='lat' dir='ltr'>exprimat</span> <span class='ocrx_word' id='word_1_800' title='bbox 3265 5789 3416 5848; x_wconf 83' lang='lat' dir='ltr'>vocis</span> <span class='ocrx_word' id='word_1_801' title='bbox 3454 5790 3749 5865; x_wconf 76' lang='lat' dir='ltr'>originem,</span> 
     </span>
    </p>
   </div>
  </div>
