3874 6422
151 393 260 448 357

1483 391 1546 445 IN
1593 389 1840 446 LIBRUM
1880 389 2163 444 PRIMUM.

3389 390 3498 448 358

146 522 468 592 eodemque
512 517 680 574 modo
725 517 924 590 legitur
1000 519 1054 572 in
1111 519 1338 573 metrico
1387 517 1775 593 Martyrologio
1806 517 2120 592 ApOpulis,
2155 515 2249 587 qui
2292 532 2438 570 nunc
2470 515 2792 570 Brabantini
2849 522 2903 570 et
2935 515 3150 571 Flandri
3209 527 3493 574 vocantur.

144 616 532 672 “’andclberti
563 615 925 670 Prumiensis.

227 711 552 762 Tercentum
589 709 816 775 fuerant
845 713 950 764 tres
1005 711 1056 760 et
1093 707 1220 761 deni
1245 713 1440 776 quater
1465 709 1622 773 anni,
1669 715 1775 760 etc.

149 799 211 853 Id
240 807 326 854 est
356 799 588 854 trecenti
641 805 698 854 et
735 807 929 870 quater
985 796 1271 864 tredecim,
1307 797 1399 868 qui
1453 804 1580 851 sunt
1610 797 1778 868 quin-

148 887 421 961 quaginta
450 887 562 942 duo
593 886 726 942 anni
781 886 960 957 elapsi
1000 893 1157 942 erant
1187 903 1219 941 a
1270 886 1604 956 baptismate
1659 885 1780 940 Clo-

147 979 316 1035 dovei
351 987 405 1034 et
435 979 795 1045 Francorum,
825 979 1051 1050 quando
1085 979 1203 1034 hzec
1223 979 1507 1033 translatio
1530 977 1778 1049 corporis

147 1070 206 1126 8.
241 1071 477 1146 Remigii
511 1071 655 1128 facta
679 1083 782 1140 est,
841 1073 990 1144 quod
1047 1071 1149 1126 fuit
1199 1087 1344 1126 anno
1393 1071 1516 1124 9252.
1562 1071 1633 1124 Ex
1667 1085 1776 1140 quo

142 1163 403 1234 sequitur
437 1163 772 1234 baptismum
829 1164 1088 1220 Clodovei
1147 1164 1442 1238 contigisse
1474 1177 1619 1216 anno
1649 1161 1772 1216 500.

145 1253 271 1309 Non
312 1262 494 1308 autem
519 1269 717 1307 sensus
767 1259 869 1316 est,
933 1260 994 1309 ut
1053 1253 1230 1308 videri
1279 1261 1484 1324 posset,
1541 1251 1773 1306 trecenti

143 1342 524 1418 quadraginta
581 1351 694 1398 tres
745 1343 902 1398 anni.
949 1343 1103 1398 Tunc
1153 1343 1300 1396 enim
1340 1349 1773 1414 Oportereteum

143 1435 322 1490 fuisse
355 1436 696 1507 baptizatum
759 1451 908 1490 anno
947 1435 1074 1502 509,
1107 1435 1258 1506 quod
1287 1442 1372 1490 est
1403 1443 1594 1490 contra
1620 1450 1776 1489 com—

143 1542 374 1582 munem
407 1525 760 1591 sententiam,
820 1532 878 1579 ut
933 1540 1101 1596 supra
1155 1524 1223 1578 ad
1282 1525 1478 1596 capulB
1537 1523 1772 1579 adnota-

140 1617 351 1672 vimus.

218 1704 616 1761 Comitantibus
653 1705 900 1774 undique
951 1720 1100 1760 secus
1163 1705 1494 1774 populorum
1533 1707 1773 1775 stipatus

138 1799 394 1851 catervis.
429 1794 620 1862 Secus,
654 1795 712 1848 id
733 1803 817 1850 est
846 1811 1042 1864 prope,
1077 1801 1131 1849 et
1159 1793 1240 1850 sic
1264 1793 1451 1849 omnia
1481 1792 1770 1862 exempla-

141 1888 246 1956 ria,
281 1903 353 1944 nc
382 1890 510 1960 quis
536 1887 835 1962 legendum
866 1895 1025 1958 putet
1059 1905 1272 1944 secum.

763 1999 970 2053 CAPUT
1004 1999 1164 2052 XXII.

213 2092 418 2148 Mulier
446 2091 696 2162 quadam
751 2091 820 2144 de
852 2106 994 2160 pago
1054 2093 1361 2145 Trecossino
1419 2090 1773 2144 membrorum

135 2185 386 2238 omnium
411 2183 708 2248 agitatione
736 2181 994 2234 multata.
1049 2179 1298 2233 Similem
1331 2179 1675 2250 punitionem
1709 2194 1774 2232 ex

137 2275 441 2330 maledicto
477 2273 667 2328 matris
698 2251 1141 2344 provenienteni,
1177 2273 1413 2342 ejusque
1433 2272 1775 2327 curationem

138 2364 209 2418 ad
268 2361 598 2418 memoriam
649 2361 705 2414 S.
765 2361 1036 2432 Stephani
1122 2359 1544 2430 protomartyris
1591 2366 1776 2414 narrat

140 2455 493 2527 Augustinus
519 2453 620 2508 lib.
653 2469 761 2507 χχιι
795 2453 863 2507 de
897 2451 1054 2507 Civit.
1089 2451 1208 2519 Dei,
1243 2468 1291 2506 c.
1327 2453 1379 2506 8.

211 2547 303 2599 Er
329 2543 464 2597 uilla
489 2558 607 2612 qua:
638 2547 864 2596 vocatur
895 2543 1165 2598 Caucella.
1199 2540 1289 2595 Sic
1319 2540 1382 2606 R,
1404 2539 1490 2594 MS
1513 2539 1562 2604 J,
1595 2540 1692 2594 sed
1720 2538 1775 2605 C,

135 2631 397 2687 Caurella
445 2631 522 2685 De
554 2630 826 2686 relatione
869 2631 926 2686 S.
986 2629 1223 2703 Remigii
1270 2629 1340 2684 ad
1377 2629 1556 2684 locum
1589 2629 1778 2699 sepul-

141 2737 286 2782 tura:
325 2741 462 2790 suae,
517 2739 618 2779 seu
671 2725 740 2779 ad
793 2725 1193 2779 monasterium
1243 2739 1428 2788 suum,
1479 2737 1580 2792 per
1619 2722 1780 2776 lteri-

136 2831 324 2872 vacum
355 2813 841 2884 archiepiscopum
901 2812 1041 2868 facta
1084 2829 1230 2866 anno
1275 2811 1403 2879 90I,
1449 2811 1520 2866 de
1579 2827 1687 2883 qua
1715 2811 1770 2864 in

141 2902 262 2958 fine
287 2901 455 2970 hujus
473 2901 702 2972 capituli
735 2900 899 2972 paulo
927 2901 1094 2956 latius
1127 2900 1239 2972 agit
1277 2907 1492 2968 auctor,
1538 2899 1644 2958 lib.
1703 2917 1774 2965 IV,

138 3009 194 3049 c.
238 2993 327 3048 12.

214 3086 283 3140 1η
299 3098 356 3136 eo
384 3099 510 3139 vero
541 3085 650 3136 loco
675 3083 771 3137 ubi
799 3083 894 3137 hoc
951 3085 1148 3138 salutis
1201 3083 1400 3137 accidit
1426 3082 1648 3148 donum,
1672 3097 1777 3151 po—

139 3173 263 3226 sita
287 3171 538 3240 deinceps
557 3176 737 3224 exstat
765 3173 1036 3238 columna,
1061 3188 1218 3228 cruce
1239 3176 1491 3243 prae/ira,
1512 3173 1780 3240 glorifica-

56 3295 68 3302 -
143 3265 318 3318 tionis
344 3264 510 3333 hujus
539 3266 818 3320 continens
845 3270 1208 3320 monumenta.
1254 3265 1316 3319 In
1357 3264 1587 3320 circuitu
1619 3263 1779 3335 pedis

1883 613 2088 666 Rursus
2119 611 2382 665 secabant
2412 611 2663 665 eamdem
2723 611 2948 665 Galliam
2999 611 3054 665 in
3080 612 3357 686 Belgicam
3385 612 3499 684 pri-

1879 719 2048 767 mam,
2077 703 2236 771 cujus
2265 710 2429 772 caput
2483 701 2754 768 Treveris,
2807 718 2928 756 cum
2971 701 3494 769 Mcdiomatricibus,

1880 793 2074 848 Leucis
2100 803 2156 848 et
2186 793 2665 848 Virodunensibus
2693 793 2847 859 ;etin
2861 793 3138 867 Belgicam
3167 795 3494 866 secundam,

1877 889 1973 944 ubi
2020 889 2391 961 principatum
2438 889 2706 944 tenebant
2753 889 2930 957 Remi,
2989 890 3262 946 habentes
3305 892 3406 946 sub
3437 909 3497 946 sc

1879 985 2208 1039 Suessiones
2239 1027 2255 1050 ,
2325 984 2648 1040 Catalaunos
2678 1025 2692 1050 ,
2745 983 3039 1040 Laudunos
3074 1024 3090 1049 ,
3151 983 3496 1053 Camaracos,

1877 1075 2124 1144 Nervios,
2181 1077 2440 1144 Morinos,
2498 1077 2803 1144 Atrebates,
2859 1077 3180 1144 Ambianos,
3239 1077 3497 1132 Bellova-

1877 1155 1993 1234 cos,
2026 1166 2512 1240 Noviomagcnses.
2545 1167 2604 1220 In
2663 1182 2771 1237 qua
2818 1167 3060 1221 secunda
3090 1165 3310 1239 Belgica
3331 1166 3502 1222 Flau-

1877 1257 1998 1312 dria
2020 1257 2350 1312 includitur.

2459 1368 2665 1424 CAPUT
2713 1369 2892 1424 XXIV.

1953 1483 2048 1535 Est
2063 1481 2264 1536 silvula
2292 1483 2355 1536 in
2381 1485 2559 1535 monte
2586 1483 2697 1536 sita
2745 1482 2918 1536 tribus
2947 1497 2983 1536 a
3009 1483 3226 1536 civitate
3251 1483 3496 1538 millibus

1876 1575 2150 1640 separata.
2184 1570 2394 1626 Nomen
2418 1571 2593 1627 monti
2615 1579 2697 1626 est
2738 1572 2864 1638 llor,
2891 1579 2950 1626 ut
2979 1577 3063 1626 est
3088 1571 3144 1625 in
3175 1571 3296 1626 Vita
3333 1570 3498 1639 hujus

1875 1661 1944 1716 de
1964 1678 2072 1734 quo
2101 1663 2281 1734 agitur
2307 1663 2636 1718 Theodorici
2667 1664 2813 1735 apud
2849 1663 3089 1718 Surium.

1948 1752 2090 1816 Quin
2121 1756 2333 1806 vocetur
2366 1751 2717 1806 Theoderico.
2739 1752 2827 1807 Sic
2859 1752 2896 1805 C
2924 1760 2979 1806 et
3008 1752 3048 1806 R
3079 1751 3177 1806 sed
3201 1751 3286 1818 SJ,
3316 1753 3490 1807 Theo-

1877 1843 2046 1908 derio,
2105 1843 2232 1909 alia,
2292 1844 2632 1898 Theoderico.
2694 1844 3206 1915 Quomodocunque
3253 1843 3490 1916 legatur,

1877 1935 2190 2004 exprimere
2221 1935 2394 1990 voluit
2453 1951 2656 1990 nomen
2711 1935 3122 2002 diminutivum,
3175 1950 3298 2006 quae
3345 1936 3494 2006 apud

1797 1994 1848 2062 Β
1875 1994 2057 2081 Gallos
2087 2027 2351 2082 desinunt
2373 2027 2429 2081 in
2461 2044 2510 2094 ο,
2538 2034 2649 2082 uta
2670 2031 2860 2084 Petrus
2897 1994 3134 2083 Pierrot.

1948 2121 2046 2173 Die
2101 2120 2472 2174 Kalendarum
2521 2121 2799 2174 Iuliarum
2834 2161 2846 2174 .
2911 2119 3157 2173 Natalem
3226 2118 3392 2173 diem-
3439 2117 3496 2172 S.

1875 2210 2230 2277 Theodorici,
2261 2211 2376 2266 sive
2427 2211 2753 2266 Theoderici
2807 2212 2914 2266 hoc
2944 2211 3034 2266 die
3075 2211 3242 2266 habet
3300 2209 3501 2281 Marty-

1876 2305 2148 2378 rologium
2191 2304 2421 2360 Usuardi
2481 2305 2787 2359 Romanum
2856 2319 2980 2358 cum
3049 2303 3194 2358 notis
3252 2303 3498 2369 Baronii,

1875 2393 2007 2448 item
2037 2393 2177 2448 Petri
2205 2393 2488 2456 Galesinii,
2535 2393 2808 2448 Francisci
2849 2391 3169 2462 Maurolyci,
3201 2391 3296 2462 qui
3333 2393 3503 2446 Theo-

1879 2483 2068 2536 dorum
2097 2492 2277 2548 vocat,
2340 2489 2395 2536 et
2448 2482 2670 2536 Arnoldi
2706 2482 2866 2536 Wion
2926 2481 3071 2538 libro
3128 2482 3290 2536 tertio
3341 2480 3498 2553 Ligni

1879 2573 2034 2630 Vitae.
2069 2574 2324 2642 Ejusdem
2380 2575 2499 2628 Vita
2550 2581 2724 2628 exstat
2757 2575 2862 2629 hoc
2913 2574 3004 2628 die
3062 2573 3209 2644 apud
3251 2573 3496 2634 Surium,

1879 2681 2122 2722 consona
2147 2666 2194 2720 is
2210 2683 2332 2738 qua:
2359 2667 2465 2722 hoc
2493 2682 2616 2736 cap.
2639 2666 2936 2732 habentur,
2957 2665 3051 2719 sed
3073 2665 3164 2720 hic
3215 2663 3502 2735 aliquanto

1881 2756 2135 2812 uberius.

1953 2849 2196 2914 Quodam
2252 2849 2482 2919 denique
2535 2849 2895 2904 Sabbatorum
2951 2847 3056 2913 die,
3105 2845 3227 2915 jam
3278 2861 3507 2914 vespera

1879 2938 2154 2990 Dominici
2191 2937 2304 2992 dici
2352 2937 2652 3002 accedente,
2703 2936 2952 3006 quaedam
3003 2935 3362 3004 paupercula,
3395 2943 3502 2988 etc.

1881 3026 2130 3082 Graviter
2159 3027 2350 3098 punita
2375 3027 2476 3082 fuit
2507 3029 2625 3082 haec
2677 3027 2896 3091 mulier,
2957 3025 3106 3096 quod
3131 3041 3368 3096 veSpere
3395 3025 3506 3080 diei

1878 3115 2177 3171 Dominicze
2193 3124 2536 3186 Operaretur,
2569 3115 2700 3186 quia
2725 3123 2838 3169 tum
2867 3113 3170 3168 celebratio
3195 3113 3499 3168 Dominicze

1882 3206 2186 3277 incipiebat
2217 3223 2248 3261 a
2270 3213 2518 3278 tempore
2547 3221 2928 3275 vesperarum,
2969 3204 3117 3275 quod
3147 3204 3364 3260 duravit
3392 3204 3508 3260 fere

1882 3298 1949 3352 ad
1981 3306 2167 3352 nostra
2197 3313 2372 3368 usque
2405 3304 2671 3367 tempora.
2707 3296 3007 3350 Videantur
3049 3311 3174 3368 quae
3218 3296 3414 3367 scripsi
3445 3295 3505 3350 in

147 3359 432 3456 “Pium”?
459 3359 814 3456 θφθίδξίιίθ
859 3359 915 3456 θη
975 3359 1150 3456 Ruri-3°
1196 3359 1251 3413 δ’
1291 3357 1536 3456 Ηίοηγδίί
1571 3357 1774 3456 Remis’
1803 3365 1852 3432 (ἶ
1883 3387 2028 3442 notis
2052 3387 2120 3442 ad
2161 3357 2385 3442 Toniam
2443 3357 2921 3456 Cantipratanum,
2975 3357 3085 3440 lib:
3127 3403 3188 3452 ιι,
3237 3357 3360 3456 cap.
3411 3386 3505 3453 53,

152 3449 281 3518 ejus
307 3449 384 3502 rei
415 3448 571 3503 testis
598 3454 680 3502 est
709 3448 828 3503 haec
859 3447 1144 3519 inscriptio
1177 3465 1194 3500 :
1233 3470 1256 3497 α
1291 3447 1582 3520 Nongento
1599 3447 1776 3518 primo

154 3558 306 3598 anno
347 3539 619 3596 incarnati
660 3541 900 3608 Domini,
951 3541 1055 3596 sub
1108 3553 1306 3612 quarto
1360 3539 1476 3594 Kal.
1504 3539 1774 3606 Januarii,

153 3633 522 3704 secundaque
563 3631 812 3698 Sabbati,
845 3629 1090 3704 glorioso
1138 3628 1207 3683 ab
1269 3629 1372 3682 hac
1424 3627 1560 3682 urbe
1595 3627 1778 3682 delato

151 3738 391 3792 corpore
425 3719 642 3776 Domini
701 3719 874 3774 nostri
933 3735 995 3772 ac
1040 3717 1256 3790 patroni
1308 3715 1456 3770 beati
1513 3716 1783 3789 Remigii,

152 3831 282 3869 cum
313 3816 528 3869 honore
561 3812 846 3886 dignitatis
873 3813 1160 3882 utriusque
1181 3810 1394 3865 ordinis
1423 3810 1787 3864 concurrebat

158 3906 325 3979 plebs
347 3907 546 3960 devote
581 3905 827 3958 Herivzeo
881 3903 1122 3974 prtesuli,
1179 3901 1366 3956 Carolo
1428 3917 1558 3970 rege
1587 3899 1787 3956 subse-

159 4006 393 4069 quente,
439 4011 564 4049 cum
588 3993 862 4048 Richardo
915 3991 1188 4064 principe,
1221 3991 1431 4046 Christo
1463 3991 1656 4046 laudes
1679 4008 1788 4046 una

160 4094 352 4141 mente
377 4083 675 4154 jubilando
707 4097 970 4137 consone.
1007 4081 1138 4136 Cum
1171 4080 1367 4134 fuisset
1389 4081 1495 4136 huc
1518 4081 1788 4150 perlatum

165 4193 372 4250 pignus
425 4175 854 4242 sanctissimum,
904 4174 1122 4231 caelitus
1178 4173 1378 4229 virtute
1428 4174 1584 4243 lapsa
1643 4173 1789 4228 illico

165 4265 412 4337 prosiliit
438 4263 659 4334 (mirum
685 4263 852 4318 ductu
880 4262 918 4332 l)
945 4263 1169 4334 quidam
1201 4261 1432 4318 claudus
1449 4259 1671 4314 directis
1696 4276 1796 4330 po-

167 4359 426 4430 plitibus,
482 4372 624 4412 novo
677 4372 870 4430 gressu
927 4355 994 4409 ab
1056 4353 1186 4409 hinc
1243 4370 1403 4408 suum
1437 4368 1787 4424 prosequens

167 4445 506 4512 remedium,
559 4445 719 4514 cujus
748 4460 852 4516 Ope
907 4445 1236 4514 adjuvemur
1295 4441 1383 4497 hic
1439 4449 1494 4498 et
1547 4441 1604 4496 in
1660 4459 1791 4513 per-

165 4549 427 4611 petuum.

243 4660 267 4680 «ι
309 4632 514 4705 Sancte
549 4631 626 4686 tui
656 4631 928 4705 Sigloardi
955 4631 1218 4705 miserere
1257 4631 1536 4705 monachi,

243 4703 569 4768 Quiductus
597 4702 783 4758 amo‘re
804 4703 959 4758 istius
1001 4702 1197 4774 patrati
1239 4703 1511 4774 miraculi,

244 4775 327 4832 Οἱ)
348 4774 508 4830 istius
533 4775 937 4829 monimentum
956 4773 1103 4830 hunc
1133 4775 1307 4829 erexit
1333 4773 1574 4829 titulum.
1604 4796 1630 4820 η

779 4883 988 4939 CAPUT
1027 4884 1189 4940 XXIII

242 4976 482 5044 Quidam
505 4976 734 5042 Belgica:
787 4977 1032 5030 secunda:
1082 4977 1395 5052 provincia.
1459 4975 1677 5050 Belgica
1704 4991 1796 5030 se-

171 5066 358 5122 cunda
387 5064 636 5120 continet
665 5063 888 5130 Remos,
956 5063 1302 5130 Catalaunos,
1335 5063 1656 5131 Ambianos,
1689 5071 1796 5121 etc.

171 5157 240 5210 Ut
271 5155 423 5210 enim
455 5155 616 5209 docte
643 5153 837 5208 scribit
860 5152 1102 5208 Iacobus
1131 5152 1383 5222 Meyerus
1411 5151 1463 5206 in
1491 5151 1606 5206 suis
1639 5151 1799 5206 Flan—

172 5245 314 5300 (ιι-ιω
345 5242 654 5298 Annalibus
683 5243 752 5297 ad
781 5258 986 5298 annum
1055 5242 1181 5308 453,
1211 5241 1440 5298 Romani
1474 5241 1800 5297 dividebant

172 5335 456 5410 Belgicam
489 5333 715 5388 Galliam
767 5333 822 5387 in
878 5331 1227 5387 Germaniam
1281 5331 1534 5402 primam.
1563 5347 1663 5387 seu
1697 5348 1795 5387 su-

172 5423 481 5495 periorem,
537 5437 660 5494 qum
718 5420 1164 5496 Argentoratum,
1219 5419 1644 5494 Magontiacum,
1691 5420 1798 5476 Nc-

173 5520 378 5580 metas,
417 5511 734 5586 Vangiones
765 5510 1012 5582 aliasque
1067 5511 1259 5565 Rheno
1295 5510 1636 5582 propinquas
1659 5526 1799 5566 con-

173 5601 397 5656 tinebat
435 5607 632 5675 gentes
669 5616 684 5653 :
716 5606 772 5654 et
819 5599 878 5653 in
920 5599 1268 5654 Germaniam
1309 5600 1635 5668 secundam,
1698 5615 1796 5656 seu

175 5689 525 5755 inferiorem,
557 5688 716 5756 cujus
745 5695 912 5758 caput
940 5695 1054 5744 erat
1082 5688 1308 5744 Colonia
1343 5689 1645 5762 Agrippina
1672 5705 1797 5745 cum

170 5781 522 5857 Tungrisac
597 5780 924 5838 Nerviorum
999 5780 1446 5852 Morinorumque
1511 5783 1801 5838 maritimis

1889 3483 2040 3544 parte
2068 3491 2140 3530 ιχ.
2193 3475 2342 3530 Idem
2388 3491 2519 3531 vero
2568 3481 2716 3545 patet
2773 3491 2838 3530 ex
2891 3477 2996 3531 hoc
3031 3483 3260 3532 auctore
3315 3492 3507 3546 supra,

1887 3581 2008 3637 cap.
2037 3565 2128 3633 20,
2152 3565 2246 3620 ubi
2267 3565 2658 3638 Ragenbaldus
2690 3565 2914 3638 quidam
2932 3565 3004 3622 ob
3037 3568 3292 3624 eamdem
3321 3583 3514 3624 causa-

1890 3679 2006 3716 sam
2031 3662 2255 3734 punitus
2278 3670 2387 3717 est.

2499 3753 2708 3810 CAPUT
2753 3755 2902 3810 XXV.

1962 3879 2032 3932 De
2055 3879 2107 3932 S.
2143 3879 2432 3945 Teodult’o,
2483 3879 2552 3933 de
2592 3895 2703 3950 quo
2752 3879 2858 3934 hoc
2903 3895 3004 3950 cap
3035 3921 3050 3946 ,
3093 3881 3206 3956 agit
3262 3880 3514 3936 Molanus

1888 3971 1944 4026 in
1977 3973 2262 4026 additione
2283 3973 2351 4026 ad
2383 3972 2691 4026 Usuardum
2725 3971 2982 4026 Kalendis
2999 3972 3125 4027 Maii
3180 3973 3384 4029 Eodem
3417 3973 3512 4028 die

1889 4060 2083 4116 Petrus
2119 4061 2451 4128 Galesinius,
2510 4069 2565 4117 et
2620 4062 2892 4118 Aruoldus
2954 4063 3138 4130 Wion,
3195 4063 3512 4136 Utriusque,

1890 4149 2149 4205 videlicet
2201 4151 2256 4206 S.
2325 4151 2654 4206 Theodorici
2723 4161 2776 4207 et
2838 4152 3191 4223 Teodulphi,
3260 4154 3516 4210 meminit

1905 4239 2230 4311 Sigebertus
2287 4239 2343 4294 in
2375 4239 2642 4296 Chronico
2685 4241 2752 4296 ad
2785 4257 2991 4296 annum
3015 4241 3123 4298 53$
3169 4241 3255 4296 his
3284 4243 3468 4298 verbis
3499 4261 3514 4297 :

1897 4352 1923 4376 α
1955 4329 2331 4385 Theodericus
2364 4331 2562 4398 abbas,
2612 4331 2920 4402 discipulus
2947 4331 3120 4387 sancti
3173 4332 3434 4407 Remigii,
3464 4343 3526 4392 et

1891 4423 2244 4494 Teodulphus
2267 4423 2460 4492 abbas,
2493 4425 2992 4497 discipulusipsius
3034 4426 3387 4482 Theoderici:
3461 4426 3518 4481 in

1894 4514 2118 4568 Francia
2147 4516 2374 4569 clarent.
2403 4534 2426 4566 υ
2483 4515 2872 4570 lnventionem
2934 4516 3184 4587 corporis
3211 4516 3268 4571 S.
3332 4517 3519 4572 Theo-

1893 4603 2086 4673 dulphi
2138 4604 2286 4674 apud
2351 4603 2604 4658 Treviros
2652 4611 2805 4659 notat
2850 4619 2918 4658 ex
2969 4605 3275 4661 Trithemio
3332 4605 3517 4661 dictus

1815 4691 1874 4760 D
1899 4692 2171 4746 Arnoldus
2217 4691 2401 4760 Wion,
2429 4693 2518 4746 die
2559 4693 2660 4746 ult.
2702 4693 3012 4761 Februarii,
3046 4711 3212 4766 quam
3266 4694 3375 4750 late
3415 4695 3517 4750 de-

1893 4780 2086 4836 scribit
2133 4781 2368 4836 Thomas
2423 4781 2844 4852 Cantipratanus
2894 4782 2991 4836 ubi
3035 4799 3221 4854 supra,
3277 4790 3417 4854 part.
3453 4799 3514 4840 ιι.

1893 4876 1998 4930 Sed
2029 4891 2174 4930 anne
2224 4876 2295 4930 sit
2324 4876 2473 4932 idem
2531 4879 2928 4951 Theodulphus
2958 4879 3052 4936 ille
3077 4897 3201 4936 cum
3236 4881 3341 4936 isto
3368 4879 3516 4936 mul-
3591 4912 3598 4919 -

1899 4975 2012 5023 tum
2031 4968 2272 5044 ambigo.
2304 4969 2568 5025 Eumdem
2596 4969 2724 5025 facit
2757 4969 3016 5024 Trithem.
3047 4969 3146 5023 tib.
3192 4987 3248 5026 ιιι
3282 4970 3351 5024 de
3372 4969 3517 5026 Viris

1899 5059 2071 5116 illust.
2107 5063 2205 5116 ord
2243 5063 2298 5118 S.
2353 5063 2656 5130 Benedicti,
2706 5081 2828 5136 cap.
2882 5065 3011 5131 260,
3055 5062 3150 5118 ubi
3179 5063 3259 5118 sic
3289 5061 3459 5118 habet
3493 5081 3506 5117 :

1900 5177 1923 5198 σε
1959 5153 2359 5226 Theodulphus
2387 5155 2562 5210 abbas
2586 5157 2642 5210 in
2675 5164 2858 5212 monte
2892 5157 3014 5222 Hor,
3039 5157 3122 5210 vir
3150 5163 3354 5210 sanctae
3385 5170 3517 5210 con-

1900 5245 2230 5299 versationis
2278 5252 2332 5300 et
2379 5246 2694 5302 innocentis
2746 5248 2892 5312 vitae,
2955 5245 3144 5302 multis
3208 5245 3512 5302 virtutibus

1898 5333 2078 5387 clarus
2096 5331 2317 5387 etfulsit.
2347 5333 2515 5401 Hujus
2559 5351 2760 5405 corpus
2790 5350 2900 5390 non
2931 5342 3058 5390 ante
3103 5335 3308 5391 multos
3341 5351 3518 5390 annos

1897 5430 2178 5492 repertum
2208 5423 2506 5496 integrum,
2565 5433 2620 5479 et
2669 5425 3072 5496 incorruptum,
3133 5443 3260 5483 cum
3312 5442 3515 5502 magno

1899 5511 2104 5566 honore
2130 5511 2378 5566 Treveris
2424 5513 2572 5582 apud
2605 5513 2998 5571 Praedicatores
3055 5517 3402 5573 reconditum
3435 5524 3520 5571 est

1897 5602 1953 5656 in
2006 5616 2222 5656 summo
2249 5601 2427 5656 altari.
2497 5601 2621 5657 Haec
2673 5603 2921 5661 inventio
2975 5607 3288 5662 celebratur
3336 5605 3518 5676 pridie

1901 5692 2169 5748 Kalendas
2195 5693 2392 5749 Martii.
2431 5714 2458 5746 ιι
2517 5695 2607 5751 Sic
2653 5695 2767 5752 ille.
2828 5697 3024 5754 Verius
3054 5704 3240 5754 tamen
3261 5695 3516 5752 existimo

1901 5783 2153 5840 diversos
2191 5798 2337 5838 esse.
