3874 6470
409 428 515 487 359

1245 428 1644 491 COLVENERII
1684 433 1958 493 SCHOLIA
1999 434 2065 494 IN
2105 437 2271 496 HlST.
2313 436 2597 495 REMENS.
2641 435 2907 495 ECCLES.

126 0 2157 99 ἡ

416 599 3742 627 ww

1103 745 1535 835 SHOLIA
1613 752 1738 839 IN
1819 752 2278 844 LIBRUM
2365 756 3030 847 SECUNDUM.

1872 942 2238 955 ———-—-—

943 1082 1153 1139 CAPUT
1198 1083 1482 1140 PRIMUM.

476 1175 632 1230 Beato
671 1177 905 1244 Remigio
934 1178 1231 1232 succedisse
1287 1179 1537 1232 traditur
1582 1180 1873 1235 Romanus.
1901 1180 2015 1235 Sub

398 1281 603 1319 annum
628 1265 887 1320 videlicet
911 1266 1037 1320 545.
1069 1267 1164 1321 llic
1194 1267 1254 1321 B.
1279 1267 1558 1323 Romanus
1608 1269 1924 1324 coenobium
1959 1270 2014 1323 in

396 1355 520 1411 vico
548 1354 635 1411 cui
660 1370 864 1410 nomen
906 1354 1339 1424 Mentuniacum,
1371 1357 1587 1412 duabus
1617 1358 1685 1412 ab
1717 1358 1855 1414 urbe
1885 1360 2016 1415 Tre-

398 1447 551 1503 censi
582 1446 755 1502 leucis
777 1454 1012 1515 semoto,
1044 1448 1317 1515 condidit,
1351 1457 1403 1504 et
1433 1450 1722 1520 primusin
1744 1467 1811 1507 eo
1841 1452 2014 1506 abbas

397 1540 520 1603 fuit,
556 1540 758 1610 quoda
799 1540 1079 1596 sexcentis
1135 1542 1295 1597 annis
1340 1544 1562 1614 penitus
1610 1554 1695 1599 est
1747 1545 2011 1612 dirutum,

398 1647 501 1685 nec
526 1631 826 1702 quidquam
860 1633 982 1700 ejus
1028 1640 1281 1703 superest
1335 1644 1535 1704 praeter
1588 1651 1807 1690 crucem
1837 1635 1892 1690 in
1933 1638 2013 1691 rei

398 1723 721 1779 memoriam
750 1724 828 1778 ibi
859 1724 1205 1781 collocatam.
1253 1727 1330 1781 De
1371 1743 1437 1782 eo
1466 1728 1523 1782 in
1548 1729 1668 1784 Vita
1705 1729 1739 1784 S
1813 1730 2013 1785 Leonis

394 1814 611 1869 abbatis
641 1831 706 1869 ex
728 1810 1011 1872 Breviario
1051 1818 1311 1873 Trecensi
1357 1819 1437 1873 sic
1489 1818 1739 1894 legitur:
1780 1841 1805 1872 α
1844 1822 2010 1879 Beato

393 1905 640 1961 Romano
670 1905 1003 1963 Mentuniaci
1060 1910 1301 1965 cmnobii
1342 1909 1543 1967 abbate
1577 1912 1634 1966 in
1685 1912 2008 1985 episcOpum

392 1992 721 2049 Remensem
747 1995 944 2062 electo,
969 1995 1165 2052 beatus
1198 1998 1305 2054 Leo
1337 2000 1458 2069 ejus
1496 2002 2009 2059 monasteriifactus

390 2093 477 2142 est
506 2085 695 2144 abbas.
726 2106 757 2137 ι)
789 2088 1049 2157 Ejusdem
1075 2090 1131 2144 S.
1158 2090 1358 2147 Leonis
1388 2093 1508 2148 Vita
1566 2094 1694 2160 alia,
1752 2096 1851 2151 sed
1883 2112 2008 2151 mu-

387 2180 504 2247 tila,
530 2186 762 2235 testatur
791 2180 1050 2236 eumdem
1084 2181 1140 2236 S.
1176 2182 1480 2238 Romanum
1510 2201 1543 2239 a
1576 2201 1702 2259 rege
1731 2185 2006 2245 Clodoveo

389 2275 611 2330 seniore
642 2274 1119 2333 conﬁrmationem
1152 2278 1472 2335 donationis
1488 2283 1851 2352 quorumdam
1874 2301 2010 2355 prm-

388 2365 607 2420 diorum
674 2367 997 2439 impetrasse
1027 2410 1041 2437 ,

2040 1093 2097 1163 Α
2120 1096 2265 1160 gesto
2286 1091 2531 1163 pondera
2574 1095 2702 1147 sunt
2747 1097 2983 1163 reperta.
3040 1090 3239 1147 Eadem
3290 1107 3519 1164 prorsus
3571 1092 3743 1150 habet

2116 1187 2287 1243 verba
2307 1184 2623 1259 Gregorius,
2654 1184 2740 1238 MS
2800 1198 2905 1255 pro
2962 1189 3165 1252 regesto
3222 1184 3422 1241 vitiose
3463 1185 3601 1260 legit
3656 1203 3743 1241 re-

2115 1285 2284 1349 gesta.
2336 1278 2463 1342 Qum
2492 1292 2595 1333 vox
2627 1282 2903 1351 regestum
2931 1277 3129 1332 eodem
3158 1294 3279 1349 cap.
3328 1293 3498 1350 supra
3536 1279 3744 1355 legitur

2116 1369 2171 1422 in
2196 1368 2479 1442 Gregorio,
2511 1382 2635 1421 cum
2659 1366 2828 1421 dicit:
2867 1387 2897 1417 α
2920 1365 3134 1436 Scripta
3189 1367 3337 1421 enim
3391 1367 3494 1422 ista
3549 1367 3606 1422 in
3639 1385 3739 1423 re-

2116 1468 2268 1536 gesto
2303 1458 2595 1530 Chilperici
2628 1458 2774 1533 regis
2800 1459 2855 1513 in
2874 1474 2987 1513 uno
3018 1458 3347 1514 seriniorum
3378 1458 3588 1530 pariter
3607 1469 3743 1516 sunt

2117 1560 2355 1624 reperta.
2385 1576 2408 1597 »
2432 1550 2687 1606 Nicolaus
2714 1550 2998 1605 Cbesneau
3030 1550 3234 1607 Gallice
3277 1550 3441 1606 vertit
3468 1555 3734 1622 éparg-ne.

2118 1667 2143 1689 α
2180 1642 2472 1714 Regestum
2503 1639 2694 1694 Latine
2740 1639 2851 1693 dici
2902 1646 3112 1709 potest,
3164 1638 3313 1710 quod
3370 1637 3537 1713 vulgo
3583 1639 3742 1711 regi-

2113 1737 2285 1784 strum
2326 1744 2602 1794 vocamus,
2628 1726 2808 1798 inquit
2854 1727 3112 1781 Budaeus.
3164 1726 3275 1781 Hoc
3326 1727 3446 1782 loco
3509 1725 3742 1781 videtur

2115 1817 2782 1894 tbesaurumsigniﬁcare,
2806 1818 2893 1874 vel
2941 1819 3124 1874 locum
3178 1817 3274 1873 ubi
3322 1818 3615 1874 thesaurus
3647 1833 3740 1873 re-

2110 1910 2350 1981 ponitur.
2385 1932 2412 1961 »
2447 1910 2562 1975 Qua
2588 1908 2997 1983 signiﬁcatione
3046 1907 3247 1980 accipit
3297 1907 3593 1983 Gregorius
3612 1907 3735 1976 jam

2110 1998 2309 2067 dictus,
2336 1998 2430 2055 lib.
2462 2016 2515 2054 ιχ
2545 1999 2703 2064 Hist..
2737 2016 2785 2055 c.
2819 1999 2890 2054 10
2919 2005 2975 2053 et
3003 1996 3089 2054 34.

2750 2088 2960 2144 CAPUT
2986 2088 3078 2142 ΙΙΙ.

2178 2178 2256 2233 De
2273 2177 2330 2234 S.
2361 2179 2575 2244 Basolo,
2610 2136 3196 2245 Gallice-saint-llasle,
3228 2176 3342 2249 agit
3387 2175 3642 2233 Molanus
3676 2136 3737 2229 in

2108 2269 2391 2326 additione
2421 2270 2491 2325 ad
2522 2269 2832 2326 Usuardum
2867 2270 2939 2323 26
2968 2267 3314 2336 Novembris,
3358 2282 3471 2339 quo
3502 2267 3593 2322 die
3620 2267 3734 2322 hoc

1127 2384 1250 2441 quae
1315 2371 1681 2429 Merobaudus
1747 2376 2009 2445 patricius
2038 2365 2459 2445 “cap.obiisse
2508 2366 2731 2440 legitur.
2793 2366 2929 2420 Item
2980 2364 3257 2435 Martyrol.
3319 2363 3629 2419 Romanum
3660 2379 3730 2419 ex

387 2459 569 2517 eidem
627 2463 882 2520 coenobio
970 2464 1361 2524 liberalissime
1450 2469 1848 2541 impertiverat.
1903 2472 2001 2528 Se-

2166 2435 2394 2513 :teribus
2441 2435 2853 2529 manuscriptis,
2904 2465 2967 2513 ut
2996 2464 3155 2513 notat
3202 2456 3409 2512 ibidem
3439 2456 3732 2512 Baronius.

388 2553 598 2625 quitur.

455 2649 694 2703 Romano
719 2649 963 2705 Flavius.
1014 2650 1112 2706 Hie
1159 2650 1380 2707 Flavius
1432 2652 1779 2725 subscriptus
1807 2656 2009 2731 legitur

385 2736 622 2792 concilio
652 2737 1006 2794 Arvernensi.
1060 2739 1198 2796 Vide
1228 2740 1446 2798 Scholia
1498 2742 1555 2797 in
1588 2759 1708 2815 cap.
1761 2745 1830 2798 13
1876 2745 2003 2799 libri

386 2826 780 2895 praecedentis.

1030 2897 1240 2954 CAPUT
1296 2901 1363 2956 ll.

458 3004 529 3058 Ex
550 3005 762 3077 iisquae
784 3006 890 3062 hoc
918 3007 1102 3077 capite
1142 3024 1208 3063 ex
1264 3008 1561 3066 Fortunato
1592 3011 1832 3067 citantur
1862 3029 2008 3069 non-

388 3097 539 3151 nulla
559 3107 784 3168 possent
816 3100 873 3154 in
904 3100 1028 3171 ipso
1079 3102 1339 3170 restituit,
1407 3111 1468 3159 ut
1527 3105 1583 3159 in
1618 3106 1813 3176 primis
1841 3109 2010 3176 Egidi

388 3206 491 3261 pro
520 3192 685 3260 Igidi,
709 3209 764 3247 v.
795 3194 829 3247 4
849 3196 1044 3261 favens
1063 3212 1166 3266 pro
1193 3199 1382 3264 fovens
1405 3216 1419 3264 ;
1442 3199 1690 3265 24,30nel
1714 3217 1812 3271 pro
1831 3209 2006 3271 sonat,

394 3288 449 3337 et
478 3282 585 3337 alia
623 3285 898 3355 qumdam.

460 3371 614 3437 Quod
642 3372 850 3440 legatus
878 3390 947 3427 ea:
975 3378 1132 3443 parte
1179 3377 1510 3435 Childeberti
1544 3385 1710 3451 regis,
1744 3384 2011 3452 Sigeberti

383 3462 509 3530 ﬁlii,
551 3462 625 3517 ad
649 3463 1021 3533 Chilpericum
1048 3482 1227 3535 regem
1279 3475 1540 3541 patruum
1582 3476 1758 3543 ipsius
1790 3476 2006 3532 Childe-

386 3556 654 3623 berti,etc.
681 3557 1003 3633 Sigebertus
1036 3560 1137 3617 iste
1184 3580 1274 3619 rex
1306 3567 1599 3624 Austrasiae
1631 3578 1714 3624 est
1738 3570 1834 3642 qui
1856 3586 2002 3627 uxo-

385 3661 506 3700 rem
536 3646 728 3702 habuit
754 3649 1050 3719 pessimam
1091 3651 1546 3721 Brunechildem,
1579 3657 1778 3714 fratres
1817 3669 2002 3717 autem

2110 2550 2399 2620 Petrusju
2431 2550 2708 2625 Catalogo,
2763 2549 2864 2605 lib.
2919 2567 2996 2617 ιχ,
3045 2565 3094 2605 c.
3136 2548 3234 2615 69;
3265 2547 3541 2604 Arnoldus
3570 2546 3735 2603 Wion

2109 2642 2166 2697 in
2192 2643 2581 2718 Martyrologio
2632 2658 2733 2699 suo
2783 2642 3111 2711 monastico,
3168 2642 3284 2697 sive
3328 2641 3430 2698 lib.
3470 2658 3529 2696 ιιι
3571 2639 3731 2716 Ligni

2107 2733 2242 2789 Vitae
2260 2732 2329 2788 ad
2394 2733 2653 2789 eumdem
2693 2733 2864 2800 diem,
2906 2734 3081 2790 citans
3110 2731 3448 2788 Galesinium
3488 2740 3544 2787 et
3568 2731 3728 2799 alios,

2106 2839 2171 2878 ac
2221 2823 2548 2879 nominatim
2614 2822 2962 2877 Vincentium
3009 2823 3064 2877 in
3123 2822 3381 2893 Speculo,
3449 2821 3550 2877 lib.
3617 2839 3728 2888 xxx,

2108 2915 2379 2986 cap.“6.
2405 2916 2480 2970 De
2516 2915 2713 2970 eodem
2766 2914 3028 2969 Trithem.
3081 2913 3157 2969 De
3208 2912 3338 2969 viris
3385 2912 3559 2968 illust.
3606 2913 3725 2968 0rd.

2109 3001 2164 3058 S.
2201 3001 2622 3068 Bcnedicti,lib.
2654 3018 2733 3069 Ill,
2766 3017 2888 3072 cap.
2922 3002 3013 3066 45,
3046 3010 3101 3056 et
3129 3000 3452 3073 Sigebertus
3473 3000 3530 3054 in
3564 2999 3732 3056 Chro-

2112 3094 2237 3149 nico
2268 3109 2413 3149 anno
2446 3094 2663 3149 Domini
2693 3094 2812 3147 5457,
2851 3094 2925 3148 De
2957 3093 3204 3162 ejusdem
3241 3092 3608 3149 translatione
3636 3109 3737 3165 per

2112 3185 2464 3241 Hincmarum
2497 3185 2641 3241 facta
2656 3186 2769 3258 agit
2785 3186 3033 3241 Molauus
3054 3185 3143 3241 die
3168 3184 3235 3240 15
3264 3185 3538 3241 Octobris.

2182 3278 2345 3343 Quem
2369 3292 2554 3332 nemus
2584 3278 2714 3331 inde
2773 3279 3042 3347 incipiens
3096 3278 3381 3333 obumbrat
3437 3280 3738 3346 Rigetium.

2111 3368 2202 3424 Sic
2225 3369 2260 3423 C
2285 3377 2340 3425 et
2369 3369 2417 3425 J.
2453 3371 2553 3425 scd
2583 3370 2688 3438 MS,
2723 3370 3062 3446 Rigentium.
3097 3372 3158 3425 In
3189 3369 3467 3425 breviario
3497 3369 3741 3426 Remen-

2110 3459 2185 3514 sis
2209 3458 2465 3514 Ecclesiae
2485 3461 2717 3526 Rietum,
2777 3459 2978 3515 Gallice
3032 3459 3285 3528 vertitur,
3343 3461 3505 3515 Forét
3554 3459 3625 3514 de
3680 3460 3739 3515 la

2104 3555 2289 3609 Route.

2175 3645 2330 3698 Misit
2358 3643 2432 3697 ad
2487 3647 2731 3713 nepotem
2774 3658 2939 3698 suum
2994 3646 3207 3698 nomine
3252 3643 3610 3710 Balsemium,
3639 3647 3743 3715 qui

380 3731 802 3804 Guntramnum,
831 3737 926 3808 qui
952 3738 1052 3793 fuit
1088 3756 1183 3795 rex
1203 3742 1553 3815 Bergundiae,
1621 3747 2001 3805 Charibertum

2166 3735 2320 3789 Lmad
2346 3749 2401 3789 se
2438 3751 2472 3789 a
2500 3737 2848 3791 Lemovicina
2886 3737 3099 3804 regione
3138 3735 3470 3806 perduceret.
3523 3735 3741 3793 Vitiose

380 3832 435 3879 et
491 3824 882 3898 Chilpericum,
944 3832 1040 3903 qui
1079 3848 1275 3889 omnes
1310 3810 1558 3893 “fuerunt
1613 3838 1715 3894 ﬁlii
1784 3839 2001 3896 Clotarii

2166 3827 2517 3881 Balsennum.
2567 3826 2770 3882 Gallice
2815 3830 2967 3883 saint
3020 3830 3317 3896 Bassange.
3368 3826 3503 3881 Vitae
3560 3826 3739 3896 hujus

373 3919 562 3989 primi.
596 3920 840 3977 Mortuus
864 3929 948 3979 est
973 3931 1159 3981 autem
1214 3928 1539 4004 Sigebertus
1565 3947 1711 3990 anno
1752 3934 1879 4002 578,
1912 3934 2000 3990 cui

372 4011 641 4066 successit
664 4011 814 4069 filius
838 4013 1246 4075 Childebertus.

444 4105 513 4158 Ut
539 4104 722 4159 ablato
745 4106 1078 4164 Guntramni
1090 4116 1253 4180 regis,
1288 4114 1579 4184 Chilperici
1587 4118 1787 4185 fratris
1813 4134 1997 4186 regno.

368 4190 580 4247 Nomen
612 4192 943 4250 Guntramni
976 4198 1061 4253 vel
1115 4195 1436 4257 Gontramni
1500 4204 1652 4260 varie
1704 4206 1988 4262 scribitur.

369 4280 460 4337 Sic
487 4281 636 4336 enim
677 4291 994 4341 constanter
1048 4288 1184 4362 legit
1238 4290 1286 4344 Μ
1336 4307 1462 4347 cum
1523 4293 1705 4349 littera
1732 4295 1869 4351 min
1898 4311 1990 4351 se-

2104 3915 2362 3971 Balsemii
2391 3916 2647 3987 martyris
2677 3917 3239 3993 exstatfragmentum
3258 3916 3313 3970 in
3337 3916 3738 3988 Pramptuario

2103 4023 2383 4063 sacrarum
2411 4008 2801 4081 antiquitatum
2828 4010 3146 4066 Tricassinae
3169 4008 3447 4077 dioecesis,
3480 4012 3738 4084 eumque

2102 4098 2306 4167 adjecit
2328 4098 2575 4155 Usuardo
2607 4100 2855 4156 Molanus
2884 4101 2953 4156 16
2983 4098 3234 4175 Augusti,
3257 4113 3368 4171 quo
3398 4099 3493 4156 die
3522 4099 3735 4158 festum

2102 4191 2224 4260 ejus
2256 4190 2570 4247 celebratur
2599 4191 2656 4247 in
2679 4192 2991 4248 Tricassina
3021 4191 3271 4247 diuscesi.

2158 4283 2349 4353 Ibique
2376 4288 2639 4340 metatum
2668 4300 2832 4340 suum
2860 4287 3268 4351 constituentes,
3295 4283 3399 4340 huc
3428 4284 3727 4341 undecun-

368 4372 553 4427 cunda
597 4373 828 4444 syllaba,
858 4375 887 4430 Ι
915 4392 1139 4448 semper
1174 4379 1556 4450 Guntrannus,
1580 4384 1861 4454 quomodo
1891 4384 1984 4439 in-

2166 4376 2453 4443 epraedatu
2479 4379 2678 4432 reverti
2713 4382 3005 4449 carperunt.
3038 4376 3328 4433 Sicomnia
3357 4377 3723 4448 exemplaria,

366 4463 587 4517 terdum
610 4464 775 4519 etiam
807 4465 863 4520 C.
906 4466 1008 4523 Pro
1030 4468 1216 4539 priore
1244 4470 1486 4528 lectione
1512 4473 1642 4529 facit
1671 4475 1820 4547 quod
1850 4474 1983 4531 Gre-

2166 4469 2578 4539 estapraedatu
2626 4470 2744 4526 sive
2800 4472 3166 4541 praedatione.
3201 4473 3376 4539 Quare
3424 4486 3537 4528 non
3567 4480 3724 4528 recte

363 4557 553 4631 gorius
572 4558 931 4630 Turonensis,
987 4563 1126 4620 locis
1178 4565 1235 4620 in
1292 4572 1441 4622 ιθχιιι
1506 4568 1707 4638 citatis,
1772 4571 1988 4644 integre
2089 4557 2381 4616 Smutavit
2407 4561 2463 4615 in
2499 4561 2756 4631 praedati.
2819 4562 3099 4618 Prioribus
3156 4563 3341 4619 verbis
3370 4561 3721 4637 signiﬁcatur

367 4666 571 4706 nomen
599 4652 733 4709 illud
800 4656 1004 4712 scribat
1057 4659 1559 4731 Gunthchmmnus,
1615 4678 1714 4734 pro
1771 4681 1880 4735 quo
1935 4666 1992 4721 in
2095 4662 2192 4703 eos
2217 4648 2293 4702 ibi
2320 4648 2687 4705 ﬁxamsedem
2717 4666 2817 4707 seu
2856 4652 3157 4707 tentorium
3184 4651 3472 4719 habuisse,
3504 4651 3717 4708 Gallice

363 4745 530 4799 tomis
557 4744 925 4804 Conciliorum
955 4757 1011 4805 et
1030 4752 1188 4820 alibi,
1224 4754 1686 4812 Guntheramnus.

2099 4742 2346 4806 retraite,
2398 4742 2547 4796 unde
2603 4742 2789 4797 Latine
2843 4742 3081 4799 dicimus
3136 4743 3533 4800 castrametari.
3579 4743 3717 4798 Vide

433 4837 484 4890 A
509 4837 867 4905 Fredegunda
886 4844 1080 4908 regina
1099 4845 1287 4911 fuerat
1316 4848 1539 4901 missus.
1568 4847 1691 4901 Haec
1723 4855 1993 4904 eratuxor
2095 4828 2237 4884 infra
2251 4830 2319 4884 ad
2337 4846 2458 4901 (³³1)·
2488 4831 2579 4899 1οι
2614 4831 2709 4888 lib-
2741 4848 2813 4887 1V-

362 4924 683 4997 Chilperici,
714 4930 872 4999 cujus
923 4932 1155 5002 perﬁdia
1213 4935 1335 5005 ipse
1392 4936 1734 5008 Chilpericus
1764 4941 1986 4995 tandem

360 5014 682 5073 interfectus
713 5027 815 5074 est.
849 5021 924 5075 De
983 5037 1048 5077 ea
1083 5022 1374 5079 Aimoinus
1417 5025 1516 5079 lib.
1575 5043 1632 5080 ιιι
1685 5027 1761 5081 De
1817 5028 1988 5098 gestis

2157 5013 2285 5067 Post
2312 5012 2551 5079 Egidum
2573 4921 3278 5080 Romuggtilnlillzemulﬁu
3307 5012 3446 5088 legit
3483 5012 3590 5069 hoc
3614 5012 3708 5070 lo-

359 5106 711 5175 Francorum,
744 5127 790 5166 c.
825 5113 914 5167 56.
950 5133 973 5163 α
997 5113 1141 5181 Erat,
1177 5115 1378 5186 inquit,
1405 5117 1786 5189 Fredcgundis
1808 5118 1984 5174 forma

2166 5143 2171 5161 ,
2206 5109 2262 5155 et
2290 5116 2554 5173 cap.seq.
2592 5119 2607 5168 ;
2639 5102 2737 5157 sed
2768 5102 2823 5155 in
2889 5103 3189 5159 summario
3240 5103 3403 5172 hujus
3460 5119 3581 5174 cap.
3654 5112 3713 5160 et

359 5195 606 5268 egregia,
645 5199 878 5254 consilio
909 5201 1129 5269 callida,
1156 5203 1298 5258 dolis
1318 5207 1571 5276 (excepta
1593 5207 1977 5280 Brunechilde)
2009 5189 2061 5257 D
2085 5206 2252 5262 supra
2280 5208 2335 5250 ο·
2361 5192 2395 5247 2
2424 5200 2480 5248 οῖ
2535 5194 2591 5247 in
2650 5201 2801 5249 ῑθκῑὶι
2835 5196 3145 5262 Romulius,
3195 5194 3474 5266 qu°m°d°
3513 5195 3713 5268 ἰθειιηι

357 5300 548 5353 parem
586 5304 697 5343 non
750 5307 1081 5366 agnoscens,
1134 5314 1159 5345 ι)
1198 5301 1304 5352 etc,
1349 5296 1480 5361 Qua;
1536 5314 1667 5354 vero
1718 5299 2004 5371 deinceps.
2084 5290 2282 5339 caetera
2311 5286 2672 5357 exemplaria,
2705 5293 2761 5341 et
2790 5286 3085 5361 Gregorius
3115 5287 3318 5342 Turon.
3352 5285 3451 5341 lib.
3480 5303 3536 5341 ιιι
3563 5286 3705 5343 Hist.

356 5375 658 5447 hoccapite
687 5392 1001 5453 sequuntur
1023 5386 1095 5441 ad
1123 5386 1357 5443 verbum
1389 5405 1533 5460 pene
1591 5399 1813 5462 sumpta
1852 5370 1981 5447 sunt
2082 5370 2434 5462 ξῗεῑηφτυηι,
2488 5389 2538 5428 C-
2597 5373 2688 5442 30a
2734 5373 2828 5428 “b1
2908 5375 3227 5431 Dominam“
3278 5390 3466 5430 comes
3513 5374 3708 5447 Palatii

358 5479 425 5516 ex
456 5463 719 5537 Gregorio
768 5471 1094 5541 Turonensi,
1150 5475 1249 5531 lib.
1309 5494 1343 5532 x
1396 5478 1778 5548 Historiarum,
1806 5497 1855 5536 c.
1888 5484 1973 5538 19.

359 5553 618 5622 Synodus
647 5568 830 5614 autem
887 5563 1004 5619 haec
1057 5566 1335 5634 Metensis,
1368 5579 1423 5626 et
1470 5571 1670 5645 Aigidii
1700 5572 1979 5643 depositio

258 5664 263 5669 ι
357 5652 442 5700 est
461 5661 608 5701 anno
639 5650 765 5715 594,
806 5658 867 5707 ut
894 5660 1028 5710 tom.
1068 5657 1114 5711 ll
1173 5657 1378 5716 Concil.
1432 5663 1716 5720 adnotavit
1767 5665 1980 5721 Severi-

358 5748 462 5787 nus
490 5732 707 5791 Binius.

424 5827 599 5881 Multa
642 5827 785 5881 enim
816 5829 947 5883 auri
976 5835 1297 5902 argentique
1325 5841 1388 5896 in
1416 5841 1580 5912 hujus
1609 5845 1867 5914 Episcopi
1888 5861 1970 5901 re-

2083 5458 2423 5517 Childeberti
2442 5462 2612 5537 regis,
2646 5470 2699 5518 et
2727 5462 2826 5517 lib.
2846 5480 2880 5517 x
2935 5463 3088 5519 0.19.

2717 5568 2925 5625 CAPUT
2972 5570 3045 5628 V.

2148 5664 2223 5716 De
2241 5662 2502 5717 Sonnatio
2531 5666 2793 5733 episcopo.
2825 5664 2948 5719 Haec
2974 5672 3057 5720 est
3084 5664 3399 5721 communis
3427 5666 3705 5738 scriptura

2075 5758 2494 5830 exemplarium,
2539 5768 2647 5816 tam
2718 5762 2823 5816 hoc
2875 5777 2995 5832 cap.
3031 5776 3193 5833 quam
3227 5761 3589 5832 praecedenti.
3644 5761 3703 5817 M

2073 5846 2188 5903 fere
2210 5848 2399 5905 scribit
2455 5850 2839 5921 Sompnacius,
2870 5857 2927 5906 et
2964 5850 3243 5907 interdum
3264 5852 3650 5924 Sompniacius
3679 5870 3696 5922 ;
