3874 6396
97 384 200 441 361

1551 381 1615 434 ΙΝ
1659 375 1910 432 LIBRUM
1951 378 2016 432 ll.

3355 401 3459 455 362

100 518 163 584 C,
193 517 520 572 Sonnacius.
548 513 840 570 Remensis
883 526 1013 566 vero
1052 510 1298 582 synodus
1326 511 1429 566 sub
1461 527 1528 566 eo
1558 510 1744 565 habita
1769 511 1824 579 Α
1847 515 2092 578 tempore
2125 512 2558 584 rcgnavitfrater
2608 517 3073 588 ipsiuslllotarius
3100 525 3330 594 primus,
3363 531 3457 600 qui

99 608 174 662 de
207 624 320 679 qua
353 609 459 664 hoc
487 623 614 678 cap.
639 605 938 662 admodum
953 603 1192 658 celebris
1207 603 1332 670 fuit,
1356 611 1408 658 et
1441 605 1739 675 plusquam

100 695 496 759 Provincialis,
531 701 720 766 utpote
781 692 870 748 cui
915 691 1070 746 multi
1107 692 1300 760 getiam
1352 692 1580 746 aliarum
1616 707 1741 762 pro-

101 787 419 842 vinciarum
473 783 887 854 archiepiscopi
925 783 1297 868 interfuerint2
1359 799 1480 854 quae
1530 784 1740 838 utinam

102 885 352 933 exstaret
385 879 440 932 in
469 877 636 933 tomis
669 875 1058 930 Conciliorum.

188 974 440 1032 Palladio
507 967 992 1024 Antissieclorensi.
1061 965 1145 1018 MS
1199 965 1668 1021 Altissiodorensi.
1713 965 1736 1020 J

102 1074 383 1139 perpetuo
405 1060 603 1116 scribit
631 1057 1095 1123 Autisiodorensi,
1117 1057 1203 1111 cui
1236 1056 1380 1111 favet
1408 1072 1512 1112 vox
1539 1056 1741 1110 Gallica

103 1162 393 1214 Auxerre.

175 1250 456 1304 Ansarico
489 1247 886 1302 Suessiouensi.
925 1245 1016 1310 Cl,
1043 1247 1325 1302 Auserico.

181 1341 414 1399 Claudio
443 1339 680 1394 Reiensi.
731 1336 820 1392 Sic
873 1338 1059 1392 omnia
1118 1335 1476 1407 exemplaria.
1513 1334 1744 1390 Videtur

104 1449 234 1488 esse
263 1435 441 1488 Rieua:
473 1431 528 1486 in
560 1428 1042 1500 archiepiscopatu
1073 1429 1370 1492 Tolosano,
1403 1443 1434 1482 a
1466 1443 1575 1500 quo
1606 1428 1744 1483 alias

104 1523 372 1579 Rivensis
425 1529 479 1577 et
519 1521 846 1576 Rivenensis
901 1521 1199 1592 cpiscOpus
1253 1521 1585 1578 nominatur.
1632 1521 1742 1575 Nisi

103 1613 235 1684 quis
263 1609 565 1682 legendum
609 1615 764 1679 putet
831 1612 1082 1678 Regiensi
1147 1609 1262 1664 sive
1327 1612 1557 1677 Regensi
1611 1609 1740 1662 Nam

106 1707 374 1762 Claudius
429 1704 722 1778 Regiensis
777 1705 1073 1776 episcOpus
1139 1705 1483 1775 subscriptus
1539 1705 1741 1778 legitur

103 1801 349 1858 consilio
380 1817 418 1854 ιι
460 1798 838 1866 Cabilonensi,
905 1798 1184 1854 celebrato
1237 1799 1383 1854 circa
1415 1799 1532 1854 haec
1591 1806 1736 1853 tem-

105 1912 270 1967 pora,
301 1895 573 1950 videlicet
613 1910 761 1948 anno
810 1894 935 1960 658,
977 1893 1060 1949 vel
1130 1901 1189 1948 ut
1229 1894 1345 1959 alii,
1379 1894 1506 1948 664.
1544 1892 1601 1946 In
1632 1907 1743 1964 quo

105 1991 282 2046 etiam
317 1988 617 2059 subscripti
674 1989 936 2062 leguntur
973 1988 1084 2042 duo
1142 1986 1260 2052 alii,
1330 1987 1424 2058 qui
1477 1987 1606 2041 huic
1637 1985 1745 2041 Re-

104 2082 290 2138 mensi
320 2080 716 2146 interfuerunt,
757 2081 1004 2134 Donatus
1043 2079 1437 2143 Visontiensis,
1471 2087 1528 2134 et
1566 2078 1745 2133 Palla-

104 2176 239 2230 dius
258 2172 782 2228 Antissiodorensis.
827 2171 1023 2226 Verum
1083 2171 1139 2226 in
1195 2180 1344 2228 tomo
1372 2170 1576 2227 Concil.
1609 2169 1744 2226 forte

103 2265 413 2342 legendum
477 2267 738 2331 Reiensis,
807 2263 958 2336 quod
1026 2269 1112 2319 est
1178 2263 1441 2338 ignotius,
1474 2279 1573 2335 pro
1638 2265 1742 2320 Re-

100 2358 336 2422 giensis.

181 2447 324 2500 Vero
353 2445 674 2500 Rutenensi.
724 2442 811 2499 Sic
873 2442 924 2509 Ι,
992 2441 1080 2498 cui
1149 2441 1362 2497 accedit
1419 2441 1526 2506 MS,
1583 2445 1748 2498 Rute-

93 2538 279 2591 mensi
347 2553 362 2600 ;
431 2533 488 2602 C,
555 2536 804 2590 Tervensi
853 2577 865 2589 .
939 2533 1030 2590 Est
1119 2541 1301 2589 autem
1369 2533 1744 2590 Ruthenensis

94 2625 487 2696 epiSCOpatus,
546 2622 756 2679 Gallice
816 2624 992 2679 Rodez
1056 2623 1206 2693 (nam
1241 2623 1556 2676 Ruthenum
1608 2621 1744 2677 alias

102 2715 394 2772 Rhodium
427 2715 651 2786 dicitur)
693 2715 748 2769 in
776 2713 1258 2785 archiepiscopatu
1283 2715 1630 2770 Bituricensi.

173 2809 446 2877 Agricola
505 2809 816 2864 Gabalensi.
883 2807 992 2862 Hoc
1047 2814 1154 2871 est,
1214 2814 1272 2861 ut
1335 2807 1740 2878 posterioribus

101 2903 330 2959 saaculis
367 2912 617 2967 vocatur,
653 2901 963 2957 Mimatensi
993 2901 1048 2955 in
1105 2900 1301 2954 eodem
1360 2900 1740 2970 archiepisco—

101 3005 240 3066 patu
266 2993 624 3059 Bituricensi,
683 2994 740 3048 in
771 3009 880 3066 quo
913 3001 1000 3048 est
1057 2992 1418 3048 Arvernensis
1447 3000 1502 3049 et
1532 2993 1742 3048 Ruthe-

99 3085 325 3150 nensis,
360 3083 455 3156 qui
511 3082 758 3154 proxime
817 3082 1161 3153 praecedunt.
1224 3082 1357 3136 Nam
1408 3082 1615 3148 Gavali,
1645 3084 1740 3156 qui

97 3184 159 3232 et
191 3176 396 3234 Gabali
435 3174 578 3230 Prol.
636 3181 696 3230 et
747 3174 1066 3239 Fortunato,
1121 3181 1178 3229 et
1235 3175 1464 3231 Gabales
1522 3174 1737 3242 Caesari,

99 3265 293 3322 Plinio
315 3271 373 3320 et
411 3262 670 3320 Straboni
713 3263 994 3328 dicuntur,
1045 3262 1248 3318 Gallice
1281 3265 1492 3334 Mende,
1523 3265 1628 3320 hoc
1657 3272 1741 3321 est

99 3359 394 3415 Mimatum
438 3357 494 3412 in
552 3356 845 3428 Aquitania
903 3356 1151 3429 regionis
1202 3357 1560 3426 Gavalitanze,
1620 3375 1740 3430 quae

101 3445 411 3504 Gévaudan
444 3444 667 3507 dicitur,
697 3444 892 3499 civitas
935 3444 1196 3515 primaria
1243 3451 1299 3500 et
1354 3456 1520 3516 caput
1547 3455 1651 3511 est,
1684 3456 1744 3501 ut

99 3535 272 3590 docet
339 3534 634 3605 Philippus
696 3533 983 3589 Ferrarius
1039 3533 1096 3588 in
1156 3550 1298 3588 nova
1355 3534 1740 3608 Tepographia

103 3625 484 3701 Martyrologii
540 3625 792 3680 Romani.
853 3625 1008 3690 Quod
1062 3625 1416 3690 adnotamus,
1477 3643 1547 3680 ne
1601 3625 1740 3682 forte

100 3717 232 3788 quis
260 3726 412 3788 putet
446 3732 569 3771 esse
601 3715 872 3787 oppidum
910 3715 1295 3779 Cabilonense,
1325 3717 1474 3788 quod
1507 3725 1592 3771 est
1639 3718 1742 3772 sub

102 3811 590 3881 archiepiscopatu
648 3809 1025 3882 Lngdunensi,
1079 3810 1384 3881 praesertim
1439 3827 1562 3866 cum
1633 3811 1744 3867 Ro-

102 3906 300 3961 bertus
325 3904 561 3961 Caenalis
613 3904 822 3960 sentiat
859 3904 1094 3960 Gabales
1137 3921 1257 3960 esse
1319 3904 1717 3962 Cabilonenses

103 3999 172 4053 Et
201 3998 432 4070 quidem
465 3997 719 4072 Agricola
758 3996 1141 4052 Cabilonensis
1166 3998 1467 4068 episcopus
1493 3999 1739 4054 subscri-

103 4097 238 4162 ptus
265 4091 472 4166 legitur
502 4091 740 4147 concilio
799 4108 846 4145 IV
891 4100 1004 4146 etv
1059 4091 1464 4158 Aurelianensi,
1505 4087 1739 4164 quor'um

101 4184 390 4256 posterius
420 4184 668 4240 habitum
701 4191 786 4239 est
838 4200 985 4238 anno
1022 4185 1151 4250 552,
1215 4185 1344 4239 item
1379 4185 1671 4241 Parisiensi
1703 4203 1740 4241 ιι

101 4281 160 4329 et
199 4274 561 4349 Lugdunensi
591 4291 631 4340 ι,
660 4274 806 4346 quod
841 4273 1092 4329 habitum
1135 4282 1220 4328 est
1249 4289 1398 4330 anno
1427 4275 1552 4354 670.
1582 4275 1734 4330 Prae-

104 4363 210 4418 fuit
235 4372 424 4420 autem
455 4363 711 4418 Ecclesiae
741 4379 854 4419 suae
884 4363 1048 4418 annis
1096 4364 1186 4428 48,
1218 4371 1278 4418 et
1304 4363 1439 4418 vixit
1465 4380 1613 4420 anno
1643 4365 1734 4431 83,

107 4461 168 4508 ut
197 4453 374 4508 habet
403 4451 632 4526 Gregor.
691 4453 894 4508 Turon.
944 4451 1043 4508 lib.
1097 4469 1128 4505 v
1171 4453 1329 4518 Hist.,
1389 4469 1510 4525 cap.
1562 4453 1651 4519 45,
1682 4462 1736 4508 et

115 4559 182 4597 ex
215 4557 287 4598 eo
315 4541 518 4597 Baron.
551 4541 609 4596 in
650 4541 796 4596 notis
825 4541 894 4596 ad
951 4541 1092 4621 llom
1181 4540 1464 4608 Martyrol.
1525 4539 1616 4595 die
1668 4540 1736 4594 17

103 4635 310 4693 Martii.
343 4636 452 4690 Sed
481 4643 540 4692 ut
569 4635 641 4691 sit
671 4637 818 4692 idem
875 4652 1001 4692 cum
1058 4651 1124 4692 eo
1177 4636 1272 4709 qui
1321 4635 1450 4691 huic
1478 4635 1735 4691 Remensi

100 4728 323 4800 synodo
394 4727 666 4794 interfuit,
724 4728 946 4784 obstare
1007 4729 1173 4784 etiam
1227 4729 1450 4785 videtur
1477 4729 1739 4785 distantia

103 4817 400 4890 temporis.

175 4909 456 4965 Auderico
486 4910 772 4964 Auscensi.
807 4908 1010 4974 Auscii,
1059 4908 1169 4964 alio
1194 4909 1420 4965 nomine
1460 4908 1737 4975 Auxitani,

104 4997 258 5054 unde
321 4997 628 5053 Auxitanus
677 4998 1241 5070 archiepiscopatus.
1276 4999 1410 5054 Gall.
1479 5001 1642 5055 Auch
1681 4999 1738 5054 in

106 5087 404 5144 Vasconia.

181 5179 253 5232 Ut
281 5177 524 5247 capitulo
549 5193 820 5232 canonum
851 5179 1063 5233 Parisis
1103 5181 1228 5232 acta
1258 5179 1318 5232 in
1345 5179 1589 5246 generali
1611 5193 1742 5248 syn-

107 5267 231 5330 odo,
259 5269 320 5320 in
343 5266 589 5322 Basilica
636 5269 816 5321 sancti
842 5269 1011 5330 Petri,
1067 5267 1312 5323 Lotharii
1363 5269 1508 5336 regis
1557 5268 1742 5322 studio

106 5362 462 5427 congregata,
527 5361 677 5413 omni
734 5362 992 5428 ﬁrmitate
1055 5361 1457 5417 custodiantur.
1516 5361 1744 5417 Videtur

108 5447 349 5524 intelligi
379 5447 686 5504 Concilium
751 5467 816 5504 ιιι
872 5451 1203 5518 Parisiense,
1262 5452 1424 5522 cujus
1476 5453 1744 5508 exstant!)

106 5539 353 5610 capitula
379 5547 515 5595 tom.
549 5540 592 5594 ll
639 5539 1016 5596 Conciliorum
1058 5557 1156 5612 per
1184 5540 1399 5597 Binium
1443 5543 1739 5601 editorum.

104 5631 216 5686 Nec
247 5631 436 5686 obstat
471 5630 626 5702 quod
658 5630 738 5687 ibi
769 5631 984 5688 dicatur
1010 5632 1351 5690 celebratum
1381 5632 1484 5689 sub
1514 5633 1740 5691 Childe-

103 5721 288 5791 berto,
319 5720 457 5792 quia
517 5719 848 5794 intelligitur
913 5719 1303 5780 Cliildebertus
1357 5722 1569 5794 primus
1598 5724 1744 5781 ﬁlius

106 5809 375 5868 Clodovei
426 5809 630 5884 Magni,
688 5811 783 5881 qui
822 5812 963 5866 obiit
1004 5829 1153 5870 anno
1192 5813 1316 5868 559.
1379 5813 1497 5878 Quo
1541 5815 1740 5872 eodem

419 5914 725 5974 PA'I‘ROL.
780 5913 1116 5976 CXXXV.

1846 601 1935 656 hic
1965 603 2249 659 Letharius
2279 607 2617 676 nominatur,
2652 619 2706 665 et
2744 611 2883 668 obiit
2913 631 3057 672 anno
3087 617 3210 674 565.
3247 621 3311 676 Et
3334 623 3462 694 qui-

1841 693 1967 749 dem
1997 696 2174 752 dictus
2203 698 2588 756 Childebertus
2637 703 2838 760 solium
2891 708 3048 778 regni
3105 712 3284 768 tenuit
3313 714 3464 768 Pari-

1842 784 1956 846 siis,
1987 784 2253 842 Clotarius
2279 797 2458 844 autem
2511 791 2828 862 Suessione,
2877 797 2974 852 sed
3013 801 3234 856 tan-lem
3295 805 3462 860 etiam

1842 876 1939 930 toti
1973 875 2159 932 Galliae
2191 881 2426 950 praefuit.
2459 882 2611 938 Unde
2651 887 2955 943 verisimile
2979 898 3062 945 est
3090 901 3212 962 post
3252 911 3458 951 annum

1841 966 1947 1019 ὅδε)
1976 967 2309 1024 celebratam
2370 988 2491 1026 esse
2546 973 2687 1030 hanc
2737 977 3008 1047 synodum
3067 981 3457 1055 Parisiensem,

1843 1063 1989 1132 quod
2022 1064 2230 1120 diserte
2251 1067 2417 1121 docet
2448 1069 2654 1124 Binius.

1914 1153 2009 1206 Ad
2033 1156 2383 1209 matriculam
2417 1163 2680 1225 prasterea
2725 1167 2924 1217 sancta:
2963 1167 3236 1222 Remensis
3266 1171 3456 1225 Eccle-

1843 1245 1956 1297 sia.
1993 1243 2131 1298 Ante
2164 1245 2279 1300 haec
2337 1249 2506 1302 verba
2553 1249 2636 1303 MS
2667 1251 2769 1306 etJ
2829 1253 3119 1322 adjiciunt,
3161 1259 3237 1312 ad
3297 1263 3462 1316 Basi-

1844 1334 2005 1390 licam
2036 1337 2093 1391 S.
2125 1338 2381 1392 Medardi
2407 1341 2606 1395 solidos
2641 1343 2964 1411 quindecim.
3009 1346 3138 1410 Quae
3177 1350 3465 1406 omisimus

1845 1423 1951 1478 alia
1979 1427 2316 1496 exemplaria
2345 1429 2544 1498 secuti,
2589 1430 2720 1502 quia
2771 1450 2938 1504 supra
2989 1435 3058 1490 de
3117 1439 3352 1496 ecclesia
3404 1442 3453 1496 S.

1847 1511 2088 1568 Medardi
2109 1514 2316 1570 dictum
2349 1515 2474 1572 fuit.

2489 1609 2701 1666 CAPUT
2731 1613 2816 1668 νι.

1910 1699 2036 1753 Post
2076 1701 2216 1755 hanc
2261 1703 2472 1758 beatum
2513 1708 2694 1760 virum
2719 1707 3312 1777 Leudegiselus,.4ltilae
3347 1717 3465 1783 epi-

1842 1791 2209 1858 scopifrater.
2252 1791 2347 1848 Hic
2385 1795 2568 1862 Attila,
2619 1804 2677 1851 ut
2708 1814 2774 1852 ex
2837 1815 2959 1870 cap.
3004 1805 3256 1874 sequenti
3290 1815 3462 1876 patet,

1847 1879 1948 1935 fuit
1987 1883 2287 1955 episcopus
2313 1885 2718 1944 Laudunensis.
2754 1891 2814 1944 ιιι
2839 1892 3062 1948 Tabulis
3109 1894 3466 1952 Democharis

1847 1983 2062 2028 sextum
2093 1975 2273 2032 locum
2305 1979 2542 2046 obtinet,
2584 1998 2750 2053 quem
2791 1991 2950 2038 vocat
3009 1985 3268 2054 Attolam,
3293 1987 3372 2042 uti
3411 1995 3466 2043 et

1848 2065 2176 2121 llincmarus
2214 2068 2267 2122 in
2301 2071 2554 2140 opuscul.
2615 2090 2679 2127 LV
2719 2073 2892 2146 Capit.
2945 2091 2992 2130 c.
3053 2077 3105 2146 j.
3159 2077 3466 2134 Consecra-

1847 2159 1923 2211 vit
1949 2159 2004 2216 S.
2062 2161 2382 2216 Autbertum
2441 2165 2922 2236 Campracensem,
2965 2169 3288 2242 episcopum
3319 2187 3466 2228 anno

1845 2248 1971 2314 64:2,
2001 2256 2061 2303 ut
2099 2251 2354 2307 adnotavi
2389 2255 2457 2308 ad
2491 2255 2800 2312 Chronicon
2842 2257 3261 2326 Cameracense,
3295 2260 3391 2315 lib.
3427 2278 3464 2326 ι,

1848 2357 1878 2395 c
1926 2341 2013 2396 19.
2038 2342 2298 2413 Sequitur

1923 2433 2175 2500 Tempore
2197 2435 2490 2502 Dagoberti
2517 2439 2660 2504 regis
2713 2440 3043 2510 episcopium
3065 2443 3230 2497 reicit.
3257 2441 3354 2498 llic
3385 2449 3467 2496 est

1848 2522 2189 2596 Dagobertus
2238 2527 2470 2596 primus,
2505 2530 2601 2600 qui
2650 2539 2774 2601 post
2813 2537 3025 2602 patrem
3082 2550 3242 2589 suum
3287 2534 3470 2590 Clota-

1845 2615 1985 2670 rium
2015 2619 2342 2687 secundum,
2404 2622 2656 2692 regnavit
2685 2623 2868 2680 adhuc
2917 2642 3093 2682 annos
3128 2627 3213 2694 14,
3249 2635 3305 2682 et
3328 2627 3466 2684 obiit

1843 2709 1966 2764 645.
1999 2711 2348 2768 Successitei
2373 2713 2518 2770 ﬁlius
2559 2723 2688 2772 natu
2721 2718 2992 2774 maximus
3029 2720 3373 2794 Sigebertus,
3399 2722 3467 2776 de

1843 2819 1955 2872 quo
1977 2803 2035 2857 in
2056 2803 2164 2860 ﬁne
2198 2807 2418 2878 capitis,
2462 2809 2554 2880 qui
2585 2809 2872 2867 obiit656.

1912 2896 2072 2950 Hune
2101 2900 2347 2966 sequitur
2371 2900 2746 2968 Anglebertus.
2779 2901 2868 2956 Sic
2903 2903 3087 2958 omnia
3135 2904 3469 2977 exemplaria

1843 2989 2044 3052 praeter
2071 2983 2122 3049 «Ι,
2155 2986 2302 3056 quod
2324 2993 2436 3043 toto
2464 2988 2568 3043 hoc
2599 3005 2719 3059 cap.
2758 2989 2893 3063 legit
2921 2993 3303 3060 Angelberlus.

2490 3077 2696 3132 CAPUT
2717 3079 2828 3134 Vll.

1913 3165 2126 3218 Petente
2168 3167 2452 3220 Berecario
2505 3167 2716 3221 abbate.
2767 3167 2858 3222 Sic
2887 3167 3075 3222 omnia
3105 3169 3464 3241 exemplaria,

1843 3253 2050 3324 quodS
2093 3253 2324 3308 mutavit
2381 3253 2592 3326 ubique
2658 3254 2712 3308 in
2771 3256 3144 3324 Bercharium,
3203 3259 3346 3314 sicut
3415 3266 3470 3314 et

1841 3345 1889 3398 J.
1926 3345 2212 3410 Quomodo
2252 3362 2356 3417 per
2393 3346 2832 3402 contractionem
2899 3348 3100 3424 legitur
3166 3351 3312 3422 apud
3381 3351 3470 3406 Si-

1841 3437 2132 3511 gebertum
2200 3438 2254 3492 in
2293 3439 2582 3506 Chronico,
2647 3449 2703 3494 et
2745 3439 2803 3494 in
2867 3441 3250 3514 Promptuario
3283 3459 3470 3499 sacra-

1845 3546 1963 3584 rum
2005 3529 2394 3601 antiquitatum
2435 3531 2755 3587 Tricassinae
2819 3533 3079 3590 dimeesis
3134 3535 3342 3592 Nicolai
3373 3537 3470 3592 Ca—

1842 3621 2059 3685 muzaei,
2095 3621 2150 3675 in
2176 3637 2286 3693 quo
2317 3622 2638 3678 continetur
2669 3623 2886 3698 integra
2910 3626 3027 3680 Vita
3057 3627 3179 3696 ejus
3202 3635 3256 3682 et
3288 3630 3470 3700 passio

1845 3713 2158 3784 conscripta
2183 3730 2282 3785 per
2325 3715 2593 3770 Assonem
2663 3714 2923 3771 abbatem
2995 3719 3350 3786 Dervensem,
3417 3729 3470 3776 et

1845 3805 1993 3876 apud
2021 3805 2242 3860 Surium
2278 3815 2408 3862 tom.
2457 3807 2518 3873 V,
2583 3806 2678 3862 ubi
2737 3807 2960 3864 brevem
2995 3810 3243 3879 ejusdem
3294 3813 3469 3868 Vitam

1846 3905 2102 3952 recenset
2129 3914 2193 3952 ex
2244 3899 2515 3954 Vincentii
2569 3899 2808 3970 Speculo
2859 3900 3131 3958 historiali
3187 3903 3284 3957 lib.
3317 3921 3466 3972 xxiv,

1843 3985 1936 4040 die
1971 3987 2034 4040 16
2065 3985 2334 4041 Octobris.

1912 4077 2210 4131 Ecclesium
2241 4080 2300 4131 in
2361 4078 2636 4132 Viriziaco
2694 4078 2815 4133 .lta
2866 4077 3164 4153 legendum
3227 4087 3376 4154 patet
3403 4097 3468 4136 ex

1840 4182 1889 4221 c.
1937 4170 1954 4219 1
2017 4174 2070 4222 et
2117 4167 2150 4220 3
2210 4168 2374 4236 hujus
2434 4167 2584 4232 libri,
2651 4168 2741 4222 ubi
2815 4178 3133 4224 constanter
3195 4171 3274 4226 sic
3329 4171 3472 4245 legi-

1841 4264 1946 4311 tur.
1982 4257 2099 4311 Gal.
2165 4259 2360 4328 Verzy.
2414 4257 2632 4328 Alioqui
2676 4267 2785 4313 tum
2821 4251 2926 4315 hoc
2973 4261 3114 4322 loco,
3147 4268 3259 4314 tum
3325 4261 3470 4316 infra

1837 4367 1885 4406 c.
1911 4351 1980 4405 10
2011 4352 2224 4406 variant
2245 4352 2582 4422 exemplaria
2615 4370 2628 4406 :
2660 4352 2726 4421 M,
2772 4355 2990 4409 Viriaco
3028 4373 3041 4408 :
3073 4355 3130 4422 C,
3173 4357 3466 4432 Viriciaco,

1839 4444 2117 4516 quomodo
2141 4444 2187 4498 Μ
2217 4445 2348 4518 legit
2377 4461 2498 4515 cap.
2533 4443 2620 4509 10,
2651 4443 2744 4498 ubi
2787 4444 2822 4499 C
2851 4445 2988 4519 legit
3015 4448 3375 4514 Vi-rigiacum.

1919 4538 2020 4590 Cui
2045 4537 2352 4592 Ludovicus
2379 4553 2589 4607 quoque
2617 4553 2738 4592 rem.
2783 4538 3120 4614 lntelligitur
3165 4539 3470 4596 Clodoveus

1845 4627 1914 4684 ιι.
1951 4627 2045 4699 qui
2067 4627 2206 4683 obiit
2233 4629 2358 4684 662.

1871 4765 1881 4771 .
1916 4723 2092 4792 Hujus
2156 4725 2320 4776 etiam
2375 4725 2604 4790 tempore
2629 4721 2869 4776 tradidit
2901 4723 3248 4779 Grimoaldus
3277 4727 3366 4780 vir
3397 4726 3467 4780 il-

1845 4814 2032 4868 lustris
2055 4815 2106 4868 S.
2142 4815 2408 4880 Remigio,
2463 4819 2569 4867 etc.
2635 4812 2731 4868 llic
2770 4813 2990 4868 videtur
3049 4814 3217 4869 fuisse
3267 4817 3469 4887 major-

1843 4903 2040 4957 domus
2060 4917 2158 4956 seu
2217 4901 2480 4975 magister
2523 4901 2714 4972 palatii
2765 4903 3116 4971 Francorum,
3151 4902 3296 4958 filius
3321 4904 3466 4960 beati

1845 4993 2065 5064 Pippini
2097 4994 2167 5048 de
2199 4993 2418 5060 Laudis,
2481 5003 2537 5050 et
2585 4993 2756 5050 frater
2808 5002 3122 5050 sanctarum
3180 4995 3468 5051 Gertrudis

1845 5082 2176 5156 etBegghze,
2233 5081 2329 5154 qui
2378 5082 2515 5137 obiit
2563 5097 2710 5138 anno
2777 5082 2903 5138 658.
2964 5082 3269 5138 Concilium
3323 5101 3468 5154 prie-

1843 5174 2025 5229 sulum
2059 5173 2245 5228 Galliae
2295 5174 2580 5229 Namnetis
2617 5173 2867 5228 habitum
2927 5174 3176 5243 jussioue
3234 5175 3465 5232 Romani

1844 5265 2146 5338 pontificis,
2206 5268 2363 5336 cujus
2415 5269 2504 5323 hic
2559 5269 2833 5334 meminit,
2902 5269 3126 5324 videtur
3179 5270 3376 5326 deesse
3410 5272 3464 5327 in

1845 5358 2008 5413 tomis
2032 5357 2424 5414 Conciliorum.
2480 5359 2592 5414 Nisi
2663 5360 2802 5416 forte
2860 5361 2931 5416 sit
2998 5361 3134 5416 illud
3202 5364 3350 5434 quod
3397 5365 3468 5420 20

1845 5451 2140 5506 continens
2179 5451 2438 5521 capitula,
2494 5451 2719 5522 ponitur
2770 5459 2904 5508 tom.
2977 5454 3039 5508 Ill
3101 5463 3223 5526 post
3283 5457 3471 5512 conci-

1845 5541 1979 5596 lium
2011 5539 2363 5596 Triburiense
2433 5541 2682 5597 habitum
2741 5560 2888 5600 anno
2945 5545 3068 5600 995.
3142 5548 3215 5602 De
3245 5564 3356 5620 quo
3389 5549 3469 5603 sic

1845 5641 1999 5690 notat
2030 5633 2236 5688 ibidem
2266 5633 2458 5688 Binius
2492 5651 2504 5688 :
2543 5659 2568 5680 »ι
2601 5637 2879 5692 Incertum
2914 5638 3183 5694 habemus
3201 5657 3310 5711 quo
3335 5649 3468 5695 tem—

1843 5745 1978 5799 pore
2008 5729 2115 5782 hoc
2145 5728 2440 5783 concilium
2503 5737 2682 5785 actum
2717 5732 2806 5790 sit.
2850 5733 3034 5804 itaque
3063 5735 3164 5788 hoc
3196 5737 3314 5788 loco
3353 5733 3466 5786 θοι-

1845 5817 2168 5872 locavimus.
2204 5837 2226 5865 »

3096 5923 3171 5983 1‘2
