3874 6404
415 425 520 479 363
1256 417 1646 474 COLVENERII
1688 416 1960 471 SCHOLIA
2003 414 2067 468 IN
2108 414 2276 470 HIST.
2320 413 2606 469 REMENS.
2652 411 2913 467 ECCLES.

484 556 608 610 Post
637 554 746 609 haec
774 554 839 607 in
861 550 1132 607 ecclesiola
1188 550 1244 605 S.
1311 546 1526 616 Mariae)
1565 560 1732 616 quam
1760 546 1820 598 in
1850 543 2030 598 eodem
2061 550 2107 612 Α
2784 537 2994 593 CAPUT
3016 537 3078 591 X.

412 646 736 701 monasterio
786 643 1186 703 construmerat,
1247 638 1444 693 abiisse
1493 638 1695 704 fertur.
1739 634 1910 700 Quam
1941 649 2038 689 so-
2205 634 2280 685 De
2307 634 2491 685 sancto
2541 629 2697 685 Reolo
2740 630 3001 697 episcopo.
3058 627 3133 680 De
3172 625 3279 680 hoc
3335 623 3473 678 nihil
3534 624 3765 679 invenio

418 736 632 791 lemnes
660 731 896 787 Nivardo
942 726 1201 782 exhibitas
1254 724 1463 779 fuerint
1487 723 1765 796 exsequiae
1795 722 2034 778 refertur
2135 718 2191 771 in
2214 717 2635 786 Martyrologiis.
2690 715 2785 771 llic
2840 724 2970 769 ante
3024 714 3408 785 episcopatum
3441 720 3676 784 neptem
3709 712 3766 767 8.

419 828 515 884 ubi
539 824 806 898 supra,in
829 823 949 878 Vita
973 830 1027 875 et
1058 818 1318 890 passione
1373 819 1426 871 S.
1463 815 1739 871 Bercharii
1794 815 2027 869 abbatis.
2136 811 2377 879 Nivardi,
2439 810 2602 865 filiam
2658 809 2949 865 Childerici
3006 809 3173 882 regis,
3245 822 3471 862 uxorem
3544 804 3768 870 habuit,

3658 412 3763 468 364

421 920 568 977 Obiit
594 915 853 972 Kalendis
882 911 1245 983 Septembris,
1303 909 1371 964 ad
1430 924 1595 980 quem
1619 908 1767 962 diem
1794 906 1861 962 ad
1896 905 2037 961 Usu-

423 1005 616 1060 ardum
638 1002 843 1073 adjecit
874 1001 1119 1056 Molanus
1152 1015 1165 1053 :
1194 1018 1221 1050 ς(
1251 999 1312 1052 In
1359 998 1469 1053 alto
1518 996 1725 1064 Villari,
1758 995 2036 1066 depositio

422 1100 594 1156 sancti
639 1098 862 1156 Nivardi
911 1096 1158 1168 episcopi
1191 1094 1502 1151 Remensis.
1557 1114 1582 1146 ι)
1613 1094 1728 1159 Quo
1760 1094 1851 1148 die
1882 1092 2039 1164 ponit

424 1191 683 1248 eumdem
724 1191 780 1245 in
836 1205 938 1246 suo
982 1188 1368 1264 Martyrologio
1436 1188 1629 1243 Petrus
1696 1184 2034 1240 Galesianus.

426 1283 674 1339 Meminit
704 1281 954 1350 ejusdem
980 1280 1304 1355 Sigebertus
1345 1278 1401 1333 in
1443 1277 1711 1333 Chronico
1738 1291 1884 1331 anno
1911 1275 2037 1342 66l,

429 1377 515 1431 his
535 1376 765 1431 verbis:
804 1398 824 1426 ι
898 1375 1132 1431 Sanctus
1178 1374 1445 1430 Nivardus
1504 1372 1795 1428 Remensis
1856 1369 2039 1426 archi-

427 1468 750 1539 episcopus,
807 1472 863 1521 et
924 1464 1130 1520 Reolus
1190 1477 1478 1519 successor
1530 1462 1671 1531 ejus:
1720 1458 2050 1515 Bercharius

431 1570 656 1627 quoque
686 1562 916 1626 martyr,
947 1553 1041 1625 qui
1098 1551 1201 1606 fuit
1244 1552 1414 1606 abbas
1437 1551 1649 1622 primus
1684 1550 2052 1605 Altivillaren-

432 1646 601 1711 sium,
632 1652 823 1700 sancta
852 1644 1017 1699 etiam
1042 1642 1239 1697 Bertha
1264 1651 1473 1713 martyr
1502 1648 1555 1696 et
1587 1642 1887 1708 abbatissa,
1919 1656 2052 1696 san-

433 1742 619 1796 ctitate
646 1740 856 1795 clarent
912 1740 969 1793 in
1001 1739 1191 1794 Gallia.
1226 1762 1249 1783 n
1295 1738 1450 1793 Hunc
1486 1736 1682 1794 vitiose
1708 1737 1928 1809 quidam
1961 1737 2056 1792 Vi—

430 1838 584 1892 viard
594 1853 685 1891 um
703 1842 902 1892 vocant

1069 1906 1275 1961 CAPUT
1295 1905 1431 1960 Vill.

509 2024 604 2079 Ad
624 2024 982 2092 praenotatum
1035 2020 1199 2088 hujus
1226 2022 1403 2075 sancti
1425 2020 1541 2073 viri
1570 2018 1834 2089 (Nivardi)
1879 2033 2057 2073 como-

441 2114 589 2167 bium
623 2112 745 2166 lhOC
775 2117 859 2164 est
886 2109 953 2163 ad
983 2107 1374 2177 Altumvillare)
1404 2108 1570 2162 beatie
1612 2108 1825 2163 Helenae
1860 2109 2064 2175 regina

438 2210 651 2262 constat
677 2220 869 2275 corpus
903 2206 971 2259 ab
998 2205 1130 2259 urbe
1159 2205 1328 2259 Roma
1354 2203 1646 2256 devectum.
1701 2200 1830 2256 Dies
1881 2207 2060 2255 trans-

441 2297 683 2359 lationis,
717 2303 772 2349 et
801 2294 1068 2349 adventus
1097 2293 1166 2347 ad
1205 2293 1312 2347 hoc
1336 2290 1736 2346 monasterium
1768 2291 2064 2346 adnotatur

440 2388 677 2459 septima
710 2384 989 2443 Februarii
1057 2384 1111 2438 in
1168 2383 1341 2439 addit.
1397 2380 1599 2436 Μοιδηί
1632 2380 1701 2436 ad
1731 2380 2056 2437 Usuardum.

439 2478 668 2548 Scripsit
725 2473 1098 2529 translationis
1172 2470 1334 2540 hujus
1393 2470 1683 2525 Historiam
1761 2470 2062 2525 Almannus

439 2570 744 2627 monachus
800 2564 1238 2630 Altivillarensis,
1280 2571 1420 2618 teste
1472 2561 1762 2636 Sigeberto
1813 2562 1888 2617 De
1931 2563 2062 2618 viris

440 2663 765 2725 illustribus,
781 2676 899 2730 cap.
918 2658 1009 2724 99,
1025 2665 1098 2724 et,
1122 2663 1181 2711 ut
1208 2656 1416 2711 ibidem
1445 2655 1631 2720 refert,
1646 2655 1823 2710 Vitam
1837 2671 2059 2727 quoque

440 2754 494 2808 8.
524 2750 742 2807 Nivardi
775 2756 829 2803 et
887 2748 940 2802 8.
976 2745 1294 2816 Sindulphi,
1355 2746 1423 2800 de
1484 2761 1593 2817 quo
1625 2762 1745 2817 seq.
1780 2762 1901 2818 cap.
1936 2747 2064 2804 Haec

440 2857 625 2904 autem
664 2845 950 2902 transtalio
999 2842 1068 2898 ab
1118 2842 1254 2896 urbe
1309 2841 1482 2897 Roma
1536 2842 1591 2896 in
1644 2842 1863 2905 Gallias,
1920 2851 2061 2901 teste

441 2940 637 2996 eodem
664 2936 952 3011 Sigeberto
980 2935 1035 2990 in
1085 2933 1376 2999 Chronico,
1427 2932 1567 2989 facta
1618 2942 1701 2989 est
1754 2950 1900 2989 anno
1931 2936 2057 3001 849,

440 3040 500 3088 ut
527 3031 695 3087 refert
723 3034 848 3101 post
876 3043 1001 3083 eum
1046 3041 1267 3098 quoque
1326 3025 1591 3081 Baronius
1627 3034 1757 3080 tom.
1792 3025 1835 3079 X
1866 3025 1922 3080 in
1950 3024 2061 3081 fine

440 3124 692 3196 ejusdem
723 3122 877 3187 anni,
905 3121 1119 3176 addens
1151 3136 1165 3174 :
1203 3139 1225 3169 ι
1250 3117 1356 3173 Sed
1414 3118 1482 3174 de
1508 3119 1628 3187 ejus
1654 3133 1889 3189 corpore
1916 3118 2065 3174 inter

439 3218 662 3274 Latinos
717 3223 773 3271 et
836 3214 1050 3269 Graecos
1113 3211 1342 3283 antiqua
1383 3219 1467 3265 est
1518 3210 1916 3273 controversia,
1959 3209 2131 3301 ubiC

440 3313 720 3384 sepultum
773 3307 963 3363 fuerit.
1003 3303 1198 3360 Veneti
1248 3303 1477 3374 insuper
1527 3303 1659 3358 illud
1711 3302 1780 3357 ab
1835 3301 2058 3357 Oriente

442 3403 684 3459 delatum
712 3398 999 3471 possidere
1024 3413 1084 3452 se
1114 3395 1437 3471 gloriantur,
1470 3393 1617 3467 quod
1640 3404 1694 3450 et
1718 3396 1887 3470 digno
1909 3394 2057 3451 cultu

441 3503 876 3571 prosequuntur.
912 3514 938 3544 »
974 3493 1098 3548 Haac
1128 3491 1414 3547 Baronius.

515 3593 735 3651 Gemino
764 3590 931 3645 ditati
984 3586 1226 3655 gaudent
1290 3599 1452 3640 esoce.
1509 3583 1600 3638 Sic
1638 3582 1736 3637 MJ.
1769 3582 1803 3636 S
1836 3582 2062 3655 reliquit

445 3684 623 3739 locum
673 3695 927 3735 vacuum.
984 3674 1294 3751 Signiﬁcari
1350 3679 1574 3744 putatur
1600 3670 1789 3742 piscis,
1824 3671 1919 3743 qui
1951 3671 2061 3728 alio

444 3775 671 3831 nomine
699 3773 871 3828 salma
896 3770 1114 3826 dicitur.
1146 3767 1425 3838 Sulpicius
1452 3764 1690 3820 Severus
1716 3764 1821 3821 lib.
1850 3782 1910 3819 Ill
1942 3764 2066 3820 Dia-

445 3865 554 3939 logi
605 3864 672 3918 de
723 3859 1022 3916 virtutibus
1078 3859 1135 3912 B.
1182 3856 1422 3919 Martini,
1470 3871 1590 3924 cap.
1651 3853 1738 3920 l3,
1795 3875 1823 3904 α
1855 3854 1929 3909 Ad
1953 3855 2067 3927 pri-

444 3974 593 4012 mum
627 3962 806 4010 actum
856 3951 960 4007 reti
1010 3948 1334 4021 permodico
1366 3947 1664 4002 immanem
1698 3961 1915 4002 esocem
1950 3947 2067 4002 dia-

444 4063 618 4103 conus
644 4042 892 4099 extraxit.
918 4065 945 4091 »
978 4041 1053 4095 Ad
1075 4039 1437 4110 quemlocum
1455 4036 1575 4092 Sur.
1597 4043 1731 4090 tom.
1764 4035 1827 4088 Vl
1858 4034 2068 4091 notavit

445 4140 513 4194 ad
545 4155 700 4211 marg
727 4154 740 4190 :
766 4138 1008 4197 Ezocem,
1061 4131 1123 4185 id
1159 4135 1260 4191 est,
1321 4130 1629 4184 salmonem.
1679 4127 1881 4182 Scribit
1916 4127 2063 4182 enim

446 4231 569 4301 ipse
600 4244 699 4299 per
736 4242 787 4280 z.
846 4218 1356 4287 AdrianusJunius
1384 4216 1438 4271 in
1481 4231 1581 4271 suo
1622 4215 2063 4283 Nomenclatore,

446 4332 746 4373 recensens
795 4310 1021 4368 nomina
1071 4307 1325 4380 piscium,
1387 4305 1464 4360 ita
1492 4304 1689 4359 scribit
1718 4307 1877 4367 Expos,
1914 4305 2065 4375 quod

446 4409 668 4466 ossibus
696 4411 899 4471 careat,
931 4402 1040 4465 vel,
1073 4406 1133 4455 ut
1170 4398 1260 4454 alii
1289 4398 1503 4468 legunt,
1564 4411 1691 4451 esea:
1721 4395 1921 4451 Plinio.
1953 4398 2066 4451 An-

445 4498 589 4571 glice
619 4513 654 4550 a
677 4498 821 4559 Lam,
881 4500 937 4547 et
965 4487 1255 4562 distinguit
1301 4502 1333 4541 a
1382 4484 1651 4541 salmone.
1702 4484 1914 4540 Plinius
1943 4484 2063 4539 Nat.

446 4589 582 4645 Hist.
618 4589 695 4643 lib
744 4604 816 4649 IX,
851 4601 899 4641 c.
935 4585 1044 4639 15:
1083 4602 1107 4634 α
1132 4582 1271 4637 Sunt
1301 4587 1357 4635 et
1389 4579 1446 4633 in
1499 4579 1829 4651 quibusdam
1885 4579 2067 4634 amni-

447 4680 551 4734 bus
575 4677 722 4733 haud
753 4676 1020 4738 minores,
1074 4671 1277 4725 silurus
1325 4669 1380 4723 in
1430 4668 1573 4734 Nilo,
1603 4683 1730 4722 esox
1762 4666 1818 4720 in
1854 4666 2065 4735 Rheno,

446 4769 634 4825 attilus
656 4768 711 4821 in
761 4765 932 4820 Pado.
977 4787 1002 4808 ι»
1033 4760 1132 4826 Qui
1165 4759 1369 4814 ibidem
1411 4774 1532 4828 cap.
1580 4757 1649 4811 18
1695 4757 1808 4832 agit
1832 4754 1899 4809 de
1940 4755 2057 4810 sal-

446 4872 635 4914 monc'
1091 4912 1300 4975 CAPUT
1338 4918 1423 4992 1x,

515 5024 591 5077 De
624 5021 681 5075 8.
719 5014 974 5072 Sindulfo
1022 5013 1135 5085 agit
1190 5010 1445 5065 Molanus
1500 5009 1566 5063 ad
1600 5007 1906 5063 Usuardum
1975 5007 2068 5063 die

442 5112 512 5168 20
541 5108 809 5172 Octobris,
866 5107 1173 5161 Romanum
1222 5099 1498 5171 Martyrol.
1557 5115 1680 5154 cum
1741 5098 1981 5153 Baronio
2010 5105 2065 5153 et

446 5203 603 5257 Petro
660 5199 936 5255 Galesinio
988 5196 1057 5252 ad
1111 5194 1367 5251 eumdem
1401 5192 1569 5256 diem,
1616 5190 1759 5246 sicut
1793 5198 1848 5246 et
1878 5190 2064 5247 Wion.

366 5290 371 5297 ’
447 5290 581 5345 Item
636 5288 902 5342 Trithem.
956 5286 1028 5340 De
1093 5283 1227 5339 viris
1291 5282 1458 5335 illust.
1525 5279 1644 5335 0rd.
1688 5280 1745 5335 S.
1779 5279 2063 5333 Benedicti

445 5380 648 5443 lib.m,
678 5395 802 5448 cap.
850 5379 938 5443 46,
1004 5377 1100 5449 qui
1152 5374 1345 5431 scribit
1401 5389 1529 5428 cum
1594 5370 1858 5427 claruisse
1919 5385 2066 5425 anno

446 5471 659 5526 Domini
689 5470 816 5535 600,
845 5479 899 5524 et
956 5470 1167 5525 socium
1218 5468 1387 5523 fuisse
1431 5466 1579 5520 beati
1611 5463 1787 5519 Basoli
1821 5461 2063 5523 abbatis,

443 5563 511 5618 de
531 5578 640 5635 quo
664 5576 832 5631 supra
887 5577 1007 5632 cap.
1069 5562 1120 5617 3.
1151 5561 1307 5616 Unde
1359 5559 1426 5614 de
1482 5558 1677 5612 iisdem
1724 5554 2065 5623 conjunctim

441 5651 516 5705 ait
556 5652 616 5705 in
662 5647 933 5702 Chronico
991 5649 1315 5719 Sigebertus
1353 5648 1421 5701 ad
1471 5662 1674 5700 annum
1709 5645 1849 5699 567:
1898 5660 1918 5693 α
1968 5643 2069 5697 Ba-

440 5738 591 5792 solus
621 5735 816 5797 abbas,
869 5744 923 5786 et
969 5734 1308 5805 Sindulphus
1337 5735 1622 5805 presbyter
1651 5740 1705 5787 ct
1735 5732 1981 5788 reclusus
2011 5729 2065 5783 in

439 5827 670 5885 Francia
697 5823 937 5878 clarent.
973 5845 998 5875 »

2140 908 2197 955 ut
2235 908 2450 955 constat
2479 917 2543 955 ex
2592 907 2816 954 auctore
2847 913 3012 968 supra
3051 912 3173 967 cap.
3222 896 3277 950 7.
3314 895 3440 950 Post
3471 894 3593 962 ejus
3614 908 3773 950 mor-

2140 1002 2247 1049 tem
2279 992 2500 1064 praafuit
2546 992 2601 1046 in
2652 993 2757 1046 hoc
2810 989 3296 1059 archiepisc0patu
3351 987 3514 1041 annis
3566 986 3662 1052 26,
3715 993 3776 1040 ut

2142 1083 2342 1137 dicitur
2368 1082 2423 1136 in
2452 1080 2590 1135 Vita'
2616 1078 2794 1134 sancti
2854 1076 3163 1143 Gumberti,
3213 1074 3396 1130 fratris
3434 1074 3488 1128 S.
3523 1073 3772 1135 Nivardi,

2142 1191 2263 1247 qua:
2284 1181 2366 1229 est
2417 1174 2473 1227 in
2520 1172 2653 1226 Vitis
2696 1170 3021 1225 Sanctorum
3081 1167 3289 1223 Gallice
3317 1167 3480 1222 editis
3530 1182 3638 1236 per
3673 1166 3776 1220 Pa-

2141 1264 2404 1319 risienses
2434 1262 2526 1316 die
2554 1260 2625 1315 29
2651 1259 2887 1331 Aprilis.
2919 1259 3074 1313 Hunc
3119 1255 3234 1323 alii,
3269 1265 3329 1310 ut
3356 1255 3608 1326 Papirius
3632 1254 3781 1309 Mas-

2147 1372 2318 1412 sonus
2384 1356 2440 1409 in
2484 1354 2599 1409 suis
2642 1352 2947 1407 Annalibus
2980 1359 3034 1405 et
3082 1349 3322 1405 Iacobus
3347 1346 3688 1403 Sirmondus
3720 1347 3778 1400 in

2152 1450 2407 1525 Catalogo
2428 1447 2974 1518 archiepiscoporum
3002 1442 3383 1508 Remensium,
3436 1448 3643 1497 vocant
3670 1441 3781 1495 Re-

2151 1544 2364 1616 gulum.

2227 1631 2606 1688 Cruniciacam
2634 1631 2883 1694 montem,
2945 1625 3178 1681 Curbam
3220 1625 3432 1690 vittam,
3463 1638 3584 1676 eum
3626 1622 3788 1679 .Aci—

2154 1729 2309 1781 niaco
2337 1727 2397 1779 in
2456 1739 2601 1794 pago
2648 1722 3004 1777 Tardonensi.
3067 1720 3188 1774 Haec
3245 1719 3319 1773 ita
3371 1717 3541 1773 vertit
3570 1716 3788 1771 Gallice

2158 1816 2415 1872 Nicolaus
2446 1814 2751 1880 Chesneau,
2816 1814 2863 1866 te
2920 1816 3070 1867 mont
3108 1811 3172 1865 de
3226 1811 3426 1878 Cruny,
3482 1808 3787 1872 Committe,

2080 1916 2132 1982 Β
2157 1914 2208 1965 et
2238 1911 2406 1965 Ασίηί
2441 1923 2504 1962 en
2537 1907 2847 1962 Tardenois.
2903 1905 3078 1975 Atque
3125 1902 3200 1957 ita
3239 1900 3640 1975 leguntomnia
3662 1898 3790 1953 fere

2160 1996 2516 2068 exemplaria,
2574 2003 2689 2050 tum
2741 1995 2845 2049 hoc
2874 1993 3017 2058 loco,
3061 2001 3173 2047 tum
3205 2008 3253 2047 c.
3306 1991 3373 2046 17
3430 1987 3596 2055 hujus
3628 1987 3788 2052 libri,

2161 2087 2265 2142 nisi
2296 2087 2445 2158 quod
2466 2085 2554 2141 MS
2584 2085 2690 2140 hoc
2710 2083 2831 2139 loco
2845 2090 2900 2137 et
2924 2082 3052 2136 ch
3074 2081 3271 2157 legunt
3296 2081 3524 2135 Torbam
3553 2086 3611 2132 et
3646 2080 3794 2131 Tar-

2162 2184 2399 2238 donisse.

2807 2246 3029 2303 CAPUT
3040 2246 3129 2300 Xl.

2234 2363 2555 2419 Gemiacam
2590 2362 2807 2413 cortem.
2839 2357 2916 2411 lta
2946 2355 3038 2410 hic
3067 2360 3121 2410 et
3150 2354 3356 2425 saepius
3402 2352 3543 2408 infra
3588 2352 3787 2408 omnia

2162 2452 2516 2525 exemplaria,
2558 2450 2694 2505 Gall.
2730 2451 3072 2507 Gemicourt.
3128 2447 3230 2501 Pro
3257 2461 3367 2518 quo
3406 2443 3708 2516 aliquoties
3759 2442 3794 2493 S

2163 2542 2440 2598 substituit
2466 2541 2858 2604 Germanicam,
2892 2536 3043 2608 quod
3091 2550 3260 2606 supra
3310 2549 3432 2605 cap.
3478 2533 3512 2586 5
3551 2530 3794 2586 vertitur

2164 2634 2438 2701 Germyni.
2470 2630 2545 2684 Ex
2583 2630 2687 2684 hoc
2735 2627 2858 2683 loco
2889 2625 3251 2700 corrigendus
3299 2624 3511 2691 Surius,
3565 2621 3793 2674 Harams

2164 2729 2219 2777 et
2249 2719 2521 2792 Lippello,
2548 2718 2642 2789 qui
2669 2717 2724 2770 in
2791 2716 2907 2769 Vita
2963 2714 3017 2768 8.
3052 2712 3334 2785 Rigoberti
3366 2711 3457 2765 die
3488 2706 3792 2763 “auuarii

2165 2811 2357 2885 legunt
2386 2810 2665 2865 Gre-maca.
2718 2804 2893 2858 Locus
2948 2808 3032 2856 est
3089 2816 3199 2855 non
3259 2799 3451 2870 procul
3478 2796 3694 2861 Remis,
3732 2803 3789 2849 ut

2164 2907 2379 2957 constat
2435 2914 2499 2953 ex
2531 2913 2653 2966 cap.
2695 2893 2969 2965 sequenti.
3032 2888 3429 2961 Corrigendum
3477 2893 3532 2941 et
3562 2887 3708 2942 illud
3738 2888 3792 2940 in

2160 2991 2359 3045 iisdem
2382 2985 2720 3050 auctoribus,
2763 2982 2912 3054 quod
2968 2995 3209 3054 pugnam
3257 2976 3431 3031 Caroli
3467 2992 3599 3030 cum
3632 2975 3791 3031 Chil-

2162 3081 2350 3153 perico
2377 3086 2432 3134 et
2464 3074 2815 3151 Ragemfrido
2847 3084 3057 3145 ponant
3088 3070 3355 3126 accidisse
3401 3085 3474 3122 xu
3515 3067 3798 3123 Kalendas

2164 3168 2412 3244 Augusti,
2460 3184 2581 3223 cum
2637 3164 2935 3238 legendum
2993 3162 3064 3216 sit
3119 3160 3356 3230 Aprilis.
3406 3158 3538 3212 Nam
3581 3160 3797 3213 accidit

2160 3261 2216 3315 in
2242 3257 2694 3332 Quadragesima,
2745 3252 3032 3309 Dominica
3087 3249 3176 3305 die
3233 3255 3362 3304 ante
3422 3248 3655 3316 Pascha,
3730 3257 3791 3304 ut

2160 3353 2368 3408 habent
2394 3350 2632 3405 Annales
2680 3348 3011 3403 Francorum
3042 3360 3073 3398 a
3117 3343 3331 3398 Pithmo
3385 3341 3540 3407 editi,
3603 3350 3664 3396 et
3694 3360 3797 3412 ap-

2163 3441 2368 3513 pendix
2422 3440 2646 3513 Gregor.
2706 3437 3015 3491 Turonens.
3063 3433 3221 3500 cujus
3278 3438 3470 3486 auctor
3515 3430 3801 3503 Fregeda-

2162 3530 2278 3585 rius
2298 3528 2692 3589 Scholasticus,
2724 3524 2819 3597 qui
2851 3540 2941 3579 res
2971 3521 3057 3577 sui
3089 3521 3355 3593 temporis
3384 3520 3683 3575 describit.

2242 3626 2441 3681 Villam
2462 3625 2679 3678 nomine
2712 3621 3046 3676 Cartobram.
3082 3617 3171 3673 Sic
3204 3615 3283 3672 CR
3334 3624 3392 3671 et
3425 3615 3473 3670 J.
3541 3615 3663 3670 Alia
3690 3615 3801 3670 Ca-

2164 3715 2399 3770 robram.
2461 3712 2577 3766 Gal.
2614 3712 2965 3768 Chartreune.

2240 3806 2310 3858 Et
2338 3805 2399 3856 in
2425 3802 2559 3854 vitta
2595 3802 2684 3853 cui
2713 3814 2900 3852 nomen
2932 3797 3136 3852 Turba.
3170 3796 3249 3852 lta
3278 3794 3369 3850 hic
3389 3794 3575 3849 omnia
3598 3810 3802 3849 exem—

2172 3898 2345 3969 plaria
2395 3896 2509 3951 Gal.
2541 3895 2762 3950 Tourbe.

2239 3992 2312 4044 De
2340 3988 2475 4042 vitta
2505 3987 2798 4041 Bracaneio
2814 3999 2979 4053 super
3016 3984 3245 4051 ﬂuvium
3289 3983 3635 4038 Rotumnam.
3682 3982 3798 4048 RM,

2169 4080 2535 4143 Bracaneco,J
2574 4081 2887 4133 Bracaneto.

2236 4170 2287 4224 A
2318 4169 2615 4236 Dagoberto
2640 4168 2870 4236 denique
2923 4180 3065 4232 rege.
3125 4163 3456 4235 lntelligitur
3510 4163 3802 4219 secundus

2168 4257 2331 4326 hujus
2359 4255 2780 4321 nominis,ﬁlius
2802 4252 3161 4317 Childeberti,
3192 4252 3284 4324 qui
3324 4252 3463 4307 obiit
3490 4268 3641 4308 anno
3665 4253 3792 4317 715,

2168 4351 2255 4405 cui
2282 4349 2548 4405 successit
2571 4348 2715 4402 ﬁlius
2743 4346 3121 4402 Theodoricus
3150 4346 3216 4400 ll.

2237 4445 2301 4497 In
2332 4443 2597 4498 Rodonico
2651 4442 2836 4495 etiam.
2869 4439 2961 4493 Sic
2999 4437 3049 4503 .l,
3098 4437 3198 4492 sed
3255 4435 3363 4503 MS,
3394 4436 3661 4492 Rodinico
3693 4454 3707 4504 ;
3736 4437 3788 4503 C,

2168 4535 2415 4589 Rodolito
2447 4552 2460 4599 ;
2486 4532 2655 4599 aliud,
2688 4533 2979 4588 Rodocino.

2096 4604 2149 4670 Ι)
2242 4628 2346 4681 Hic
2374 4626 2700 4679 venerabilis
2755 4623 2956 4693 proasut
2991 4623 3289 4690 Pippinum
3333 4620 3795 4689 majoremdomus

2171 4721 2333 4787 regio:
2360 4719 2607 4774 traditur
2635 4718 3028 4771 amicissimum
3076 4714 3349 4777 habuisse,
3401 4714 3491 4767 cui
3549 4715 3791 4781 eulogias

2170 4831 2269 4886 pro
2299 4812 2660 4867 benedictione
2689 4809 2877 4864 crebro
2919 4807 3123 4862 solebat
3152 4807 3381 4860 mittere.
3432 4804 3528 4860 Hic
3557 4812 3642 4861 est
3666 4806 3791 4877 Pip-

2174 4905 2336 4975 pinus
2380 4900 2700 4965 llerslallus,
2751 4897 2897 4953 filius
2953 4897 3009 4951 S.
3076 4895 3333 4969 Begghaa,
3396 4901 3556 4965 pater
3610 4894 3786 4951 Caroli

2169 4994 2401 5051 Martelli
2421 5010 2484 5049 ex
2510 4993 2726 5064 pellice.
2775 4989 3017 5064 Eulogia:
3048 4996 3208 5043 erant
3262 5001 3435 5057 panes
3487 4986 3793 5054 benedicti,

2168 5082 2580 5141 communionis
2611 5089 2813 5137 mutuae
2844 5076 3172 5135 etamicitiaa
3201 5076 3472 5148 symbols,
3502 5075 3572 5133 de
3595 5077 3796 5148 quibus

2170 5174 2276 5229 late
2303 5174 2501 5227 Baron.
2530 5180 2664 5226 tom.
2719 5169 2788 5223 lll
2827 5166 3119 5222 Annalium
3140 5180 3290 5220 anno
3330 5163 3453 5219 313.
3489 5162 3792 5221 Concilium

2168 5261 2556 5325 Namnetense,
2596 5273 2720 5328 cap.
2777 5255 2834 5321 6,
2879 5254 2950 5309 de
2997 5269 3108 5325 quo
3139 5268 3331 5323 supra,
3353 5250 3586 5307 formam
3618 5252 3790 5309 bene-

2168 5356 2430 5414 dictionis
2454 5351 2736 5425 exprimit.

2240 5450 2304 5502 In
2326 5450 2502 5501 monte
2546 5442 2795 5498 Betelini.
2850 5438 2940 5493 Sic
2996 5434 3202 5503 Retl,
3255 5432 3344 5489 cui
3404 5432 3622 5488 accedit
3678 5432 3781 5488 MS.

2172 5537 2401 5593 Berilini
2423 5552 2437 5600 ;
2472 5531 2527 5599 C,
2556 5531 2756 5587 Belini.

2239 5635 2303 5688 In
2358 5645 2495 5700 pago
2553 5626 2895 5682 Castricensi.
2962 5621 3052 5677 Sic
3109 5627 3165 5676 et
3219 5618 3363 5674 infra
3417 5616 3600 5683 c.18;
3633 5619 3789 5685 alias,

2169 5729 2230 5780 in
2256 5727 2373 5779 vico
2388 5721 2717 5780 Castricensi
2745 5735 2759 5783 ;
2792 5715 2879 5771 MS
2903 5713 3192 5785 conjunxit
3236 5713 3327 5767 hic
3357 5719 3681 5785 utrumque,
3737 5714 3790 5767 in

2166 5821 2304 5877 vico,
2331 5818 2391 5869 in
2414 5829 2560 5885 pago
2591 5812 2936 5871 Castriccnsi.
