3874 6414
109 414 221 477 365

174 550 181 553 ’
736 547 946 602 CAPUT
989 548 1100 601 XII.

1565 417 1629 471 IN
1670 417 1921 473 LIBRUM
1963 420 2028 473 Il.

3353 433 3456 489 366

1771 559 1813 617 Α
1847 549 1909 603 tit
1948 550 2203 605 Nieolaus
2242 550 2528 607 Chesneau
2559 554 2752 609 dicens
2784 574 2797 609 :
2858 574 2879 607 ι
2920 558 2977 610 In
3032 561 3369 616 monasterio
3400 562 3452 617 8.

186 661 322 715 Orta
349 660 581 728 denique
610 659 884 712 simultate
918 661 1064 711 inter
1092 674 1271 726 regem
1307 659 1671 727 Chilperieum
1692 662 1741 710 et
1843 645 2093 699 EUChel'ii
2114 646 2391 713 sepultum
2422 663 2542 701 9350
2574 663 2775 718 corpus
2806 648 2860 702 δ·
2892 648 3182 706 Τπίιάθηίε·
3220 676 3245 698 ’³

108 750 377 804 Karolum
407 749 634 817 praefati
670 748 895 816 Pippini
920 747 1117 816 ﬁlium,
1163 747 1526 815 majoremque
1552 747 1739 799 domus

1913 735 2017 799 Qui
2045 750 2316 800 regressus
2343 738 2553 803 petitur
2591 753 2625 788 (ι
2656 738 2871 801 Milone,
2923 747 3029 793 etc.
3073 740 3129 793 Id
3187 749 3269 795 est
3300 758 3462 811 roga-

109 840 554 906 Ragemfridum.
619 837 712 891 Hic
752 844 836 891 est
879 837 1203 908 Ghipericus
1257 837 1323 902 Il,
1363 834 1531 889 frater
1563 835 1742 906 Dago-
1844 833 1948 893 ιυΓ,
1998 826 2317 897 ΓΘἿυίΓίῑυΓο
2357 827 2642 881 ΕεῑὍηίῐη
2706 829 3017 919 νεᾷεδίνιιπινς·
3065 832 3260 886 εοίῖοῐη
3294 835 3459 890 ῐηοάο

110 929 258 984 beru
318 930 385 993 ιι,
426 929 677 1000 οωηῳιρ
719 944 867 1005 anno
900 929 1024 995 719,
1069 929 1177 995 vel,
1218 934 1278 982 ιη
1315 927 1427 990 am,
1462 926 1584 981 ηδ,
1621 925 1743 979 Haec
1843 930 1953 985 quo
1994 931 2160 985 supra
2191 916 2294 969 hoc
2326 916 2468 971 libro
2500 932 2546 971 c.
2583 917 2634 973 3.
2670 916 3305 995 Petz‘tuSque’Mretioris
3335 936 3459 975 con-

110 1028 299 1075 autem
357 1030 511 1095 gesta
560 1027 688 1075 sunt
734 1036 880 1075 anno
934 1020 1060 1087 717,
1111 1027 1169 1073 ut
1216 1022 1465 1074 reterunt
1502 1018 1739 1071 Annales

110 1115 447 1171 Francorum
507 1133 537 1170 a
588 1116 800 1170 Pithoao
849 1116 1003 1170 editi.
1038 1116 1365 1190 Sigebertus
1406 1122 1459 1170 et
1486 1114 1738 1185 Meyerus

109 1205 366 1260 tribuunt
396 1220 543 1261 anno
572 1206 697 1260 718.
733 1207 969 1270 Quaestio
1000 1213 1115 1260 erat
1146 1207 1213 1260 de
1243 1205 1547 1261 obtinendo
1581 1203 1737 1274 prin-

108 1296 299 1366 cipatu
348 1297 463 1350 sive
520 1295 837 1370 magisterio
869 1297 1140 1367 equitum,
1187 1306 1245 1351 ut
1286 1305 1370 1350 est
1410 1296 1466 1349 in
1505 1294 1623 1347 Vita
1676 1291 1733 1346 S.

111 1388 419 1463 Rigoberti.
482 1388 618 1442 Nam
672 1386 1012 1460 Chilpericus
1068 1389 1389 1464 magistrum
1448 1389 1733 1460 equitum,

110 1479 229 1533 sive
309 1479 779 1548 majoremdomus
851 1481 1212 1535 constituerat
1285 1479 1428 1533 hunc
1496 1478 1735 1552 Regem—

112 1567 341 1624 fridum.

187 1662 339 1727 Quod
378 1676 486 1714 non
534 1660 619 1714 illi
655 1676 771 1714 eam
813 1662 972 1729 prius
1014 1661 1269 1729 aperiret.
1331 1657 1420 1711 Sic
1473 1656 1552 1711 CH
1587 1667 1641 1712 et
1687 1657 1734 1711 J.

109 1752 227 1817 Quo
259 1752 467 1807 accedit
501 1752 649 1823 quod
692 1752 747 1805 in
787 1752 835 1805 Μ
867 1752 1154 1827 legebatur
1184 1753 1453 1816 nonnulli,
1494 1751 1591 1803 sed
1632 1766 1737 1803 non

112 1840 437 1896 transﬁxum
479 1847 582 1902 est,
618 1848 671 1895 et
724 1841 972 1895 relictum
1028 1847 1111 1895 est
1166 1841 1307 1895 nulli
1344 1840 1621 1911 quomodo
1653 1840 1733 1893 le-

109 1931 189 2003 git
221 1930 277 1983 S.

180 2019 533 2085 Rigobertum
565 2022 858 2088 patronum
888 2034 1068 2085 suum,
1100 2021 1215 2087 qui,
1242 2022 1302 2071 ut
1328 2018 1590 2081 traditur,
1622 2032 1739 2070 eum

113 2109 179 2161 de
221 2108 441 2161 lavacro
498 2111 686 2161 sancto
723 2112 1053 2176 susceperat,
1108 2110 1419 2176 episcopatu
1477 2094 1771 2159 deturba?

108 2203 207 2255 vit.
257 2200 292 2253 S
338 2198 539 2271 corrigi
577 2199 692 2255 vult
726 2203 1030 2269 patrinum,
1068 2216 1255 2254 verum
1280 2200 1503 2255 obstant
1551 2199 1737 2255 omnia

106 2293 468 2365 exemplaria.
536 2294 595 2348 In
648 2294 766 2347 Vita
826 2294 999 2365 ipsius
1046 2295 1246 2349 dicitur
1290 2296 1342 2351 S.
1402 2295 1732 2369 Rigobertus

107 2405 256 2445 nunc
306 2388 561 2444 Carolum
606 2388 935 2460 baptirasse,
993 2397 1047 2444 et
1092 2389 1160 2444 de
1210 2406 1366 2445 sacro
1417 2391 1566 2444 fonte
1607 2407 1732 2444 sus-

98 2478 341 2549 cepisse.
402 2478 512 2532 Sed
572 2484 626 2531 et
675 2484 819 2532 recte
865 2484 1213 2548 susceptores
1263 2478 1479 2548 patroni
1533 2478 1732 2532 dicun-

101 2578 205 2626 tur.
279 2571 415 2639 Ejus
471 2569 878 2641 depositionem
938 2571 1005 2623 ab
1074 2571 1416 2641 episcopatu,
1473 2571 1613 2624 sicut
1677 2577 1731 2623 et

103 2659 362 2714 Eucherii
423 2659 853 2725 Aurelianensis,
889 2666 1083 2714 notant
1131 2659 1453 2733 Sigebertus
1484 2668 1538 2715 et
1589 2660 1728 2714 Mas-

98 2772 274 2810 saeeus
307 2769 457 2808 anno
478 2754 627 2825 723.

166 2848 242 2899 De
288 2860 399 2915 quo
433 2849 656 2913 patrum
715 2846 922 2912 scripta
976 2843 1231 2897 relatione
1284 2844 1557 2907 traditur,
1619 2852 1723 2898 etc.

100 2933 334 2990 Historia
391 2934 460 2987 de
514 2933 727 2987 visione
760 2934 815 2987 S.
881 2935 1133 2989 Eucherii
1166 2937 1575 2991 Aurelianensis
1597 2938 1725 3008 epi-

103 3025 254 3096 scapi
339 3025 411 3079 de
487 3031 696 3079 interna
758 3024 1111 3080 damnatione
1179 3028 1408 3082 Martelli
1486 3028 1557 3083 ob
1634 3028 1726 3081 in-

99 3102 255 3170 vasas
316 3130 411 3169 res
452 3113 877 3181 ecclesiasticas,
935 3116 1129 3170 iisdem
1181 3116 1295 3171 fere
1335 3118 1517 3173 verbis
1555 3126 1730 3173 exstat

100 3206 156 3259 in
186 3204 453 3276 capitulis
485 3206 895 3276 manuscriptis,
937 3224 1060 3278 qum
1092 3212 1160 3263 ab
1190 3209 1465 3280 cpisc0pis
1503 3212 1731 3281 provin-

99 3295 306 3351 ciarum
343 3295 637 3349 Remensis
687 3303 740 3350 et
777 3296 1241 3369 Rothomagensis
1281 3298 1560 3355 Ludovico
1615 3301 1730 3373 regi

100 3386 262 3440 missa
292 3385 522 3439 fuerunt
554 3401 566 3437 :
624 3392 814 3456 estque
854 3386 1066 3453 adjecta
1099 3388 1151 3440 in
1212 3388 1358 3443 notis
1397 3388 1465 3442 ad
1526 3405 1729 3444 novum

101 3472 308 3546 Corpus
355 3473 694 3529 Canonicum
727 3477 875 3542 {cura
916 3475 1162 3548 Gregorii
1208 3477 1320 3531 XIII
1388 3480 1725 3550 recognitum

1839 1005 2157 1058 versationis
2190 1005 2575 1059 habituculum-
2598 1007 2901 1074 concedere.
2943 1008 3040 1061 Ubi
3076 1018 3278 1062 contra
3334 1024 3458 1063 om-

1841 1093 1932 1146 nia
1961 1094 2295 1163 exemplaria
2326 1096 2466 1149 male
2496 1096 2729 1150 correxit
2760 1096 2815 1161 S,
2855 1100 3208 1166 petentisque.
3252 1098 3459 1153 Sensus

1840 1185 2005 1255 igitur
2058 1196 2143 1241 est
2187 1187 2336 1257 quod
2380 1187 2433 1240 S.
2486 1187 2816 1261 Rigobertus
2858 1189 3026 1245 fuerit
3080 1190 3380 1262 requisitus
3427 1209 3458 1245 a

1837 1274 2056 1329 Milone.

1909 1366 2194 1418 Habitavit
2250 1368 2307 1419 in
2361 1366 2628 1423 Gerniaca
2666 1373 2809 1422 corte
2857 1374 3087 1438 tempore
3116 1385 3219 1423 non
3259 1386 3455 1439 pauco.

1840 1454 2011 1507 Annis
2058 1455 2127 1507 15
2163 1461 2258 1508 aut
2316 1457 2405 1522 17,
2438 1464 2497 1511 ut
2548 1474 2603 1511 ιιι
2636 1474 2810 1530 marg.
2854 1458 3135 1514 adnotavit
3176 1460 3267 1531 qui
3291 1477 3455 1531 supra

1842 1543 1918 1597 lib
2012 1562 2027 1598 ι
2102 1544 2425 1601 Guillelmus
2474 1548 2544 1601 Le
2622 1549 2845 1619 Begue,
2906 1549 3165 1619 idemque
3231 1550 3456 1604 adnotat

1839 1652 1964 1690 eum
2016 1638 2264 1709 quinque
2310 1645 2402 1693 aut
2440 1646 2653 1709 septem
2709 1640 2873 1694 annis
2912 1641 3189 1695 exsulasse
3239 1641 3293 1694 in
3343 1642 3453 1695 Va-

1838 1731 2047 1785 sconia.

2460 1802 2668 1858 CAPUT
2699 1804 2840 1859 XIII.

1764 1876 1815 1943 B
1913 1918 2094 1984 Hujus
2152 1918 2293 1972 beati
2363 1922 2611 1987 praesulis
2670 1923 2958 1976 Adrianus
3031 1922 3173 1976 sedis
3238 1926 3454 1991 aposto-

1839 2005 1954 2058 lica:
1979 2009 2233 2074 ponti/ea:
2260 2013 2504 2065 meminit
2542 2014 2599 2065 in
2628 2013 2856 2081 epistola
2903 2028 3003 2066 sua
3064 2013 3279 2081 Tilpino
3337 2019 3452 2079 lost

1839 2102 2080 2168 episcopo
2149 2104 2393 2157 Itemensi
2448 2104 2672 2157 directa.
2743 2104 2922 2159 Exstat
2996 2106 3101 2161 hoc
3174 2106 3452 2177 fragmen-

1840 2192 1953 2240 tum
2004 2195 2133 2242 tom.
2178 2190 2248 2243 IlI
2321 2190 2525 2257 Goncil,
2586 2191 2732 2246 inter
2809 2193 3013 2264 scripta
3083 2194 3326 2268 Gregorii
3380 2195 3448 2259 II,

1838 2273 2004 2349 idque
2051 2278 2253 2333 factum
2312 2290 2394 2335 est
2459 2297 2524 2333 ex
2580 2281 2791 2349 judicio
2854 2284 3071 2338 Baronii
3163 2293 3291 2339 tom.
3357 2285 3448 2352 IX,

1834 2387 1980 2425 anno
2028 2371 2151 2426 717.
2212 2371 2311 2435 Qui
2378 2372 2606 2428 omnino
2659 2375 2797 2429 alter
2851 2376 3195 2439 censuisset,
3255 2377 3298 2430 si
3361 2393 3450 2430 re-

1833 2466 2036 2537 liquam
2070 2474 2276 2536 partem
2307 2468 2555 2535 ejusdem
2585 2470 2853 2539 epistolae,
2887 2487 3009 2542 quas
3041 2470 3279 2525 habetur
3310 2471 3449 2525 infra

1832 2574 1931 2629 cap
1975 2559 2063 2620 16,
2095 2558 2437 2631 perlegisset.
2463 2559 2593 2614 Nam
2619 2560 2748 2613 inde
2770 2561 2931 2632 plane
2958 2563 3304 2618 convincitur
3320 2580 3448 2617 vere

1832 2665 1952 2703 esse
1984 2649 2229 2713 Adriani,
2264 2666 2372 2705 non
2406 2651 2674 2722 Gregorii,
2704 2653 2835 2722 quia
2876 2655 2929 2706 in
2962 2670 3025 2708 ea
3058 2654 3308 2709 meminit
3351 2657 3447 2709 Za-

1831 2741 2033 2795 chariae
2064 2749 2117 2795 et
2171 2740 2437 2811 Stephani
2466 2749 2879 2797 antecessorum
2921 2761 3166 2809 suorum,
3200 2746 3289 2816 qui
3322 2755 3448 2801 sunt

1832 2830 2170 2900 posteriores
2217 2831 2479 2900 Gregorio
2516 2834 2779 2887 secundo.
2825 2834 3028 2889 Poterit
3073 2845 3255 2889 autem
3298 2852 3448 2890 com-

1830 2920 1970 2990 pleri
2006 2922 2121 2975 hzec
2141 2924 2377 2991 epistola
2403 2922 2607 2977 additis
2638 2924 2853 2978 duabus
2885 2924 3134 2996 partibus
3156 2942 3276 2996 qua:
3306 2924 3448 2978 infra

1830 3028 1952 3083 cap.
1986 3013 2050 3068 16
2080 3022 2133 3067 et
2152 3013 2218 3068 17
2249 3015 2567 3080 recitantur,
2592 3023 2646 3071 et
2670 3017 2870 3088 corrigi
2896 3017 3179 3072 adnotatio
3201 3017 3447 3071 Severini

1830 3101 1995 3168 Binii,
2014 3102 2107 3172 qui
2130 3110 2282 3157 notat
2297 3104 2562 3158 mendose
2589 3105 2875 3174 irrepsisse
2898 3106 3045 3175 apud
3065 3106 3282 3159 Surium
3305 3106 3397 3159 die
3415 3107 3450 3159 4

1760 3193 2071 3313 CJanuarii
2130 3209 2339 3249 nomen
2372 3195 2592 3249 Adriani
2643 3212 2743 3266 pro
2772 3196 3032 3271 Gregorio
3090 3198 3156 3261 II,
3204 3197 3345 3252 sicut
3395 3207 3450 3253 et

1833 3288 2379 3313 M2--I----Q----_2-.-
2429 3290 2481 3313 2..
2526 3289 2671 3313 _-L:.-
2704 3291 2767 3313 ,Δ
2806 3291 2942 3313 -..Ξ-ι
3004 3291 3103 3313 11m
3134 3292 3164 3313 ο
3226 3292 3408 3313 “--ΒΡΑ

1832 3289 2085 3344 Nicolaus
2103 3288 2401 3352 Serrarius,
2429 3290 2484 3343 in
2526 3289 2673 3345 notis
2702 3291 2768 3345 ad
2802 3291 2946 3362 epist
3000 3291 3103 3346 142
3134 3292 3168 3345 8
3226 3292 3448 3347 Bonifa—

1832 3396 1923 3434 CII.

1902 3470 2077 3527 Simul
2115 3485 2234 3525 cum
2290 3469 2400 3523 alio
2436 3472 2769 3540 episcopatu.
2816 3472 3085 3529 Videlicet
3117 3474 3447 3541 Trevirensi,

102 3562 187 3629 16,
233 3580 339 3634 q.i,
396 3578 519 3634 cap.
572 3563 732 3629 Quia.
796 3563 977 3618 Exstat
1031 3565 1161 3619 item
1210 3566 1265 3620 in
1313 3567 1430 3621 Vita
1479 3568 1727 3639 ejusdem
1828 3571 1887 3617 ut
1911 3561 2175 3631 probatur
2201 3576 2265 3615 ex
2298 3560 2457 3632 epist.
2492 3561 2558 3614 16
2581 3562 2878 3630 Hincmari,
2912 3566 3147 3636 cap.19,
3183 3566 3326 3622 inter
3356 3584 3450 3622 eas

102 3656 156 3710 8.
197 3657 456 3713 Eucherii
485 3657 633 3727 apud
684 3655 905 3709 Surium
936 3673 1126 3711 mense
1181 3658 1483 3724 Februarii,
1528 3662 1730 3731 scripta

99 3765 131 3803 a
181 3759 675 3820 contemporaneo,
728 3757 782 3803 et
833 3748 889 3802 in
937 3750 1055 3805 Vita
1104 3751 1282 3821 ipsius
1339 3753 1393 3808 S.
1446 3754 1728 3825 Rigoberti

102 3839 135 3893 4
156 3840 443 3907 Januarii;
478 3841 532 3894 in
555 3840 757 3912 quibus
782 3842 1044 3897 omnibus
1074 3843 1339 3898 asseritur
1365 3844 1569 3899 dictum
1595 3847 1733 3900 Mar-

100 3933 288 3988 tellum
326 3951 394 3989 ex
448 3949 595 3989 nunc
632 3934 688 3988 in
720 3951 952 4006 corpore
997 3941 1052 3990 et
1089 3936 1271 3990 anima
1303 3938 1481 4007 poenis
1523 3938 1732 4008 sempi-

102 4026 273 4081 ternis
332 4041 457 4081 esse
497 4026 840 4097 deputatum.
883 4027 1133 4082 Meminit
1171 4028 1420 4097 ejusdem
1479 4030 1729 4085 Hincma-

100 4134 189 4173 rus
215 4119 271 4173 in
315 4118 644 4190 praefatione
685 4120 818 4174 Vita:
858 4120 913 4174 S.
947 4120 1206 4192 Remigii,
1265 4129 1319 4176 et
1350 4121 1495 4177 inter
1532 4139 1729 4177 recen-

101 4210 266 4267 tiores
298 4211 505 4266 Paulus
533 4211 795 4268 jEmilius
818 4213 915 4268 lib.
951 4230 1009 4281 ιι,
1058 4214 1133 4268 De
1169 4214 1333 4269 rebus
1358 4214 1528 4288 gestis
1562 4216 1725 4271 Fran-

1830 3669 1953 3725 quaa
1987 3653 2138 3723 prelo
2180 3668 2393 3707 excusa}
2432 3660 2581 3721 sunt,
2642 3662 2696 3709 et
2726 3671 2792 3710 ex
2831 3657 3157 3727 prtefatione
3196 3661 3445 3731 ejusdem

1834 3745 2107 3800 Ilincmari
2148 3746 2204 3798 in
2236 3746 2409 3799 Vitam
2449 3747 2623 3801 sancti
2656 3747 2911 3821 Remigii,
2942 3750 2997 3803 in
3038 3768 3145 3821 qua
3196 3752 3275 3806 ait
3300 3754 3446 3823 quod

1835 3836 1979 3902 Milo,
2022 3836 2091 3889 de
2120 3852 2229 3907 quo
2261 3851 2443 3891 sermo
2482 3844 2584 3903 est,
2614 3838 2897 3909 episc0pia
2926 3840 3221 3896 Remorum
3245 3858 3308 3896 ac
3326 3843 3449 3897 Tre-

1831 3925 2070 3982 virorum
2112 3942 2384 3997 usurpans
2417 3928 2659 3995 insimul,
2694 3946 2792 4001 per
2838 3932 3203 4005 quadraginta
3230 3935 3450 3989 circiter

1831 4036 2006 4075 annos
2032 4022 2502 4091 pessumdederit.

2455 4116 2662 4173 CAPUT
2691 4118 2820 4174 XIV.

1900 4213 2131 4266 Decessit
2172 4209 2257 4280 (S.
2313 4211 2655 4283 Rigobertus)
2699 4214 2885 4283 pridie
2942 4218 3125 4273 Nonas
3168 4222 3443 4281 Januarii.

102 4318 310 4372 corum,
355 4313 413 4361 et
457 4305 648 4360 Petrns
696 4306 968 4378 Despinac
1019 4307 1470 4378 archiepisc0pus
1504 4310 1725 4382 Lugdu-
1826 4306 2081 4360 Additum
2113 4312 2197 4360 est
2226 4305 2279 4359 in
2324 4321 2436 4361 uno
2476 4308 2776 4377 exemplari
2820 4310 2876 4364 in
2911 4313 3197 4385 margine:
3235 4318 3447 4375 «Anno

104 4397 290 4451 nensis
362 4396 421 4451 in
497 4398 748 4453 oratione
819 4398 1007 4452 habita
1072 4398 1263 4453 Blossii
1345 4415 1526 4453 coram
1598 4418 1729 4477 rege

104 4484 344 4540 Francia;
402 4485 634 4541 Henrico
688 4488 779 4549 Ill,
826 4503 971 4543 anno
1006 4488 1162 4552 1575,
1215 4497 1275 4542 ut
1316 4490 1471 4544 testis
1523 4500 1610 4548 est
1639 4496 1729 4549 Ar-

1833 4396 2229 4452 incarnationis
2258 4396 2559 4452 Dominicse
2588 4398 2811 4453 circiter
2839 4403 3338 4477 septingentesimo
3368 4426 3451 4465 se-

1832 4487 2175 4559 ptuagesimo
2202 4486 2384 4542 tertio.
2430 4508 2457 4537 n
2486 4488 2614 4552 Qum
2646 4490 2814 4544 verba
2840 4492 2948 4561 MS,
2974 4493 3037 4549 Cl
3071 4512 3177 4552 non
3221 4500 3448 4572 habent,

102 4575 300 4632 noldus
358 4577 544 4635 Wion.
577 4577 655 4631 lib
732 4594 788 4631 ιιι
825 4575 979 4651 Ligni
1010 4578 1161 4644 Vitae,
1195 4578 1285 4633 die
1315 4579 1385 4632 20
1418 4580 1718 4638 Februarii.
1749 4610 1803 4678 Ι)
1831 4583 1935 4638 etsi
1969 4582 2278 4636 habeantur
2302 4581 2356 4635 in
2388 4582 2507 4636 Vita
2536 4583 2681 4652 apud
2715 4584 2959 4655 Surium,
2995 4605 3058 4643 ex
3098 4608 3206 4662 qua
3232 4604 3450 4667 sumpta

102 4666 296 4723 Verum
345 4669 435 4724 bis
462 4669 790 4725 contradicit
819 4669 1014 4725 Petrus
1060 4670 1306 4726 Pithaaus
1335 4671 1390 4726 in
1446 4672 1723 4731 Glossario

103 4759 492 4829 capitulorum,
542 4759 726 4815 littera
758 4759 821 4825 R,
878 4767 933 4815 et
967 4761 1234 4815 Baronius
1265 4769 1394 4815 tom.
1447 4761 1510 4816 IX
1545 4766 1729 4819 Anna-

103 4846 256 4915 lium,
301 4864 455 4905 anno
481 4849 626 4913 741;
683 4848 849 4919 idque
889 4864 955 4903 ex
1000 4864 1068 4904 eo
1127 4849 1277 4921 quod
1312 4850 1615 4908 Eucherius
1672 4864 1730 4909 ut

106 4943 395 5001 minimum
426 4946 618 5001 decem
650 4946 812 5001 annis
839 4946 1042 5001 obierit
1067 4955 1194 5002 ante
1227 4947 1551 5003 Martellum.
1589 4950 1727 5013 Quin

108 5037 265 5092 etiam
314 5039 474 5095 addit
502 5040 699 5095 Baron.
761 5040 831 5096 de
876 5040 1052 5096 salute
1084 5040 1261 5112 ipsius
1313 5041 1458 5097 bene
1503 5060 1732 5114 speran-

108 5123 234 5181 dum
274 5144 426 5195 esse,
459 5144 525 5183 eo
557 5128 705 5200 quod
739 5130 1123 5202 paenitentiam
1156 5131 1353 5205 egerit.
1389 5132 1525 5196 Quid
1566 5134 1636 5188 de
1666 5150 1731 5188 ea

109 5229 164 5268 re
220 5217 292 5272 sit
336 5218 657 5297 expminent
696 5220 809 5274 alii.
867 5219 1206 5276 Flodoardus
1257 5219 1492 5276 ﬁdeliter
1547 5230 1732 5278 narrat

108 5321 225 5377 quae
290 5324 357 5364 ex
427 5310 649 5381 scriptis
714 5317 930 5382 patrum
1013 5311 1249 5383 accepit,
1322 5328 1443 5384 quae
1523 5321 1731 5369 temere

107 5398 473 5454 convellenda
513 5415 627 5456 non
685 5406 859 5467 sunt,
922 5407 978 5457 et
1033 5401 1315 5473 praecipue
1370 5402 1727 5458 conciliorum

108 5495 245 5542 acta.

177 5577 348 5647 Cujus
403 5582 462 5634 in
500 5584 828 5636 monasterio
893 5584 951 5638 S.
1014 5585 1281 5638 Trudonis
1332 5585 1615 5639 humatum
1654 5590 1728 5639 est

108 5681 314 5737 corpus.
352 5671 530 5727 Locus
572 5681 655 5727 est
685 5672 742 5727 in
772 5673 1066 5742 Hasbania,
1117 5691 1239 5747 quas
1274 5676 1576 5732 Brabantias
1607 5693 1733 5747 pars

110 5766 213 5827 est,
246 5762 391 5819 intra
422 5765 692 5837 oppidum
724 5768 898 5822 sancti
926 5768 1223 5837 Trudonis,
1256 5769 1312 5824 in
1343 5786 1454 5842 quo
1484 5772 1735 5844 sepultus

113 5855 192 5901 est
235 5850 292 5907 S.
325 5851 651 5908 Eucherius.
701 5854 821 5909 Haec
862 5856 1138 5911 contrario
1168 5857 1335 5914 modo
1366 5858 1567 5914 Gallice
1610 5876 1735 5916 ver-

1832 4678 1962 4725 sunt
2001 4671 2264 4741 pleraque
2299 4685 2421 4740 quae
2462 4670 2516 4724 in
2548 4672 2651 4726 hac
2696 4673 2933 4730 Historia
2964 4678 3033 4733 de
3083 4696 3149 4735 eo
3182 4682 3451 4741 hactenus

1830 4766 2002 4821 relata
2047 4772 2194 4820 sunt.
2253 4765 2485 4819 Additur
2530 4782 2753 4838 quoque
2799 4768 2855 4822 in
2900 4771 3036 4839 Vita,
3071 4774 3136 4828 ad
3185 4779 3451 4845 majorem

1832 4854 2100 4925 temporis
2152 4853 2561 4920 certitudinem,
2597 4856 2902 4913 indictione
2959 4869 3149 4917 octava
3179 4880 3302 4919 eum
3350 4868 3455 4922 ob-

1831 4944 1983 5000 iisse.
2032 4945 2215 5001 Exstat
2239 4947 2385 5016 apud
2427 4946 2643 5001 Surium
2677 4949 2767 5004 die
2808 4952 2842 5004 4
2879 4952 3140 5009 Januarii.
3193 4944 3319 5021 Quo-
3362 4960 3452 5015 die

1832 5036 1953 5105 ejus
1992 5035 2191 5111 legitur
2227 5036 2496 5091 memoria
2527 5036 2582 5091 in
2612 5038 2858 5095 Romano
2906 5042 3313 5118 Martyrologio,
3345 5054 3450 5102 tam

1833 5130 1976 5184 Petri
2026 5130 2285 5185 Galesinii
2326 5147 2488 5203 quam
2531 5133 2772 5188 Baronii.
2816 5134 3019 5189 Eodem
3048 5153 3271 5209 quoque
3304 5140 3394 5194 die
3426 5158 3456 5196 ιι

1833 5218 2049 5274 Molano
2094 5220 2315 5275 additus
2368 5228 2451 5275 est
2480 5221 2745 5276 Usuardo.
2791 5222 2991 5277 Scribit
3022 5224 3231 5281 ibidem
3290 5229 3454 5285 Baro-

1832 5306 1959 5361 nius
1987 5307 2045 5360 in
2064 5308 2212 5362 notis
2242 5324 2366 5363 eum
2398 5309 2718 5378 pervenisse
2747 5325 2922 5381 usque
2959 5313 3026 5366 ad
3070 5324 3317 5387 tempora
3352 5319 3457 5373 Ha-

1832 5394 2011 5448 driani
2044 5411 2222 5465 papae,
2252 5396 2369 5467 qui,
2404 5397 2603 5468 inquit,
2641 5399 2760 5470 ipso
2804 5400 3088 5470 defuncto,
3118 5408 3323 5471 rejecto
3356 5409 3453 5463 Mi-

1831 5484 1980 5550 lone,
2034 5484 2090 5539 in
2117 5485 2299 5540 locum
2352 5487 2472 5555 ejus
2515 5488 2835 5561 subrogavit
2865 5492 3192 5565 Turpinum,
3243 5509 3302 5553 ut
3341 5502 3461 5569 ejus

1832 5588 1954 5633 acta
1978 5587 2264 5635 testantur.
2300 5582 2453 5646 Quod
2481 5584 2768 5641 conforme
2807 5596 2891 5642 est
2920 5590 3031 5645 illis
3063 5610 3184 5664 quze
3212 5594 3280 5647 de
3312 5611 3458 5652 anno

1835 5674 2019 5730 obitus
2058 5674 2233 5746 ipsius
2250 5676 2397 5733 dicta
2416 5687 2564 5734 sunt.
2608 5681 2739 5736 Nam
2773 5683 3045 5741 Adrianus
3073 5689 3268 5744 sedere
3291 5691 3462 5761 εοερίι

1835 5784 1984 5825 anno
2016 5769 2143 5827 772.
2175 5769 2427 5829 Meminit
2450 5773 2701 5843 ejusdem
2739 5777 3068 5851 Sigebertus
3097 5783 3153 5836 in
3193 5783 3459 5838 Chronico

1834 5879 1981 5920 anno
2030 5866 2158 5934 723,
2195 5883 2304 5939 quo
2333 5884 2457 5924 eum
2515 5870 2649 5928 dicit
2677 5872 2746 5927 ab
2780 5874 3105 5945 episcopatu
3146 5875 3457 5945 depositum
