3874 6466
415 477 517 534 367

1253 479 1649 535 C'OI.VENERII
1690 479 1967 534 SCIIOLIA
2007 479 2072 533 IN
2115 479 2283 536 IIIS'I‘.
2324 481 2590 536 REMENS
2657 481 2916 537 ECCLES.

3677 486 3774 543 368

409 622 508 661 seu
539 606 800 674 ejectum.
849 607 976 672 Qum
1009 605 1053 658 si
1101 622 1230 660 vera
1287 615 1433 666 sunt.
1501 579 1721 677 Oportet
1758 621 1881 660 eum
1937 621 2036 660 an-
2067 610 2115 676 Α
2141 607 2211 662 de
2241 623 2308 663 eo
2333 609 2479 663 idem
2521 607 2767 663 Molanus
2799 609 2854 662 in
2910 607 3192 662 Natalibus
3221 607 3312 662 SS.
3357 608 3558 684 Belgii,
3609 612 3774 665 ascri-

415 700 502 755 nis
527 701 597 754 50
626 700 930 756 exsulasse.
974 701 1167 753 Verum
1203 700 1524 755 Franciscus
1563 701 1782 754 liaraaus
1813 701 1868 754 in
1903 699 2040 752 Vitis

415 792 742 848 Sanctorum
774 809 804 846 a
858 809 918 846 se
961 790 1123 844 editis
1155 791 1307 860 ponit
1359 807 1481 844 eum
1533 791 1742 846 obiisse
1775 791 1918 846 circa
1948 806 2042 844 an-

413 901 546 940 num
589 885 718 949 738,
759 885 860 938 hac
890 881 1144 952 apposita
1194 883 1552 938 adnotatione
1576 893 1698 952 post
1737 881 1912 938 Vitam
1946 882 2036 952 ip-

413 975 567 1030 sius:
617 995 638 1024 ι
692 974 1005 1030 Ponebatur
1054 971 1263 1028 obiissc
1323 989 1468 1028 anno
1515 973 1710 1028 Christi
1769 972 1892 1039 775,
1939 972 2038 1026 sed

413 1069 643 1126 omnino
675 1083 828 1123 error
855 1067 1074 1121 videtur
1101 1083 1223 1122 esse
1254 1067 1310 1122 in
1343 1068 1604 1122 numeris.
1636 1068 1845 1138 Nempe
1890 1067 2036 1122 Mar-

415 1161 580 1216 tellus
602 1159 882 1230 princeps,
912 1173 1077 1230 quem
1107 1158 1200 1213 ille
1231 1159 1529 1230 episcopus
1563 1175 1795 1231 puerum
1827 1158 2036 1230 baptis-

415 1262 562 1308 mate
583 1253 779 1317 abluit,
803 1251 944 1307 obiit
969 1251 1483 1326 quinquagenarius
1511 1268 1660 1309 anno
1681 1253 1872 1308 salutis
1892 1253 1988 1308 741
2022 1271 2036 1316 ;

413 1345 603 1416 sicque
659 1343 945 1398 debuisset
990 1349 1214 1399 sanctus
1271 1344 1601 1419 Rigobertus
1651 1345 2034 1415 episcopatum

411 1437 648 1507 gessisse
676 1435 907 1509 integris
933 1434 1218 1508 octoginta
1241 1437 1422 1492 annis.
1459 1437 1784 1511 Sigehertus
1814 1451 2036 1507 quoque

416 1526 714 1580 Historicus
755 1525 923 1580 refert
954 1543 1077 1580 eum
1113 1543 1260 1581 anno
1318 1528 1388 1582 23
1433 1527 1580 1582 illius
1611 1527 1800 1583 saeculi
1831 1543 1861 1580 a
1887 1527 2032 1581 Mar-

412 1617 543 1672 tello
565 1617 890 1688 episcopatu
922 1618 1162 1688 pulsum.
1197 1619 1348 1673 Adde
1371 1619 1520 1690 quod
1547 1621 1724 1674 solum
1755 1633 2034 1673 memore-

413 1723 501 1768 tur
529 1713 731 1768 vixisse
759 1713 862 1768 sub
899 1714 988 1767 his
1022 1713 1200 1769 tribus
1239 1715 1487 1788 regibus,
1520 1715 1898 1780 Childebcrto,
1929 1714 2034 1768 Da-

414 1809 663 1881 gobcrto,
705 1815 759 1862 et
790 1807 1124 1878 Chilperico,
1174 1824 1406 1879 quorum
1453 1821 1762 1880 postremus
1801 1816 1948 1864 certe
1975 1808 2031 1862 in

413 1899 549 1953 vivis
579 1915 700 1952 esse
740 1898 906 1952 desiit
945 1913 1091 1952 anno
1136 1899 1263 1951 727.
1299 1899 1488 1970 Itaque
1539 1899 1788 1969 suspicor
1821 1899 2031 1968 pridem

418 2011 516 2064 pro
543 2011 709 2048 xxxm
730 1993 1088 2048 substitutum
1113 2009 1296 2060 Lxxin,
1331 2003 1388 2048 ut
1410 2011 1555 2050 anno
1579 1995 1647 2049 33
1667 1995 1815 2048 illius
1834 1993 2042 2059 saeculi,

416 2101 526 2138 non
563 2086 648 2150 73,
677 2094 900 2139 sanctus
930 2084 1265 2158 Iligobertus
1303 2095 1532 2140 mortem
1589 2085 1808 2140 obierit.
1849 2109 1873 2133 υ
1915 2085 2036 2138 llaec

417 2177 636 2230 ilaraeus
665 2176 798 2230 satis
831 2175 1212 2246 probabiliter.

1047 2295 1259 2350 CAPUT
1290 2295 1393 2350 XV.

490 2411 550 2463 In
601 2425 804 2478 pagum
841 2407 1348 2473 Veromandenscm,
1389 2407 1462 2460 ad
1492 2408 1682 2461 villam
1702 2409 2036 2463 Neminen-in.

413 2505 438 2559 J
483 2507 826 2559 Memnicnm.
886 2504 945 2556 In
978 2505 1084 2558 hoc
1113 2510 1287 2557 tractu
1349 2503 1778 2556 Vcromandensi
1811 2501 2042 2576 insignis

413 2609 497 2653 est
527 2600 718 2653 civitas
747 2599 803 2654 S.
829 2597 1099 2664 Quintini,
1133 2613 1242 2651 non
1270 2598 1458 2668 procul
1489 2614 1517 2652 a
1550 2597 1862 2653 Cameraco.

485 2693 605 2745 Nam
634 2693 873 2759 pmrtiosa
913 2691 1039 2744 illuc
1069 2689 1253 2742 delata
1285 2690 1546 2756 membra,
1581 2689 1689 2754 MS,
1719 2691 1770 2757 .l,
1792 2705 2039 2751 munera,

413 2783 692 2854 quomodo
723 2791 776 2837 et
807 2782 862 2836 C.
899 2781 1062 2836 vertit
1102 2781 1154 2834 in
1187 2781 1394 2836 Gallico
1423 2800 1436 2845 ;
1467 2783 1562 2836 sed
1597 2781 1703 2836 alia
1733 2782 1894 2837 lectio
1925 2799 2045 2836 me-

413 2872 518 2927 lior
549 2881 650 2936 est,
685 2889 845 2943 quam
880 2871 1044 2942 paulo
1076 2878 1199 2942 post
1230 2870 1657 2926 habent‘omuia
1683 2871 2038 2942 exemplaria.

482 2969 588 3024 Nec
618 2969 834 3036 longum
876 2972 996 3037 post
1032 2969 1164 3033 haec,
1218 2973 1318 3021 etc.
1358 2967 1480 3021 H330
1511 2973 1593 3020 est
1634 2977 1830 3038 quarta
1860 2975 2038 3022 trans-

411 3058 540 3114 latio
580 3059 634 3113 S.
675 3059 987 3132 Rigoberti,
1022 3058 1162 3114 facta
1196 3059 1264 3113 ab
1295 3059 1541 3115 Herivaeo
1589 3060 2036 3130 archiepiscopo,

409 3152 478 3207 de
509 3169 618 3224 qua
641 3152 784 3208 infra
813 3152 914 3206 lib.
952 3169 1026 3218 IV,
1049 3169 1095 3208 c.
1124 3153 1209 3208 13.

1033 3264 1240 3319 CAPUT
1266 3264 1398 3319 XVI.

2141 701 2282 756 hens
2325 701 2376 756 ei
2407 701 2624 756 titulum
2680 699 2970 756 Remensis
2995 700 3426 773 archiepiscopi,
3461 710 3519 757 et
3569 702 3630 757 in
3660 703 3771 757 suis

2143 791 2540 866 Martyrologiis
2590 791 2780 846 Petrus
2811 791 3124 847 Galesinius
3163 799 3220 847 et
3262 793 3539 848 Arnoldus
3587 793 3771 848 Wion.

2143 883 2277 936 Item
2310 880 2645 936 Trithemius
2673 880 2772 935 lib.
2809 897 2864 934 Ill
2901 881 2972 935 De
2998 881 3129 936 viris
3158 881 3326 936 illust.
3354 881 3568 938 ordinis
3600 885 3774 937 sancti

2142 973 2446 1030 Benedicti.
2491 988 2607 1044 cap.
2660 973 2788 1039 298,
2821 981 2876 1028 et
2917 973 3012 1027 lib.
3049 991 3120 1038 IV,
3175 990 3296 1045 cap.
3331 974 3455 1029 118.
3507 973 3629 1038 Quo
3657 975 3776 1029 loco

2141 1068 2339 1124 scribit
2365 1067 2566 1123 festam
2608 1067 2726 1136 ejus
2753 1068 2841 1144 agi
2865 1083 3014 1123 nono
3045 1067 3319 1122 Kalendas
3349 1065 3626 1122 Octobris.
3663 1067 3776 1120 Fuit

2143 1159 2366 1214 natione
2387 1157 2608 1212 Scotus.

2213 1249 2520 1304 Grimonem
2550 1249 2608 1300 in
2651 1249 2870 1300 civitate
2906 1260 3026 1315 quae
3073 1245 3280 1299 dicitur
3306 1244 3598 1300 Rodomus.
3633 1243 3687 1298 ll
3727 1255 3778 1298 et

2138 1345 2287 1400 aliud
2355 1343 2634 1412 exemplar
2677 1342 2928 1397 Rodomis
2972 1355 3070 1410 pro
3101 1354 3210 1411 quo
3260 1339 3314 1393 S.
3369 1349 3423 1394 et
3464 1339 3514 1393 J.
3563 1337 3778 1394 substi-

2143 1441 2368 1488 tuerunt
2395 1433 2784 1498 Rothomagus,
2826 1429 3075 1497 ejusdem
3118 1428 3354 1484 civitatis
3394 1444 3623 1494 nomen,
3659 1443 3780 1500 quae

2138 1521 2301 1576 etiam
2335 1521 2584 1576 Rodoma
2607 1518 2828 1574 dicitur.
2863 1517 2996 1572 Vide
3027 1517 3273 1572 adnotat.
3309 1516 3517 1572 Nicolai
3539 1515 3779 1571 Serrarii

2136 1611 2204 1665 ad
2237 1610 2526 1682 epistolam
2556 1609 2660 1664 H3
2686 1606 2862 1662 sancti
2890 1607 3180 1662 Bonifacii.
3223 1607 3331 1662 Sed
3365 1623 3473 1663 non
3507 1608 3694 1678 probo
3725 1617 3779 1661 ut

2137 1716 2234 1771 pro
2266 1699 2550 1754 veteribus
2581 1713 2720 1752 nova
2766 1695 3014 1760 nomina,
3048 1695 3301 1767 quamvis
3334 1695 3583 1761 notiora,
3617 1711 3782 1766 repo-

2135 1799 2356 1855 nantur,
2395 1789 2522 1860 quia
2575 1788 2676 1842 hac
2723 1787 2934 1842 ratione
2987 1786 3126 1856 perit
3154 1786 3353 1842 notitia
3399 1785 3776 1856 antiquitatis

2136 1877 2224 1932 Sic
2251 1887 2306 1932 et
2329 1876 2468 1931 infra
2490 1875 2587 1930 lib.
2624 1893 2697 1942 IV,
2729 1891 2850 1945 cap.
2879 1874 2968 1940 31,
2995 1875 3182 1930 omnia
3211 1873 3553 1945 exemplaria
3582 1875 3782 1949 legunt

2071 1968 2386 2042 BRodemi,
2428 1966 2532 2020 nisi
2574 1966 2724 2038 quod
2777 1965 2852 2019 ibi
2897 1965 2932 2018 C
2983 1964 3181 2019 vitiose
3231 1963 3365 2038 legit
3410 1965 3672 2030 Rodonii,
3729 1977 3782 2020 et

2140 2064 2434 2136 utrobique
2469 2061 2672 2115 Gallice
2701 2059 2936 2114 vertitur
2970 2061 3168 2114 Rouen.
3203 2055 3382 2112 Utitur
3427 2071 3493 2112 ea
3521 2059 3784 2128 appella-

2141 2161 2290 2223 tione
2323 2156 2650 2230 Sigelmrtus
2673 2169 2821 2208 anno
2851 2153 2948 2206 751
2981 2170 2994 2206 :
3027 2176 3051 2199 ιι
3087 2151 3392 2225 Remigius,
3423 2151 3630 2223 inquit,
3658 2152 3783 2222 Pip-

2142 2251 2257 2322 pini
2279 2249 2424 2322 regis
2451 2247 2638 2312 frater,
2671 2245 3040 2302 Rodomensis
3059 2243 3514 2314 archiepiscopus
3531 2243 3589 2297 in
3606 2243 3786 2298 Gallia

2143 2344 2332 2398 claret.
2409 2369 2426 2384 υ
2474 2341 2564 2394 Est
2595 2347 2778 2392 autem
2839 2337 2930 2392 hic
2960 2336 3145 2392 Grimo
3175 2335 3476 2390 vicesimus
3503 2337 3786 2406 septimus

2143 2429 2603 2502 Rothomagensis
2625 2427 3078 2498 archiepiscopus
3099 2425 3152 2480 in
3175 2424 3376 2480 tabulis
3395 2425 3776 2486 Democharis.

2145 2521 2382 2576 Roberto
2411 2521 2746 2592 subrogatus
2773 2533 2920 2572 anno
2951 2516 3076 2573 733.
3271 2578 3278 2582 ,

2218 2613 2455 2666 Tertium
2486 2611 2718 2680 denique
2733 2608 3082 2663 Hartbertum
3113 2607 3171 2659 in
3197 2607 3418 2660 civitate
3431 2621 3552 2675 qua:
3576 2607 3780 2658 dicitur

2143 2706 2386 2761 Senonis.
2423 2703 2514 2757 Sic
2547 2702 2581 2756 Ο
2631 2709 2685 2756 et
2713 2701 2761 2755 J.
2822 2702 2885 2754 At
2916 2699 3024 2766 MS,
3082 2700 3456 2754 Hartbertum.
3493 2701 3549 2752 lu
3613 2699 3776 2753 tomis

2145 2792 2513 2847 Coneiliorum
2553 2791 2863 2855 Artbcrtus,
2906 2789 2962 2843 in
2995 2787 3198 2843 tabulis
3227 2789 3485 2843 Democh.
3521 2789 3772 2844 Otbc-rtus

2143 2883 2257 2937 sive
2283 2884 2595 2940 Ochibertus
2624 2881 2923 2937 cardinalis
2951 2896 3096 2936 anno
3126 2879 3231 2934 762
3257 2898 3272 2946 ;
3314 2887 3510 2951 estque
3543 2895 3775 2933 numero

2144 2975 2457 3030 tricesimus
2487 2981 2691 3028 sextus.
2727 2973 2898 3026 Porro
2933 2987 2999 3026 ex
3038 2971 3124 3026 his
3163 2987 3286 3042 quae
3328 2972 3414 3026 hic
3439 2970 3683 3026 citantur
3713 2985 3777 3023 ex

2140 3068 2357 3122 duabus
2394 3067 2664 3122 Zachariae
2697 3066 2948 3138 epistolis
2970 3081 3082 3121 non
3116 3083 3291 3137 pauca
3321 3073 3581 3136 poterunt
3616 3065 3780 3119 resti-

2139 3159 2218 3214 tui
2243 3159 2302 3214 in
2336 3159 2499 3215 tomis
2529 3158 2696 3230 epist.
2729 3157 3113 3224 decretalium,
3144 3165 3200 3212 et
3231 3166 3362 3212 tom.
3395 3155 3700 3212 IllConcil.

2743 3263 2952 3318 CAPUT
2987 3263 3144 3319 XVII.

477 3370 732 3436 Quamvis
762 3387 880 3424 eum
899 3371 1123 3440 quidam
1154 3373 1590 3442 chorepiscopum
1619 3339 1833 3428 tantum
1859 3375 2032 3440 fuisse
2063 3368 2112 3435 C
2209 3364 2280 3416 De
2325 3361 2542 3430 Τίιρίπο
2571 3361 2834 3430 episcopo.
2881 3358 2962 3413 ηε
2991 3365 3310 3414 constanter
3354 3357 3548 3412 omnia
3574 3373 3774 3413 exem-

409 3462 656 3516 tradunt.
682 3463 848 3529 Alias,
869 3466 1253 3534 coepisc0pum.
1285 3465 1388 3518 Sed
1421 3482 1551 3520 vera
1577 3466 1740 3522 lectio
1773 3473 1856 3522 est
1880 3468 2035 3521 cllo-r-

405 3559 730 3627 episcopum.
781 3558 918 3613 Dicti
959 3566 1087 3614 sunt
1125 3560 1508 3632 chorcpisc0pi
1541 3578 1570 3616 a
1587 3569 1752 3632 Χώρα
1777 3579 1900 3633 qua:
1931 3578 2033 3617 vox

405 3648 608 3703 Gnecis
626 3652 914 3716 regionem,
937 3651 1022 3706 vel
1047 3667 1240 3718 agrum
1255 3651 1555 3726 significat,
1581 3654 1736 3724 quasi
1761 3661 2030 3709 certarum

405 3737 852 3811 regiuncularum
880 3739 934 3794 in
951 3740 1434 3810 qualibetdimcesi
1454 3743 1852 3813 speculatores.
1879 3743 2032 3808 Quod

404 3829 648 3885 oflicium
678 3831 732 3886 in
756 3847 852 3885 eos
875 3831 969 3902 qui
1007 3833 1406 3897 archidiaconi,
1464 3835 1946 3906 archipresbyteri,
1980 3841 2034 3889 et

405 3921 600 3974 decani
623 3919 852 3986 rurales,
871 3928 923 3975 et
941 3921 1136 3976 decani
1150 3921 1748 3979 Cl‘rristianitatishodie
1768 3935 2034 3979 vocantur

403 4014 640 4068 maxime
673 4021 988 4083 competere
1029 4015 1263 4070 videtur.
1307 4015 1628 4071 Hincmarus
1661 4017 1801 4072 infra
1825 4017 1921 4071 lib.
1947 4033 2027 4080 nt,

401 4121 521 4176 cap.
545 4107 635 4164 9.2.
669 4106 931 4160 vicarium
965 4107 1286 4178 episcopum
1317 4124 1349 4162 a
1373 4109 1497 4164 vico
1530 4109 1673 4164 idem
1705 4121 1906 4165 nemen
1941 4109 2029 4164 in-

400 4203 750 4268 terpretatur.
796 4197 948 4252 Unde
980 4207 1036 4254 et
1084 4199 1287 4256 Gallice
1324 4202 1582 4257 Nicolaus
1611 4202 1900 4258 Chesneau
1939 4203 2026 4256 in-

398 4296 730 4360 terpretatur
795 4290 900 4344 hoc
950 4289 1074 4347 loco
1129 4301 1184 4347 et
1226 4293 1390 4358 infra,
1424 4297 1596 4362 doyen
1655 4297 1832 4350 rural.
1885 4297 1944 4350 In
1979 4295 2027 4350 M

399 4379 664 4450 scriptum
725 4377 828 4433 fuit
881 4383 1297 4450 corepiscopum,
1351 4383 1448 4438 sed
1507 4383 1690 4438 littera
1738 4401 1768 4438 ν
1820 4384 2029 4440 recenti

400 4487 566 4525 manu
599 4471 667 4526 ab
722 4471 911 4543 aliquo
943 4473 1198 4543 imperito
1243 4475 1426 4530 deleta
1460 4487 1561 4542 est,
1616 4477 1682 4532 ad
1716 4477 2028 4532 faciendum

399 4564 782 4632 coepiscopum.
822 4563 977 4628 Quod
1011 4573 1195 4621 autem
1229 4567 1363 4622 Abel
1394 4585 1523 4624 vere
1553 4566 1717 4624 fuerit
1739 4569 2029 4624 Remensis

397 4653 849 4755 arcliiejiisCOpus
873 4654 1227 4754 sufficienter
1256 4657 1454 4726 probat
1485 4659 1589 4714 hoc
1622 4674 1743 4729 cap.
1767 4657 2029 4713 Flodoar-
2049 4685 2105 4755 Β

397 4742 518 4796 dus.
553 4742 754 4796 Eodem
784 4741 911 4797 facit
938 4753 992 4798 et
1023 4743 1157 4799 illud
1183 4745 1331 4816 apud
1361 4747 1583 4802 Surium
1621 4747 1674 4801 in
1703 4747 1820 4801 Vita
1851 4746 2028 4802 sancti

395 4829 704 4906 Rigoberti,
729 4829 824 4884 ubi
854 4831 1058 4886 dicitur
1083 4833 1234 4903 quod
1263 4835 1590 4891 Hincmarus
1613 4835 1781 4891 fuerit
1801 4835 2032 4906 quintus

396 4938 427 4976 a
489 4930 680 4976 sancto
733 4920 1033 4994 Rigoberto
1099 4922 1914 4997 Remorum.archiepiscopus.
1974 4921 2031 4979 Si

397 5013 544 5069 enim
590 5029 702 5068 non
733 5019 1164 5068 connumeretur
1213 5015 1303 5071 hic
1341 5017 1486 5072 Abel
1543 5018 1767 5073 nonnisi
1799 5028 2028 5090 quartus

394 5107 518 5160 erit.
556 5106 660 5160 Cur
691 5112 875 5159 autem
900 5119 931 5157 a
962 5104 1296 5175 quibusdam
1319 5109 1770 5178 praetermittatur
1799 5111 1853 5164 in
1877 5116 2028 5165 cata-

396 5193 522 5268 logo
549 5191 910 5250 Remensium
952 5192 1518 5267 archiepiscoporum,
1553 5199 1821 5254 rationem
1851 5197 2026 5254 habe-

396 5302 518 5340 mus
565 5301 632 5338 ex
685 5285 750 5340 iis
792 5302 914 5356 qua:
973 5289 1210 5344 citantur
1249 5305 1312 5342 ex
1363 5290 1599 5360 epistola
1641 5291 1862 5346 Adriani
1918 5292 2024 5349 hoc

395 5389 539 5442 cap.,
583 5373 713 5442 quia
753 5374 853 5428 etsi
898 5375 972 5430 ibi
1013 5378 1347 5432 constitutus
1376 5379 1448 5433 sit
1477 5379 1794 5450 episcopus,
1835 5387 2019 5436 tamen

395 5466 470 5520 ibi
531 5481 854 5535 permanere
887 5472 1189 5539 permissus
1246 5489 1357 5528 non
1398 5473 1520 5540 fuit,
1570 5475 1807 5546 ideoque
1858 5477 2020 5532 rediit

394 5555 647 5619 Lobium,
671 5555 890 5614 celebre
919 5561 972 5615 in
1005 5562 1192 5636 Belgio
1234 5550 1651 5633 monasterium,
1675 5566 1771 5620 ubi
1803 5567 1870 5620 ad
1893 5567 2017 5623 infi-

389 5646 596 5700 delium
647 5651 1063 5706 conversionem
1123 5654 1404 5712 laborasse
1444 5659 1709 5720 creditur,
1769 5659 1912 5714 adeo
1960 5669 2020 5717 ut

384 5740 574 5790 sancte
601 5729 839 5818 vivendo
878 5746 934 5792 et
965 5742 1318 5808 praedicando
1362 5746 1652 5818 pertigcrit
1685 5748 1752 5802 ad
1793 5756 2013 5804 aeternae

2142 3453 2335 3524 plaria.
2370 3453 2472 3507 Alii
2505 3460 2756 3507 auctores
2809 3457 3008 3506 vocant
3037 3447 3298 3504 absolu'e
3336 3449 3650 3518 Turpinum
3678 3460 3776 3505 aut

2135 3543 2404 3598 Joannem
2435 3542 2760 3613 Turpinum.
2790 3541 2972 3594 Exstat
3015 3537 3137 3606 ejus
3169 3537 3396 3592 nomine
3429 3537 3668 3595 historia
3703 3543 3776 3594 de

2137 3636 2253 3691 Vita
2297 3635 2471 3690 Caroli
2520 3633 2700 3709 Magni
2767 3641 2822 3686 et
2878 3629 3112 3686 Rolandi
3145 3670 3160 3695 ,
3221 3630 3442 3684 tametsi
3511 3631 3774 3702 Papirius

2136 3725 2422 3781 Massonus
2452 3724 2548 3779 lib.
2586 3740 2620 3778 ιι
2646 3720 2939 3776 Annalium
2967 3719 3300 3774 Francorum
3333 3719 3618 3774 existimet
3658 3737 3774 3776 non

2135 3831 2260 3870 esse
2293 3810 2607 3884 ipsius,-sed
2631 3809 2872 3866 hominis
2901 3807 3088 3870 otiosi,
3119 3807 3214 3880 qui
3249 3807 3464 3863 fabulas
3493 3807 3619 3862 illas
3649 3817 3778 3880 post

2133 3907 2308 3961 Caroli
2325 3905 2472 3960 Calvi
2487 3902 2780 3974 imperium
2801 3900 3098 3972 descripsit
3113 3900 3170 3954 in
3184 3901 3413 3974 gratiam
3427 3899 3774 3968 juventutis.

2135 3999 2284 4052 Idem
2317 4003 2467 4052 recte
2502 3995 2666 4052 docet
2693 3993 2967 4048 Antonius
3014 3992 3350 4048 Possevinus
3393 3990 3450 4044 in
3480 3993 3771 4062 Apparatu

2130 4104 2306 4154 sacro,
2333 4087 2388 4142 in
2419 4087 2668 4142 TILPINO.

2199 4181 2276 4234 De
2302 4177 2644 4231 ordinatione
2663 4176 2898 4244 episcopi
2925 4174 3140 4228 nomine
3151 4173 3276 4238 Lul,
3312 4175 3520 4226 sanctae
3537 4173 3772 4239 Mogun-

2129 4270 2256 4322 tina
2309 4267 2581 4322 Ecclesiae.
2633 4262 2722 4317 Sic
2760 4263 2948 4319 omnia
2997 4268 3187 4316 vetera
3251 4259 3610 4330 exemplaria,
3661 4276 3766 4330 pro

2132 4375 2241 4432 quo
2290 4359 2324 4413 S
2356 4359 2462 4414 et}
2505 4357 2652 4412 Lulti
2705 4355 3134 4411 substituerunt.
3163 4353 3269 4407 Sed
3298 4352 3352 4407 in
3403 4352 3566 4408 tomis
3609 4353 3760 4408 Con-

2131 4451 2388 4508 ciliorum
2415 4465 2562 4520 saepe
2589 4448 2692 4504 Lul
2721 4447 3049 4518 appellatur,
3081 4459 3144 4499 ac
3171 4443 3494 4498 nominatim
3519 4445 3764 4516 epistola

2131 4543 2200 4596 12
2218 4541 2490 4597 Zachariae
2523 4556 2702 4612 papae,
2730 4538 2894 4594 sicuti
2928 4543 2983 4593 et
3023 4537 3078 4592 in
3101 4536 3351 4608 epistolis
3380 4535 3556 4592 sancti
3590 4537 3758 4592 Boni-

2131 4634 2275 4690 facii.
2311 4633 2430 4688 Fuit
2475 4633 2564 4688 hic
2613 4632 2808 4687 beatus
2848 4629 3038 4686 Lullus
3084 4629 3139 4684 S.
3175 4627 3442 4683 Benifacii
3502 4631 3756 4699 martyris

2129 4741 2436 4790 successor,
2469 4733 2522 4780 et
2561 4724 2842 4780 secundus
2867 4722 3317 4792 archiepiscopus
3377 4720 3751 4796 Moguntiuus.

2136 4835 2140 4840 ’
2199 4816 2542 4873 Noeiliacum
2596 4816 2655 4868 in
2699 4828 2846 4883 pago
2894 4814 3132 4868 Urtinse.
3181 4809 3218 4865 C
3269 4813 3511 4876 Ursince,
3569 4811 3594 4865 ,Ι
3654 4814 3754 4866 Ur-

2132 4910 2294 4962 cinse.

2727 4993 2936 5050 CAPUT
2966 4991 3154 5048 XVIII.

2197 5113 2396 5166 Missus
2427 5111 2732 5166 dominicus
2761 5109 2836 5164 ad
2879 5112 3027 5164 recta
3057 5108 3281 5178 judicia
3331 5109 3747 5164 determinanda

2123 5200 2312 5260 fuerat
2338 5205 2463 5254 ante
2487 5201 2854 5270 cpiscopan
2883 5199 3226 5253 constitutus.
3258 5195 3456 5252 Missus
3485 5197 3540 5251 id
3571 5206 3654 5253 est
3673 5199 3750 5252 le-

2125 5301 2299 5370 gatus.
2343 5293 2626 5364 Frequens
2655 5299 2738 5347 est
2788 5293 3080 5346 missorum
3121 5290 3332 5346 mentio
3383 5291 3437 5344 in
3482 5289 3744 5363 Capitulis

2123 5383 2298 5440 Caroli
2328 5382 2508 5456 Magni
2538 5389 2592 5437 et
2622 5380 2882 5436 Ludovici
2928 5379 3030 5446 Pii,
3089 5395 3322 5452 quorum
3363 5377 3610 5435 officium
3643 5382 3743 5436 hoc

2120 5473 2303 5544 capite
2343 5471 2692 5527 describitur.
2744 5470 2906 5525 Misso
2961 5476 3145 5525 autem
3187 5469 3466 5524 dominico
3497 5468 3614 5525 fere
3647 5471 3743 5525 ad-

2119 5569 2355 5624 debatur
2399 5585 2609 5634 comes,
2669 5574 2729 5622 ut
2783 5571 2928 5638 patst
2985 5553 3050 5621 ex
3105 5565 3200 5620 lib.
3253 5583 3288 5620 ιι
3340 5565 3736 5636 Capitulorum,

2121 5677 2168 5714 c.
2219 5661 2306 5716 25.
2343 5660 2497 5726 Quod
2524 5675 2727 5716 nomen
2783 5656 2952 5714 officii
2992 5663 3133 5725 erat,
3165 5673 3278 5712 non
3317 5657 3603 5730 dignitatis
3653 5667 3741 5712 aut

2118 5749 2472 5824 sublimitatis
2530 5757 2591 5804 ut
2641 5747 2826 5804 hodie.
2879 5745 2956 5800 De
2987 5745 3170 5802 missis
3218 5743 3512 5801 dominicis
3545 5745 3644 5813 lib,
3700 5763 3735 5810 ι,

383 5825 508 5880 vitae
532 5817 806 5910 bravium.
836 5824 1041 5883 Nomen
1067 5831 1186 5898 ejus
1215 5835 1384 5889 sacris
1407 5837 1777 5910 Martyrologii
1809 5837 2013 5894 tabulis

2193 5839 2355 5909 pitulo
2399 5839 2500 5892 122
2527 5855 2542 5903 ;
2572 5836 2668 5892 lib.
2699 5853 2758 5901 ιι,
2793 5851 2916 5907 cap.
2948 5835 3133 5901 11,16,
3167 5834 3257 5898 17,
3291 5833 3382 5900 19,
3412 5833 3504 5900 25,
3536 5835 3628 5900 26,
3649 5835 3732 5898 27,

381 5909 615 5970 Usuardi
649 5906 853 5971 adjecit
893 5917 1137 5975 .‘liolanus
1169 5921 1258 5975 die
1299 5926 1333 5978 5
1365 5927 1591 5998 Augusti
1649 5906 1763 5994 Quo
1787 5930 1876 5984 die
1901 5931 2012 6003 agit
2112 5906 2218 5988 ‘2.sz
2251 5927 2348 5982 lib.
2377 5945 2458 5992 ιιι,
2490 5945 2610 5996 cap.
2655 5926 2732 5989 t7,
2768 5906 2976 5991 18,733,
3002 5935 3106 5980 etc.
3138 5925 3209 5978 De
3227 5922 3526 5980 comitibus
3555 5923 3650 5978 lib.
3679 5941 3734 5990 ιι,
