3874 6406
72 402 200 456 369

1542 409 1606 462 IN
1650 409 1897 464 LIBRUM
1937 411 2002 464 Il.

3339 422 3443 477 3'70

61 557 207 609 cap.
247 541 302 606 6,
329 540 492 605 9,10,
526 542 615 606 12,
646 543 734 606 18,
767 543 857 607 23,
890 544 980 607 24,
1010 546 1101 610 25,
1135 545 1222 606 ‘26.
1253 547 1340 608 28,
1377 548 1465 615 32,
1505 556 1608 600 etc.
1641 547 1713 600 De
1740 551 1790 619 Α
1819 551 1986 603 ctoris
2041 551 2324 620 probatur,
2401 559 2612 607 sextum
2671 570 2896 624 quoque
2975 555 3214 624 librum,
3275 575 3438 628 quem

65 629 163 680 his
219 639 274 682 et
328 629 522 682 Petrus
577 630 824 684 Pithoeus
887 632 942 684 in
1005 634 1272 688 Glossario
1327 637 1714 705 capitulorum,

63 719 262 771 verbo
296 721 451 772 Missa
491 720 770 774 dominici.
830 720 1182 777 Florentinus
1213 725 1322 778 Van
1353 726 1451 777 der
1495 727 1632 779 llaer
1663 728 1715 780 in

66 807 417 861 Castellanis
451 808 851 875 insulcnsibus,
880 818 934 864 et
969 813 1158 864 Petrus
1191 812 1390 867 Louvet
1430 814 1482 866 in
1519 815 1711 870 llistor.

69 898 492 962 Uellovaceusi,
526 899 620 952 lib.
657 916 736 965 ιιι,
761 916 806 954 c.
839 902 890 955 9.

148 995 216 1045 In
254 993 338 1043 his
370 1009 581 1061 quoque
604 999 782 1062 pagis,
833 998 1133 1050 Dclomense
1164 1000 1383 1062 scilicet,
1423 1002 1711 1067 Vongensc,

63 1091 184 1136 etc.
240 1085 327 1137 Sic.
361 1085 549 1138 omnia
584 1085 699 1139 lucc
728 1088 950 1142 nomina
983 1105 1081 1158 per
1118 1105 1142 1141 θ
1199 1091 1386 1162 legunt
1438 1092 1541 1156 MS,
1578 1110 1716 1162 quo-

64 1175 251 1227 modo
299 1175 431 1227 olim
507 1176 824 1246 frequenter
887 1177 1237 1248 loquebatur,
1299 1184 1444 1250 quod
1507 1185 1711 1236 servari

69 1264 290 1332 placuit
351 1265 436 1328 CJ,
473 1267 796 1331 Dolomensi,
837 1269 1125 1334 Vongensi,
1161 1277 1290 1335 etc.,
1325 1273 1485 1339 peri.

149 1355 223 1406 Ut
243 1353 404 1406 bonos
423 1359 471 1406 et
487 1355 703 1408 idoneos
721 1357 1056 1410 ricedomnos
1073 1363 1121 1409 et
1134 1359 1418 1411 tltlt‘OCtllUS
1435 1360 1710 1414 haberent.

65 1445 162 1496 Sic
202 1444 272 1496 Μ.
311 1446 536 1510 Caetera,
599 1448 986 1501 Vicctlominos.
1025 1450 1096 1501 De
1155 1449 1238 1502 his
1272 1451 1609 1504 vicedomnis
1663 1461 1716 1506 et

66 1536 368 1590 advocatis
402 1546 483 1590 est
515 1538 821 1607 capitulum
853 1540 936 1605 11,
982 1540 1078 1594 lib.
1114 1558 1170 1593 ιιι
1195 1541 1589 1610 Capitulorum,
1621 1543 1714 1596 ubi

66 1625 341 1678 similiter
361 1626 566 1698 legitur
595 1630 941 1684 riemlomnis.
962 1630 1092 1684 Nam
1117 1631 1161 1683 si
1183 1640 1313 1685 tunc
1337 1648 1434 1702 pro
1466 1635 1714 1688 dominus

67 1717 203 1768 dom
217 1733 325 1769 nus
344 1717 655 1780 dicebatur,
683 1719 1437 1777 conformitervicedomnum
1456 1723 1715 1778 dicebant

67 1816 122 1861 et
161 1809 514 1863 scribebant.

1819 641 2047 694 seorsim
2086 644 2238 711 ponit
2291 643 2555 708 Canisius,
2592 645 2763 714 ipsius
2806 661 2925 699 esse
2984 647 3287 718 llalitgarii,
3321 666 3440 710 seu.

1822 741 1878 784 ut
1933 733 2060 805 legit
2115 734 2419 788 Chronicou
2477 736 2890 801 Cameracensc,
2947 737 3042 792 lib.
3091 755 3129 804 ι,
3187 757 3306 810 cap.
3351 742 3439 805 38,

1820 826 2173 878 IIalitcharii.
2221 827 2278 879 lli
2320 827 2442 880 libri
2491 829 2686 882 merito
2721 830 2996 882 rccenseri
3045 830 3256 884 debent
3301 831 3446 886 inter

1819 917 2025 985 primos
2051 919 2332 973 easuistas.
2368 920 2550 972 Fuisse
2576 927 2754 973 tamen
2788 928 2839 973 et
2868 921 3003 974 alios
3035 922 3127 992 qui
3158 931 3282 977 ante
3309 931 3445 977 zela—

1819 1015 1926 1060 tcm
1971 1010 2248 1082 Halitgarii
2282 1012 2349 1063 de
2384 1012 2580 1064 eodem
2615 1020 2940 1083 argumento
2981 1014 3344 1084 scripserunt,
3379 1031 3443 1069 ex

1819 1099 1961 1168 ipsa
1989 1101 2089 1153 hac
2125 1102 2326 1154 Ehonis
2381 1110 2592 1156 constat
2625 1103 2855 1173 epistola
2889 1121 2900 1157 :
2962 1112 3020 1158 ut
3051 1113 3133 1159 est
3177 1106 3444 1160 Parniten-

1816 1189 1943 1241 tiale
1979 1189 2305 1252 llomanum,
2347 1200 2400 1243 et
2446 1192 2718 1245 Theodori
2753 1193 3156 1263 archiepisc0pi
3207 1194 3442 1248 Cantua-

1819 1281 2034 1343 riensis,
2071 1281 2138 1332 de
2200 1298 2308 1350 quo
2353 1283 2495 1336 Beda
2549 1283 2604 1336 in
2639 1282 2920 1338 Chronicis
2972 1285 3073 1337 sub
3109 1286 3436 1358 Dagoberto.

1820 1369 1950 1420 llem
1996 1369 2138 1421 liber
2194 1370 2363 1438 ipsius
2413 1371 2568 1423 ltedze
2618 1372 2685 1423 de
2739 1371 3018 1426 Rcmediis
3067 1382 3435 1442 peccatorum.

1821 1458 2088 1512 Praeterea
2127 1460 2399 1525 Otliberti,
2433 1469 2483 1513 et
2519 1462 2765 1514 llattonis
2811 1462 3056 1531 cpiscOpi
3090 1463 3440 1529 Basileensis,

1819 1551 2020 1604 deinde
2081 1552 2426 1621 Theodulphi
2495 1553 2941 1616 Aurelianensis,
3005 1554 3235 1619 Rabani,
3303 1564 3434 1620 etc.,

1817 1661 2049 1714 quorum
2089 1645 2342 1698 meminit
2375 1646 2669 1699 Rhenanus
2713 1647 2765 1698 in
2798 1656 3120 1716 argumento
3153 1647 3277 1700 libri
3308 1649 3436 1701 Ter-

1819 1733 2032 1787 tulliani
2067 1734 2134 1786 de
2168 1734 2517 1797 l’mnitmitia,
2549 1741 2602 1787 ct.
2629 1734 2868 1787 Jacobus
2901 1735 3174 1788 l’amelius
3205 1737 3441 1790 adnota-

1818 1825 1969 1878 tione
2001 1826 2024 1877 1
2063 1825 2128 1878 ad
2164 1827 2424 1878 eumdem
2459 1825 2678 1878 librum.
2717 1826 2865 1878 Patet
2893 1835 3074 1880 autem
3109 1845 3173 1880 ex
3204 1829 3307 1882 hoc
3339 1829 3442 1882 lla-

144 1903 255 1954 Il'ic
289 1903 558 1968 synodum
595 1906 868 1957 invenitur
898 1905 1147 1959 habuisse
1185 1924 1329 1962 anno
1361 1909 1429 1962 ab
1456 1911 1716 1962 incarna-
1743 1872 1788 1937 Β
1818 1914 2014 1987 litgarii
2042 1930 2210 1982 Opere
2257 1913 2436 1967 adhuc.
2477 1922 2588 1967 tum
2644 1915 2909 1983 temporis
2942 1915 3299 1985 pugnilonuas
3333 1917 3439 1970 im-

65 1999 218 2048 tione
244 1999 467 2050 Domini
492 2001 669 2050 nostri
693 2000 816 2052 Jesu
842 2001 1046 2053 Christi
1063 2001 1167 2053 8H
1201 2004 1257 2054 in
1277 2003 1496 2055 ecclesia
1527 2005 1716 2058 Νουιό-

66 2087 271 2136 mensi.
312 2085 432 2137 lla-,e
455 2088 700 2154 synodus
727 2088 885 2141 deest
918 2089 971 2141 in
1008 2089 1168 2143 tomis
1195 2090 1583 2145 Conciliorum.
1608 2092 1711 2144 Sed

64 2185 202 2228 toni.
265 2175 337 2228 ΙΙΙ
373 2176 610 2230 habetur
648 2179 938 2232 concilium
994 2179 1263 2234 Remense
1324 2182 1562 2252 primmn
1609 2184 1711 2237 sub

62 2271 273 2323 eodem
335 2271 578 2326 Vult'ario
633 2280 686 2326 et
721 2273 912 2328 Carolo
954 2275 1147 2349 Magno
1189 2276 1526 2332 celebratum
1565 2295 1709 2331 anno

65 2361 416 2429 pra-cedenti
450 2362 574 2423 713,
616 2379 806 2416 mense
850 2364 1004 2426 Maio,
1051 2366 1198 2435 quod
1243 2367 1408 2420 habet
1469 2367 1709 2436 capitula

63 2467 162 2503 seu
200 2466 456 2502 canones
487 2451 576 2504 44.
611 2450 773 2518 Cujus
808 2459 997 2507 auctor
1030 2464 1216 2507 noster
1266 2471 1386 2509 mox
1423 2457 1561 2509 intra
1595 2474 1710 2510 mc-

62 2544 244 2609 minit,
274 2544 471 2597 dicens
508 2545 558 2597 in
596 2561 660 2599 eo
701 2547 998 2601 constituta
1051 2547 1221 2600 fuisse
1256 2549 1498 2617 capitula
1530 2565 1653 2601 xmu
1688 2567 1700 2613 ;

57 2638 152 2687 sed
190 2636 361 2689 facile
398 2636 516 2690 ﬁeri
551 2639 728 2708 potuit
758 2646 816 2692 ut
845 2655 1012 2692 unum
1045 2639 1097 2692 in
1127 2640 1237 2693 duo
1269 2640 1625 2694 divideretur.

129 2731 500 2795 Cong/rogatis
526 2746 698 2784 secum
731 2734 1052 2800 coepiscopis
1095 2735 1208 2786 suis
1241 2733 1566 2796 Ililcloardo,
1606 2737 1704 2786 Er-

63 2837 305 2877 menonc,
371 2819 534 2885 Jessc,
569 2823 942 2888 Ragumberto,
1009 2825 1341 2888 Grimboldo,
1403 2825 1698 2889 Itothardo,

70 2910 470 2975 Wendilmaro,
542 2912 844 2965 Ostroalzlo.
881 2912 910 2964 J
979 2913 1172 2965 scribit
1217 2915 1529 2967 Nili/auido.
1583 2913 1705 2965 Erat

64 3003 146 3055 hic
179 3005 495 3074 episc0pus
521 3005 951 3068 Cameracensis,
982 3007 1214 3061 Ermeno
1247 3008 1700 3070 Silvanectensis,

60 3096 151 3169 qui
189 3095 248 3148 in
283 3095 494 3149 tabulis
540 3097 891 3151 Democharis
919 3105 1144 3151 vocatur
1186 3099 1514 3152 Herminius.
1549 3100 1702 3155 Jcsse

61 3189 490 3253 Ambianensis;
527 3190 951 3264 Ragumbertus,
975 3193 1081 3255 vel,
1107 3199 1164 3246 ut
1189 3191 1276 3257 CJ,
1298 3195 1698 3260 Ragimbertus,

64 3279 506 3344 Bellovaccnsis,
541 3280 628 3333 cui
660 3284 926 3336 successit
954 3284 1004 3334 S.
1047 3283 1464 3345 llildemannus,
1497 3285 1564 3337 de
1594 3302 1702 3356 quo

63 3372 198 3424 infra
232 3388 362 3441 cap.
390 3371 482 3437 ΞΟ,
525 3373 617 3442 qui
648 3374 786 3427 obiit
819 3392 962 3429 anno
991 3377 1114 3439 843,
1158 3375 1245 3427 die
1286 3375 1318 3426 8
1362 3377 1694 3431 Decembris.

63 3461 422 3516 Crimholdus
464 3461 832 3527 Morineusis,
883 3465 974 3533 qui
1036 3465 1169 3517 alias
1240 3466 1590 3520 Grimbalrtus
1649 3476 1701 3521 ct.

72 3554 451 3608 Erembuldus.
481 3553 788 3608 llothardus
813 3555 1250 3618 Suessionensis,
1284 3558 1377 3627 qui
1404 3558 1544 3612 infra
1576 3576 1696 3628 cap.

64 3649 130 3700 2U
154 3658 206 3701 et
231 3649 334 3702 lib.
373 3665 428 3700 ιιι
455 3665 678 3718 semper
705 3651 985 3704 Rothadus
1019 3651 1335 3704 nominatur
1363 3653 1414 3704 in
1441 3653 1699 3706 omnibus

66 3740 175 3793 fere
197 3741 638 3810 exemplaribus,
671 3759 791 3812 qua.-
824 3743 909 3796 hic
939 3743 1169 3796 variant.
1208 3746 1262 3797 ln
1296 3745 1460 3797 tomis
1490 3744 1694 3798 Concil.

65 3843 118 3884 et
168 3843 306 3887 tom.
349 3835 418 3886 lll
454 3833 809 3886 Bibliothecae
870 3835 1085 3888 Patrum
1119 3836 1381 3889 secundie
1439 3837 1698 3891 editionis

65 3927 363 3979 Rothaldus
395 3925 621 3997 legitur.
657 3926 1068 3981 Wendilmarus
1107 3936 1223 3981 erat.
1253 3929 1551 3999 episcopus
1591 3929 1694 3984 No-

62 4017 391 4083 viomcnsis,
423 4018 741 4072 Ostroaldus
772 4019 1175 4074 Laudunensis.

133 4107 476 4160 .‘tdalbardo.
506 4106 591 4170 Cl,
622 4108 930 4160 Adalardo.

130 4195 395 4259 Fulrado,
431 4196 649 4248 Ericho.
687 4195 776 4248 Sic
809 4195 842 4246 C
875 4202 922 4247 et
957 4197 1003 4248 .I.
1036 4195 1151 4249 Alia
1191 4199 1440 4260 Folrado,
1472 4200 1689 4253 Eriono.

71 4283 233 4339 Paulo
266 4295 414 4356 post,
448 4302 547 4356 pro
581 4287 797 4348 Otncro,
833 4286 918 4348 Cl,
959 4287 1092 4360 legit
1123 4290 1334 4343 Othero.

132 4378 195 4429 ιιι
220 4384 320 4440 est,
345 4380 585 4440 Varium,
616 4380 748 4433 Urbs
776 4395 1018 4448 campus,
1040 4383 1362 4449 Trapiacus.
1381 4385 1696 4447 Jerusalem,

74 4471 583 4536 Ilarbamliunisira,
627 4474 738 4524 sive
803 4473 1020 4524 ecclesia
1088 4473 1144 4526 S.
1210 4475 1538 4540 Leodcgarii.
1614 4476 1699 4528 Sic

70 4563 429 4630 exemplaria.
468 4562 570 4614 nisi
606 4563 753 4632 quod
790 4563 843 4614 in
876 4562 960 4616 MS
1008 4563 1075 4615 sit
1114 4565 1372 4628 Varinnc,
1403 4573 1456 4617 et
1490 4573 1699 4634 postre-

1817 2007 1945 2075 poni
1979 2007 2156 2060 solere.
2177 2006 2482 2059 secundum
2513 2006 2840 2078 cxigentiam
2874 2023 3168 2060 canonum.

1893 2101 1994 2153 Ubi
2031 2116 2149 2152 cum.
2180 2100 2277 2152 diu
2325 2106 2586 2151 orassent.
2642 2098 2749 2163 MS,
2804 2103 2968 2152 Deum
3027 2106 3290 2154 orassent.
3336 2102 3443 2155 Sed

1817 2191 1918 2243 alia
1953 2191 2134 2253 lectio,
2171 2209 2290 2260 qua:
2321 2200 2646 2245 caeterorum
2684 2199 2768 2244 est
2797 2191 3217 2260 exemplarium,
3245 2193 3443 2247 merito

1815 2283 2158 2352 pra'l'ert'rnda
2189 2291 2292 2349 est,
2322 2301 2442 2353 quae
2471 2285 2865 2357 eongruitcum
2893 2284 3152 2355 Thegano
3177 2284 3231 2336 in
3269 2302 3438 2354 opere

1813 2374 1884 2427 De
1925 2374 2094 2445 gestis
2127 2374 2402 2428 Ludovvici
2439 2375 2540 2439 Pii,
2601 2391 2720 2444 cap.
2772 2375 2859 2440 16,
2893 2391 2956 2427 ex
2990 2391 3098 2444 quo
3133 2376 3436 2429 verisimile

1811 2469 1893 2515 est
1927 2464 2288 2516 Flodoardum
2323 2463 2624 2532 accepisse.
2658 2481 2781 2516 cum
2819 2464 3011 2516 iisdem
3057 2465 3219 2518 ctiam
3256 2465 3437 2517 verbis

1811 2562 2008 2607 utatur.
2047 2555 2280 2625 Contigit
2333 2562 2510 2607 autem
2549 2564 2651 2609 tam
2709 2556 2912 2607 bellum
2947 2563 3135 2609 contra
3189 2556 3434 2620 Sclavos,

1806 2665 1967 2718 quam
2027 2648 2199 2717 ipsius
2265 2648 2521 2701 Ludovici
2587 2649 2638 2699 in
2699 2648 3084 2717 imperatorem
3147 2649 3435 2702 coronatio

1805 2759 1950 2796 anno
1984 2743 2108 2802 8'16,
2140 2750 2197 2796 ut
2229 2750 2376 2813 patet
2408 2758 2470 2796 ex
2501 2743 2696 2796 eodem
2729 2744 2989 2814 Thegano
3018 2750 3070 2796 el
3099 2744 3351 2796 Baronio.

1877 2834 2189 2900 Apostolica
2232 2837 2575 2901 reperiuntur
2612 2834 2799 2884 munia
2831 2834 3134 2884 contulisse.
3175 2833 3262 2884 Sic
3311 2849 3431 2884 om-

1807 2923 1897 2975 nia
1929 2923 2282 2991 exemplaria.
2316 2923 2630 2995 Legendum
2675 2921 2813 2975 forte
2843 2923 2968 2991 quis
2997 2923 3292 2975 arbitratur
3333 2925 3438 2975 im-

1803 3015 2040 3082 pcrialia
2067 3031 2166 3083 pro
2199 3017 2517 3083 apostolica,
2559 3024 2616 3067 ut
2651 3014 2702 3067 in
2738 3014 3038 3083 diplomate
3080 3015 3113 3065 2
3145 3013 3314 3082 hujus
3347 3029 3436 3066 ca-

1808 3106 1935 3175 pitis
1971 3123 1983 3158 :
2030 3126 2056 3154 (ι
2092 3105 2406 3174 lmpcrialia
2437 3105 2772 3174 sumpsimus
2804 3104 3059 3176 insignia.
3100 3126 3123 3151 η
3160 3104 3264 3156 Sed
3308 3120 3434 3156 vera

1807 3197 1968 3250 lectio
2000 3207 2082 3250 est
2113 3197 2407 3265 apostolica
2436 3199 2648 3260 munia,
2683 3196 2785 3248 hoc
2814 3203 2895 3248 est
2925 3212 3045 3264 quae
3077 3213 3106 3248 a
3139 3196 3271 3248 sedc
3303 3211 3433 3264 apo-

1752 3339 1770 3357 η
1804 3289 1997 3342 stolica
2040 3287 2277 3341 conferri
2309 3289 2507 3341 solent.
2555 3288 2682 3353 Ejus
2727 3286 2875 3339 enim
2920 3293 3003 3340 est
3035 3287 3426 3356 imperatorem

1805 3392 2088 3431 coronare.
2145 3377 2272 3439 Quze
2304 3375 2467 3430 lectio
2507 3376 2771 3444 probatur
2802 3390 2865 3427 ex
2923 3391 3042 3443 cap.
3102 3375 3170 3426 10
3200 3374 3292 3427 lib.
3352 3391 3428 3436 ιιι,

1805 3469 1895 3521 ubi
1930 3468 2164 3521 refertur
2195 3467 2342 3536 quod
2381 3467 2469 3519 hic
2519 3467 2717 3520 citatur
2756 3483 2819 3520 ex
2873 3467 3109 3521 Lotharii
3145 3467 3275 3536 imp.
3311 3466 3434 3536 epi-

1801 3560 1960 3613 stola.

1873 3656 1942 3706 Et
1961 3652 2251 3706 Lotharius
2269 3650 2693 3702 adduaﬁtseeum
2709 3653 2915 3715 patrem
2941 3649 3015 3700 ad
3043 3649 3427 3716 Campi-Iulium

1797 3749 2087 3816 palatium,
2113 3745 2207 3798 ubi
2236 3761 2349 3797 eum
2379 3744 2585 3811 aﬂlimit
2602 3759 2718 3796 cum
2746 3745 3029 3810 episc0pis.
3069 3743 3252 3794 Exstat
3283 3741 3417 3795 Con-

1801 3835 2052 3888 ciliorum
2087 3841 2217 3887 tom.
2273 3833 2338 3885 Ill
2370 3831 2664 3885 concilium
2725 3831 2869 3899 apud
2901 3830 3322 3899 Compendium,
3371 3831 3424 3882 in

1802 3942 1911 3996 quo
1941 3925 2248 3979 Ludovicus
2272 3925 2402 3993 imp.
2430 3923 2727 3992 deponitur
2759 3938 2904 3975 anno
2936 3921 3058 3976 833.

1871 4016 2207 4069 Moderamni
2239 4013 2567 4067 Rodoncusis
2617 4014 2868 4080 episcopi.
2909 4011 2995 4063 Sic
3048 4018 3196 4064 recte
3229 4011 3262 4060 S
3319 4010 3421 4063 ctJ

1798 4115 1852 4161 et
1897 4106 2082 4160 omnia
2121 4104 2454 4174 exemplaria
2482 4119 2601 4172 cap.
2636 4102 2726 4167 ΞΟ,
2762 4102 2856 4155 lib.
2895 4119 2906 4154 ι
2941 4100 3144 4154 Gallice
3189 4101 3430 4153 vertitur

1800 4205 1864 4257 de
1888 4207 2108 4257 Ite-nues.
2140 4201 2229 4254 Est
2256 4208 2437 4253 autem
2459 4199 2561 4252 sub
2584 4198 3063 4267 archiepiscoliatu
3093 4195 3423 4248 Turonensi.

1802 4296 2004 4348 Caetera
2037 4293 2370 4362 exemplaria
2410 4293 2849 4356 Rothomagensis
2900 4290 3290 4357 archiepiM-opi
3336 4287 3426 4341 hic

1804 4387 2078 4461 legebant.
2114 4385 2266 4449 Quod
2283 4379 2361 4437 'ex
2395 4401 2460 4437 eo
2493 4383 2871 4437 verisimiliter
2901 4381 3100 4435 accidit
3143 4381 3289 4450 quod
3327 4395 3424 4449 pro

1805 4477 2132 4532 Rodonensis
2192 4474 2389 4543 aliquis
2437 4473 2717 4542 scripserit
2775 4474 3139 4529 Ilodomensis.
3170 4486 3266 4540 pro
3316 4485 3427 4539 quo

1804 4569 1944 4622 alius
1974 4567 2193 4636 scripsit
2239 4567 2699 4631 Rothomagcnsis.
2741 4565 2868 4616 Nam
2906 4564 3279 4635 llothomagus
3318 4561 3426 4615 alio

73 4669 212 4704 mum
253 4654 306 4706 in
361 4655 473 4707 duo
515 4654 739 4714 dividat,
785 4655 1022 4728 legens:
1077 4658 1237 4718 Haer.
1287 4658 1769 4728 Haudiarisnal)
1802 4657 2026 4710 nomine
2078 4656 2321 4707 Rodoma
2353 4662 2407 4706 et
2466 4654 2746 4706 ltodomus
2778 4653 2998 4708 dicitur.
3053 4659 3109 4704 ut
3142 4668 3304 4720 supra
3357 4652 3422 4702 ad

69 4746 190 4806 Qua:
244 4746 504 4799 Nicolaus
553 4746 839 4799 Chesncau
898 4746 1102 4800 Gallice
1163 4748 1359 4800 vertit:
1412 4751 1694 4816 l’ai'esiies,

72 4837 320 4906 l'rcamp,
363 4839 553 4906 Trapi.
587 4840 943 4903 IIic-rusalmn,
989 4839 1311 4892 Hcrbaurlea
1341 4843 1516 4908 vislm.

133 4927 204 4978 De
230 4942 452 4978 uiinona
487 4927 659 4979 modii
694 4941 1056 4980 MDCCCCLXXV.
1104 4928 1192 4980 Sic
1220 4928 1268 4989 J,
1310 4929 1407 4981 sed
1441 4929 1525 4982 MS
1561 4947 1700 5000 prie.-

72 5015 306 5067 termittit
340 5029 532 5067 vocem
573 5016 759 5078 modii,
795 5023 848 5068 ut
879 5017 1100 5069 dubium
1135 5016 1203 5069 sit
1225 5033 1292 5069 an
1327 5017 1460 5071 illud
1487 5036 1557 5072 an
1587 5035 1694 5074 non

71 5102 136 5154 sit
164 5107 358 5171 modii,
396 5113 450 5158 ut
481 5107 644 5176 paulo
694 5115 818 5176 post
851 5107 905 5160 in
938 5105 1022 5160 MS
1052 5107 1311 5162 scribitur
1341 5110 1451 5162 md.
1491 5111 1540 5179 j.
1576 5113 1693 5178 lijo.

71 5194 198 5258 irini,
225 5196 328 5249 hoc.
367 5202 450 5248 est
480 5195 645 5248 modii
677 5197 827 5249 mille
851 5197 1254 5270 quinquaginta
1285 5198 1399 5252 duo
1430 5199 1561 5254 vini.

695 5291 901 5345 CAPUT
938 5292 1072 5346 ΧΙΧ.

140 5381 314 5448 Hujus
361 5382 614 5450 prccsulis
673 5383 894 5436 hortatu
943 5384 1252 5450 Alitgarius
1297 5386 1698 5439 Camaraccnsis

74 5475 346 5543 cpiscopus
400 5493 491 5529 scr
543 5477 748 5531 libellos
789 5478 855 5530 de
896 5479 1164 5533 Itemcdiis
1216 5483 1582 5547 peccatorum,
1651 5485 1696 5532 et

73 5567 252 5619 ordine
310 5571 393 5622 rcl
441 5570 675 5636 judiciis
719 5574 1049 5639 pamiteutiw
1103 5575 1441 5640 conscripsit.
1483 5573 1699 5625 Exstant

76 5656 122 5708 hi
164 5660 330 5714 libelli
366 5671 502 5715 tom.
538 5663 574 5714 V
604 5663 845 5734 antiquae
892 5665 1168 5730 lectionis,
1204 5666 1336 5719 editi
1371 5682 1468 5735 per
1502 5665 1696 5718 llcuri-

78 5764 191 5800 cum
243 5750 544 5818 Canisium,
599 5750 836 5821 przcﬁxis
885 5771 1104 5824 quoque
1164 5755 1248 5807 liis
1291 5755 1524 5820 duabus,
1580 5770 1700 5824 qua‘

80 5835 156 5886 hic
209 5840 546 5903 referuntur,
613 5840 882 5909 epistolis.
931 5841 998 5894 Ex
1043 5843 1146 5895 hoc.
1205 5850 1384 5895 autem
1429 5843 1548 5895 loco
1605 5858 1704 5894 au-

1802 4769 1920 4820 cap.
1972 4753 2038 4804 16
2073 4749 2445 4819 probavimus.
2485 4749 2632 4801 Adde
2663 4749 2806 4818 quod
2844 4747 2895 4799 in
2930 4748 3178 4818 catalogo
3213 4747 3422 4798 llr-Ilo-

1805 4841 2145 4914 magcnsium
2208 4838 2750 4907 ιιΓιτιιιρι-ιὶδι·οιιοι·ιιιιι
2813 4837 2957 4907 apud
3033 4836 3420 4888 Democharcin

1805 4929 1987 4982 nullus
2012 4927 2322 4981 inveniatur
2354 4927 2756 4980 Moderamnus.

2436 5015 2644 5069 CAPUT
2685 5014 2788 5067 ΧΧ.

1872 5107 2192 5174 Itequirente
2226 5105 2570 5174 postmodum
2605 5119 2750 5171 papa
2798 5104 3020 5156 Nico/ao
3057 5102 3126 5153 ab
3165 5101 3428 5168 caiisa-Opis

1800 5196 2009 5262 Gallicc,
2041 5199 2385 5264 macimcquc
2413 5196 2634 5260 Belgica:
2661 5194 2971 5260 prce-incita,
3007 5192 3114 5246 haec
3149 5194 3288 5244 inter
3318 5193 3430 5244 alia

1802 5293 1857 5342 in
1887 5292 2157 5358 responsis
2210 5290 2432 5355 accepit.
2467 5286 2580 5340 Non
2618 5291 2810 5346 exstat,
2859 5283 3055 5336 saltem
3094 5285 3278 5355 plene,
3310 5285 3432 5355 epi-

1801 5395 2096 5450 scoporum
2139 5379 2322 5432 Gallia:
2359 5379 2590 5447 epistola
2629 5376 2695 5429 ad
2748 5374 3026 5429 Nicolaum
3061 5376 3322 5445 primum,
3363 5393 3429 5430 ex

1801 5489 1909 5543 quo
1945 5474 2062 5525 lucc
2093 5471 2277 5526 omnia
2305 5478 2495 5524 auctor
2519 5469 2801 5523 delibavit.
2851 5469 2981 5522 Nam
3015 5470 3135 5524 haec
3187 5487 3309 5524 eum
3361 5490 3428 5526 ex

1802 5565 1924 5618 aliis
1957 5565 2188 5617 recitare
2241 5569 2406 5632 patet,
2440 5563 2568 5614 dum
2603 5568 2725 5630 post
2775 5561 2944 5615 multa
2992 5570 3208 5618 narrata
3241 5564 3431 5617 addit:

1802 5664 1927 5715 Item
1958 5665 2078 5728 post
2105 5675 2299 5728 pauca.
2338 5657 2580 5710 Rursus:
2617 5659 2745 5710 Item
2777 5663 2897 5727 post
2937 5659 3307 5728 aliquantulo.

1875 5751 2128 5815 Aiulfum
2164 5749 2410 5801 videlicet
2465 5747 2950 5817 arcliirpiscopum,
2992 5752 3040 5800 et
3083 5749 3429 5801 Bi‘tdarailum

1805 5843 2132 5908 episcopum.
2178 5836 2410 5890 Aiulfum
2445 5836 2638 5906 legunt
2671 5836 2732 5901 Β,
2757 5837 2826 5902 Μ,
2861 5837 2980 5900 etJ,
3007 5853 3070 5890 ex
3103 5852 3211 5905 quo
3235 5836 3268 5886 S
3302 5834 3426 5887 fecit
