3874 6464
358 478 453 533 371

1202 468 1594 525 COLVENEHII
1634 462 1909 521 SCHOLIA
1949 461 2014 516 IN
2056 463 2221 519 HIST.
2266 463 2551 520 HEMENS.
2596 460 2852 517 ECCLES.

3603 468 3711 522 372

433 612 725 678 Anul/‘um,
754 607 810 676 C,
839 607 1161 674 Arnulfum.
1203 606 1558 661 Badaradum
1586 603 1780 678 legunt
1812 600 1975 656 CetJ
2010 605 2058 671 Α
2086 604 2456 670 tingentesimo
2504 600 2769 656 tricesimo
2817 600 3027 668 quinto,
3078 616 3221 654 anno
3276 603 3441 657 etiam
3496 605 3716 671 imperii

365 705 643 780 quomodo
671 712 725 758 et
746 700 886 756 infra
916 700 1112 771 legitur
1127 701 1230 755 hoc
1261 697 1456 754 eodem
1489 696 1652 768 capit.
1679 695 1812 750 satis
1841 710 1976 749 con-

366 794 617 851 formiter
643 792 711 847 ab
742 789 1157 854 omnibusynisi
1183 788 1331 859 quod
1362 788 1448 842 MS
1481 787 1681 841 habeat
1709 786 1980 841 Baradus.

2084 692 2307 759 gloriosi
2353 691 2579 746 Uzesaris
2618 688 2884 743 Ludovici
2929 704 3039 744 xxi.
3093 688 3184 744 Sic
3238 689 3294 745 C.
3353 692 3462 746 Sed
3512 692 3577 759 Β,
3628 692 3713 746 MS

2086 789 2142 835 et
2184 782 2233 844 J,
2286 797 2437 847 χχιιι,
2486 795 2595 834 non
2638 786 2809 832 recte.
2859 777 2993 831 Nam
3041 794 3165 833 cum
3210 796 3442 854 regnare
3486 782 3717 852 casperit

369 889 629 944 Similiter
655 892 709 940 et
729 883 974 955 synodus
993 881 1430 946 Suessionensis,
1453 881 1520 935 de
1552 896 1660 951 qua
1685 879 1788 933 sub
1818 878 1982 933 finem
2087 868 2245 924 ίηὶῐὶο
2288 869 2418 923 anni
2458 868 2585 936 815,
2636 881 2814 920 annus
2850 864 2957 920 335
2985 876 3069 921 εει
3107 867 3326 939 imperii
3380 871 3501 939 eius
3527 870 3624 938 21,
3655 878 3715 926 ιιι

369 977 535 1048 hujus
567 973 782 1043 capitis,
836 971 971 1045 legit
1000 971 1351 1025 Badaradum
1410 977 1464 1025 et
1494 971 1767 1037 Aiulfum.
1814 968 1900 1023 MS
1934 974 1988 1022 et
2088 962 2366 1017 consentit
2396 961 2719 1033 Sigebertus
2762 960 2819 1014 in
2848 958 3137 1017 Chronico.

370 1066 413 1119 Β
447 1065 553 1118 hoc
583 1064 702 1116 loco
736 1060 1097 1114 Hadaradum
1132 1058 1415 1133 legebant.

443 1202 581 1267 Quos
619 1196 910 1252 secundum
941 1197 1150 1263 Africae
1188 1198 1481 1265 provincia:
1509 1212 1733 1251 canones
1763 1197 1992 1262 elegerat

370 1291 474 1343 sibi
508 1288 743 1357 judices.
779 1282 1082 1338 Concilium
1128 1283 1463 1351 Africanum,
1504 1283 1652 1354 quod
1696 1282 1993 1353 aliquoties

372 1385 479 1437 hoc
498 1397 618 1451 cap.
643 1380 862 1445 citatur,
900 1376 1037 1431 illud
1061 1393 1183 1431 esse
1206 1377 1584 1448 videturquod
1613 1382 1790 1430 exstat
1819 1382 1950 1430 tom.
1973 1374 1991 1427 l

374 1472 604 1539 Coneil.,
626 1470 873 1525 habitum
904 1468 1010 1523 sub
1043 1466 1400 1538 pontificibus
1427 1466 1708 1522 Bonifacio
1735 1473 1790 1521 et
1818 1466 1997 1520 Coele-

372 1566 539 1621 stino,
576 1565 715 1617 Sunt
744 1571 928 1617 autem
964 1576 1207 1616 canones
1259 1560 1601 1615 diversorum
1632 1559 1993 1614 conciliorum

372 1656 638 1711 Africame
661 1653 958 1725 provinciae
1015 1667 1252 1706 numero
1286 1653 1410 1707 105.
1468 1652 1623 1717 Quod
1653 1651 1742 1706 hic
1799 1652 1997 1706 cilatur

376 1744 617 1799 habetur
643 1759 763 1812 cap.
798 1742 886 1806 63,
945 1740 1093 1811 quod
1128 1740 1456 1795 nominatim
1507 1741 1636 1795 citat
1678 1741 1997 1795 Hincmarus

372 1837 433 1891 in
461 1835 661 1890 concil.
696 1831 1107 1896 Suessionensi,
1133 1832 1203 1887 de
1221 1848 1332 1903 quo
1363 1832 1463 1886 lib.
1499 1850 1576 1898 ιιι,
1606 1848 1727 1903 cap.
1768 1832 1851 1886 l2.
1887 1831 1997 1886 Sed

378 1940 501 1996 quae
532 1923 672 1978 infra
699 1924 940 1977 citantur
969 1937 1036 1975 ex
1065 1936 1185 1991 cap.
1216 1922 1286 1975 59
1318 1928 1373 1976 et
1402 1923 1492 1988 74,
1526 1922 1583 1975 in
1615 1921 1709 1977 illo
1740 1921 1999 1989 concilio,
2027 1928 2077 1995 Β

379 2025 541 2086 prout
570 2030 719 2069 nunc
749 2021 948 2081 exstat,
982 2029 1093 2068 non
1122 2013 1404 2087 leguntur.

457 2129 842 2183 Theodoricum
883 2127 1086 2181 scilicet
1111 2128 1438 2196 episcopum.
1496 2124 1590 2179 Hic
1613 2131 1727 2179 erat
1784 2125 2002 2195 episco-

385 2237 488 2290 pus
521 2220 950 2285 Cameracensis,
1000 2225 1059 2273 ut
1089 2225 1307 2273 constat
1343 2234 1407 2272 ex
1451 2216 1718 2273 Chronico
1751 2217 2005 2273 Camera-

383 2311 559 2367 censi.
593 2312 734 2366 libro
762 2310 964 2382 primo,
997 2326 1119 2380 cap,
1160 2310 1250 2364 41.

459 2426 619 2480 Anno
646 2427 1042 2487 incarnationis
1084 2426 1295 2480 Domini
1322 2427 1496 2480 nostri
1529 2427 1654 2480 Jcs-u
1681 2424 1886 2482 Christi
1921 2441 2007 2479 oc-

2160 1059 2495 1125 Hartgarius
2542 1058 2845 1126 episcopus.
2914 1055 3006 1111 Sic
3043 1056 3127 1112 BC
3176 1064 3231 1113 et
3285 1059 3333 1115 J.
3390 1060 3456 1114 At
3508 1059 3597 1113 MS
3657 1068 3716 1115 et

2091 1148 2237 1203 aliud
2266 1148 2567 1219 exemplar,
2600 1149 2959 1215 Harogarius.

2162 1245 2484 1300 Rambertus
2542 1245 2836 1313 episcopus.
2892 1243 2962 1309 M,
3001 1246 3364 1311 Hranbertus,
3409 1246 3467 1314 S,
3509 1250 3718 1303 Eram-

2097 1334 2296 1388 bertus.

2164 1428 2454 1481 Haiminus
2491 1428 2788 1496 episcopus.
2834 1426 2924 1482 Sic
2963 1426 3033 1482 HJ
3077 1434 3133 1482 et
3189 1426 3225 1481 C
3255 1427 3311 1481 in
3368 1427 3598 1497 Gallico,
3632 1429 3721 1484 MS

2095 1521 2322 1585 Hamus,
2360 1516 2396 1571 C
2431 1518 2538 1572 Lat.
2572 1520 2821 1573 Hamius.

2170 1612 2270 1666 Cui
2292 1612 2622 1664 restitutioni
2646 1612 2904 1680 pra/“aia,
2937 1627 3056 1681 qua:
3094 1613 3394 1668 Suessionis
3424 1614 3618 1669 habita
3644 1620 3727 1669 est

2095 1699 2432 1752 contr-adimit
2458 1699 2712 1765 synodus.
2748 1698 2813 1764 R,
2846 1698 2954 1765 MS,
3004 1702 3346 1755 contradicit.
3384 1701 3554 1770 Hujus
3586 1718 3728 1772 syn-

2097 1788 2188 1842 odi
2218 1787 2380 1841 tacite
2414 1786 2555 1841 facta
2571 1795 2654 1841 est
2685 1788 2891 1842 mentio
2931 1789 3088 1844 initio
3113 1790 3277 1857 hujus
3292 1790 3509 1861 capitis.

2169 1882 2219 1934 A
2275 1897 2378 1949 quo
2434 1882 2494 1933 in
2536 1883 2750 1947 regione
2780 1881 3035 1936 Samonia:
3081 1883 3354 1951 quoddam
3392 1885 3725 1952 episcopium

2096 1973 2413 2040 promeruit.
2449 1977 2557 2024 etc.
2597 1971 2789 2025 Factus
2822 1971 2971 2024 enim
3021 1979 3103 2025 est
3153 1971 3448 2043 episc0pus
3480 1973 3732 2028 Hildese-

2104 2059 2333 2126 mensis,
2383 2059 2578 2114 ordine
2635 2067 2883 2131 quartus,
2941 2060 2995 2114 in
3052 2077 3162 2131 quo
3219 2062 3514 2116 duodecim
3564 2062 3737 2116 annis

2106 2150 2431 2221 permansit,
2465 2158 2524 2205 ut
2576 2151 2769 2206 scribit
2799 2152 3054 2208 Albertus
3098 2154 3382 2207 Krantzius
3417 2153 3512 2207 lib.
3541 2172 3557 2208 ι
3615 2155 3733 2208 Me-

2108 2246 2276 2308 lrop.,
2317 2254 2365 2294 c.
2415 2239 2503 2293 30.
2540 2240 2785 2304 Quocum
2836 2241 2968 2295 satis
3022 2241 3300 2296 consentit
3346 2242 3494 2312 quod
3527 2258 3557 2296 a
3606 2242 3733 2297 Flo-

2107 2328 2315 2393 doardo
2343 2328 2439 2383 lib.
2475 2347 2557 2396 ιιι,
2587 2346 2617 2384 c
2666 2329 2720 2395 2,
2750 2329 3129 2401 supervixisse
3162 2330 3436 2385 scribatur
3464 2346 3643 2401 usque
3662 2331 3735 2384 ad

2106 2440 2315 2479 annum
2329 2425 2451 2480 851.

1101 2802 1607 2891 SCHOLIA
1684 2804 1806 2891 IN
1890 2803 2349 2890 LIBRUM
2435 2806 3010 2894 TERTIUM.

936 3164 1143 3221 CAPUT
1199 3166 1481 3221 PRIMUM.

472 3258 634 3313 Anno
660 3258 895 3327 denique
923 3259 1217 3312 Dominicce
1267 3260 1666 3313 incarnationis
1715 3258 1820 3313 845
1849 3261 2025 3313 Karo-

402 3352 484 3406 lus
506 3351 771 3420 synodum
808 3352 1181 3420 episcoporum
1202 3367 1357 3419 regni
1377 3354 1463 3406 sui
1472 3352 1624 3421 apud
1651 3353 2020 3418 Bellovagum.

404 3441 493 3496 Sic
555 3441 741 3497 omnia
789 3449 977 3497 vetera
1014 3425 1383 3513 exemplaria,
1427 3443 1708 3513 quomodo
1748 3442 1912 3497 etiam
1944 3451 2026 3496 ter

406 3541 666 3607 quaterve
719 3533 921 3608 legitur
976 3534 1033 3588 in
1080 3534 1425 3589 Atrebatensi
1482 3535 1764 3590 Breviario
1817 3535 1907 3589 die
1956 3536 2025 3589 15

406 3628 557 3683 Julii.
622 3628 679 3681 ld
712 3627 745 3679 S
791 3634 844 3681 ct
888 3627 914 3681 J
946 3633 1299 3682 mutaverunt
1345 3627 1401 3681 in
1441 3643 1643 3683 nomen
1692 3628 1796 3683 hoc
1825 3627 2026 3683 saeculo

407 3715 666 3770 usitatius
694 3717 1051 3770 Bellovacum.
1102 3716 1369 3771 Baronius
1417 3723 1550 3771 tom.
1601 3717 1664 3783 X,
1698 3717 1764 3771 ad
1819 3717 2025 3772 dictum

409 3806 556 3860 hunc
578 3822 782 3860 annum
814 3822 879 3860 cx
918 3812 1106 3861 nostro
1135 3806 1238 3860 hoc
1277 3805 1585 3861 Flodoardo
1616 3806 1819 3860 Gallice
1852 3806 2024 3873 edito,

408 3906 581 3953 totum
615 3899 720 3953 hoc
750 3905 916 3969 caput
946 3898 1187 3969 primum
1221 3898 1455 3953 inseruit
1482 3898 1597 3953 suis
1634 3898 1940 3953 Annalibus
1970 3900 2027 3953 in

410 3989 659 4044 Latinum
681 4004 1030 4052 conversum,
1061 3996 1116 4043 et
1142 4004 1208 4042 ex
1239 4003 1306 4042 co
1339 3987 1527 4042 Binius
1550 3998 1683 4043 tom.
1718 3988 1789 4042 ιιι
1824 3988 2025 4045 Conci-

408 4085 629 4140 liorum.

478 4175 901 4243 Archiepiscopo
950 4172 1238 4227 Sennensis
1276 4172 1524 4226 Ecclesiae
1588 4171 1881 4227 Wenilone.
1940 4172 2030 4228 Sic

409 4266 596 4323 omnia
648 4265 876 4335 antiqua
942 4262 1300 4333 exemplaria,
1354 4263 1501 4333 quod
1550 4279 1740 4317 rursus
1815 4264 1848 4315 S
1908 4263 2023 4318 etJ

408 4359 759 4410 mutaverunt
797 4351 1005 4421 ubique
1064 4350 1120 4404 in
1161 4352 1500 4417 Senonensis,
1551 4352 1829 4421 quomodo
1861 4352 2026 4407 etiam

410 4448 500 4502 hic
530 4444 767 4502 correxit
795 4443 995 4514 aliquis
1026 4442 1081 4497 in
1118 4442 1185 4509 M,
1241 4458 1366 4497 cum
1400 4442 1552 4514 prius
1592 4442 1868 4517 legeretur
1893 4444 2029 4498 Sen-

408 4542 610 4604 nensis,
660 4535 941 4609 quomodo
993 4542 1047 4589 et
1086 4542 1403 4590 constanter
1453 4535 1657 4607 legitur
1686 4534 1830 4590 infra
1878 4552 1924 4590 c.
1959 4535 2029 4591 20

2050 3175 2097 3238 (ζ
2119 3166 2322 3221 dicitur
2352 3165 2573 3220 Sennis.
2611 3189 2636 3213 ι»
2670 3165 2785 3230 Quo
2816 3166 2936 3222 loco
2963 3164 3198 3239 intelligi
3225 3165 3422 3221 urbem
3453 3166 3750 3224 Senonen-

2123 3275 2239 3313 sem
2273 3265 2421 3313 recte
2466 3258 2783 3328 suspicatur
2821 3257 3122 3322 Serrarius,
3169 3266 3226 3313 et
3266 3266 3419 3329 patet
3447 3275 3512 3314 ex
3556 3268 3751 3316 nostro

2123 3352 2432 3407 Flodoardo
2458 3368 2627 3422 supra
2665 3351 2764 3405 lib.
2788 3368 2846 3405 ιι.
2880 3366 3000 3421 cap.
3038 3351 3123 3405 16.
3156 3351 3405 3422 Denique
3436 3350 3754 3407 Sennensis

2126 3447 2393 3511 perpetuo
2421 3441 2623 3514 legitur
2657 3439 2714 3494 in
2758 3440 2921 3510 epist.
2956 3439 3168 3495 Nicolai
3196 3438 3358 3510 primi
3389 3440 3458 3494 ad
3493 3440 3754 3496 Carolum

2127 3549 2355 3608 regem,
2404 3540 2459 3587 et
2526 3533 2593 3586 ad
2649 3532 2973 3600 Egilonem,
3027 3547 3167 3603 quas
3217 3530 3394 3587 edidit
3451 3547 3562 3586 una
3622 3548 3753 3588 cum

2128 3626 2399 3682 Hincmari
2427 3627 2588 3699 epist.
2620 3627 2778 3682 Joan.
2827 3626 3140 3681 Cordesius.

2780 3716 2987 3772 CAPUT
3028 3718 3094 3770 il.

2199 3812 2327 3877 Quae
2351 3819 2463 3867 toto
2494 3812 2598 3866 hoc
2628 3827 2748 3882 cap.
2792 3812 3066 3866 habentur
3090 3811 3161 3866 de
3208 3809 3419 3881 synodo
3452 3810 3762 3867 Parisiensi

2129 3903 2183 3958 in
2214 3919 2380 3958 causa
2424 3901 2629 3956 Ebonis
2656 3902 2864 3971 habita,
2896 3916 2961 3956 ea
2990 3900 3247 3955 similiter
3276 3916 3341 3954 ex
3385 3899 3594 3954 Gallico
3627 3917 3761 3955 con-

2128 4013 2287 4053 versa
2342 3996 2398 4050 in
2431 3996 2683 4051 Latinum
2732 3995 2903 4051 habet
2932 3995 3200 4050 Baronius
3252 4008 3396 4049 anno
3423 3994 3550 4057 847,
3603 4005 3662 4049 et
3690 4011 3760 4050 ex

2128 4105 2195 4145 eo
2229 4088 2417 4145 Binius
2436 4097 2569 4144 tom.
2606 4088 2677 4143 ιιι
2712 4087 2917 4144 Concil.

2769 4178 2978 4233 CAPUT
3008 4178 3100 4231 Ill.

2199 4272 2270 4324 Et
2308 4271 2601 4338 impetrent
2635 4283 2738 4337 pro
2790 4268 2943 4322 nobis
2989 4266 3176 4336 offerri
3213 4280 3400 4320 sacras
3439 4266 3754 4321 oblationes.

2131 4363 2222 4418 Sic
2262 4362 2297 4417 C
2327 4363 2446 4418 etJ.
2490 4363 2656 4429 Alias,
2692 4365 2971 4432 imperent.
3007 4361 3077 4427 Μ,
3128 4363 3329 4415 intrent
3354 4376 3456 4431 pro
3484 4362 3641 4415 nobis
3666 4364 3756 4428 of—

2127 4457 2303 4522 ferre;
2336 4470 2435 4526 pro
2462 4471 2572 4526 quo
2604 4455 2877 4519 S,instent
2896 4470 2998 4523 pro
3014 4455 3168 4508 nobis
3194 4454 3406 4522 offerre.
3438 4453 3545 4507 Sed
3575 4453 3754 4523 prima

2130 4544 2294 4599 lectio
2319 4544 2538 4599 videtur
2564 4543 2777 4598 melior.
2809 4542 2943 4596 Hinc
2974 4550 3153 4597 autem
3207 4541 3475 4597 docemur
3503 4542 3752 4596 vivorum

411 4638 466 4685 et
500 4629 589 4682 21.
625 4627 889 4697 Idemque
921 4624 1122 4680 factum
1151 4632 1233 4679 est
1260 4623 1402 4680 infra
1441 4641 1563 4696 cap.
1597 4642 1656 4681 ιι.
1690 4625 1824 4681 Nam
1865 4634 1919 4681 et
1947 4626 2023 4681 ibi
2045 4645 2101 4712 Ι)
2128 4638 2387 4714 suffragia
2412 4638 2673 4709 prodesse
2715 4636 3009 4692 defunctis,

411 4721 467 4775 in
524 4720 567 4774 M
630 4718 921 4793 legebatur
970 4733 1094 4772 cum
1149 4716 1427 4772 Wenilone
1473 4718 1754 4772 Sennensi.
1820 4717 2023 4773 Eodem

411 4812 577 4866 modo
626 4810 762 4883 legit
797 4807 1107 4863 Chronicon
1154 4806 1548 4861 Cameracense
1578 4807 1673 4861 lib.
1710 4825 1749 4875 ι,
1781 4824 1900 4877 cap.
1936 4807 2024 4870 43,

411 4918 531 4957 cum
567 4900 828 4956 Venclone
858 4899 1137 4953 Sennensi.
1173 4895 1319 4950 Infra
1357 4912 1476 4966 cap.
1509 4897 1581 4951 20
1617 4896 1804 4951 omnia
1833 4912 2025 4951 exem-

413 4992 587 5065 plaria
616 4992 893 5058 Egiloncm
925 4994 1163 5053 vocant;
1209 5003 1256 5041 c.
1285 4988 1375 5051 22,
1417 4989 1775 5044 Wanilonem.
1802 4989 1860 5042 ln
1892 4988 2027 5043 Hist.

410 5086 628 5157 Tilpino
654 5083 922 5153 inscripta
953 5082 1152 5138 Ganelo
1177 5087 1423 5135 vocatur.
1454 5080 1545 5135 Sic
1578 5088 1632 5135 et
1670 5082 2029 5153 manuscript.

415 5175 696 5246 exemplar
725 5170 974 5227 Historiae
1006 5169 1349 5225 scholasticae
1377 5169 1522 5224 Petri
1548 5170 1857 5236 Trecensis,
1885 5172 2032 5243 quod

414 5268 498 5317 est
550 5261 606 5314 in
638 5259 980 5314 bibliotheca
1002 5257 1334 5312 cathedralis
1353 5257 1601 5312 ecclesiae
1633 5258 1687 5312 S.
1714 5258 2033 5325 Audomari,

416 5350 549 5423 legit
598 5352 881 5408 Wilhetmo
918 5351 1199 5415 Sennensi,
1242 5348 1337 5403 ubi
1390 5349 1446 5402 in
1485 5348 1702 5403 excusis
1744 5359 1827 5404 est
1874 5352 2039 5405 Seno-

418 5443 592 5494 nensi.
627 5440 851 5494 Accedit
889 5447 945 5493 et
993 5454 1098 5493 vox
1133 5437 1336 5493 Gallica
1363 5439 1513 5494 Sens.
1548 5439 1611 5493 Et
1641 5438 1698 5492 in
1730 5439 2040 5495 manuscri—

420 5533 512 5596 pto
555 5526 813 5600 Catalogo
844 5527 1234 5597 episc0porum
1268 5528 1435 5582 totius
1465 5526 1636 5595 orbis,
1670 5544 1831 5599 quem
1864 5545 2037 5599 penes

418 5635 508 5673 me
539 5619 738 5686 habeo,
772 5622 894 5695 lego
924 5624 1443 5693 archiepiscopatum
1477 5623 1838 5678 Siennensem.
1871 5621 2037 5676 Deni-

418 5722 525 5777 que
555 5708 841 5763 Zacharias
869 5725 1011 5780 papa
1034 5710 1087 5763 in
1120 5711 1282 5781 epist.
1327 5710 1394 5764 ad
1426 5711 1480 5765 S.
1518 5710 1878 5777 Bonifacium,
1915 5727 2037 5782 quae

419 5801 503 5849 est
535 5794 679 5849 inter
730 5796 893 5865 epist.
943 5796 1205 5853 Bonifacii
1248 5798 1369 5865 143,
1417 5799 1486 5853 de
1528 5799 1629 5853 hac
1660 5801 1895 5870 loquens
1922 5800 2034 5853 ait:

421 5910 447 5936 «
488 5889 727 5948 Tertium
776 5889 1018 5964 denique
1067 5891 1491 5946 llardthbertum
1545 5892 1601 5946 in
1641 5892 1860 5948 civitate
1918 5908 2037 5964 quae

2197 4798 2380 4867 Atque
2425 4797 2646 4866 pusillis
2695 4723 3268 4865 pugifigrliizertum
3319 4800 3401 4849 est
3431 4809 3500 4848 an
3530 4793 3755 4868 prOpria

2128 4888 2239 4944 sint
2286 4888 2532 4954 nomina,
2585 4905 2653 4943 an
2698 4888 3051 4958 appellativa,
3099 4887 3247 4959 quod
3287 4886 3476 4942 verius
3514 4887 3753 4942 videtur.

2131 4986 2287 5041 Unde
2319 4985 2526 5041 Gallice
2557 4985 2808 5052 vertitur,
2860 4985 2907 5038 le
2948 4987 3090 5054 petit
3130 4986 3287 5049 nain,
3334 4981 3391 5037 id
3430 4992 3513 5037 est
3556 4997 3757 5054 parvus

2132 5091 2328 5130 nanus.

2205 5169 2352 5222 Sciat
2377 5167 2666 5220 secundum
2683 5166 2862 5233 dignae
2873 5167 3140 5219 memoria:
3166 5166 3278 5230 avi,
3299 5169 3348 5217 et
3373 5165 3476 5232 piae
3500 5163 3756 5216 recorda—

2136 5259 2298 5311 tionis
2320 5259 2580 5325 genitoris
2609 5258 2782 5309 nostri
2802 5256 3047 5325 capitula
3072 5270 3126 5309 se
3153 5254 3589 5308 emendaturum.
3621 5251 3756 5306 Loca

2140 5351 2507 5421 Capitulorum
2551 5349 2730 5405 Caroli
2768 5350 2945 5422 Magni
3001 5357 3057 5404 et
3110 5348 3371 5404 Ludovici
3406 5347 3485 5401 Pii
3524 5346 3580 5401 in
3611 5354 3755 5401 textu

2141 5440 2475 5495 notavimus.
2510 5439 2582 5494 De
2614 5439 2809 5493 eodem
2838 5447 3163 5509 argumento
3186 5436 3434 5491 Pithmus
3455 5434 3511 5489 in
3542 5434 3759 5490 Glossa-

2140 5529 2221 5584 rio
2274 5529 2443 5585 verbo
2472 5531 2640 5586 Nonae
2678 5532 2726 5582 et
2768 5527 2987 5582 decimae
3036 5526 3168 5581 citat
3217 5540 3487 5580 canonem
3516 5524 3587 5577 42
3636 5539 3754 5595 syn.

2139 5624 2364 5698 Mogunt
2394 5664 2407 5689 ,
2431 5624 2500 5677 46
2519 5622 2876 5687 Turonensis,
2908 5622 3051 5677 etii?
3087 5619 3401 5676 Meldensis.

2208 5716 2443 5768 Possunt
2479 5714 2720 5783 prcebere
2761 5712 3078 5767 consultum.
3112 5710 3202 5766 Sic
3247 5709 3284 5766 C
3314 5716 3370 5765 et
3397 5709 3446 5765 J.
3475 5708 3756 5775 Quomodo

2139 5804 2326 5858 omnia
2356 5805 2547 5877 legunt
2578 5820 2744 5875 supra
2773 5803 2871 5858 lib.
2906 5819 2967 5870 ιι,
2991 5820 3113 5874 cap.
3147 5802 3230 5864 19.
3266 5802 3323 5856 in
3351 5800 3551 5856 litteris
3576 5801 3751 5857 Ludo-

2140 5896 2246 5951 vici
2297 5896 2660 5967 imperatoris.
2697 5896 2863 5963 Alias,
2895 5897 3202 5964 consilium,
3253 5904 3313 5950 ut
3350 5893 3436 5948 MS
3478 5895 3589 5950 hoc
3619 5894 3754 5951 loco.
