3874 6422
119 360 230 415 3⁸73

1565 370 1629 424 ιΝ
1674 369 1921 425 LIBRUM
1962 371 2054 426 Ill.

3372 378 3480 433 3³74

125 487 307 544 Utitur
343 490 541 545 eadem
572 505 707 546 voce
745 490 1001 547 Nicolaus
1026 510 1170 566 papa
1200 496 1242 563 Ι,
1273 495 1437 566 epist.
1469 496 1539 551 32
1565 516 1581 551 :
1603 517 1623 546 ι
1651 496 1752 551 Au-
1784 501 1836 570 Α
1858 514 2004 569 cap.,
2029 499 2323 570 reprobata
2365 516 2395 554 a
2443 499 2666 555 Nicolao
2722 516 2866 572 papa
2896 502 3031 563 LEx
3077 502 3237 559 istius
3280 506 3480 576 synodi

121 580 387 648 divimus,
422 582 625 653 inquit,
650 583 969 639 Lotharium
991 587 1170 642 asede
1199 588 1503 658 apostolica
1519 588 1750 660 petitum

126 686 238 725 non
269 680 625 742 exspectasse
661 673 996 742 consultum,
1024 697 1045 725 ι
1085 675 1175 731 Sic
1200 684 1255 732 et
1286 677 1341 731 in
1374 678 1629 733 Rothaldi
1655 695 1757 749 ap-

126 762 434 833 pellatione
490 763 559 818 ad
614 765 802 820 sedem
859 767 1219 837 apostolicam
1264 787 1334 823 :a
1374 771 1590 842 Absque
1631 786 1755 825 meo

126 866 406 906 consensu
429 868 527 908 seu
552 855 827 909 consultu.
869 879 893 904 υ
928 855 990 910 Et
1032 856 1341 913 Chronicon
1366 857 1757 914 Cameracensc

124 940 222 993 lib.
287 958 369 1007 ιιι,
419 958 540 1014 cap.
568 943 675 997 26:
718 966 735 992 ι
783 945 849 1000 Ut
879 961 1006 1000 eum
1057 964 1088 1000 a
1154 948 1445 1003 consulatu
1480 949 1760 1021 pontiﬁcis

127 1029 294 1100 longe
316 1030 540 1086 faceret.
574 1055 592 1082 ι
624 1032 836 1098 Quibus
855 1034 993 1091 locis
1020 1037 1309 1093 consultus
1336 1037 1611 1113 signiﬁcat
1632 1054 1761 1094 con-

123 1120 485 1177 sultationem
526 1124 613 1178 vel
641 1125 957 1181 consilium.
994 1127 1169 1182 Utitur
1210 1129 1411 1184 eadem
1459 1146 1593 1185 voce
1625 1130 1758 1185 Ful-

120 1206 311 1263 bertus
339 1211 514 1281 episc.
550 1210 900 1268 Carnotensis
914 1215 1078 1285 epist.
1099 1215 1188 1270 39.

774 1324 992 1381 CAPUT
1053 1327 1115 1381 V.

196 1414 536 1484 Hujusmodi
583 1419 748 1486 regite
802 1420 1152 1487 benignitatis
1188 1421 1411 1489 functus
1462 1424 1762 1476 auctorita-

125 1507 294 1561 tibus.
323 1507 412 1562 Sic
467 1509 656 1565 omnia
704 1512 1061 1583 exemplaria,
1117 1529 1214 1583 pro
1272 1530 1383 1586 quo
1423 1514 1762 1570 Ssubstituit

124 1598 328 1663 fretus.
354 1597 561 1654 Sensus
581 1609 664 1655 est
696 1618 710 1654 :
740 1600 872 1657 Cum
905 1602 1137 1658 haberet
1168 1604 1486 1673 hujusmodi
1518 1603 1762 1660 auctori-

129 1695 295 1755 tates,
328 1689 434 1744 hoc
460 1698 544 1746 est
573 1691 754 1747 edicta
784 1708 883 1747 seu
909 1694 1233 1764 diplomata.

1856 589 1995 644 actis
2023 606 2089 644 ea
2118 607 2240 662 qua:
2272 591 2361 647 hic
2392 591 2583 646 scribit
2638 600 2831 648 auctor
2867 594 3199 666 desumpsit,
3232 598 3484 668 plerum-

1858 696 1967 752 que
1987 680 2153 735 etiam
2185 682 2352 737 verba
2381 681 2498 752 ipsa
2518 690 2824 738 mutuatus.
2847 684 3004 751 Quod
3035 700 3065 739 a
3095 685 3318 744 Nicolao
3339 706 3486 762 papa

1858 782 2147 830 retractata
2179 776 2251 831 sit
2308 784 2362 830 et
2420 777 2785 847 reprehensa,
2842 778 3025 849 quoad
3074 779 3483 851 depositionem

1859 865 2076 919 illorum
2126 866 2452 921 clericorum
2501 866 2595 939 qui
2649 866 2717 922 ab
2776 867 2965 924 Ebone
2997 870 3237 925 ordinati
3266 871 3485 929 fuerant

1861 954 2127 1027 (quamvis
2156 954 2486 1025 subreptitie
2515 955 2766 1023 ejusdem
2783 957 2981 1026 synodi
3018 959 3483 1029 approbationem

1860 1060 1891 1098 a
1923 1042 2219 1097 Benedicto
2247 1058 2409 1113 papa,
2436 1048 2490 1096 et
2519 1042 2587 1096 ab
2644 1043 2764 1114 ipso
2785 1044 3140 1115 Nicolaojam
3164 1054 3293 1103 ante
3319 1049 3485 1104 Hinc-

1862 1146 2046 1191 marus
2066 1135 2392 1201 obtinuerit,
2415 1134 2726 1191 utostendit
2756 1136 2993 1207 epistola
3023 1138 3232 1194 Nicolai
3259 1139 3328 1194 52
3358 1143 3486 1209 et5,

1864 1228 2008 1283 inter
2040 1244 2134 1282 eas
2158 1244 2282 1299 quae
2314 1234 2444 1283 sunt
2495 1227 2552 1282 in
2612 1229 2920 1299 appendice
2944 1231 3305 1301 epistolarum
3339 1234 3484 1303 ejus,

1864 1318 2012 1390 quod
2041 1316 2244 1372 fatetur
2263 1318 2429 1372 etiam
2482 1316 2605 1388 ipse
2635 1318 2902 1373 Baronius
2949 1327 3080 1374 tom.
3120 1321 3163 1374 Χ
3188 1337 3337 1379 anno
3354 1324 3483 1393 863,

1866 1412 1961 1466 ubi
1998 1412 2252 1466 eamdem
2306 1410 2505 1466 intexit
2559 1411 2870 1483 epistolam)
2901 1430 2915 1466 :
2948 1413 3118 1484 quod,
3170 1413 3422 1485 inquam,
3453 1432 3485 1472 a

1864 1500 2089 1556 Nicolao
2122 1516 2262 1571 papa
2314 1500 2613 1570 reprobate
2664 1501 2753 1567 sit,
2805 1508 2956 1571 patet
3012 1518 3077 1557 ex
3126 1502 3364 1573 epistola
3411 1506 3483 1559 46

1864 1600 1919 1649 et
1959 1594 2024 1649 47
2048 1592 2321 1661 ejusdem,
2354 1598 2408 1647 et
2438 1592 2493 1646 in
2525 1593 2839 1664 appendice
2904 1593 3139 1664 epistola
3167 1594 3233 1650 13
3294 1603 3349 1651 et
3390 1596 3480 1662 15,

1863 1681 1959 1754 qui
1990 1681 2152 1736 aliam
2170 1681 2334 1754 jussit
2362 1682 2686 1756 congregari
2717 1682 2992 1754 synodum
3036 1683 3091 1737 in
3124 1684 3319 1739 eadem
3342 1684 3484 1740 civi-

205 1783 428 1836 Libmm
458 1799 668 1854 quoque
696 1786 1190 1853 Sacramentorum,
1222 1789 1317 1843 sed
1361 1793 1411 1843 ει
1469 1790 1759 1843 ιροιίοηα-
1795 1823 1845 1891 Β
1865 1773 2385 1891 ῑῗιθ8υρδεὶοῐξθηεί
2405 1788 2575 1891 iuper
2602 1774 2799 1891 eadem
2823 1772 3489 1891 diflicultate,quz::udictos

123 1875 301 1939 rium,
333 1890 465 1944 quos
494 1878 668 1931 scribi
688 1879 837 1945 fecit,
897 1879 1050 1934 ebore
1098 1887 1431 1952 argentoque
1462 1881 1757 1936 decoravit.

130 1964 300 2019 Liber
323 1966 801 2024 Sacramentorum
858 1973 1161 2043 veteribus,
1221 1991 1286 2029 ac
1342 1975 1669 2031 nominatim
1703 1976 1760 2031 Β.

126 2056 416 2131 Gregorio,
459 2064 541 2112 est
562 2075 727 2130 quem
769 2076 870 2115 nos
927 2062 1130 2118 librum
1198 2063 1496 2130 Missalem,
1553 2066 1639 2119 vel
1704 2063 1761 2118 in

129 2152 331 2201 neutro
356 2163 582 2219 genere,
625 2148 841 2205 Missale
894 2151 1150 2206 dicimus.
1206 2153 1604 2221 Lectionarius,
1664 2154 1759 2225 qui

120 2233 397 2289 lectiones
420 2235 689 2307 cujusque
714 2238 825 2293 diei
876 2240 1216 2296 continebat.
1246 2241 1463 2295 Similia
1500 2241 1760 2313 leguntur

124 2323 268 2378 infra
298 2341 421 2396 cap.
449 2326 482 2379 9
514 2325 641 2380 data
693 2326 763 2381 ab
821 2329 1020 2383 eodem
1082 2330 1373 2386 Hincmaro
1414 2331 1665 2387 ecclesiae
1698 2330 1753 2385 S.

126 2415 387 2491 Remigii.

780 2491 992 2547 CAPUT
1022 2493 1108 2547 Vl.

187 2582 633 2653 Prmparansque
680 2585 1031 2640 candelarum
1088 2588 1435 2641 munuscula.
1471 2586 1597 2642 Haec
1622 2604 1752 2642 vera

118 2669 418 2724 estlectio.
453 2670 560 2725 Sed
619 2671 689 2738 Μ,
740 2675 1130 2729 candelabrum
1159 2676 1506 2741 munuscula,
1542 2692 1606 2730 ex
1639 2692 1750 2747 quo

116 2759 252 2813 fecit
302 2759 337 2812 S
386 2761 501 2815 etJ
562 2762 962 2817 Candelabrum
1016 2769 1063 2818 et
1112 2768 1455 2820 munuscula.
1515 2765 1587 2819 Ex
1648 2766 1751 2819 hoc

117 2858 311 2903 autem
343 2847 610 2904 discimus
640 2849 810 2906 fuisse
842 2852 1009 2906 etiam
1042 2853 1138 2909 illo
1193 2861 1446 2926 tempore
1494 2854 1749 2908 usitatam

120 2937 379 2993 ﬁdelium
424 2938 800 3010 devotionem,
833 2957 996 3013 quam
1052 2942 1357 2998 etiamnum
1388 2942 1667 2999 cernimus
1696 2949 1757 2998 ut

121 3030 337 3086 sanctis
377 3029 673 3086 luminaria
695 3034 1081 3089 accenderent.

763 3148 973 3205 CAPUT
1006 3150 1115 3205 Vll.

197 3242 391 3297 Velum
418 3259 543 3298 vero
572 3247 848 3315 quoddam
870 3261 1174 3317 oppansum
1213 3247 1415 3314 ibidem
1444 3248 1749 3304 videbatur.

119 3333 214 3389 Sic
240 3333 293 3388 Μ
324 3341 380 3389 et
408 3335 474 3390 R.
503 3336 612 3392 Sed
640 3337 729 3405 (Π,
760 3354 1076 3408 appensum.
1110 3339 1168 3406 S,
1201 3355 1511 3410 oppensum.

741 3450 949 3505 CAPUT
1003 3450 1141 3504 Vlll.

198 3540 467 3595 Seammis
499 3541 706 3608 tapetia
744 3539 941 3593 reddit.
973 3539 1085 3594 Hoc
1122 3545 1207 3594 est
1238 3539 1477 3610 reponit.
1512 3539 1603 3594 Sic
1632 3554 1755 3594 om-

126 3628 223 3683 nia
252 3627 613 3699 exemplaria,
654 3636 854 3699 printer
880 3627 993 3693 MS,
1043 3628 1192 3699 quod
1224 3629 1411 3695 habet,
1437 3633 1629 3684 sancta
1668 3634 1755 3683 ta-

120 3724 275 3791 petia
289 3721 554 3775 reddidit.
587 3719 660 3774 Ex
692 3720 760 3774 iis
789 3729 972 3775 autem
1007 3737 1130 3792 qua:
1150 3721 1243 3776 hic
1258 3720 1753 3777 reierunturdisci-

126 3827 255 3865 mus
285 3816 615 3866 ornamenta
644 3810 895 3866 ecclesias
928 3826 1039 3866 non
1057 3827 1179 3867 esse
1195 3812 1525 3883 applicanda
1537 3812 1603 3867 ad
1623 3828 1757 3868 usus

124 3899 406 3970 profanos.

770 3972 978 4027 CAPUT
1020 3972 1106 4026 1X.

198 4064 455 4118 Versibus
484 4064 648 4117 etiam
678 4079 811 4117 auro
837 4065 1055 4134 inclytis
1106 4064 1495 4134 prwtitulavit,
1529 4064 1619 4120 Sic
1640 4065 1746 4121 MS.

124 4154 188 4207 At
206 4152 462 4219 J,inlitis.
498 4150 580 4218 C,,
609 4152 822 4207 inditis.

770 4243 977 4301 CAPUT
1042 4246 1104 4301 X.

197 4336 367 4402 Quem
421 4336 802 4405 quotidianum
833 4338 1001 4406 pallii
1027 4354 1190 4392 usum
1219 4338 1362 4393 nulli
1390 4354 1631 4409 unquam
1658 4357 1752 4394 ar-

126 4429 463 4498 chiepiscopo
488 4432 886 4484 seconcessisse.
920 4429 997 4484 De
1025 4430 1353 4486 auctoritate
1383 4438 1438 4485 et
1465 4448 1567 4486 usu
1596 4431 1747 4502 pallii

131 4522 215 4570 est
247 4514 443 4570 titulus
474 4515 507 4571 8
546 4515 642 4571 lib.
706 4517 1133 4573 iDecretalium.
1194 4519 1466 4573 Baronius
1520 4526 1633 4574 tom
1708 4519 1751 4573 Χ

124 4606 349 4662 duobus
372 4605 529 4669 locis,
562 4607 818 4664 videlicet
872 4608 978 4665 849
1003 4617 1059 4664 et
1085 4609 1211 4676 852,
1256 4610 1751 4667 scribitNicolaum

125 4715 328 4770 papam
361 4715 567 4775 negare
598 4700 768 4755 fuisse
823 4716 1146 4757 concessum
1203 4701 1492 4758 Hincmaro
1526 4702 1752 4773 pallium

123 4787 193 4841 ad
224 4804 386 4843 usum
438 4789 825 4859 quotidianum
857 4806 888 4845 a
942 4790 1126 4846 Leone
1180 4808 1343 4862 papa,
1376 4820 1400 4838 ιι
1444 4801 1522 4859 ιιι,
1555 4791 1752 4863 inquit,

121 4897 224 4935 suo
255 4881 379 4937 loco
396 4870 632 4936 dicetur".
672 4903 691 4931 ι
728 4883 924 4937 Verum
958 4883 1015 4937 in
1047 4883 1221 4956 gestis
1252 4882 1459 4939 Nicolai
1520 4900 1675 4955 papa:
1703 4884 1757 4938 id

123 4986 400 5041 nusquam
425 4970 668 5024 ostendit
722 4970 916 5026 falsum
974 4971 1167 5040 fuisse,
1198 4972 1301 5026 etsi
1327 4973 1395 5027 de
1428 4972 1552 5027 aliis
1578 4973 1750 5029 llinc-

126 5082 342 5120 marum
386 5064 700 5141 redarguat.

201 5157 612 5211 Commendasse
640 5159 910 5227 reperitur
931 5160 1198 5228 episcopis
1232 5163 1394 5228 atque
1430 5160 1642 5227 legatis.
1664 5161 1755 5215 Sic

130 5249 242 5305 MS.
276 5250 341 5302 At
396 5247 508 5315 CJ.,
565 5251 823 5319 epistolis.
888 5249 1042 5331 Prior
1098 5250 1264 5307 lectio
1322 5252 1496 5326 magis
1554 5253 1753 5325 placet,

125 5342 263 5415 quia
293 5343 365 5399 de
387 5342 643 5414 epistolis
683 5356 809 5397 mox
840 5341 982 5415 infra
1003 5345 1272 5417 sequitur.
1297 5351 1305 5360 '

778 5431 988 5487 CAPUT
1027 5432 1113 5489 XI.

197 5524 277 5577 De
298 5520 507 5590 synodo
545 5522 988 5590 comprovinciali
1011 5523 1161 5592 apud
1191 5524 1560 5580 Suessonicam
1578 5522 1760 5577 urbem

126 5612 341 5667 habita.
367 5611 553 5665 Exstat
579 5616 712 5665 tom.
754 5611 820 5665 lll
881 5609 1249 5667 Conciliorum
1283 5654 1296 5680 ,
1356 5621 1508 5684 parte
1560 5612 1757 5683 prima,

125 5700 414 5756 celebrata
435 5716 585 5755 anno
635 5701 763 5767 853,
825 5707 1083 5771 tempore
1131 5702 1332 5758 Leonis
1363 5702 1566 5770 lV,scd
1596 5711 1655 5758 ut
1685 5703 1760 5757 ibi

129 5799 379 5860 notatur,
413 5802 470 5848 et
501 5791 645 5847 infra
700 5791 905 5848 fatetur
956 5800 1148 5849 auctor
1205 5800 1393 5851 noster
1435 5795 1539 5851 hoc
1561 5794 1760 5851 eodem

1784 4564 1837 4631 D

1864 1867 2097 1923 clericos
2134 1865 2506 1922 restituendos
2549 1881 2672 1921 esse
2703 1866 2967 1922 decrevit.
3022 1868 3144 1923 llazc
3188 1869 3376 1925 habita
3405 1876 3490 1925 est

1865 1974 2013 2015 anno
2044 1958 2169 2014 866.

1934 2052 2213 2106 Amalrico
2256 2052 2574 2105 Turonensi.
2616 2050 2695 2105 ita
2752 2049 2837 2117 CJ,
2900 2058 3011 2106 tom
3083 2051 3380 2108 Concilior.
3432 2060 3488 2109 et

1862 2143 2063 2198 Chron.
2100 2142 2493 2197 Cameracense
2548 2142 2657 2207 MS,
2693 2143 2963 2198 Almarico
3012 2151 3068 2199 et
3118 2143 3261 2199 infra
3294 2146 3485 2200 Alma-

1860 2237 2052 2300 ricum,
2088 2242 2143 2289 et
2163 2233 2419 2288 similiter
2447 2234 2535 2287 bis
2562 2249 2680 2304 cap.
2710 2233 2797 2288 21.
2824 2234 2992 2288 Plena
3013 2234 3185 2289 dictio
3203 2242 3285 2289 cst
3315 2237 3491 2291 Ama-

1859 2328 2081 2391 laricus,
2116 2326 2264 2400 regis
2283 2326 2731 2397 Wisegothorum
2778 2341 3005 2381 nomen.
3042 2327 3178 2380 Item
3204 2327 3273 2392 M,
3315 2331 3486 2382 Turo-

1857 2431 2037 2471 nense.
2070 2415 2478 2479 Catalaunense,
2508 2416 2951 2481 Noviomagense,
2983 2424 3037 2469 et
3072 2414 3146 2468 ita
3167 2414 3235 2468 de
3267 2415 3485 2488 caeteris

1855 2504 2116 2561 omnibus
2150 2520 2248 2574 per
2276 2520 2321 2567 e,
2356 2503 2462 2556 nisi
2513 2503 2662 2573 quod
2724 2504 2869 2577 legat
2923 2504 3204 2571 Sennensz,
3248 2520 3346 2573 pro
3374 2520 3485 2575 quo

1853 2604 2120 2652 mutatum
2148 2604 2251 2662 est,
2284 2597 2578 2652 Senonensi
2633 2603 2687 2650 et
2716 2597 3106 2651 Cameracensi.
3151 2596 3351 2650 Verum
3380 2597 3486 2651 hoc

1850 2691 1976 2746 loco
2033 2689 2362 2744 retinuimus
2413 2688 2755 2743 usitatiorem
2811 2688 3268 2755 declinationem,
3312 2672 3487 2743 secuti

1852 2782 2330 2853 aliaexemplaria,
2365 2789 2420 2836 et
2474 2788 2637 2851 prout
2683 2780 2885 2853 legitur
2925 2782 2979 2835 in
3015 2781 3178 2836 tomis
3210 2780 3484 2836 Concilio-

1858 2893 2002 2943 rum,
2024 2884 2087 2931 ut
2109 2874 2501 2946 pronuntietur
2518 2872 2792 2928 ablativus
2822 2888 2920 2943 per
2948 2875 2987 2927 ἱ.

1927 2972 2166 3026 Huberto
2212 2968 2490 3023 Meldensi.
2540 2967 2619 3021 lta
2648 2966 2742 3035 CI,
2789 2965 2935 3021 sicut
2969 2973 3024 3021 et
3055 2964 3252 3021 tabulae
3283 2966 3487 3022 Demo-

1857 3060 2057 3115 charis.
2101 3058 2165 3112 At
2184 3057 2422 3127 reliqua,
2454 3055 2722 3110 Hucberto
2751 3060 2813 3107 ut
2841 3054 2897 3108 in
2928 3061 3061 3109 tom.
3090 3053 3321 3121 Concil.,
3351 3070 3487 3125 quo-

1858 3154 2025 3210 modo
2047 3153 2210 3207 etiam
2244 3165 2445 3206 nomen
2497 3148 2855 3203 Leodicensis
2906 3148 3152 3218 episcopi
3186 3148 3242 3201 in
3270 3164 3475 3203 manu-

1858 3242 2078 3312 scriptis
2103 3238 2391 3295 codicibus
2421 3235 2694 3311 Sigeberti
2726 3243 2996 3305 perpetuo
3029 3234 3249 3309 legitur.

1922 3336 2061 3388 Iona
2089 3329 2595 3398 Augustudunensi.
2621 3326 2692 3381 Μ.
2724 3326 3222 3394 Augustidunense,
3247 3341 3347 3397 pro
3371 3342 3482 3397 quo

1855 3427 1917 3483 SJ
1948 3422 2443 3494 Augustodunensi,
2476 3419 2625 3491 quod
2656 3434 2806 3474 nunc
2835 3418 3115 3473 usitatius.

1925 3519 2224 3579 Godelsado
2255 3515 2617 3575 Cavilonensi.
2651 3513 2744 3567 Sic
2792 3513 2980 3568 omnia
3011 3510 3242 3583 antiqua
3281 3527 3478 3566 exem-

1856 3610 2028 3683 plaria
2058 3627 2071 3674 ;
2107 3610 2141 3663 8
2172 3617 2226 3663 et
2248 3607 2281 3662 .l‘
2307 3603 2715 3661 substituerunt
2739 3593 2943 3657 nomen
2984 3600 3263 3657 recentius
3294 3601 3478 3658 Cabil-

1854 3706 2292 3845 ιοΈῗιῗὲὸναηηο
2344 3782 2613 3850 Sagiensi.
2673 3779 2743 3835 Μ.
2804 3778 3074 3854 Sogense,
3140 3780 3190 3843 J,
3220 3778 3479 3852 Sagcnsi,

1853 3882 2134 3957 quomodo
2161 3887 2216 3936 et
2244 3880 2302 3933 in
2334 3877 2497 3933 tomis
2543 3874 2749 3930 Concil.
2781 3873 2874 3928 hic
2901 3872 3124 3946 legitur.
3152 3873 3217 3927 At
3242 3872 3298 3926 in
3333 3873 3477 3941 sub-

1854 3973 2154 4044 scriptione
2219 3966 2440 4024 concilii
2493 3963 2770 4020 Tullensis
2835 3968 2890 4018 et
2936 3979 2974 4016 ιι
3035 3961 3477 4031 Suessionensis,

1855 4063 2256 4124 Ilildebrandus
2285 4056 2868 4130 Sagiensis.Similiter
2912 4056 2969 4110 in
3025 4054 3232 4110 tabulis
3279 4056 3479 4110 Demo-

1853 4158 2035 4216 charis
2058 4157 2202 4210 inter
2232 4154 2527 4225 episcopos
2573 4150 2871 4224 Sagienses
2916 4161 3066 4203 nono
3103 4147 3222 4203 loco
3256 4147 3481 4218 ponitur

1855 4254 1888 4306 S
1968 4248 2392 4305 Hildebrandus.
2453 4244 2728 4315 Oppidum
2787 4241 3011 4317 Sagium
3064 4240 3375 4313 appellatur
3423 4250 3480 4296 et

1853 4344 2063 4408 Saium,
2092 4340 2187 4396 Gal
2233 4340 2359 4396 Seez
2382 4337 2438 4392 in
2468 4334 2862 4392 Nordmandia.

1926 4435 2181 4505 Rigboldo
2238 4435 2514 4488 Remorum
2562 4430 2954 4499 chorepiscopo.
3013 4426 3105 4481 Sic
3154 4425 3191 4481 C
3238 4433 3293 4481 et
3338 4426 3476 4482 tomi

1859 4528 2094 4595 Concil.,
2121 4525 2218 4581 ubi
2246 4530 2475 4579 vocatur
2512 4520 2835 4589 Rigbaldus,
2885 4535 2984 4590 pro
3036 4533 3146 4590 quo
3186 4534 3294 4573 non
3330 4527 3480 4574 recte

1864 4623 2167 4691 coepiscopo
2189 4617 2379 4691 legunt
2399 4613 2485 4667 MS
2515 4618 2571 4667 et
2588 4611 2615 4666 J
2627 4653 2639 4666 .

1931 4712 2075 4780 Lupo
2114 4707 2306 4761 abbate
2333 4702 2651 4780 monasterii
2697 4699 2844 4770 quod
2880 4699 3086 4754 dicitur
3140 4701 3474 4754 Ferrarium.

1861 4800 1951 4854 Sic
1980 4776 2170 4854 o—mnia
2194 4776 2559 4864 exemplaria:
2584 4792 2644 4845 In
2667 4797 2800 4846 tom.
2831 4788 3037 4845 Concil.
3063 4810 3087 4839 (ι
3125 4788 3474 4860 Lupoabbat,

1863 4889 2179 4948 monasterii
2233 4886 2578 4952 Bethlehem,
2627 4883 2774 4956 quod
2827 4882 3104 4937 Ferrarias
3166 4881 3390 4935 dicitur.
3452 4900 3472 4927 τι

1857 4986 2096 5056 Utroque
2141 4981 2290 5036 enim
2346 4978 2645 5034 vocabatur
2692 4976 2935 5032 nomine.
2994 4974 3165 5043 Hujus
3213 4972 3346 5043 Lupi
3376 4972 3477 5027 ab-

1856 5071 1999 5128 batis
2030 5076 2205 5126 exstat
2234 5068 2374 5123 liber
2394 5065 2769 5138 epistolarum.

1924 5164 2169 5218 Heriaco.
2199 5159 2248 5214 M
2275 5166 2331 5213 et
2353 5156 2505 5212 aliud
2535 5155 2838 5226 exemplar,
2891 5153 3101 5207 Heirico
3146 5150 3232 5217 SJ,
3265 5152 3476 5207 Herico.

1857 5251 1991 5307 tomi
2022 5249 2229 5306 Concil.
2269 5249 2453 5304 Erice.

1928 5341 2322 5399 Hairohaldus.
2384 5338 2474 5393 Sic
2511 5337 2620 5391 MS.
2671 5334 2730 5389 Al
2765 5375 2781 5405 ,
2838 5332 3158 5400 Hairoldus,
3192 5339 3253 5388 ut
3311 5331 3480 5388 CJ.ln

1860 5443 1992 5491 tom.
2038 5430 2247 5489 Concil.
2278 5429 2666 5487 Harowaldus.

1933 5525 2161 5582 Nomine
2187 5520 2490 5576 Halduino.
2551 5518 2631 5572 Ita
2681 5514 2786 5580 RC,
2838 5521 2893 5569 et
2940 5521 3073 5571 tom.
3135 5514 3342 5571 Concil.
3375 5514 3484 5571 Sed

1866 5614 1950 5669 MS
1980 5612 2277 5677 Balduino,
2309 5607 2526 5663 tametsi
2583 5606 2633 5662 Μ
2666 5607 2806 5663 infra
2850 5608 3191 5663 Halduinum
3235 5606 3366 5681 legit
3387 5620 3486 5675 pro

1862 5718 1975 5776 quo
2007 5702 2151 5755 male
2183 5704 2491 5755 correctum
2522 5697 2875 5754 Balduinum.
2906 5697 2956 5764 J,
2988 5697 3275 5765 Harduino
3334 5700 3484 5749 utro-

1860 5794 2052 5869 hique.
