3874 6480
324 469 427 528 375

1163 466 1561 521 COLVENERII
1603 464 1878 520 SCHOLIA
1923 466 1986 519 IN
2032 466 2201 521 HIST.
2244 467 2530 522 REMENS.
2574 467 2841 523 ECCLES.

3574 478 3700 534 376

404 602 677 658 Prwmissi
696 601 928 671 datique
966 599 1180 654 concilii
1202 597 1482 667 praesules,
1533 596 1838 665 apostolica;
1876 610 1960 648 se-
1982 600 2034 668 Α
2058 597 2216 671 regni
2247 613 2279 651 a
2309 595 2500 652 Carolo
2532 597 2715 662 Calvo,
2771 607 2922 668 patre
2971 601 3145 671 ipsius
3183 602 3390 659 Judilh.
3427 605 3706 660 Videatur

332 700 419 753 dis
456 697 760 752 obedientes
783 694 1091 763 prmoeptis,
1146 696 1232 744 etc
1263 730 1276 753 ,
1308 689 1626 757 hujusmodi
1652 688 1953 756 prwferen-

337 797 411 846 tes
432 790 735 860 epistolam.
763 787 886 841 Ilaec
949 782 1200 855 epistola,
1233 781 1390 849 cujus
1452 779 1750 833 summaria
1779 779 1959 849 capita

341 876 719 933 tantummodo
758 874 850 929 hic
894 874 1231 936 inseruntur,
1285 877 1371 923 est
1423 868 1688 939 synodica
1728 866 1959 937 epistola

340 965 561 1021 concilii
592 963 901 1028 Trecensis,
935 962 1003 1014 de
1035 975 1145 1031 quo
1184 958 1324 1013 infra
1382 974 1502 1029 cap.
1567 959 1652 1024 17,
1687 958 1837 1028 quod
1868 972 1959 1010 ce-

342 1060 613 1114 lebratum
656 1062 739 1110 est
805 1055 872 1109 ab
928 1052 1125 1106 iisdem
1175 1051 1453 1122 episcopis
1506 1066 1652 1105 anno
1683 1049 1960 1120 sequenti,

342 1150 599 1206 videlicet
640 1148 765 1213 867,
824 1163 855 1201 a
903 1145 1102 1216 quibus
1166 1144 1504 1200 celebratum
1563 1150 1679 1198 erat
1709 1141 1962 1197 Suessio-

344 1255 514 1294 nense
546 1252 691 1292 anno
723 1234 848 1301 866,
908 1242 968 1288 ut
1014 1233 1133 1304 ipse
1186 1233 1379 1288 titulus
1432 1233 1660 1297 indicat,
1690 1233 1965 1286 destinata

344 1329 568 1401 quidem
628 1326 696 1380 ad
742 1324 1045 1389 Nicolaum,
1093 1322 1191 1377 sed
1241 1321 1451 1375 reddita
1501 1322 1620 1390 ejus
1650 1320 1957 1376 successori

342 1421 579 1475 Adriano
613 1419 675 1471 ll.
705 1413 1340 1471 Exstattom.lllConcil.
1376 1413 1433 1466 in
1460 1412 1960 1484 ﬁneprimazpartis

342 1513 434 1567 ubi
475 1509 740 1582 praecedit
766 1516 820 1563 et
850 1507 955 1562 alia
983 1506 1217 1577 epistola
1232 1505 1552 1560 corumdem
1570 1505 1959 1576 episcoporum

343 1621 407 1659 ex
448 1602 685 1658 concilio
714 1599 1100 1655 Suessionensi
1122 1597 1325 1668 scripta
1357 1613 1503 1653 anno
1532 1596 1833 1668 superiori,
1865 1612 1963 1650 cu-

336 1695 428 1763 jus
458 1692 620 1764 paulo
652 1690 910 1761 superius
958 1696 1146 1743 auctor
1197 1696 1386 1742 noster
1425 1687 1694 1741 meminit.
1729 1688 1837 1740 Hac
1861 1703 1962 1740 au-

341 1796 453 1842 tem
470 1784 720 1856 .epistola
750 1782 803 1847 '2,
838 1782 1000 1852 plene
1049 1780 1396 1835 satisfaciunt
1456 1780 1522 1834 iis
1553 1796 1676 1850 quae
1708 1779 1962 1833 Nicolaus

343 1893 487 1948 papa
525 1874 760 1944 epistola
799 1871 868 1926 46
911 1869 1050 1940 ipsis
1104 1870 1434 1939 injunxerat.
1469 1869 1763 1939 Inscriptio
1797 1868 1962 1938 paulo

343 1946 561 2037 plenior
587 1970 673 2018 est
726 1963 783 2015 in
836 1961 1001 2017 tomis
1062 1959 1451 2025 Conciliorum,
1512 1967 1566 2014 et
1598 1960 1651 2013 in
1684 1959 1968 2030 epusculis
1996 1946 2041 2011 Β

346 2054 622 2110 Hincmari
679 2068 856 2122 nuper
903 2050 1069 2105 editis
1110 2064 1207 2120 per
1241 2049 1509 2103 Joannem
1563 2047 1970 2104 Lemovicensis

344 2151 603 2207 Ecclesiae
634 2148 962 2204 canonicum
997 2163 1009 2199 :
1038 2165 1063 2196 «
1126 2144 1607 2199 Reverendissimo
1650 2149 1702 2197 et
1733 2143 1970 2198 sanctis-

344 2243 489 2296 simo
514 2239 739 2295 domino
772 2238 919 2292 Patri
952 2252 1016 2291 ac
1047 2233 1348 2290 universali
1380 2250 1535 2304 papze
1563 2233 1807 2300 Nicolao,
1850 2233 1971 2303 epi-

346 2332 523 2401 scopi,
545 2330 637 2401 qui
658 2328 937 2400 praeterito
985 2340 1130 2381 anno
1180 2341 1279 2396 per
1310 2324 1542 2395 gratiam
1574 2323 1668 2377 Dci
1700 2330 1754 2377 et
1773 2323 1973 2377 decre-

349 2431 462 2477 tum
492 2427 735 2475 vestrum
770 2417 917 2488 apud
974 2415 1363 2471 Suessonicam
1410 2414 1604 2469 urbem
1663 2429 1793 2467 eum
1852 2411 1975 2466 aliis

349 2514 445 2586 qui
478 2521 607 2567 tunc
633 2508 970 2580 nequierunt
986 2508 1347 2571 adeesse,vm
1377 2504 1609 2560 Kalend.
1630 2502 1973 2570 Novembris,

352 2602 854 2677 primaindictione
884 2599 1031 2670 apud
1058 2599 1258 2653 Trecas
1300 2596 1687 2653 convenimus.
1720 2614 1744 2645 ››
1775 2594 1977 2648 Praeter

351 2698 564 2752 litteras
627 2692 923 2764 synodales
976 2706 1040 2744 ex
1079 2688 1281 2754 concil,
1324 2704 1360 2741 ιι
1402 2684 1790 2741 Suessionensi
1824 2682 1979 2738 dedit

352 2797 409 2844 et
436 2789 702 2859 privatam
740 2784 902 2855 epist.
943 2782 1270 2855 Hincmarus
1307 2779 1376 2833 ad
1408 2777 1690 2832 Nicolaum
1722 2792 1922 2847 papam
1960 2793 1973 2840 ;

356 2900 466 2955 qua
490 2897 549 2936 se
571 2887 798 2936 excusat
838 2877 983 2949 quod
1015 2890 1126 2930 non
1181 2874 1363 2928 statim
1405 2872 1637 2926 clericos
1669 2871 1792 2925 illos
1816 2871 1980 2925 resti-

358 2973 544 3030 tuerit.
608 2971 789 3024 Exstat
814 2967 961 3038 apud
993 2963 1287 3019 Baronium
1344 2961 1493 3016 dicto
1523 2976 1670 3015 anno
1691 2961 1816 3024 866,
1853 2968 1979 3031 post

358 3065 645 3137 epistolam
673 3060 1021 3133 synodalem.
1054 3058 1293 3127 Utraque
1341 3057 1509 3110 missa
1543 3062 1626 3109 est
1668 3070 1766 3125 per
1791 3054 1976 3129 Egilo-

359 3171 484 3210 nem
502 3152 974 3223 archiepiscopum
1007 3147 1409 3202 Senonensem.
1437 3145 1501 3200 Ut
1530 3152 1713 3199 autem
1738 3144 1975 3215 epistola

360 3248 625 3319 synodica
653 3242 939 3299 Trecensis
961 3248 1074 3295 tota
1102 3238 1236 3293 huic
1280 3253 1401 3308 cap.
1437 3252 1548 3291 non
1578 3235 1862 3302 inseritur,
1895 3238 1975 3291 sic

2057 686 2296 741 Jacobus
2346 687 2594 757 Meyerus
2648 688 2703 741 in
2762 689 3068 744 Annalibus
3115 693 3300 747 Fland.
3361 712 3511 749 anno
3559 695 3698 751 863.

2062 776 2210 829 Inter
2238 776 2399 845 epist.
2436 777 2639 830 Nicolai
2666 778 2748 830 hie
2778 785 2905 831 sunt
2928 779 2997 833 de
3029 796 3194 835 causa
3223 784 3705 847 Balduini20,21,

2061 865 2148 930 30,
2179 865 2248 922 32
2277 868 2433 933 et52,
2468 884 2588 938 quae
2635 884 2828 923 omnes
2886 868 3000 923 fere
3031 879 3159 926 sunt
3189 875 3256 928 ad
3299 874 3477 945 ipsum
3522 875 3707 930 Caro-

2064 961 2174 1015 lum
2205 970 2479 1033 regem,ut
2508 962 2775 1017 Balduino
2809 973 3011 1036 parcat.
3046 968 3316 1022 Vicesima
3350 986 3459 1022 una
3499 977 3582 1023 est
3625 970 3703 1023 ad

2067 1053 2521 1108 Hermentrudem
2581 1055 2851 1130 reginam.
2890 1058 2975 1113 Eae
3003 1077 3127 1130 qua:
3170 1068 3298 1115 sunt
3337 1061 3402 1115 ad
3431 1061 3704 1115 llincma-

2065 1163 2207 1212 rum,
2238 1162 2472 1217 quarum
2502 1147 2755 1201 meminit
2782 1149 2886 1204 hoc
2925 1152 3128 1220 capite,
3165 1167 3275 1206 non
3308 1159 3544 1207 exstant.

2676 1255 2882 1312 CAPUT
2936 1258 3079 1313 XIII.

2132 1350 2206 1401 De
2232 1363 2400 1401 causa
2438 1349 2672 1403 Rothadi
2703 1350 3011 1404 Suessonici
3040 1355 3275 1420 episcopi
3303 1355 3555 1422 depositi.
3594 1355 3709 1408 De-

2063 1436 2275 1506 positus
2315 1435 2414 1490 fuit
2438 1438 2527 1491 hic
2561 1438 2858 1501 Rothadus,
2885 1441 3026 1503 sive,
3061 1450 3115 1496 ut
3150 1450 3231 1496 est
3264 1443 3596 1516 plerumque
3647 1446 3709 1499 in

2066 1533 2195 1580 tom.
2226 1525 2592 1581 Conciliorum
2629 1535 2683 1581 et
2712 1528 3059 1584 Bibliotheca
3090 1531 3329 1597 Patrum,
3367 1533 3706 1598 Rothaldus,

2063 1623 2285 1669 auctore
2320 1614 2611 1670 Hincmaro
2668 1620 3019 1692 congregatis
3078 1620 3286 1691 aliquot
3330 1622 3613 1691 episcopis
3648 1623 3707 1676 in

2066 1707 2277 1775 synodo
2311 1706 2710 1761 Silvanectensi
2775 1724 2920 1764 anno
2952 1712 3074 1773 863,
3121 1727 3310 1763 mense
3342 1711 3531 1765 .Iunio.
3568 1712 3706 1776 Qui,

2069 1802 2161 1855 illo
2193 1802 2245 1854 in
2277 1803 2670 1855 monasterium
2743 1803 2989 1860 detruso.
3048 1806 3215 1859 alium
3265 1805 3704 1867 substituerunt,

2068 1910 2179 1949 non
2212 1895 2467 1950 obstante
2517 1898 2888 1967 appellatione
2923 1900 2987 1953 ad
3023 1901 3213 1954 sedem
3249 1902 3637 1971 apostolicam,
3677 1919 3710 1955 a

2071 2004 2179 2058 qua
2206 1995 2400 2058 postea
2417 1988 2535 2043 sedi
2558 2006 2670 2043 sua:
2712 1998 2793 2045 est
2825 1992 3130 2053 restitutus,
3184 2008 3307 2045 cum
3342 1993 3477 2046 nulli
3508 2001 3709 2048 contra

2071 2092 2201 2130 eum
2237 2085 2588 2132 accusatores
2645 2080 2828 2134 Romae
2861 2089 3264 2151 comparerent,
3300 2099 3397 2135 nec
3430 2083 3547 2151 ipse
3584 2082 3709 2137 Odo

2072 2165 2480 2221 Bellovacensis
2502 2168 2822 2240 episcopus,
2848 2170 2942 2240 qui
2974 2169 3040 2223 ab
3089 2171 3189 2224 hac
3221 2172 3432 2242 synodo
3470 2171 3708 2225 Romam

2073 2253 2271 2308 missus
2301 2254 2498 2319 fuerat,
2555 2272 2680 2310 eum
2753 2267 3056 2313 accusaret.
3088 2259 3161 2313 De
3207 2260 3411 2330 quibus
3443 2259 3716 2313 omnibus

2075 2342 2182 2396 late
2205 2343 2393 2397 videre
2423 2352 2503 2398 est
2543 2346 2834 2416 epistolam
2885 2348 2953 2399 ‘28
2986 2347 3192 2401 Nicolai
3238 2364 3390 2418 papae
3426 2347 3615 2417 primi,
3652 2354 3714 2401 et

2077 2441 2376 2503 sequentes
2404 2450 2580 2504 usque
2612 2434 2680 2488 ad
2737 2436 2825 2488 44.
2861 2438 2987 2499 Qua:
3021 2436 3297 2490 sexdecim
3332 2435 3580 2505 epistola“.
3614 2452 3715 2489 ex-

2078 2529 2193 2576 tant
2220 2538 2443 2595 quoque
2493 2532 2624 2579 tom.
2673 2526 2740 2580 III
2771 2512 3125 2580 Bibliothecae
3175 2509 3409 2580 Patrum‘
3447 2526 3716 2579 secundm

2077 2612 2359 2666 editionis.
2387 2614 2447 2667 Et
2479 2623 2625 2669 certe
2678 2615 3005 2670 Hincmarus
3038 2616 3089 2668 in
3122 2632 3220 2669 sua
3252 2615 3486 2685 epistola
3513 2615 3716 2685 apolo-

2077 2703 2276 2775 getica,
2301 2721 2422 2774 quae
2471 2713 2586 2761 toto
2644 2707 2965 2777 hoccapite
3021 2708 3360 2773 continetur,
3411 2706 3607 2760 scribit
3652 2724 3715 2759 se

2079 2791 2294 2845 mittere
2342 2793 2576 2848 vicarios
2643 2811 2794 2861 suos,
2854 2815 2879 2845 α
2928 2811 3039 2848 non
3097 2804 3449 2849 accusatores
3473 2796 3542 2848 ad
3566 2810 3713 2848 con-

2080 2878 2406 2953 ﬂigendum,
2477 2883 2577 2935 sed
2644 2892 2705 2935 ut
2760 2899 2791 2936 a
2866 2883 3115 2936 Rothado
3174 2889 3339 2952 atque
3419 2901 3448 2936 a
3516 2882 3714 2938 vicinis

2079 2975 2385 3034 accusatus,
2454 2969 2521 3022 ad
2580 2970 2970 3036 intimandum,
3058 2969 3204 3040 quod
3267 2984 3378 3022 non
3444 2968 3498 3020 in
3577 2984 3715 3021 cou-

2079 3062 2347 3127 temptum
2370 3058 2521 3112 sedis
2570 3058 2908 3129 apostolicae,
2970 3059 3343 3129 appellantem
3397 3057 3710 3116 Ilotbadum

2075 3150 2378 3203 secundum
2411 3151 2768 3206 Sardicenses
2814 3167 3057 3205 canones
3091 3152 3281 3204 sedem
3325 3149 3713 3219 apostolicam,

2076 3240 2171 3294 sed
2195 3256 2322 3295 eum
2354 3243 2447 3312 qui
2479 3243 2548 3296 ad
2590 3243 2889 3298 electorum
2932 3243 3203 3308 judicium
3266 3241 3337 3294 dc
3368 3240 3533 3294 certis
3560 3240 3718 3310 capi-

361 3315 516 3398 exiis
547 3358 667 3412 quae
696 3339 863 3393 habet
894 3333 1231 3391 Flodoardus
1278 3337 1579 3402 potuerunt
1609 3331 1821 3401 aliquot
1850 3331 1984 3386 locis
2009 3315 2057 3383 C
2084 3334 2213 3388 tulis
2245 3337 2560 3405 provocavit
2607 3336 2762 3404 juxta
2819 3335 3278 3409 Carthaginenses
3339 3342 3393 3388 et
3423 3334 3712 3389 Africanos

361 3433 606 3507 suppleri
647 3448 711 3487 ea
741 3446 863 3503 quae
881 3430 1084 3484 desunt
1109 3427 1164 3480 in
1192 3434 1326 3481 tom.
1366 3424 1733 3479 Conciliorum
1752 3434 1807 3480 et
1837 3426 1984 3496 apud

363 3522 702 3580 Cordcsium.

433 3618 495 3670 In
525 3616 637 3668 suis
662 3613 943 3666 ordinibus
979 3612 1261 3665 restituere
1288 3610 1830 3664 maturassemus.Sic
1860 3611 1985 3680 qui-

366 3709 491 3761 dem
525 3706 558 3758 S
583 3704 706 3770 etJ,
729 3704 826 3758 sed
859 3718 1043 3757 errore
1076 3702 1166 3757 hic
1188 3701 1453 3772 positum,
1480 3717 1601 3755 cum
1637 3718 1765 3756 vera
1819 3702 1984 3756 lectio

366 3799 456 3866 sit,
518 3812 680 3867 quam
751 3795 955 3849 habent
997 3792 1131 3847 Met
1168 3791 1224 3860 C,
1253 3798 1668 3847 maturaremus.
1707 3793 1781 3846 Ita
1835 3792 1982 3846 enim

366 3895 446 3943 est
470 3873 525 3941 in
554 3894 686 3942 tom.
714 3884 945 3953 Concil.,
987 3884 1061 3937 ita
1118 3882 1173 3935 in
1231 3882 1425 3937 eadem
1453 3882 1686 3952 epistola
1710 3881 1855 3936 edita
1886 3898 1985 3953 per

367 3981 706 4043 Cordcsium,
768 3985 822 4032 et
870 3977 927 4031 in
982 3975 1214 4046 epistola
1263 3974 1542 4028 Hincmari
1597 3975 1667 4027 ad
1700 3975 1983 4029 Nicolaum

367 4091 587 4146 papam,
620 4088 742 4144 qum
773 4078 858 4126 est
884 4069 1130 4125 secunda
1179 4068 1321 4123 inter
1374 4084 1468 4122 cas
1521 4084 1658 4139 quas
1692 4068 1985 4124 Cordesius

367 4167 559 4233 edidit,
585 4173 638 4219 et
668 4165 723 4218 in
744 4163 980 4234 epistola
1007 4160 1241 4216 secundi
1270 4160 1471 4215 concil.
1507 4161 1675 4215 Suess
1722 4161 1791 4215 ad
1822 4177 1986 4216 eum-

370 4257 492 4310 dem
526 4254 829 4310 Nicolaum.

440 4348 662 4415 Scripta
684 4358 911 4413 quoque,
941 4356 1059 4411 qua:
1085 4341 1210 4394 hinc
1240 4356 1275 4393 a
1302 4345 1485 4395 vestra
1512 4345 1837 4395 auctoritate
1888 4344 1983 4397 di-

368 4441 530 4490 recta.
567 4435 656 4489 Sic
683 4432 767 4487 CJ.
798 4430 1082 4487 Consentit
1132 4430 1297 4485 lectio
1328 4447 1450 4502 qua)
1480 4439 1561 4485 est
1589 4431 1643 4484 in
1674 4440 1807 4488 tom.
1851 4433 1993 4489 Con-

369 4529 456 4584 cil.
489 4527 593 4582 nisi
636 4541 746 4598 quo
765 4540 865 4597 pro
881 4527 1005 4579 hinc
1025 4524 1171 4595 legat
1201 4524 1404 4578 huc.At
1425 4525 1550 4578 hinc
1578 4524 1751 4596 accipi
1788 4537 1989 4598 potest,

2086 3438 2431 3489 canones,ac
2461 3426 2683 3479 decreta
2741 3426 2886 3479 beati
2939 3423 3716 3499 Gregorii,regulariterjudi—

2087 3515 2349 3571 cavimus.
2389 3541 2412 3565 n
2449 3517 2668 3572 Sicille.
2702 3517 2898 3571 Verum
2934 3517 2988 3570 id
3018 3522 3181 3589 negat
3216 3515 3498 3569 Hotbadus
3527 3515 3582 3568 in
3613 3531 3716 3569 sua

2087 3606 2627 3679 appellatione,qua:
2660 3616 2833 3663 exstat
2867 3616 2990 3677 post
3018 3607 3179 3677 epist.
3203 3605 3267 3660 37
3293 3606 3497 3660 Nicolai
3535 3622 3716 3676 papae,

2087 3704 2248 3769 atque
2298 3699 2353 3752 in
2408 3716 2475 3754 eo
2529 3701 2748 3755 videtur
2799 3700 3075 3770 praecipua
3134 3699 3510 3754 controversia
3546 3699 3720 3767 hujus

2086 3805 2263 3846 causa:
2323 3793 2647 3847 consistere.
2709 3792 2885 3846 Exstat
2950 3798 3126 3845 totum
3197 3794 3301 3845 hoc
3368 3791 3710 3861 caputapud

2086 3882 2282 3937 Baron.
2317 3890 2448 3937 tom.
2474 3884 2536 3949 Χ,
2567 3900 2711 3939 anno
2752 3885 2876 3947 861,
2915 3884 3010 3937 sed
3061 3901 3126 3937 ex
3175 3885 3337 3938 unico
3389 3882 3715 3951 exemplari,

2086 3986 2287 4041 eoque,
2317 3978 2375 4025 ut
2404 3972 2603 4027 fatetur
2646 3973 2932 4039 Baronius,
2968 3989 3077 4026 non
3103 3973 3224 4027 sine
3254 3972 3490 4026 merulis.

2160 4063 2393 4129 Quidam
2424 4070 2795 4135 episcrmormn
2850 4070 3003 4133 regni
3062 4067 3331 4130 Lothurii,
3392 4065 3501 4118 zelo
3528 4082 3719 4119 amaro

2088 4160 2276 4209 contra
2308 4173 2403 4210 nos
2436 4158 2603 4224 ducti,
2633 4160 2762 4227 quia
2787 4158 3001 4211 illorum
3042 4159 3283 4210 consiliis
3314 4157 3379 4209 de
3409 4157 3719 4210 Woltlradu

2086 4268 2191 4306 non
2222 4256 2608 4322 acquievimus.
2644 4253 2933 4308 Lotbarius
2965 4269 3079 4316 rex,
3112 4251 3259 4306 tilias
3284 4251 3525 4305 l.otbarii
3557 4251 3714 4321 imp.,

2089 4344 2375 4414 repudiata
2398 4344 2645 4419 legitima
2678 4362 2847 4399 uxore
2888 4345 3257 4416 Theutberga,
3293 4346 3435 4397 hanc
3461 4343 3717 4397 Waldra-

2095 4436 2219 4490 dam
2249 4436 2616 4490 concubinam
2674 4436 2780 4490 sibi
2842 4436 2894 4489 in
2952 4436 3364 4489 matrimonium
3398 4436 3712 4499 aseiverat;

2095 4541 2201 4595 qua
2229 4525 2296 4578 de
2330 4542 2388 4578 re
2417 4526 2602 4579 multis
2626 4541 2849 4596 quoque
2900 4532 3114 4577 exstant
3146 4523 3351 4577 Nicolai
3404 4539 3561 4592 papae
3591 4524 3713 4593 epi-

369 4632 478 4671 non
508 4623 568 4671 ut
605 4614 925 4670 adverbium
956 4612 1084 4678 loci,
1133 4612 1231 4667 sed
1272 4628 1391 4682 quae
1420 4615 1565 4681 hinc,
1595 4615 1650 4669 id
1680 4623 1762 4671 est
1792 4619 1856 4671 de
1893 4621 1993 4674 hac
2017 4618 2267 4708 Dstolaa,
2309 4617 2653 4671 etliincmari
2690 4618 2960 4687 prolixum
2990 4616 3317 4687 epusculum
3359 4615 3427 4668 de
3476 4614 3714 4670 divortio

368 4722 444 4772 re,
476 4704 582 4770 MS,
602 4720 721 4774 qum
769 4704 893 4757 hinc
921 4719 953 4756 α
1007 4706 1195 4757 nostra
1225 4705 1564 4756 auctoritate.
1604 4702 1713 4757 Sed
1748 4705 1987 4774 priorem

369 4800 667 4856 lectionem
731 4796 1016 4867 requirunt
1094 4810 1158 4848 ea
1215 4810 1337 4865 qua:
1406 4795 1725 4865 praecedunt
1773 4805 1827 4851 et
1890 4814 1987 4851 se-

370 4899 632 4965 quuntur.

1007 4957 1215 5013 CAPUT
1245 4957 1360 5012 XII.

446 5075 772 5129 Canonicam
802 5074 861 5126 in
902 5072 1024 5140 jam
1081 5070 1285 5123 dictum
1317 5069 1666 5135 Balduinum,
1699 5075 1748 5124 et
1776 5072 1989 5139 Judith,

369 5165 663 5220 secundum
692 5164 869 5218 edicta
900 5162 1041 5215 beati
1072 5160 1339 5227 Gregorii,
1367 5161 1435 5213 ab
1474 5162 1731 5229 episcopis
1751 5161 1994 5229 depromi

372 5260 692 5311 sententiam
719 5258 865 5322 fecit.
906 5253 961 5307 ld
990 5260 1071 5307 est
1116 5252 1325 5307 curavit
1376 5267 1471 5306 eos
1501 5253 1986 5307 excommunicari.

376 5345 687 5414 ReSpicitur
715 5352 920 5407 autem,
946 5353 1003 5397 ut
1027 5349 1276 5414 apparet,
1309 5342 1376 5396 ad
1419 5342 1699 5396 decretum
1733 5344 1797 5397 10
1845 5345 1981 5397 et“

374 5437 623 5510 Gregorii
664 5438 707 5490 II
730 5439 784 5491 in
815 5438 1029 5508 synodo
1075 5438 1341 5503 Romana,
1390 5453 1513 5508 cap.
1567 5439 1629 5493 Si
1657 5440 1780 5507 quis
1817 5440 1992 5505 virgi-

373 5546 491 5584 nem
522 5528 612 5595 36,
635 5528 763 5598 φὶ,
796 5546 905 5598 quo
946 5545 1068 5599 cap.
1127 5537 1377 5601 raptores
1414 5529 1687 5603 virginum
1721 5536 1776 5585 et
1800 5530 1993 5585 vidua-

372 5635 493 5674 rum
524 5617 988 5671 excommunicari
1006 5619 1287 5689 jubentur.

446 5713 517 5764 Et
544 5709 769 5762 honores
799 5708 1066 5762 Balduino
1100 5727 1201 5779 pro
1256 5719 1436 5767 vestra
1481 5713 1809 5768 solummodo
1845 5704 1987 5783 peti-

374 5800 516 5853 tione
543 5798 788 5851 donavit.
819 5794 912 5849 Hic
964 5796 1286 5865 Balduinus,
1334 5809 1706 5877 cognomento
1733 5803 1985 5867 Ferreus,

373 5888 584 5958 primus
632 5880 836 5936 dicitur
887 5891 1103 5937 creatus
1148 5903 1334 5943 comes
1373 5889 1642 5945 Flandria:
1674 5906 1772 5945 seu
1803 5907 1989 5947 comes

2095 4709 2333 4765 Lotharii
2353 4710 2497 4782 regis
2528 4716 2582 4763 et
2607 4709 2930 4782 Teutberga'
2957 4709 3185 4781 reginae.

2162 4808 2232 4860 Et
2258 4805 2373 4857 ideo
2402 4809 2463 4857 ut
2499 4820 2552 4858 se
2580 4805 2933 4867 concrederet,
2985 4804 3247 4856 locarium
3292 4805 3341 4854 ei
3379 4804 3705 4870 promittere.

2094 4896 2181 4950 Sic
2213 4894 2248 4950 C
2275 4904 2330 4950 et
2366 4897 2411 4949 J.
2447 4896 2656 4951 Dicitur
2710 4905 2893 4950 autem
2946 4896 3211 4949 locarium
3258 4910 3287 4948 a
3319 4894 3463 4957 loco,
3497 4894 3593 4948 ubi
3626 4895 3707 4949 lo-

2094 5002 2240 5052 care,
2285 4985 2335 5039 id
2382 4996 2465 5039 est
2495 4986 2793 5051 collocare,
2850 4994 2899 5038 te
2948 4984 3145 5055 possis.
3209 4981 3515 5055 Signiﬁcat,
3583 4991 3709 5039 teste

2092 5077 2357 5142 Varrone,
2387 5078 2623 5148 pretium
2659 5078 2804 5148 quod
2861 5077 3021 5129 datur
3052 5077 3103 5129 in
3138 5074 3355 5129 stabulo
3379 5081 3431 5128 et
3470 5074 3706 5131 taberna.

2096 5168 2251 5222 Unde
2277 5166 2480 5221 Gallice
2536 5167 2769 5221 vertitur
2816 5182 3029 5233 mor/ens
3061 5166 3125 5218 de
3161 5167 3328 5217 eiuro.
3365 5163 3450 5216 MS
3484 5174 3540 5217 et
3570 5164 3710 5218 aliud

2095 5257 2379 5327 exemplar
2417 5256 2607 5327 legunt
2655 5257 2951 5325 jocrm‘um,
3022 5253 3171 5324 quod
3228 5253 3373 5305 idem
3405 5251 3710 5322 significare

2092 5355 2271 5420 potest
2302 5348 2450 5418 quod
2494 5349 2693 5415 jocalc,
2728 5347 2841 5400 Gall
2899 5348 3114 5414 joyous.-
3148 5364 3161 5407 ;
3188 5346 3281 5398 sed
3307 5345 3433 5399 huic
3461 5346 3581 5399 loco
3609 5362 3713 5400 non

2094 5440 2350 5512 congruit
2384 5457 2396 5493 :
2434 5439 2583 5510 prior
2611 5446 2793 5494 autem
2821 5438 2984 5492 lectio
3010 5445 3063 5491 et.
3092 5425 3422 5507 significatio
3456 5437 3710 5506 probatur

2098 5548 2163 5587 ex
2195 5531 2263 5585 iis
2293 5548 2416 5601 qua}
2441 5548 2551 5585 non
2584 5531 2755 5585 multo
2790 5537 2915 5584 ante
2948 5529 3286 5600 praecedunt.

2162 5626 2233 5679 Et
2260 5625 2476 5679 itineris
2489 5624 2828 5691 longitudine
2859 5626 3021 5691 atque
3042 5620 3374 5675 insolirlitote
3403 5621 3703 5673 obstrictus.

2091 5715 2200 5772 Iter
2229 5715 2528 5771 insolidum
2560 5726 2737 5779 vocat,
2796 5730 2903 5769 non
2956 5720 3150 5777 tutum,
3217 5711 3420 5766 Gallice
3450 5714 3563 5765 mal
3599 5716 3701 5767 sur.

2093 5805 2350 5868 Quaedam
2403 5807 2739 5878 exemplaria
2763 5806 2871 5860 duo
2902 5805 3066 5859 verba
3094 5803 3300 5857 faciunt
3333 5806 3389 5857 in
3420 5805 3703 5862 soliditate.

2090 5894 2186 5948 sed
2221 5911 2332 5950 non
2357 5903 2525 5951 recte.
