3874 6418
200 402 305 457 377

1638 419 1698 472 IN
1745 419 1990 473 LIBRUM
2033 421 2123 474 ΙΙΙ.

3449 425 3552 479 378

268 543 392 594 Nisi
443 544 696 610 quan/tiu
726 544 888 609 ejecta
917 548 1032 599 sine
1098 548 1205 600 ullo
1235 551 1455 602 crimine
1504 552 1571 603 ab
1629 567 1690 603 ea
1730 567 1824 604 suo
1855 559 1900 622 Α
1932 561 1986 606 et
2014 553 2353 607 recentiores
2393 553 2703 606 scribentes
2741 553 2808 606 de
2861 554 3166 607 hmresibus
3215 555 3392 609 solum
3419 555 3552 609 illud

191 633 466 698 pontiﬁce.
507 631 732 686 Scilicet
801 633 1116 703 Rigoberto,
1179 637 1248 690 de
1279 654 1387 708 quo
1437 655 1603 708 supra
1635 640 1728 694 lib.
1765 658 1823 702 ιι,

194 739 318 792 cap.
355 723 437 776 1‘2.
487 724 615 787 Qua;-
674 725 842 780 dictio
892 727 997 780 alia
1056 746 1219 782 manu
1267 748 1434 801 snper
1485 734 1657 787 lineas
1689 734 1743 787 in
1776 734 1825 787 Μ

199 809 378 879 posita
407 819 509 874 est,
541 828 774 883 eamque
809 813 840 865 S
871 820 924 866 et
948 815 973 867 J
1007 815 1280 871 intextum
1318 821 1641 876 retulerunt.

270 900 429 964 Quod
455 902 678 965 furatus
710 905 782 955 sit
811 920 894 956 res
952 910 1002 956 ct
1033 907 1343 961 thesaurum
1374 911 1620 965 ecclesia}.
1651 912 1740 966 Sic
1766 912 1820 977 C,

195 1006 320 1059 quae
353 1007 479 1044 vera
509 991 932 1048 videturlectio.
966 995 1214 1067 Reliqua,
1246 998 1547 1058 fraudatus.

814 1083 1023 1139 CAPUT
1080 1087 1210 1141 XIV.

267 1170 362 1222 Ad
390 1173 810 1226 conciliabulum
858 1192 1033 1244 nuper
1074 1180 1230 1232 Mctis
1259 1182 1526 1246 habitum,
1559 1187 1704 1254 quod
1729 1204 1822 1240 ro-

191 1262 314 1311 curi
368 1261 635 1326 synodum
668 1266 933 1316 nituistis.
973 1265 1152 1318 Exstat
1205 1275 1332 1321 tom.
1394 1271 1460 1322 lll
1510 1271 1717 1326 Concil.
1769 1275 1824 1328 in

193 1351 304 1402 line
339 1349 531 1419 prima}
557 1353 748 1421 partis,
798 1354 1042 1408 habitum
1080 1373 1226 1412 anno
1258 1359 1381 1423 863,
1415 1379 1604 1417 mense
1635 1365 1824 1425 Junio,

192 1445 247 1496 in
314 1462 481 1498 causa
540 1449 1153 1523 repudii,Theutbergze
1223 1457 1427 1528 reginae
1489 1474 1518 1510 a
1574 1459 1826 1516 Lothario

192 1553 324 1609 rege
358 1538 510 1590 facti.
556 1540 839 1594 Damnavit
882 1542 1015 1594 illud
1076 1544 1372 1598 Nicolausl
1407 1547 1459 1599 in
1480 1550 1721 1604 concilio
1759 1551 1824 1604 Ill

195 1631 449 1684 Romano
472 1631 573 1683 sub
606 1632 725 1701 ipso
761 1633 947 1687 habito
968 1636 1161 1688 eodem
1195 1653 1360 1691 anno.

269 1724 507 1776 Tandem
567 1726 622 1777 in
688 1727 1011 1791 Moguntina
1063 1732 1281 1782 civitate
1339 1734 1531 1786 hdbitrt
1597 1737 1827 1800 synodo.

189 1814 417 1867 Itabano
455 1813 853 1882 archiepiscopo
907 1817 1149 1870 libellum
1180 1822 1269 1871 sui
1298 1824 1496 1874 erroris
1518 1826 1830 1890 porrigens,

186 1902 489 1953 damnatus
536 1902 603 1953 ab
630 1903 874 1955 omnibus
909 1905 1207 1958 Gn'mdnim
1240 1911 1522 1978 episcopis,
1553 1918 1656 1964 etc.
1706 1912 1830 1966 llarc

185 1994 540 2062 estsynodus
591 2010 625 2046 ιι
685 1995 1003 2068 Moguntina
1035 1998 1138 2051 sub
1163 2001 1403 2066 Rabano,
1435 2019 1581 2057 anno
1612 2002 1828 2058 Dominl

178 2086 313 2148 818,
350 2092 600 2156 ιυιιηιοιρ
633 2087 833 2142 Leonis
861 2105 1016 2159 papae
1061 2092 1137 2154 ιν,
1186 2093 1253 2146 de
1304 2110 1414 2164 quo
1447 2097 1645 2150 eodem
1679 2114 1825 2152 anno

183 2176 476 2236 Baronius,
513 2178 610 2229 sed
668 2192 731 2230 ex
776 2178 859 2231 his
911 2179 1197 2234 Flodoardi
1257 2184 1478 2254 scriptis
1527 2203 1590 2239 ex
1622 2187 1821 2241 Gallica

180 2264 379 2338 lingua
411 2265 588 2319 solum
616 2268 914 2321 translatis.

258 2355 452 2407 Postea.
484 2360 667 2408 autem
724 2373 756 2409 ιι
811 2359 1036 2424 Belgicae
1089 2363 1371 2415 Remorum
1419 2379 1480 2416 uc
1514 2365 1818 2419 Gi‘tllinrmn

173 2450 595 2517 provinciarum
648 2452 909 2520 episcopis
940 2453 1180 2506 auditus.
1217 2454 1484 2509 Videlicet
1518 2457 1569 2508 in
1603 2459 1816 2526 synodo

178 2536 477 2589 Valentina
505 2553 650 2592 anno
701 2539 826 2606 855,
881 2539 948 2592 ab
1001 2541 1466 2611 cpiscopistrium
1504 2546 1812 2614 provincia-

178 2643 330 2689 rum,
365 2643 490 2696 qua:
521 2633 695 2682 exstat
758 2635 886 2682 tom.
936 2630 1004 2682 Ill
1060 2630 1266 2684 Concil.
1312 2643 1468 2701 parte
1498 2650 1534 2698 ι,
1559 2634 1686 2687 etin
1715 2652 1810 2705 sy-

177 2716 334 2770 nodo
355 2716 600 2769 Tullensi
627 2716 683 2769 in
714 2717 984 2771 suburbio
1013 2719 1166 2772 illius
1198 2721 1370 2787 urbis,
1395 2722 1522 2776 villa
1563 2725 1813 2794 Sapona-

174 2808 291 2861 rias
324 2808 493 2873 dicta,
562 2807 630 2860 ab
699 2809 976 2880 episc0pis
1045 2812 1339 2866 duodecim
1402 2817 1809 2884 provinciarum

169 2915 327 2954 anno
353 2900 569 2954 Domini
603 2902 728 2966 8339,
793 2919 914 2971 qua-
941 2903 1144 2957 ibidem
1201 2921 1312 2959 non
1347 2907 1559 2979 integre
1617 2918 1808 2962 exstat.

170 2991 447 3044 Videatur
473 2991 739 3044 Baronius
767 2993 870 3046 hoc
901 3009 1046 3047 anno
1077 2993 1130 3046 in
1165 2995 1485 3050 Annalibus.
1519 2997 1812 3069 Utriusque

171 3081 323 3134 infra
357 3080 609 3133 meminit
637 3090 828 3135 auctor
859 3097 978 3151 cap.
1013 3084 1097 3136 16.

248 3175 380 3239 Quae
424 3178 615 3226 contra.
677 3175 997 3228 catholicam
1061 3177 1220 3243 ﬁdem
1288 3193 1354 3230 ea:
1393 3183 1558 3231 ceteri
1618 3181 1810 3234 lueresi
1842 3197 1889 3264 ρ

177 3267 702 3330 Prceclcstimltinna,
757 3273 887 3331 etc.,
932 3267 1106 3319 dicere
1163 3269 1432 3323 videatur.
1469 3271 1631 3324 Recte
1674 3273 1810 3327 dicit

170 3361 452 3421 videatur,
489 3362 618 3431 quia
650 3362 902 3432 quaedam
932 3379 994 3416 ex
1052 3363 1135 3416 his
1177 3365 1322 3419 bene
1365 3367 1647 3422 intellecta
1678 3368 1808 3424 ﬁdei

170 3467 287 3505 non
319 3452 684 3505 adversantur
734 3469 746 3504 :
793 3459 848 3505 ut
899 3455 1048 3523 quod
1107 3455 1356 3510 secundo
1409 3458 1528 3512 loco
1560 3457 1806 3523 affertur,

166 3541 575 3611 distinguendo
604 3540 673 3594 de
701 3541 987 3596 voluntate
1047 3544 1143 3596 Dei
1190 3545 1524 3615 beneplaciti
1557 3555 1610 3601 et
1636 3549 1800 3622 signi.

169 3637 308 3689 [tem
360 3637 520 3690 tertio
585 3639 726 3703 loco,
780 3639 926 3707 quod
987 3639 1233 3694 Christus
1293 3658 1390 3711 pro
1449 3645 1711 3699 omnibus
1736 3647 1808 3700 sit

167 3737 427 3782 mortuus
459 3737 512 3782 et
543 3729 838 3783 crucifixus
865 3731 1230 3799 sufficienter,
1256 3735 1402 3804 'quia
1434 3737 1669 3804 pretium
1702 3738 1806 3792 fuit

167 3820 460 3875 sufficiens
491 3823 638 3892 quod
667 3823 820 3877 dedit
851 3842 864 3889 ;
895 3825 991 3878 sed
1025 3841 1135 3880 non
1157 3842 1254 3896 pro
1273 3829 1533 3883 omnibus
1565 3829 1808 3884 eflicien-

176 3922 284 3976 ter,
315 3913 444 3982 quia
471 3928 581 3966 non
621 3915 880 3967 omnibus
931 3915 1260 3984 applicatur.
1298 3918 1351 3970 In
1383 3936 1547 3988 quem
1581 3938 1804 3975 sensum

176 4004 469 4073 respondit
494 4005 626 4058 olim
656 4006 710 4057 S.
770 4006 1004 4075 Prosper
1043 4009 1110 4061 ad
1173 4007 1419 4079 Capitula
1449 4011 1723 4067 Gallorum
1753 4023 1807 4069 et

176 4097 532 4164 objectiones
562 4098 969 4151 Vince..tianas.
1035 4102 1190 4163 Quod
1251 4102 1428 4171 primo
1497 4105 1616 4159 loco
1650 4105 1805 4160 aﬂ'ert

179 4186 513 4239 Hincmarns
545 4186 629 4239 his
658 4186 844 4239 verbis
879 4205 890 4240 :
927 4213 946 4230 ιι
989 4189 1121 4241 Dicit
1170 4190 1453 4252 (nimirum
1488 4193 1804 4248 Gothescal-

162 4280 299 4347 ens)
333 4279 559 4348 quodet
596 4286 807 4333 veteres
855 4281 1328 4336 Przedestinatiani
1355 4285 1611 4338 dixerunt
1664 4303 1806 4357 quo--

177 4370 325 4422 niam
396 4370 539 4423 sicut
573 4370 714 4423 Deus
762 4371 1028 4441 quosdam
1078 4373 1144 4425 ad
1191 4374 1352 4427 vitam
1410 4384 1692 4438 zeternam,
1727 4378 1801 4432 ita

173 4459 449 4528 quosdam
485 4459 896 4527 priedestinavit
934 4461 1002 4513 ad
1035 4468 1267 4515 mortem
1308 4474 1592 4519 aeternam.
1632 4487 1654 4516 ι)
1693 4466 1802 4520 Hoc

175 4547 349 4617 impie
370 4548 528 4601 abiis
580 4556 633 4601 et
689 4566 718 4602 a
750 4550 1110 4606 Gothescalco
1160 4555 1397 4621 dictum,
1449 4557 1577 4626 quia
1638 4557 1800 4612 dice-

173 4637 309 4689 bant
333 4636 480 4690 fatali
505 4639 834 4693 necessitate
867 4657 930 4692 ex
965 4642 1450 4711 prtedestinatione
1484 4646 1576 4699 Dei
1610 4663 1705 4700 eos
1737 4654 1802 4706 ad

174 4738 426 4799 peccata,
452 4731 656 4785 deinde
688 4733 743 4786 in
784 4746 1017 4789 mortem
1063 4739 1346 4807 compelli,
1382 4748 1436 4793 ut
1500 4751 1713 4798 constat
1739 4763 1802 4800 ex

173 4827 499 4894 objectione
542 4829 715 4896 prima
748 4831 802 4884 in
844 4831 1108 4902 Capitulis
1136 4834 1434 4902 Gallorum,
1457 4845 1510 4891 et
1553 4854 1671 4894 can.
1704 4842 1799 4896 ult.

174 4918 378 4972 concil.
403 4919 721 4974 Arausicani
753 4940 812 4989 ιι,
856 4935 909 4977 et
935 4941 1055 4994 cap.
1085 4926 1138 4990 3,
1173 4929 1371 4982 concil.
1419 4931 1712 4999 Valentini,
1748 4933 1800 4988 in

173 5008 305 5079 quo,
349 5009 519 5064 citato
585 5013 786 5066 eodem
845 5017 1045 5070 concil.
1081 5019 1799 5089 Arausieano,sicdicitur:

177 5123 198 5149 ει
233 5102 432 5154 Verum
465 5102 684 5173 aliquos
706 5106 770 5158 ad
790 5108 993 5162 malum
1029 5111 1452 5178 przedcstinatos
1469 5129 1590 5166 esse
1614 5114 1802 5169 divina

175 5206 470 5266 potestate,
503 5198 760 5255 videlicet
801 5210 858 5256 ut
889 5205 1044 5274 quasi
1093 5206 1237 5259 aliud
1271 5224 1391 5261 esse
1417 5225 1529 5262 non
1554 5218 1795 5279 possent,

172 5309 284 5346 non
305 5294 484 5347 solum
506 5310 617 5349 non
637 5297 935 5364 credimus,
961 5299 1057 5353 sed
1087 5301 1250 5354 etiam
1270 5303 1314 5356 si
1339 5303 1448 5357 sint
1470 5304 1562 5376 qui
1585 5311 1796 5358 tantum

171 5388 299 5440 mali
335 5388 566 5442 credere
607 5390 800 5456 velint,
839 5409 962 5446 eum
1031 5397 1180 5448 omni
1213 5396 1604 5466 detestatione,
1659 5399 1800 5454 sicut

170 5481 432 5535 Arausica
462 5481 728 5552 synodus,
783 5485 891 5539 illis
928 5488 1219 5541 anathema
1260 5490 1515 5544 dicimus.
1549 5515 1563 5538 ι
1596 5492 1799 5565 Legant

169 5581 380 5640 autem,
407 5584 464 5629 et
493 5577 640 5645 apud
662 5594 720 5631 se
739 5581 1086 5650 perpendant
1108 5591 1272 5654 caput.
1301 5596 1512 5639 sextum
1549 5585 1798 5654 ejusdem

167 5666 391 5720 concilii
447 5667 748 5737 Valentini,
800 5673 894 5742 qui
955 5673 1271 5741 hujusmodi
1329 5679 1666 5747 quaestiones
1698 5680 1803 5734 hoc

168 5757 374 5811 sarculo
402 5758 762 5815 suscitarunt.
802 5761 1067 5818 Carterum
1103 5768 1171 5821 de
1212 5768 1406 5824 harresi
1442 5769 1803 5826 Praedcstina-

170 5851 321 5904 tiana
347 5853 494 5922 apud
522 5860 736 5908 veteres
773 5874 892 5912 rara
924 5866 1006 5913 est
1061 5862 1268 5917 mentio
1291 5864 1394 5919 sub
1430 5865 1522 5919 illo
1555 5867 1801 5933 nomine,

1931 646 2183 708 afferunt,
2213 648 2356 718 quod
2394 647 2719 721 Sigebertus
2756 648 2808 700 in
2853 647 3120 702 Chronico
3138 665 3281 702 anno
3315 650 3438 713 -Ηῖἱ,
3472 650 3554 703 his

1928 742 2112 796 verbis
2173 761 2185 795 :
2247 764 2269 793 (ι
2335 742 2855 796 Ρι-ίι,ι(1(ιςιίιιθιοι·υιιι
2915 743 3141 796 ha‘lresis
3173 744 3276 797 hoc
3308 751 3552 813 tempore

1927 837 2332 906 cmpitscrperc
2366 854 2376 892 :
2405 837 2637 906 quiideo
2669 837 3052 890 Praedestinati
3110 846 3395 903 vocantur,
3425 839 3552 908 quia

1926 926 1994 980 de
2035 927 2517 996 prmdestinationc
2549 935 2597 981 ct
2630 927 2814 981 divina
2830 927 3006 997 gratia
3025 928 3555 997 disputantes,assc-

1927 1023 2119 1076 rebant
2147 1023 2293 1092 quod
2327 1039 2430 1076 nec
2461 1023 2546 1091 pie
2575 1023 2889 1076 viventibus
2917 1023 3090 1092 prosit
3119 1023 3390 1076 honorum
3419 1039 3555 1092 0pc-

1926 1131 2041 1166 rum
2079 1114 2253 1178 labor,
2288 1115 2330 1166 si
2363 1131 2391 1167 a
2424 1115 2534 1167 Deo
2570 1115 2634 1167 ad
2659 1122 2886 1167 mortem
2911 1113 3287 1182 pra‘destinati
3325 1113 3549 1175 fuerint;

1927 1225 2029 1262 nec
2058 1209 2245 1277 impiis
2272 1209 2420 1262 obsit
2451 1211 2595 1280 quod
2625 1209 2877 1279 improbe
2901 1209 3106 1272 vivant,
3139 1209 3182 1260 si
3217 1225 3246 1261 a
3281 1209 3388 1261 Deo
3411 1225 3554 1277 prae-

1929 1299 2187 1353 destinati
2236 1300 2441 1353 fuerint
2489 1301 2554 1354 ad
2592 1302 2776 1354 vitam.
2825 1302 2950 1364 Qua!
2980 1300 3211 1353 assertio
3244 1299 3494 1352 etbonos
3521 1315 3552 1351 a

1929 1389 2397 1449 bonisavotfabat,
2433 1397 2485 1442 et
2520 1391 2692 1443 malos
2719 1389 2782 1442 ad
2820 1390 2958 1442 mala
2990 1389 3338 1459 provocabat.
3381 1409 3398 1434 vt
3432 1387 3551 1441 Haec

1932 1481 2045 1532 ille.

2002 1569 2154 1634 Quod
2182 1569 2659 1622 Ρνιιηίρείίηιιίίίιηἱ
2686 1575 2883 1622 reici-cs
2916 1585 3022 1622 non
3053 1569 3329 1628 diamrunt,
3361 1570 3456 1620 istc
3489 1572 3546 1620 ut

1933 1660 2221 1720 (inducitis,
2251 1662 2324 1711 ita
2356 1664 2402 1710 ct
2457 1661 2820 1726 perniciosius
2864 1660 3015 1722 dicit,
3068 1658 3319 1710 deitatem
3351 1662 3548 1709 sancta:

1939 1754 2223 1805 Trinitatis
2255 1754 2453 1804 trinum
2485 1767 2614 1804 esse.
2653 1751 2706 1803 ιιι
2737 1751 2960 1821 quidam
2995 1749 3336 1802 minusrecte
3369 1757 3422 1802 et
3446 1748 3548 1801 im-

1938 1846 2159 1916 pr0prie
2216 1845 2438 1906 dicitur,
2490 1862 2611 1898 cum
2644 1845 2808 1897 trium
2871 1859 3224 1913 personarum
3277 1843 3329 1894 in
3359 1849 3548 1895 sancta

1931 1941 2194 1994 Trinitate
2226 1956 2334 1994 non
2368 1940 2436 1992 sit
2469 1941 2575 1993 nisi
2637 1956 2744 1992 una
2804 1955 3033 1992 numero
3083 1938 3276 1991 deitas.
3312 1937 3418 1989 Sed
3483 1952 3548 1990 eo

1930 2049 2096 2087 sensu
2129 2033 2235 2085 dici
2271 2040 2450 2102 potest
2475 2034 2613 2086 trina
2646 2031 2840 2096 deitas,
2871 2031 2999 2100 quia
3017 2041 3102 2084 est
3144 2030 3195 2082 in
3225 2030 3399 2082 tribus
3422 2045 3547 2099 per—

1928 2124 2102 2177 sonis.
2136 2123 2290 2176 Unde
2320 2122 2372 2174 in
2408 2122 2645 2176 Ecclesia
2680 2122 2921 2173 Romana
2966 2137 2995 2173 a
3027 2120 3287 2173 trecentis
3314 2127 3368 2173 et
3390 2119 3549 2190 quin-

1926 2215 2189 2286 quaginta
2211 2215 2429 2268 circiter
2459 2214 2619 2266 annis
2666 2215 2991 2267 decantatus
3014 2222 3095 2267 est
3115 2214 3205 2265 ille
3240 2214 3294 2265 S.
3323 2213 3543 2268 Thomas

1923 2307 2162 2377 hymnus
2194 2308 2263 2360 de
2298 2307 2352 2360 V.
2373 2313 2718 2360 sacramento
2743 2306 2794 2358 in
2818 2321 2928 2376 quo
2962 2305 3166 2359 dicitur
3194 2323 3204 2357 :

2074 2416 2140 2464 Te
2171 2416 2298 2464 trina
2331 2417 2493 2464 Deitas
2523 2431 2720 2478 unaque
2753 2417 3004 2479 poscimus

1990 2516 2315 2586 Cumquede
2332 2531 2397 2569 eo
2429 2518 2692 2570 mutando
2733 2525 2990 2587 ageretur
3029 2517 3084 2569 in
3113 2522 3388 2585 postrema
3419 2530 3547 2568 cor-

1916 2605 2158 2657 rectione
2224 2605 2454 2658 Romani
2517 2604 2772 2658 Breviarii
2808 2604 3216 2658 subClemeute
3258 2601 3393 2669 Vlll,
3435 2609 3545 2655 uta

1915 2697 2046 2750 viris
2076 2697 2239 2751 dictis
2271 2699 2481 2767 accepi,
2519 2707 2744 2768 propter
2775 2699 3154 2752 auctoritatem
3190 2706 3370 2751 tamen
3407 2695 3540 2749 tanti

1915 2786 2157 2841 doctoris
2224 2787 2357 2840 nihil
2424 2794 2505 2840 est
2557 2794 2846 2841 mutatum.
2924 2788 3016 2840 Sic
3071 2788 3217 2857 apud
3261 2786 3539 2855 Chrysost.

1918 2883 2048 2927 tom.
2085 2875 2174 2928 Ill.
2203 2876 2396 2930 homil.
2430 2877 2498 2929 de
2537 2877 2592 2928 S.
2626 2877 2841 2930 Joanne
2878 2876 3282 2945 Baptistat’qua?
3317 2875 3545 2944 quidem

1917 2971 2092 3040 ipsius
2138 2987 2246 3024 non
2282 2979 2384 3037 est,
2414 2971 2509 3024 sed
2556 2972 2748 3025 incerti
2785 2972 3046 3040 auctoris)
3069 2971 3292 3044 legitur,
3326 2992 3353 3020 α
3397 2970 3546 3040 quod

1917 3057 1972 3109 in
1995 3057 2176 3123 Patre,
2212 3059 2370 3122 Filio,
2413 3069 2466 3114 et
2521 3062 2725 3131 Spiritu
2755 3070 2946 3116 sancto
3007 3069 3089 3115 est
3119 3061 3315 3129 triplex
3349 3070 3404 3115 et.
3436 3077 3545 3115 una

1916 3151 2196 3216 divinitas,
2250 3173 2271 3201 ι›
2301 3153 2400 3206 Ubi
2456 3153 2649 3222 triplex
2680 3171 2774 3222 pro
2833 3157 2983 3208 trina
3006 3155 3244 3223 ponitur,
3283 3153 3448 3218 sicut,
3489 3163 3545 3206 et

1917 3240 1972 3292 in
1995 3242 2198 3310 hymno
2233 3241 2514 3294 Prudentii
2545 3243 2615 3294 de
2641 3258 2800 3296 cerco
2856 3241 3121 3310 paschali,
3166 3257 3289 3296 cum
3333 3241 3412 3294 ait
3469 3241 3541 3293 de

1911 3333 2024 3386 Deo
2048 3349 2060 3384 :

2191 3402 2417 3465 Regnum
2442 3402 2702 3450 continuat
2733 3404 2935 3452 nomine
2960 3405 3163 3468 triplici.

1984 3502 2112 3556 Nam
2133 3503 2278 3556 Deus
2308 3519 2415 3557 non
2437 3514 2584 3558 recte
2616 3504 2813 3574 triplex
2860 3505 3084 3572 dicitur,
3116 3505 3212 3558 sed
3250 3504 3451 3570 trinus,
3483 3513 3542 3557 ut

1907 3591 2111 3645 docent
2141 3591 2454 3646 scholastici
2509 3592 2764 3646 doctores
2826 3593 2880 3646 in
2941 3593 3140 3647 librum
3175 3611 3187 3646 ι
3223 3592 3543 3646 Sententia-

1910 3703 2049 3744 rum,
2087 3686 2212 3740 dist.
2252 3686 2338 3740 19.

1981 3782 2048 3832 Et
2078 3795 2183 3832 non
2210 3781 2379 3832 solum
2412 3780 2693 3834 (lectorum
2711 3795 2935 3834 suorum
2965 3781 3153 3834 doctor
3182 3782 3541 3850 triitcriappc-

1911 3873 1996 3932 tit,
2021 3878 2127 3923 etc.
2160 3869 2248 3924 Sic
2277 3871 2462 3924 omnia
2479 3870 2832 3940 exemplaria,
2862 3872 3188 3941 cstquehaec
3204 3871 3538 3937 veralectio,

1912 3957 2150 4028 ideoque
2183 3958 2239 4011 in
2275 3958 2315 4011 M
2342 3959 2482 4012 male
2517 3968 2849 4021 correctum,
2872 3961 3161 4024 dictorum,
3196 3961 3344 4031 quod
3375 3976 3541 4014 secu-

1909 4058 1994 4105 tus
2026 4058 2107 4105 est
2138 4053 2190 4105 S.
2225 4054 2518 4107 Estautcm
2552 4070 2750 4107 sensus
2805 4055 3079 4108 doctorum
3107 4070 3350 4119 suorum,
3385 4053 3542 4108 idest

1907 4157 2095 4195 eorum
2139 4145 2232 4213 qui
2264 4161 2387 4197 eum
2423 4145 2626 4199 docent
2655 4153 2707 4198 et
2741 4147 3038 4209 instruunt,
3105 4147 3301 4200 doctor
3358 4146 3538 4200 videri

1907 4233 2136 4302 appetit,
2171 4250 2310 4304 quos
2342 4235 2668 4290 convincere
2703 4237 2895 4290 nititur
2947 4237 3016 4289 de
3057 4252 3122 4288 eo
3158 4236 3303 4306 quod
3345 4244 3535 4290 contra

1907 4322 2124 4392 seipsos
2147 4330 2200 4376 et
2231 4326 2513 4394 prOpriam
2545 4325 2851 4380 doctrinam
2894 4327 3149 4382 doceant.

2553 4417 2761 4472 CAPUT
2790 4419 2894 4472 XV.

1973 4502 2229 4554 therum
2257 4505 2500 4571 capitula
2520 4507 2809 4572 synodalia
2830 4509 3218 4562 tumembilium
3248 4524 3527 4563 consacer-

1828 4581 1885 4648 D
1907 4593 2090 4647 (totum
2117 4600 2447 4662 nostrorum,
2478 4600 2644 4650 trium
2671 4600 2873 4653 scilicet
2918 4603 3345 4667 provincia-rum,
3397 4602 3538 4655 sicut

1910 4686 2107 4737 ibidem
2134 4689 2456 4754 continetur,
2492 4697 2596 4743 etc.
2662 4691 2923 4762 Loquitur
2952 4692 3019 4744 dc
3061 4693 3297 4746 concilio
3331 4692 3534 4746 Valen-

1909 4777 2044 4841 tino,
2080 4787 2389 4848 utpatetex
2421 4783 2906 4852 sequentibus,cui
2937 4784 3308 4840 interfuerunt
3341 4785 3394 4838 in
3420 4785 3539 4838 uni-

1908 4883 2124 4920 versum
2155 4869 2418 4923 tredecim
2450 4878 2544 4924 aut
2566 4873 2980 4942 quatuordecim
3025 4875 3361 4944 episcopi,et
3391 4875 3538 4928 inter

1907 4974 2002 5010 eos
2036 4965 2144 5011 tres
2175 4961 2605 5030 tnetrOpolitani,
2635 4965 2914 5037 Remigius
2946 4965 3353 5038 Lugdunensis,
3393 4965 3537 5040 Egil-

1906 5057 2084 5104 matus
2113 5051 2465 5119 Viennensis,
2501 5063 2555 5109 et
2581 5056 2898 5112 ltodlandus
2918 5058 3272 5123 Arelatensis,
3297 5073 3532 5130 quorum

1907 5145 2116 5193 tantum
2158 5141 2383 5196 nomina
2440 5144 2598 5199 initio
2653 5147 3055 5216 exprimuntur,
3115 5164 3239 5201 cum
3306 5147 3532 5202 nomine

1906 5231 2131 5287 Elbonis
2160 5233 2655 5306 Gratianopolitani
2714 5240 2983 5308 episc0pi.
3039 5242 3096 5294 tn
3131 5258 3241 5312 quo
3273 5242 3531 5308 consilio,

1902 5328 2082 5390 capite
2117 5323 2168 5387 4,
2209 5323 2299 5376 illa
2330 5325 2603 5378 habentur
2634 5343 2754 5395 qua:
2787 5336 2977 5383 contra
3009 5347 3066 5383 se
3101 5331 3248 5385 dicta
3279 5347 3398 5385 esse
3430 5333 3534 5388 hac

1902 5415 2136 5484 epistola
2169 5414 2489 5472 Hincmarus
2535 5420 2804 5490 agnoscit,
2843 5428 2951 5475 tam
2986 5424 3053 5477 de
3095 5432 3332 5494 quatuor
3360 5443 3525 5498 quam

1903 5504 1969 5557 de
2003 5507 2382 5560 novemdecim
2409 5509 2664 5577 capitulis
2696 5526 2725 5562 a
2757 5525 2816 5563 se
2844 5510 3106 5566 collectis.

1975 5599 2034 5650 In
2073 5599 2343 5663 Africana
2370 5605 2418 5653 et
2447 5603 2720 5655 Arausioa
2745 5604 2968 5671 synodo.
3006 5605 3131 5659 llzec
3170 5616 3253 5659 est
3283 5607 3528 5676 synodus

1905 5705 1941 5741 ιι
1979 5689 2329 5754 Arausicana,
2391 5709 2513 5762 qtue
2570 5693 2734 5747 etiam
2785 5696 2954 5751 hodie
3005 5705 3200 5753 exstat.
3260 5699 3314 5751 In
3349 5697 3523 5750 Africa

1906 5777 2009 5831 tria
2035 5777 2101 5831 de
2147 5778 2245 5832 hac
2279 5795 2333 5833 re
2383 5781 2616 5835 concilia
2649 5783 2927 5840 celebrata
2985 5794 3132 5853 sunt,
3167 5787 3274 5840 duo
3300 5785 3522 5838 Cartha-

1905 5870 2043 5942 gini,
2074 5887 2244 5925 unum
2279 5872 2457 5928 Milcvi
2493 5874 2546 5927 in
2602 5876 2882 5945 Numidia,
2929 5887 2988 5932 ut
3015 5885 3162 5948 patet
3193 5894 3257 5931 ex
3288 5875 3518 5945 epistola
