3874 6400
323 326 429 382 379

1167 334 1559 394 COLVENERII
1599 340 1874 398 SCHOLIA
1912 345 1979 399 IN
2020 346 2185 403 HIST.
2228 346 2518 403 REMENS.
2561 347 2822 403 ECCLES.

3558 348 3666 406 380

493 459 805 551 Augustini,
831 463 926 519 ubi
979 482 1147 521 unum
1205 476 1365 523 vocat
1407 470 1718 540 plenarium
1770 474 1940 530 totius
1966 481 2017 548 Α
2041 479 2111 534 ad
2142 479 2286 535 hanc
2300 479 2597 551 synodum,
2651 494 2773 551 qua:
2813 477 2959 532 inter
3001 477 3177 548 ipsius
3199 476 3463 549 epistolas
3493 482 3579 531 est
3605 474 3660 532 9.

318 546 512 603 Africae
538 550 858 619 concilium,
911 554 1060 625 quod
1114 555 1414 611 dolendum
1454 567 1538 613 est
1564 574 1676 614 non
1702 570 1938 629 exstare,

320 638 419 693 sed
441 640 563 708 ejus
584 642 836 713 quaedam
865 643 1170 718 fragmenta
1192 647 1324 702 citat
1339 647 1582 721 Prosper
1604 650 1661 705 in
1686 667 1937 724 respons.

322 731 392 786 ad
421 730 434 785 l
471 730 733 804 Capitula
749 735 1180 809 Gallorum,cap.
1213 737 1268 805 8,
1299 747 1355 794 et
1409 740 1508 797 lib.
1541 750 1732 799 contra
1762 744 1943 800 Colla-

323 830 525 894 torem,
557 844 678 901 cap.
709 831 797 885 10.

401 922 579 976 Veluti
597 926 823 993 epistola
839 925 1216 996 Capitulorum
1235 932 1445 986 exstitit
1472 948 1637 1003 quam
1666 936 1942 991 venerabi-

322 1017 388 1071 lis
416 1017 541 1071 Ibas
564 1020 840 1089 episcopus
859 1037 1019 1076 suam
1055 1040 1165 1079 esse
1194 1028 1249 1079 in
1280 1027 1485 1096 synodo
1515 1028 1819 1096 denegauit.
1846 1030 1944 1086 Hic

322 1113 405 1160 est
436 1106 559 1162 [bas
589 1108 881 1165 Edessenze
936 1112 1195 1171 Ecclesize
1234 1116 1551 1189 episcopus,
1610 1119 1681 1174 de
1745 1135 1854 1190 quo
1884 1120 1941 1175 in

321 1201 571 1256 conciliis
598 1220 697 1258 seu
751 1205 934 1274 potius
957 1207 1187 1276 judiciis
1241 1211 1634 1268 ecclesiasticis
1662 1212 1826 1283 Tyrio
1883 1219 1940 1273 et

324 1291 652 1361 Berithensi,
677 1302 732 1350 et
752 1296 807 1349 in
835 1299 1038 1354 concil.
1070 1298 1531 1369 Chalcedonensi,
1580 1303 1799 1359 actione
1847 1304 1935 1359 10.

325 1382 456 1435 Item
490 1382 913 1441 Baroniusanno
939 1388 1065 1453 448,
1094 1389 1494 1460 quiepistolam
1512 1392 1739 1463 quidem
1769 1391 1941 1462 ipsius

322 1485 443 1524 esse
464 1471 560 1538 ait,
588 1473 686 1527 sed
720 1476 943 1548 negavit
1000 1476 1125 1532 lbas
1155 1494 1215 1533 se
1243 1478 1447 1534 dixisse
1470 1480 1587 1536 haec
1616 1487 1710 1536 aut
1738 1480 1940 1536 similia

323 1558 532 1624 verba;
573 1560 736 1617 «Non
770 1561 992 1618 invideo
1047 1563 1262 1621 Christo
1294 1565 1433 1622 fasto
1472 1567 1608 1635 Deo,
1643 1567 1690 1622 si
1717 1567 1943 1624 voluero

322 1661 377 1707 et
404 1652 526 1723 ipse
557 1652 677 1709 ﬁeri
726 1672 970 1727 possum.
1023 1681 1044 1708 υ
1091 1660 1154 1715 Et
1210 1661 1278 1714 de
1337 1676 1405 1716 eo
1446 1662 1703 1722 crimine.
1756 1662 1945 1718 audita

323 1737 709 1805 testificatione
765 1751 1091 1809 clericorum
1148 1755 1440 1812 Edessena:
1496 1757 1778 1824 Ecclesiae,
1843 1757 1945 1813 fuit

321 1838 626 1895 absolutus.

400 1934 653 2003 Tempore
678 1934 817 1991 dicte
844 1939 1110 1993 memoriae
1135 1940 1323 1994 Karoli
1348 1942 1942 2011 imperatm'is,quando

321 2022 561 2089 synodus
601 2038 700 2090 pro
738 2027 955 2092 cognita
984 2027 1306 2096 inﬁdelitate
1331 2030 1515 2085 Felicis
1535 2034 1613 2085 est
1641 2031 1851 2086 habita.
1885 2031 1942 2097 S,

321 2111 662 2177 infelicitate.
695 2111 962 2183 Loquitur
978 2115 1048 2169 de
1082 2114 1272 2171 Carolo
1301 2116 1503 2192 Magno
1520 2124 1574 2172 et
1590 2118 1769 2173 Felice
1787 2119 1946 2192 Utge-

321 2204 490 2260 litano
545 2206 831 2279 episcopo.
863 2209 1043 2282 Agunt
1091 2212 1161 2268 de
1215 2213 1412 2269 eodem
1468 2214 1648 2269 Felice
1714 2214 1945 2286 ejusque

322 2309 510 2349 errore
540 2296 778 2351 Annales
807 2297 1136 2356 Francorum
1178 2318 1211 2356 a
1239 2302 1453 2359 Pithon
1482 2303 1616 2359 editi
1648 2319 1794 2360 anno
1818 2304 1941 2375 792;

324 2382 646 2457 Sigebertus
670 2384 727 2439 in
767 2385 969 2443 Chron.
1000 2388 1140 2456 793;
1171 2390 1457 2448 Aimoinus
1478 2392 1577 2447 lib.
1614 2409 1684 2457 iv,
1712 2409 1763 2449 c.
1792 2394 1862 2448 83
1889 2401 1946 2449 et

324 2475 619 2541 85;.lonas
665 2476 1079 2537 Aurelianensis
1134 2482 1380 2539 lib.rDe
1433 2485 1582 2540 cultu
1615 2485 1942 2558 imaginum,

324 2573 379 2618 et
408 2563 612 2619 Paulus
663 2567 1053 2638 Aquileiensis,
1112 2571 1208 2641 qui
1272 2578 1462 2627 contra
1519 2588 1761 2629 errorem
1823 2574 1943 2642 ejus

324 2654 528 2711 librum
572 2657 814 2728 scripsit,
865 2660 961 2731 qui
994 2666 1172 2715 exstat
1196 2670 1331 2717 tom.
1367 2663 1432 2717 IV
1452 2663 1811 2721 Bibliothecae
1840 2665 1944 2719 Pa-

328 2756 472 2802 trum
488 2749 749 2805 secundae
776 2751 1059 2807 editionis.
1095 2754 1354 2811 Damnata
1384 2763 1469 2810 est
1496 2757 1616 2825 ejus
1637 2757 1865 2813 haeresis
1884 2758 1940 2812 in

328 2836 542 2907 synodo
571 2837 1073 2909 Francol‘ordiensi,
1116 2859 1240 2914 quae
1263 2851 1442 2902 exstat
1471 2851 1605 2901 tom.
1636 2846 1707 2902 lll
1740 2846 1945 2903 Concil.

323 2925 393 2979 ad
423 2941 630 2981 annum
655 2927 780 2981 794.
1156 2991 1169 3001 .
1448 2966 1461 2977 ,
1544 2940 1567 2961 υ

396 3020 465 3073 Ει
484 3022 561 3074 sic
590 3021 808 3075 tandem
844 3024 1195 3093 subjiciemus
1240 3028 1343 3083 illa
1370 3030 1546 3085 decem
1574 3036 1626 3086 et
1648 3047 1835 3089 novem
1860 3050 1951 3089 ca-

324 3109 526 3178 pitula.
550 3108 640 3165 Sic
668 3111 854 3166 omnia
898 3114 1232 3185 exemplaria
1275 3123 1481 3185 nostra,
1514 3126 1569 3174 et
1620 3121 1817 3177 concil.
1848 3123 1953 3178 Va-

329 3197 621 3254 lentinum.
649 3199 870 3264 Quarel
902 3201 1098 3258 vitiose
1119 3203 1253 3278 legit
1281 3205 1457 3261 decem
1486 3213 1537 3263 et
1559 3225 1673 3265 sex.

941 3302 1147 3370 CAPUT
1209 3316 1341 3373 XVI.

400 3399 493 3454 An
522 3400 656 3469 quia
681 3400 832 3455 vobis
861 3417 897 3456 a
954 3418 1093 3457 cana
1140 3409 1367 3475 patrum
1392 3409 1520 3478 ﬁde.
1579 3410 1671 3466 Sic
1702 3410 1758 3479 C,
1792 3413 1846 3468 id
1867 3422 1951 3469 est

332 3490 578 3562 antiqua,
624 3497 685 3546 ut
743 3491 946 3548 Gallice
993 3496 1156 3550 vertit
1223 3496 1527 3569 Chesneau,
1557 3509 1612 3559 et
1641 3520 1708 3559 eo
1735 3507 1949 3562 accedit

330 3585 437 3652 MS,
489 3602 598 3658 quo
641 3603 742 3658 pro
785 3604 821 3642 a
869 3606 1031 3657 cana,
1085 3591 1239 3665 legit,
1299 3610 1523 3653 arcana.
1566 3597 1593 3652 ,Ι
1650 3599 1940 3656 substituit

329 3694 487 3733 sana.
519 3679 597 3734 Ita
626 3680 887 3737 Sidonius
915 3682 1249 3753 Apollinaris
1272 3687 1517 3743 carmine
1545 3689 1580 3744 2
1612 3693 1784 3748 :zEtas
1809 3709 1949 3749 cana

324 3772 572 3838 patrum,
605 3769 661 3824 id
691 3776 778 3826 est
802 3770 982 3842 prisca
1001 3781 1157 3841 setas,
1186 3780 1241 3828 et
1267 3774 1510 3831 Isidorus
1540 3777 1597 3832 in
1614 3778 1814 3850 glossis
1831 3795 1949 3834 ma-

332 3857 630 3929 nuscriptis
656 3876 671 3913 :
702 3860 854 3916 Cana
884 3861 1039 3931 ﬁdes,
1064 3865 1299 3934 antiqua
1321 3870 1579 3922 senectus.
1622 3868 1686 3924 Et
1714 3876 1839 3925 ante
1852 3871 1953 3927 hos

331 3948 480 4025 Virg.
512 3954 792 4008 LzEnead.
828 3971 843 4008 :

487 4059 624 4133 Cana
643 4061 784 4133 fidos,
812 4071 860 4112 et
887 4064 1053 4125 Vesta,
1071 4065 1224 4117 Remo
1245 4081 1359 4117 cum
1383 4069 1551 4130 fratre,
1583 4071 1821 4133 Quirinus

489 4122 611 4172 Jura
629 4123 838 4175 dabunt.

405 4223 472 4277 In
498 4228 759 4279 conventu
813 4227 1179 4296 episcoporum
1207 4229 1392 4287 habito
1412 4236 1473 4288 in
1514 4237 1787 4290 territorio
1823 4238 1954 4291 Tul-

336 4314 474 4368 lensi
494 4315 553 4368 in
571 4316 707 4369 villa
736 4332 857 4385 qua:
879 4317 1088 4373 dicitur
1124 4321 1485 4390 Saponarias.
1519 4325 1596 4381 De
1622 4326 1727 4382 hoc
1752 4328 1948 4385 conci-

337 4403 412 4460 lio
442 4405 700 4463 adnotavi
725 4424 890 4479 supra
919 4410 989 4465 ad
1029 4426 1150 4483 cap.
1185 4414 1275 4468 14.

408 4500 479 4553 Et
496 4502 555 4554 in
578 4503 832 4558 suburbio
858 4506 1170 4574 Lingonicw
1195 4509 1367 4565 urbis.
1401 4509 1525 4566 limo
1568 4511 1815 4583 synodus
1840 4501 2025 4570 nonD
2056 4494 2090 4548 9
2117 4491 2337 4549 θοῑοδτ·

338 4596 535 4647 exstat.

407 4680 547 4748 Quia
556 4698 663 4738 non
679 4699 747 4739 ea:
774 4687 929 4756 ipsis,
959 4692 1022 4742 ut
1050 4705 1158 4744 non
1177 4691 1423 4746 dicamus
1439 4707 1537 4762 per
1565 4694 1726 4762 ipsos,
1756 4695 1960 4763 synodo

337 4771 583 4840 capitula
625 4773 750 4842 ipsa
788 4775 940 4840 fuere
970 4778 1214 4846 prolata.
1261 4779 1469 4836 Sensus
1518 4790 1601 4836 est
1631 4797 1742 4837 non
1792 4782 1958 4840 fuisse

341 4862 574 4934 prolata,
596 4865 754 4937 quasi
787 4867 855 4921 ab
880 4867 1016 4939 ipsis
1046 4871 1311 4942 profecta.

415 4958 592 5013 Timeo
630 4974 698 5015 ne
718 4962 1000 5016 connivere
1046 4965 1138 5027 sit,
1182 4965 1277 5029 hoc
1302 4969 1494 5022 tacere.
1528 4965 1617 5022 Sic
1644 4967 1857 5023 restitui
1890 4984 1957 5024 ex

340 5050 477 5126 orig.
502 5051 678 5122 ipsius
709 5051 986 5110 leestini
1038 5056 1202 5128 epist.
1237 5058 1261 5112 1
1299 5075 1314 5126 ;
1348 5074 1447 5131 pro
1478 5061 1740 5132 cohibere,
1766 5062 1792 5117 J
1821 5061 1959 5118 sub-

339 5139 521 5195 stituit
546 5146 887 5199 committere.

412 5230 477 5284 In
490 5226 634 5283 'villa
660 5233 1104 5303 Rothomagensis
1132 5239 1392 5309 episcopii
1406 5255 1526 5310 qua:
1581 5241 1791 5310 Melpsa
1818 5241 1957 5297 dici-

344 5318 456 5371 tur.
478 5315 645 5383 Alias,
676 5320 913 5390 Melpha,
947 5323 1033 5378 vel
1052 5325 1327 5396 Anelpha,
1376 5326 1494 5384 sive
1517 5328 1784 5398 Auelpha,
1814 5336 1875 5385 ut
1902 5329 1959 5384 in

346 5401 459 5457 MS.
486 5403 510 5458 J
542 5405 775 5475 Nelpha.

952 5480 1158 5541 CAPUT
1218 5487 1355 5542 XVII

415 5568 491 5620 De
513 5569 717 5632 synodo
758 5582 855 5622 sea:
888 5577 1296 5638 prouinciamm
1352 5581 1545 5638 Galliae
1594 5582 1743 5651 apud
1774 5584 1965 5636 Trecas

347 5660 557 5714 habita.
593 5660 716 5716 Haec
745 5662 991 5730 synodus
1011 5674 1184 5724 exstat
1202 5677 1335 5726 tom.
1369 5671 1693 5738 llIConcil.,
1717 5682 1872 5744 parte
1903 5690 1961 5739 u;

347 5757 502 5821 parte
531 5757 714 5804 autem
739 5765 775 5802 η
805 5756 982 5803 exstat
1000 5755 1233 5822 epistola
1261 5758 1482 5829 Adriani
1516 5760 1582 5825 ll,
1616 5761 1965 5832 responsoria

2044 568 2220 639 Supra
2236 583 2367 624 vero
2387 584 2510 640 cap.
2561 568 2624 623 11
2678 567 2842 636 hujus
2873 566 2997 621 libri
3029 567 3205 638 posita
3235 574 3321 623 est
3350 566 3496 621 bona
3535 581 3666 637 pars

2043 657 2332 730 synodalis
2359 656 2606 729 epistolae
2629 657 2880 725 ejusdem
2910 655 3132 712 concilii
3162 654 3477 711 Trecensis.

2115 749 2214 802 Per
2222 748 2522 803 Actardum
2538 748 2892 802 venerabilem
2912 749 3305 805 Nannetensem
3333 748 3659 815 episcopum.

2043 840 2134 895 Sic
2159 846 2213 895 et
2234 838 2290 893 in
2312 838 2477 895 tomis
2501 836 2703 893 Concil.
2733 837 2818 891 MS
2850 838 2956 892 hoc
2978 838 3099 893 loco
3121 844 3176 891 et
3204 834 3345 890 infra
3364 835 3665 907 aliquoties

2042 933 2347 999 Acardum,
2372 931 2651 986 interdum
2680 930 3011 995 Accardum,
3027 928 3351 983 Arctardum
3372 934 3429 983 et
3456 928 3667 983 Ariar-

2043 1022 2191 1076 dum.
2225 1021 2330 1076 Sed
2363 1020 2541 1091 prima
2572 1019 2737 1075 lectio
2759 1019 3108 1075 communior
3137 1026 3238 1075 est.

2114 1112 2373 1168 Nicotaus
2392 1124 2516 1164 vero
2548 1125 2703 1180 papa
2717 1114 3000 1177 gratanter
3037 1109 3335 1178 suscipiens
3360 1122 3479 1177 quae
3495 1108 3668 1163 Hinc-

2042 1220 2226 1259 marus
2256 1206 2305 1257 ei
2331 1207 2646 1274 scripserat,
2678 1204 2745 1259 de
2772 1203 3017 1259 omnibus
3041 1203 3151 1258 sibi
3177 1202 3528 1269 satisfactum
3552 1216 3668 1256 esse

2038 1295 2337 1364 rescripsit.
2364 1294 2489 1349 Haec
2533 1293 2770 1365 epistola
2811 1290 3159 1367 apologetica
3211 1290 3487 1345 Hincmari
3517 1288 3667 1345 bene

2042 1381 2254 1452 prolixa
2283 1389 2458 1437 exstat
2487 1382 2636 1453 apud
2666 1381 2963 1436 Baronium
2989 1394 3136 1435 anno
3166 1378 3293 1447 867,
3313 1378 3413 1433 sed
3429 1393 3669 1449 respon-

2044 1475 2128 1531 sio
2168 1474 2378 1531 Nicolai
2421 1490 2530 1531 non
2560 1482 2756 1531 exstat.

2114 1566 2358 1620 Dicentes
2370 1566 2482 1636 ipsi
2494 1565 2667 1622 (ἓνωοί
2678 1565 2825 1634 quod
2836 1565 3072 1619 chrisma
3081 1578 3150 1617 ea:
3160 1577 3307 1633 aqua
3315 1562 3554 1631 ﬂuminis
3567 1560 3670 1614 La-

2046 1656 2151 1709 tini
2176 1658 2541 1725 conﬁciamus.
2561 1655 2673 1711 Hoc
2687 1655 2768 1710 sic
2785 1654 3033 1729 intelligo
3051 1652 3199 1725 quod
3212 1668 3314 1707 nos
3331 1651 3504 1706 Latini
3518 1650 3677 1706 chri-

2046 1763 2164 1801 sma
2183 1762 2249 1802 ex
2276 1763 2420 1819 aqua
2447 1747 2692 1803 ﬂuminis
2743 1745 3117 1803 conﬁciamus.
3154 1744 3311 1801 Unde
3338 1743 3393 1797 in
3420 1742 3670 1798 editione

1970 1852 2021 1920 Β
2047 1837 2290 1893 Romana
2301 1839 2461 1910 epist.
2488 1840 2849 1895 decretalium
2867 1839 3098 1914 legitur:
3116 1836 3303 1902 «Quod
3318 1844 3505 1891 tamen
3517 1834 3674 1889 chri-

2042 1941 2160 1980 sma
2190 1942 2370 1982 nosex
2386 1943 2529 1999 aqua
2553 1926 3091 1983 ﬂuminisconiicere
3119 1925 3385 1980 fallaciter
3397 1923 3673 1978 arbitran-

2047 2025 2154 2072 tur.
2186 2042 2206 2061 η
2241 2015 2405 2072 Miror
2422 2016 2707 2072 Nicolaum
2737 2017 3023 2073 Cbesneau
3045 2017 3124 2073 sic
3142 2015 3487 2071 transtulisse
3507 2013 3671 2085 quasi

2046 2108 2223 2164 Latini
2254 2108 2693 2181 essetgenitivus
2709 2109 3133 2165 cohaerenscum
3155 2107 3393 2164 dictione
3420 2105 3670 2161 ﬂuminis

2047 2198 2235 2254 addita
2256 2200 2312 2255 in
2332 2199 2581 2273 margine
2604 2199 2707 2255 hac
2724 2199 3101 2255 adnotatione:
3127 2219 3149 2248 ι
3171 2198 3403 2253 Flumen
3416 2196 3665 2251 Latinum

2045 2288 2245 2344 Tibris.
2278 2310 2300 2338 ο
2332 2289 2466 2343 Nam
2497 2295 2552 2344 et
2578 2290 2634 2355 in
2667 2289 3000 2346 refutatione
3046 2289 3237 2344 decem
3266 2286 3666 2343 calumniarum

2046 2398 2077 2437 a
2107 2381 2308 2438 Graecis
2337 2381 2703 2452 objectarum,
2732 2399 2897 2454 quam
2917 2388 3039 2452 post
3066 2396 3213 2448 eam,
3245 2396 3368 2451 qum
3402 2377 3491 2433 hic
3520 2377 3668 2433 cita—

2045 2479 2156 2536 tur,
2183 2470 2390 2527 Nicolai
2422 2471 2711 2542 epistolam
2741 2471 2972 2543 apponit
2997 2469 3286 2536 Baronius,
3324 2467 3460 2523 illud
3482 2466 3669 2522 solum

2045 2562 2246 2618 dicitur
2280 2580 2341 2617 :u
2367 2563 2525 2630 Quod
2578 2569 2763 2618 utatur
2819 2561 3064 2617 Ecclesia
3122 2558 3493 2616 Occidentalis
3523 2573 3677 2629 aqua

2043 2668 2145 2724 pro
2169 2651 2489 2720 chrismate,
2521 2634 2771 2707 omnium
2816 2648 3203 2706 testificatione
3261 2655 3345 2703 est
3382 2645 3679 2701 manifesta

2048 2739 2344 2797 calumnia.
2384 2760 2408 2791 α
2437 2737 2595 2794 Certe
2628 2755 2738 2795 non
2792 2739 3052 2793 videntur
3080 2736 3320 2792 voluisse
3373 2736 3545 2791 Graeci
3583 2735 3679 2790 di-

2050 2844 2178 2885 cere
2197 2834 2366 2884 totam
2423 2827 2722 2883 Ecclesiam
2778 2825 3189 2882 Occidentalem
3220 2825 3300 2879 uti
3323 2841 3467 2897 aqua
3492 2824 3683 2880 Tibris

2053 2933 2153 2989 pro
2184 2916 2506 2985 chrismate,
2537 2917 2636 2972 sed
2663 2915 2911 2971 ﬂuminis
2938 2915 3340 2987 cujuscunque.

2652 3027 2860 3082 CAPUT
2891 3027 3074 3081 XVIII.

2123 3123 2186 3176 In
2206 3122 2412 3175 visione
2432 3120 2686 3175 Bernoldi
2724 3120 2974 3174 redivivi.
3014 3118 3149 3173 Huic
3185 3116 3387 3173 visioni
3411 3117 3681 3173 Beruoldi

2052 3212 2122 3267 de
2168 3212 2290 3268 loco
2318 3210 2615 3267 tenebroso
2661 3221 2715 3266 et
2745 3211 2916 3266 altero
2942 3209 3128 3265 lucido
3160 3207 3364 3263 similia
3391 3216 3680 3282 suntquae

2050 3303 2327 3360 scribitV.
2394 3302 2544 3358 Beda
2602 3302 2702 3357 lib.
2734 3302 3045 3358 vllistoriae
3105 3300 3288 3374 gentis
3344 3300 3679 3376 Anglorum,

2048 3414 2171 3469 cap.
2216 3396 2304 3464 13,
2326 3404 2384 3452 et
2413 3396 2694 3468 Lupoldus
2721 3394 3139 3469 Babenburgius
3165 3393 3236 3448 de
3277 3393 3395 3448 zelo
3421 3400 3679 3448 veterum

2050 3490 2362 3562 principum
2418 3489 2747 3555 Germaniae,
2797 3505 2919 3560 cap.
2994 3487 3080 3554 14,
3139 3486 3234 3543 ubi
3276 3503 3344 3542 ex
3388 3484 3678 3540 Vincentii

2048 3583 2284 3655 Speculo
2310 3589 2364 3639 et
2389 3599 2456 3638 ex
2488 3582 2722 3638 Historia
2771 3582 3101 3636 Francorum
3132 3580 3247 3652 agit
3291 3579 3362 3633 de
3393 3576 3678 3633 Ludovico

2048 3676 2144 3732 Pio
2176 3676 2309 3747 imp.
2341 3675 2399 3730 in
2424 3675 2603 3746 pmnis
2632 3674 2878 3737 detento,
2928 3678 3151 3744 petente
3192 3670 3457 3727 auxilium
3486 3685 3518 3723 a
3561 3668 3678 3724 Lu-

2049 3768 2245 3824 dovico
2284 3767 2609 3823 Germanico
2636 3764 2748 3821 lilio
2768 3781 2888 3821 suo.
2922 3765 2997 3821 De
3020 3780 3131 3836 quo
3159 3771 3214 3820 et
3259 3760 3582 3838 Sigebertus
3616 3761 3679 3816 in

2053 3858 2257 3914 Chron.
2297 3872 2389 3912 an.
2420 3856 2546 3912 875.

2124 3948 2265 4014 Quia
2290 3949 2339 4001 si
2356 3946 2484 4001 inde
2507 3949 2777 4001 certamen
2805 3944 3116 4004 habuerint,
3157 3942 3260 3995 cito
3277 3939 3343 3994 de
3378 3940 3489 3993 ista
3516 3953 3683 4008 plena

2054 4051 2141 4090 ero
2169 4036 2447 4091 liberatus.
2483 4034 2543 4089 ld
2574 4040 2659 4088 est
2684 4032 2729 4087 si
2747 4031 2994 4088 certatim
3038 4031 3143 4086 hoc
3172 4027 3408 4105 egerint,
3440 4025 3587 4082 sicut
3617 4026 3679 4081 in

2054 4126 2499 4198 praecedentibus
2521 4126 2744 4192 dicitur,
2776 4132 2834 4180 ut
2862 4123 2938 4177 ibi
2978 4122 3128 4194 quod
3156 4137 3249 4176 rex
3267 4118 3578 4185 mandaret,
3607 4119 3681 4175 de

2052 4235 2187 4290 pace
2206 4218 2452 4274 stabilire
2484 4225 2711 4289 possent
2739 4230 3017 4290 agereque
3044 4220 3337 4270 certarent.

2121 4314 2253 4368 Item
2278 4311 2343 4366 de
2364 4312 2621 4380 passione
2647 4309 2703 4366 S.
2746 4310 2992 4378 Dionysii
3037 4323 3071 4360 α
3091 4305 3381 4370 Methodio,
3410 4309 3516 4358 etc.
3551 4302 3681 4357 Hzec

2052 4403 2287 4476 epistola
2309 4410 2488 4459 exstat
2514 4402 2662 4474 apud
2692 4400 2911 4457 Surium
2942 4400 3012 4455 de
3042 4398 3178 4453 Vitis
3206 4397 3556 4463 Sanctorum,
3587 4393 3683 4449 die

2685 4558 2893 4615 CAPUT
2919 4558 3052 4614 XIX.

2132 4677 2204 4731 De
2225 4673 2459 4744 conjecto
2505 4673 2837 4728 Normannis
2894 4670 3098 4725 dando.
3155 4666 3473 4737 Conjectum
3505 4680 3685 4739 genus

2060 4776 2179 4825 erat
2207 4765 2402 4823 tributi
2433 4782 2465 4821 a
2495 4765 2838 4836 conjacendo
2879 4763 3107 4829 dictum,
3130 4768 3192 4817 ut
3221 4767 3372 4832 patet
3400 4776 3467 4814 ex
3493 4758 3593 4813 lib.
3630 4774 3684 4812 IV

2060 4859 2457 4931 Capitulorum,
2510 4874 2631 4928 cap.
2662 4857 2752 4925 69,
2785 4862 2841 4911 et
2886 4872 2952 4911 ex
2979 4854 3164 4910 edicto
3218 4851 3399 4908 Karoli
3431 4850 3488 4905 in
3518 4849 3681 4905 Cari-

2057 4947 2206 5004 siaco
2226 4963 2374 5006 anno
2392 4946 2517 5003 861.
2535 4946 2670 5002 Vide
2703 4944 3057 5002 Glossarium.
3091 4941 3311 5009 Pithmi,
3342 4940 3509 4995 verbo
3530 4942 3679 4996 Con-

2050 5041 2271 5112 jectum.
2301 5040 2556 5112 Papirius
2601 5038 2890 5095 Massonus
2917 5037 3018 5092 lib.
3068 5034 3327 5091 nAnnal.
3371 5033 3588 5098 Franc.,
3621 5031 3678 5086 in

2061 5135 2337 5192 Ludovico
2362 5135 2533 5191 Balbo
2591 5136 2711 5190 haec
2730 5133 2899 5191 verba
2919 5130 3215 5189 Flodoardi
3233 5129 3492 5195 recitans,
3526 5128 3697 5183 notat‘

2060 5225 2117 5280 in
2146 5224 2396 5297 margine
2425 5242 2438 5279 :
2478 5245 2503 5276 α
2529 5223 2820 5293 Conjectus
2836 5220 3113 5296 significat
3140 5234 3442 5274 annonam.
3468 5240 3494 5265 υ

2130 5313 2226 5369 Ad
2247 5315 2388 5383 ﬁlios
2414 5328 2624 5384 quoque
2660 5314 2834 5382 ipsius
2860 5311 3110 5378 defuncti
3155 5309 3324 5376 regis,
3358 5306 3683 5361 Ludovicum

2062 5407 2112 5458 et
2137 5404 2579 5459 Karolomanum.
2642 5401 2706 5456 Hi
2759 5406 2890 5455 sunt
2967 5398 3065 5453 filii
3123 5395 3383 5452 Ludovici
3441 5395 3592 5451 Balbi
3616 5412 3687 5450 ex

2064 5488 2343 5566 Ausgarde
2374 5492 2545 5564 priori
2597 5489 2833 5562 conjuge
2858 5504 2953 5555 ;ex
3002 5484 3316 5559 posteriori,
3354 5485 3442 5540 cui
3477 5500 3684 5541 nomen

2064 5578 2367 5647 Adeleidis,
2395 5579 2592 5656 genuit
2623 5577 2873 5634 Carolum
2898 5576 3278 5648 posthumum,
3310 5581 3686 5650 cognomento

2066 5667 2407 5740 Simplicem.
2427 5670 2503 5726 De
2523 5669 2632 5724 illis
2643 5667 2857 5725 etinfra
2868 5664 3121 5722 meminit
3135 5681 3259 5737 cap.
3277 5663 3369 5732 24,
3383 5677 3687 5719 recensens

2065 5760 2276 5817 litteras
2288 5760 2359 5818 ad
2376 5761 2660 5835 nugonem
2675 5759 2932 5816 abbatem
2961 5758 3031 5813 de
3049 5757 3246 5814 eodem
3258 5754 3504 5831 negolio.
3526 5754 3691 5829 Sige-
