3874 6420
227 378 331 434 381
358 408 367 419 -

1664 379 1728 432 ΙΝ
1771 377 2020 434 LIBRUM
2064 378 2155 433 Ill.

3469 376 3574 433 382

226 511 424 565 bertus
450 510 505 563 iu
528 508 730 564 Chron.
764 509 941 565 an.88
971 507 1114 564 ﬁlios
1142 525 1209 564 ex
1235 509 1545 564 concubina
1576 509 1844 566 nominat.
1878 514 1928 580 Α
1953 508 2249 563 Adrianum
2282 508 2346 574 ll,
2377 506 2633 575 Ejusdem
2691 505 2915 560 Adriani
2962 506 3029 559 ad
3064 486 3413 559 Hincmarum
3447 521 3570 576 qum

226 600 432 653 Verum
461 615 559 653 eos
591 606 748 653 natos
776 615 902 653 esse
934 616 997 653 ex
1044 599 1291 674 legitimo
1313 599 1663 655 matrimonio
1691 599 1853 654 docet

230 692 419 763 Papir.
450 692 571 747 loco
597 692 710 761 jam
744 692 929 747 citato.

302 787 428 840 Post
457 786 666 840 obitum
694 786 1010 852 Ragenelini
1038 787 1292 855 episcopi.
1334 785 1425 841 Sic
1452 795 1506 840 et
1545 784 1686 840 infra
1724 801 1861 841 con-

228 882 445 928 stanter
475 890 596 945 cap.
628 872 698 929 23
728 882 783 928 et
811 874 883 927 24
944 874 1138 947 legunt
1166 873 1253 927 MS
1317 875 1419 930 hoc
1445 874 1566 930 loco
1587 876 1858 941 Ragelini,

227 966 254 1020 J
287 965 497 1036 ubique
524 965 640 1020 fere
661 966 995 1033 Ragenelmi,
1036 966 1316 1037 quomodo
1345 973 1400 1021 et
1423 966 1674 1037 Papirius
1697 966 1858 1031 Mass,

235 1057 338 1111 lib.
378 1075 414 1111 ιι
448 1056 647 1112 Annal.
681 1057 941 1113 Francor.
966 1057 1056 1113 bis
1086 1057 1222 1133 legit
1253 1076 1267 1124 ;
1297 1059 1396 1114 sed
1419 1074 1539 1129 cap.
1569 1058 1639 1112 23
1662 1059 1715 1112 in
1738 1059 1863 1112 Ber-

234 1164 386 1204 none
416 1149 605 1204 omnia
635 1157 822 1204 nostra
843 1150 1145 1215 Rainelini,
1192 1150 1217 1205 J
1247 1152 1536 1207 Rainelmi.
1575 1150 1623 1204 ls
1654 1157 1737 1205 est
1766 1147 1860 1219 qui

234 1240 292 1294 in
323 1241 574 1313 catalogo
611 1240 1043 1295 Tornacensium
1075 1248 1130 1295 et
1162 1239 1611 1295 Noviomensium
1646 1238 1864 1309 episco-

236 1346 435 1403 porum
467 1331 782 1387 tricesimus
838 1332 1107 1401 septimus
1145 1338 1367 1387 vocatur
1407 1330 1741 1386 Rancelinus
1770 1335 1863 1384 aut

235 1420 619 1491 Raymelinus,
642 1429 697 1475 et
726 1421 780 1475 in
808 1421 1219 1492 subscriptione
1246 1420 1465 1475 concilii
1491 1419 1864 1475 Suessionen-

234 1512 334 1578 sis,
378 1513 552 1568 habiti
616 1529 763 1568 anno
836 1512 961 1569 866.
1032 1512 1376 1580 Remelinus,
1444 1512 1534 1567 cui
1600 1511 1865 1567 successit

237 1607 459 1663 Hedilo.

884 1699 1091 1755 CAPUT
1116 1699 1223 1754 XX.

309 1809 556 1864 Arduico
571 1811 994 1864 Vesontionensi.
1032 1810 1111 1863 Ita
1142 1809 1181 1863 C
1207 1816 1263 1864 et
1289 1808 1339 1875 J,
1374 1816 1430 1864 et
1460 1808 1601 1864 infra
1618 1825 1859 1881 sequen-

234 1898 391 1954 tibus
443 1899 717 1969 capitibus
763 1899 949 1953 omnia
980 1898 1336 1969 exemplaria,
1369 1899 1457 1953 vel
1488 1915 1612 1953 cum
1645 1897 1861 1968 aspira-

1958 608 2173 655 exstant
2203 608 2333 655 tom.
2368 600 2439 653 Ill
2470 598 2678 654 Concil.
2708 596 2778 653 13
2807 604 2862 651 et
2889 595 2978 650 28.

2029 682 2277 743 Formosa
2297 689 2440 742 sedis
2470 687 2709 755 ejusdem
2744 684 2970 755 (scilicet
3001 680 3283 752 Romanae)
3322 680 3576 747 religioso

1960 782 2221 850 episcopo.
2249 778 2499 850 lntellige
2531 776 2901 850 suffraganeo,
2935 783 2996 830 ut
3022 774 3253 846 exponit
3289 771 3574 838 Baronius,

1962 868 2155 924 eadem
2185 868 2351 923 verba
2379 867 2600 922 citando
2631 883 2777 922 anno
2798 867 2923 931 891,
2951 880 3060 937 quo
3088 865 3233 919 idem
3264 863 3577 928 Formosus,

1962 964 2125 1034 longe
2157 968 2281 1032 post
2337 960 2549 1014 obitum
2605 957 2901 1023 Hincmari,
2962 965 3179 1013 creatus
3218 964 3301 1009 est
3330 969 3579 1008 summus

1963 1056 2232 1129 pontifex,
2260 1071 2384 1110 cum
2412 1064 2537 1109 ante
2568 1061 2713 1108 esset
2764 1053 3059 1125 episcOpus
3115 1048 3455 1104 Portuensis.
3490 1047 3580 1102 Sic

1962 1142 2103 1204 infra
2127 1147 2219 1201 lib.
2281 1163 2353 1214 IV,
2404 1162 2526 1217 cap.
2575 1146 2628 1211 6,
2678 1153 2926 1216 tempore
2959 1139 3223 1213 Stephani
3256 1140 3345 1194 Vll
3386 1137 3580 1193 scribit

1962 1246 2127 1301 Fulco
2156 1243 2356 1299 Joanni
2389 1242 2607 1297 cuidam
2641 1241 2887 1296 Romano
2933 1236 3180 1311 praesuli,
3215 1251 3380 1308 quem
3412 1235 3581 1289 Baro-

1962 1338 2089 1393 nius
2128 1352 2274 1391 anno
2290 1336 2392 1389 897
2424 1334 2557 1389 dicit
2582 1349 2754 1387 unum
2778 1331 2946 1386 fuisse
2977 1346 3042 1385 ex
3072 1326 3576 1399 suﬂ'raganeissan-

1963 1442 2063 1490 ctae
2091 1433 2350 1488 Romanae
2402 1429 2675 1485 Ecclesiae.
2721 1427 2869 1482 ldem
2895 1425 3141 1499 intelligo
3174 1423 3242 1477 de
3273 1420 3578 1476 Gauderico

1966 1539 2021 1584 et
2048 1528 2283 1593 Joanne,
2316 1526 2387 1581 de
2403 1525 2607 1597 quibus
2638 1539 2761 1579 mox
2787 1522 3052 1594 sequitur.

2039 1620 2392 1686 Evangelium
2411 1633 2621 1687 quoque
2643 1618 3052 1672 Nazarenorum
3082 1611 3190 1665 sibi
3204 1609 3278 1663 ad
3315 1610 3583 1662 transcri-

1962 1712 2191 1766 bendum
2211 1711 2360 1763 mitti
2381 1713 2584 1778 petens.
2640 1706 2811 1775 Hujus
2865 1702 3163 1775 aliquoties
3213 1698 3468 1754 meminit
3523 1696 3575 1751 S.

1962 1804 2458 1876 Hieronymus,qui
2489 1818 2548 1857 se
2591 1801 2726 1856 illud
2761 1817 2825 1855 ex
2863 1798 3093 1853 Hebraeo
3124 1796 3179 1850 in
3212 1795 3455 1849 Graecum
3483 1791 3580 1846 La-

1961 1898 2248 1967 tinumque
2297 1908 2611 1948 sermonem
2646 1890 2989 1946 transtulisse
3028 1887 3222 1943 scribit
3260 1884 3474 1939 inlibro
3504 1883 3581 1937 De

236 1990 415 2054 tione,
440 1989 752 2053 Harduico;
782 1988 869 2042 MS
919 1989 1024 2044 hoc
1050 1988 1171 2044 loco
1202 1989 1408 2043 habent
1439 1990 1694 2055 Radvico,
1724 2002 1853 2059 quo-

2037 1992 2093 2046 -is
2122 1988 2429 2045 illustribus
2478 1989 2533 2042 in
2564 1986 2788 2042 Jacobo.
2829 1986 2904 2040 De
2937 1999 3048 2056 quo
3071 1983 3195 2037 vide
3238 1981 3448 2035 Sixtum
3478 1979 3581 2033 Se-

234 2081 403 2137 modo
438 2079 473 2134 C
498 2080 630 2152 legit
660 2097 828 2152 super
854 2081 1056 2146 lineas,
1097 2088 1151 2136 et
1172 2081 1229 2135 in
1260 2081 1489 2136 Gallico.

308 2174 415 2227 Pro
441 2172 575 2226 villa
607 2172 922 2226 Deduciaco.
984 2172 1074 2226 Sic
1122 2171 1218 2225 MS’
1240 2171 1405 2225 etiam
1465 2168 1626 2234 infra,
1659 2167 1756 2223 sed
1786 2167 1864 2221 ibi

230 2261 370 2318 facit
435 2261 572 2315 duas
601 2261 955 2328 dictiones,J
1021 2262 1125 2315 hoc
1155 2260 1277 2316 loco
1334 2261 1651 2325 Dudiciaco,
1702 2257 1864 2323 infra,

230 2354 558 2408 Dudeciaco.
592 2353 652 2406 In
706 2357 1039 2406 testamento
1092 2352 1146 2403 S.
1186 2349 1424 2422 Remigii
1455 2354 1771 2404 constanter
1795 2348 1865 2403 ab

228 2441 500 2497 omnibus
522 2439 939 2511 exemplaribus
968 2439 1172 2513 legitur
1192 2439 1467 2511 integrum
1504 2442 1868 2493 nomenDuo—

228 2532 510 2596 deciacus,
541 2529 824 2600 quomodo
858 2536 914 2583 et
934 2527 1077 2582 infra
1108 2528 1212 2583 hoc
1258 2527 1401 2583 libro
1434 2545 1517 2594 ιιι,
1557 2543 1677 2598 cap.
1717 2543 1862 2598 seq.,

227 2622 427 2676 villam
466 2621 875 2685 Duodeciacam,
939 2618 1044 2673 etsi
1102 2618 1305 2674 omissa
1335 2635 1445 2674 una
1476 2618 1655 2673 littera
1687 2618 1743 2671 in
1775 2617 1864 2671 MS

228 2714 455 2788 legatur
483 2712 833 2768 solummodo
866 2710 1189 2766 Dudeciaca.
1225 2710 1314 2766 Sic
1344 2719 1400 2765 et
1429 2726 1551 2780 cap.
1582 2710 1653 2763 26
1686 2709 1741 2762 in
1773 2708 1861 2763 MS

226 2806 324 2861 bis
359 2805 564 2879 legitur
618 2805 938 2868 Dudeciaco,
988 2803 1139 2858 ubiJ
1176 2804 1360 2874 priore
1389 2803 1509 2859 loco
1565 2801 1730 2856 habet
1777 2801 1863 2855 in—

229 2906 391 2972 tegre
420 2898 741 2963 Dudeciaco,
771 2895 1052 2968 quomodo
1077 2912 1265 2951 rursus
1294 2894 1484 2951 omnia
1538 2894 1733 2969 legunt
1762 2893 1858 2948 lib.

227 3005 312 3054 1v,
340 3003 465 3057 cap.
498 2985 554 3040 2.

309 3074 416 3130 Sed
444 3077 493 3128 et
522 3074 587 3128 de
615 3073 751 3126 villa
784 3073 1092 3139 Noviliaca,
1116 3078 1221 3126 etc.
1257 3072 1331 3126 De
1356 3072 1457 3126 hac
1485 3087 1652 3142 supra
1687 3070 1782 3125 lib.
1804 3088 1861 3135 ιι,

229 3180 362 3234 cap.
396 3163 485 3229 17,
527 3168 582 3216 et
618 3162 785 3216 latius
816 3161 871 3215 in
905 3161 1214 3235 fragmento
1261 3160 1537 3215 Hincmari
1570 3160 1716 3231 quod
1744 3168 1865 3229 post

230 3255 404 3309 finem
474 3254 638 3323 hujus
702 3253 888 3324 Operis
951 3252 1157 3320 adjecit
1213 3252 1450 3307 Jacobus
1514 3252 1860 3318 Sirmondus,

231 3345 391 3416 quod
422 3344 644 3398 videtur
697 3351 907 3413 partem
956 3342 1198 3413 aliquam
1231 3341 1395 3411 hujus
1445 3341 1696 3412 epistolae
1728 3357 1864 3396 con-
1890 3355 1939 3423 ρ

283 3452 437 3492 nere.

283 3452 385 3490 ner
422 3477 437 3492 .

232 3447 276 3492 ῃ
306 3451 509 3580 Καῖοιο
537 3540 746 3594 quoque
771 3524 1034 3579 Ludovici
1076 3523 1531 3577 Transrhenensis
1597 3522 1731 3590 ﬁlio.
1764 3520 1861 3575 Hic

233 3628 322 3674 est
348 3616 575 3672 Carolus
633 3617 879 3682 Crassus,
920 3615 1069 3669 illius
1122 3614 1271 3690 regis
1325 3613 1651 3681 Germaniae,
1682 3612 1862 3668 fratris

237 3709 422 3765 Caroli
451 3707 618 3763 Calvi.

850 3793 1059 3849 CAPUT
1125 3793 1259 3849 ΧΧΙ.

305 3905 402 3960 Ad
440 3905 760 3960 Lotharium
784 3904 960 3959 Italia:
988 3919 1185 3972 regem,
1214 3906 1313 3974 qui
1341 3919 1416 3970 se,
1466 3904 1662 3958 relicta
1699 3918 1869 3957 umore

225 4000 486 4068 propria,
514 3996 740 4050 cuidam
768 3997 986 4062 feminw
1017 3996 1380 4063 copulaverat.
1426 3995 1523 4050 Hic
1553 4002 1637 4050 est
1671 3994 1865 4049 Lotha-

234 4088 354 4143 rius
383 4088 453 4142 de
484 4103 595 4158 quo
653 4103 823 4158 supra
881 4088 949 4141 ad
981 4103 1103 4156 cap.
1145 4087 1234 4151 13,
1292 4094 1347 4141 et
1377 4102 1590 4142 rursum
1624 4102 1743 4156 cap.
1775 4086 1866 4153 ‘20,

230 4179 771 4235 videlicctLotharii
821 4178 1173 4250 imperatoris
1230 4177 1396 4233 filius.
1462 4179 1660 4233 Verum
1696 4179 1865 4234 Baro-

234 4273 367 4327 nius
390 4272 459 4325 ad
492 4288 696 4327 annum
730 4271 858 4340 855,
889 4288 998 4344 quo
1042 4272 1183 4328 obiit
1211 4271 1500 4327 Lotharius
1539 4271 1698 4343 imp.,
1730 4271 1865 4326 dicit

236 4361 575 4426 eum,diviso
626 4376 823 4439 regno,
858 4361 1133 4416 Ludovico
1166 4360 1376 4415 ltaliam
1409 4360 1654 4427 dedisse,
1683 4361 1779 4432 qui
1810 4369 1865 4415 et

232 4457 508 4514 successit
538 4458 587 4511 ei
611 4457 667 4510 in
700 4456 1223 4527 imperio,Lothario
1247 4464 1432 4511 autem
1463 4472 1698 4528 regnum
1719 4456 1869 4528 quod

235 4552 294 4606 in
330 4549 558 4604 Francia
578 4550 922 4621 possidebat,
941 4557 1308 4622 praeterquam
1326 4549 1869 4621 Provinciam,quam

237 4638 437 4693 Carolo
466 4638 708 4705 tradidit,
741 4645 797 4693 et
828 4639 1029 4710 passim
1063 4654 1209 4694 anno
1239 4638 1343 4694 868
1374 4639 1522 4694 hunc
1554 4638 1869 4694 Lotharium

235 4730 555 4786 adulterum
586 4739 746 4785 vocat
777 4746 964 4805 regem
997 4730 1183 4786 Galliae
1215 4739 1275 4784 et
1304 4731 1655 4795 Francorum,
1690 4737 1744 4785 et
1776 4730 1868 4784 Si-

234 4819 505 4893 gebertus
543 4819 600 4872 in
630 4818 830 4876 Chron.
866 4819 1013 4875 dicto
1047 4833 1193 4874 anno
1224 4818 1329 4874 835
1353 4814 1486 4874 dicit
1510 4834 1638 4873 eum
1666 4818 1870 4873 Lotha-

237 4910 475 4983 ringiam
514 4910 782 4976 tenuisse,
809 4917 863 4965 et
887 4927 1035 4966 anno
1074 4910 1201 4975 862,
1244 4925 1356 4981 quo
1386 4909 1734 4964 Waldradam
1755 4908 1872 4981 pel-

236 4999 405 5054 licem
436 4998 784 5068 superduxit,
845 5005 1003 5054 vocat
1064 5015 1250 5074 regem
1282 4997 1672 5070 Lotharingire.
1705 4998 1872 5052 Simi-

238 5092 365 5147 liter
410 5091 669 5162 Papirius
725 5092 1013 5147 Massonus
1078 5091 1175 5145 lib.
1237 5108 1273 5145 ιι
1326 5091 1523 5146 Annal.
1590 5091 1782 5146 Franc.
1815 5091 1871 5145 in

242 5182 442 5237 Carolo
485 5182 645 5237 Calvo
681 5199 694 5236 :
734 5202 755 5232 α
826 5182 1092 5243 Decessit.
1154 5181 1356 5252 inquit,
1418 5181 1705 5237 Lotharius
1734 5181 1868 5252 imp.

243 5273 457 5328 relictis
510 5273 705 5329 liberis
765 5273 1064 5339 Ludovico,
1128 5273 1384 5329 Lothario
1426 5281 1482 5328 et
1512 5272 1727 5329 Carolo.
1773 5273 1871 5328 Hic

242 5364 587 5420 Provinciam
624 5364 837 5431 habuit,
871 5368 1149 5420 secundus
1180 5364 1489 5420 Leucorum
1548 5372 1603 5420 et
1649 5364 1867 5420 Medio-

238 5457 533 5513 matricum
588 5464 783 5522 terras,
850 5473 971 5529 quae
1039 5457 1279 5528 priscum
1313 5473 1518 5513 nomen
1578 5457 1633 5511 in
1668 5456 1872 5512 Lotha-

239 5548 475 5623 ringiam
508 5555 812 5611 mutarunt,
850 5548 1159 5604 Ludovicus
1215 5565 1308 5604 rex
1339 5548 1506 5603 Italia:
1538 5547 1664 5614 fuit,
1700 5568 1724 5598 »
1762 5549 1870 5602 Ita-

240 5659 351 5713 que
371 5657 471 5712 pro
483 5644 664 5697 Italia
693 5642 1142 5697 substituendum
1166 5641 1383 5696 videtur
1400 5642 1792 5709 Lotharingiw.

313 5732 524 5799 Scripsi
554 5731 718 5782 etiam
748 5730 996 5797 qucedam
1026 5731 1100 5784 ad
1131 5730 1439 5784 Adrianum
1462 5746 1684 5800 papam.
1722 5729 1869 5785 lutcr

243 5821 526 5879 Hincmari
553 5820 819 5893 epistolas
849 5838 881 5877 a
941 5821 1203 5879 Cordesio
1261 5823 1438 5879 editas
1468 5822 1632 5878 unica
1681 5823 1865 5878 estad

1967 2097 2195 2135 nensem
2224 2079 2318 2133 lib.
2345 2095 2380 2132 ιι
2416 2077 2770 2132 Bibliotheca:
2793 2083 3014 2139 sanctae,
3044 2073 3214 2128 verbo
3240 2073 3583 2127 Hebraeorum

1964 2166 2340 2242 Evangelium.
2384 2172 2476 2226 Sic
2506 2171 2653 2226 enim
2678 2170 2785 2225 alio
2825 2168 3050 2225 nomine
3073 2166 3401 2239 appellatur.

2045 2267 2283 2333 Vulfado
2316 2265 2654 2331 Biturigensi
2704 2263 3125 2331 archiepiscopo.
3163 2259 3212 2313 Is
3269 2266 3351 2311 est
3397 2253 3490 2327 qui
3514 2252 3583 2308 ab

1968 2360 2155 2416 Ebone
2179 2359 2355 2414 fuerat
2404 2357 2696 2431 presbyter
2749 2357 3058 2422 ordinatus,
3120 2355 3187 2409 de
3210 2368 3320 2425 quo
3348 2349 3584 2407 toticsin

1966 2449 2368 2522 superioribus,
2386 2457 2446 2504 ut
2502 2455 2653 2520 patet
2682 2465 2747 2503 ex
2797 2447 3034 2519 epistola
3087 2445 3269 2502 Karoli
3319 2442 3466 2518 regis
3514 2439 3584 2494 ad

1965 2546 2245 2602 Nicolaum
2279 2560 2496 2616 papam,
2528 2560 2652 2616 quae
2683 2551 2859 2600 exstat
2888 2544 3034 2599 inter
3071 2540 3344 2597 Hincmari
3374 2536 3586 2609 episto-

1966 2639 2094 2693 lasa
2125 2635 2388 2691 Cordesio
2420 2635 2615 2690 editas.

2033 2734 2263 2787 Immoni
2292 2733 2708 2797 Noviomagensi
2762 2732 3028 2799 episcopo.
3072 2727 3169 2783 Hic
3195 2727 3332 2782 alias
3360 2732 3589 2781 vocatur

1966 2830 2201 2892 Himmo,
2262 2831 2318 2880 et
2371 2824 2719 2894 subscriptus
2767 2823 2968 2896 legitur
3023 2823 3078 2876 in
3109 2819 3585 2877 concil.Tullensi

1969 2937 2116 2977 anno
2136 2922 2263 2978 859'.
2294 2922 2537 2977 Vocatur
2562 2927 2618 2975 et
2654 2924 2842 2976 Emmo
2895 2927 2951 2974 et
2990 2921 3202 2985 Emino,
3235 2933 3398 2989 quem
3438 2916 3587 2972 occi-

1969 3032 2088 3071 sum
2120 3032 2151 3070 a
2180 3014 2618 3087 Nordmannisin
2645 3015 2798 3070 urbis
2825 3030 2939 3070 suae
2968 3012 3280 3083 direptione
3307 3027 3454 3068 anno
3471 3012 3586 3081 jam

1967 3111 2116 3166 dicto
2144 3110 2336 3165 scribit
2366 3109 2635 3180 Meyerus.

2037 3203 2332 3256 Prudentia
2367 3202 2700 3255 Trecassino.
2736 3199 2833 3254 Hic
2863 3199 2917 3252 in
2958 3197 3207 3273 catalogo
3231 3197 3584 3253 Trecensium

1968 3291 2356 3362 episcoporum
2392 3298 2474 3345 est
2520 3290 2829 3345 tricesimus
2877 3290 3147 3359 septimus
3229 3288 3378 3344 Obiit
3443 3288 3589 3344 circa

1967 3399 2175 3439 annum
2202 3383 2328 3449 861,
2361 3392 2422 3437 ιιι
2470 3392 2551 3437 est
2607 3382 2662 3436 in
2704 3382 3086 3452 Promptuario
3134 3397 3412 3437 sacrarum
3444 3381 3587 3436 anti-

1970 3476 2241 3547 quitatum
2281 3473 2599 3529 Tricassinze
2630 3474 2909 3541 dimcesis,
2973 3481 3197 3529 auctore
3262 3489 3362 3528 seu
3419 3472 3591 3528 colle-

1971 3580 2121 3628 ctore
2148 3572 2370 3627 Nicolao
2397 3570 2673 3626 Camuzat.
2730 3571 2952 3626 Festum
3011 3570 3298 3646 peragitur
3324 3568 3358 3624 9
3387 3568 3589 3624 lectio-

1971 3663 2138 3719 nibus
2166 3664 2199 3717 6
2230 3662 2446 3734 Aprilis.
2479 3662 2658 3716 Exstat
2686 3663 2739 3716 in
2763 3663 2960 3717 eodem
2995 3661 3379 3733 Promptuario
3410 3676 3591 3716 sermo

1970 3760 2220 3829 ejusdem
2263 3760 2369 3815 hoc
2418 3758 2616 3815 titulo:
2669 3760 2852 3816 Sermo
2916 3759 2970 3814 Β.
3048 3758 3327 3812 Prudentit
3359 3758 3595 3826 episcopi

1974 3854 2248 3907 Trecensis
2270 3851 2336 3905 de
2376 3853 2492 3905 vita
2521 3855 2570 3905 et
2598 3855 2767 3905 morte
2815 3852 3065 3919 gloriosa:
3094 3851 3329 3917 virginis
3363 3851 3590 3903 Maurae.

1968 3943 2199 4014 Scripsit
2241 3959 2463 4015 quoque
2491 3944 2691 4000 librum
2722 3960 2834 4016 quo
2885 3944 3101 3999 erudite
3133 3943 3385 4000 confutat
3421 3941 3590 3997 libel-

1971 4035 2084 4089 lum
2107 4033 2455 4107 Origenianis
2508 4042 2563 4088 et
2620 4033 2934 4109 Pelagianis
2988 4032 3274 4089 erroribus
3303 4031 3591 4097 refertum,

1971 4139 2134 4194 quem
2176 4123 2420 4178 Joannes
2485 4123 2681 4179 Scotus
2740 4123 3171 4179 concinnaverat
3233 4137 3301 4175 ex
3357 4120 3594 4175 Gothes-

1969 4214 2105 4270 calci
2139 4215 2466 4270 Orbacensis
2515 4216 2771 4271 monachi
2811 4215 3051 4287 scriptis.
3080 4214 3139 4268 Ei
3173 4212 3438 4269 successit
3467 4213 3595 4267 Ful-

1964 4304 2202 4369 chricus,
2266 4305 2473 4360 deinde
2529 4304 2762 4370 Atulfus,
2794 4304 2910 4360 sive
2951 4302 3214 4367 Octulfus,
3281 4302 3352 4356 de
3384 4301 3590 4374 quibus

1972 4400 2114 4455 intra
2144 4417 2192 4456 c.
2227 4401 2298 4455 23

2039 4495 2209 4548 Eneti
2233 4494 2591 4553 Parisiorum.
2637 4508 2742 4563 pro
2766 4492 3014 4549 Bothado
3064 4491 3403 4546 Suessonico.
3438 4487 3599 4543 Dedit

1972 4590 2027 4638 et
2051 4583 2187 4638 alias
2220 4582 2430 4638 litteras
2475 4585 2545 4638 ad
2584 4585 2733 4639 hunc
2769 4583 2995 4638 [Eneam
3061 4599 3160 4654 pro
3194 4583 3447 4638 Bernonc
3481 4580 3601 4636 cle-

1889 4679 1946 4747 D
1970 4677 2106 4743 rico,
2152 4691 2275 4747 quae
2302 4682 2521 4731 exstant
2576 4676 2722 4746 apud
2772 4676 3069 4732 Baronium
3091 4691 3238 4731 anno
3266 4675 3392 4741 912,
3422 4681 3478 4728 et
3509 4687 3595 4728 re-

1972 4767 2199 4837 sponsio
2220 4764 2403 4820 xEneae
2423 4766 2491 4820 ad
2516 4765 2893 4821 Hincmarum.

2591 4856 2801 4914 CAPUT
2833 4857 2992 4913 XXII.

2041 4930 2107 4983 In
2129 4928 2336 4997 synodo
2378 4928 2750 4999 episcoporum
2789 4931 2971 4985 decem
3003 4930 3436 5000 provinciarum.
3475 4926 3598 4981 Haec

1974 5028 2059 5074 est
2123 5020 2369 5091 synodus
2433 5020 2785 5076 Duziacensis
2837 5021 2892 5076 in
2959 5019 3246 5093 provincia
3311 5017 3594 5073 Remensi.

1976 5111 2363 5185 Fragmentum
2418 5114 2667 5184 epistolae
2697 5113 2862 5183 hujus
2900 5112 3098 5184 synodi
3166 5111 3234 5166 ad
3296 5110 3595 5165 Adrianum

1977 5222 2176 5276 papam
2220 5206 2266 5260 II
2315 5205 2491 5262 edidit
2537 5206 2781 5262 Joannes
2832 5205 3123 5261 Cordesius
3156 5205 3300 5259 inter
3321 5202 3597 5259 Hincmari

1971 5297 2251 5368 epistolas.
2286 5298 2538 5353 Meminit
2588 5298 2837 5368 ejusdem
2888 5297 3177 5353 Aimoinus
3206 5296 3302 5354 lib.
3334 5314 3388 5362 v,
3422 5312 3472 5351 c.
3503 5295 3595 5363 24,

1972 5389 2029 5442 in
2068 5387 2179 5442 fine
2211 5406 2226 5442 :
2256 5387 2542 5443 habitaest
2572 5404 2718 5443 anno
2743 5389 2869 5443 817.
2907 5388 3088 5444 Exstat
3107 5396 3242 5444 tom.
3267 5390 3337 5444 lll
3358 5388 3597 5459 Concil.,

1974 5497 2006 5551 p
2029 5487 2127 5535 irte
2166 5498 2225 5534 ιι.
2262 5480 2322 5534 Et
2354 5479 2618 5551 praecedit
2639 5479 2846 5534 ibidem
2874 5481 3173 5536 concilium
3208 5481 3356 5554 apud
3377 5483 3597 5538 Verme-

1974 5574 2107 5629 riam
2141 5573 2404 5645 palatium
2455 5573 2703 5628 habitum
2754 5574 2948 5650 viginti
3010 5576 3398 5648 episcoporum
3455 5575 3592 5631 etin

1968 5664 2096 5719 villa
2114 5672 2169 5719 et
2195 5663 2398 5735 palatio
2440 5663 2732 5733 Attiuiaco,
2753 5682 2902 5721 anno
2940 5665 3068 5733 870,
3096 5666 3244 5738 quod
3267 5682 3334 5721 ex
3357 5665 3591 5720 Baronio

1968 5751 2178 5807 ibidem
2209 5752 2560 5825 illegitimum
2588 5762 2645 5808 et
2674 5754 2993 5811 latrocinale
3016 5755 3181 5810 fuisse
3209 5755 3431 5817 dicitur,
3457 5759 3510 5806 et
3534 5753 3589 5806 in

1968 5862 2035 5903 eo
2066 5846 2248 5919 ipsum
2281 5846 2632 5903 Hincmarum
2678 5847 3100 5906 Laudunensem
3133 5847 3334 5917 injuste
3364 5842 3587 5914 deposi-
