3874 6462
253 487 360 543 383

1101 491 1492 549 COLVENERII
1534 493 1807 550 SCHOLIA
1851 496 1915 550 ΙΝ
1956 496 2121 551 HIST.
2163 496 2446 554 REMENS.
2489 497 2756 555 ECCLES.

3495 501 3602 557 385.

253 607 366 674 tum
438 619 558 676 Fuit
614 621 753 677 forte
815 623 1138 681 Hincmarus
1201 624 1680 697 Remensis(qucm
1722 633 1870 698 patet
1896 631 1942 698 Α
1973 627 2150 683 Caroli
2178 628 2306 684 novi
2374 629 2573 699 imper.
2607 645 2709 698 per
2738 643 2936 682 manus
2963 629 3238 683 Anastasii
3303 628 3606 684 Bibliothe-

251 707 418 764 fuisse
444 711 828 767 vehementem
880 713 936 766 in
988 713 1246 768 omnibus
1289 714 1405 768 suis
1457 715 1792 780 actionibus,
1815 723 1870 772 et

248 799 547 856 maximum
579 803 778 858 veteris
830 803 1138 876 disciplinae
1183 811 1535 874 assertorem)
1587 807 1870 880 aliquanto

249 892 499 946 severior
552 893 606 948 in
638 911 794 948 suum
851 904 1110 966 nepotem
1149 897 1502 952 Hincmarum
1539 897 1869 952 Laudunen-

250 1002 390 1053 sem,
415 987 788 1053 defensorem,
822 999 880 1044 ut
923 991 997 1044 ait
1023 991 1307 1056 Baronius,
1337 991 1543 1061 jurium
1607 993 1868 1050 Romanae

251 1076 510 1132 Ecclesiae
544 1097 558 1143 ;
586 1079 681 1132 sed
739 1087 791 1133 et
836 1079 1086 1152 iniquum
1120 1081 1291 1136 fuisse
1324 1082 1381 1136 in
1440 1099 1566 1137 eum
1624 1083 1787 1139 docet
1819 1087 1871 1140 in

249 1166 556 1220 Annalibus
586 1169 652 1222 ad
667 1185 872 1224 annum
897 1171 1001 1226 870
1033 1179 1088 1226 et
1114 1171 1238 1225 871.
1275 1172 1430 1226 Unde
1455 1187 1554 1244 pro
1583 1173 1872 1230 Hincmaro

251 1258 604 1314 Laudunensi
624 1267 704 1314 est
726 1261 959 1330 epistola
979 1263 1048 1316 27
1079 1263 1304 1318 Adriani
1340 1265 1383 1318 ll
1416 1273 1470 1319 et
1497 1272 1608 1320 tres
1637 1281 1874 1338 sequen-

251 1359 332 1402 tes
383 1349 636 1418 Ejusdem
676 1353 990 1409 reclamatio
1041 1355 1157 1410 sive
1209 1356 1509 1427 appellatio
1549 1357 1616 1412 ad
1680 1359 1868 1413 sedem

249 1441 604 1510 apostolicam
639 1451 811 1498 exstat
841 1445 1040 1501 eodem
1089 1455 1220 1502 tom.
1273 1445 1478 1502 Concil.
1514 1457 1636 1518 post
1661 1449 1872 1520 episto-

252 1533 404 1588 lam-3
433 1534 663 1590 Joannis
693 1537 832 1602 Vlll,
866 1547 921 1592 et
949 1539 1171 1593 tandem
1213 1539 1268 1593 in
1327 1539 1583 1595 Trecensi
1610 1541 1868 1608 concilio,

247 1627 351 1681 sub
381 1629 575 1682 eodem
599 1629 810 1685 Joanne
856 1632 994 1696 VIII,
1029 1649 1176 1688 anno
1197 1633 1322 1698 878,
1352 1651 1452 1688 suo
1471 1635 1706 1706 pristino
1736 1653 1868 1708 gra-

249 1721 340 1775 dui
400 1721 534 1777 dicit
599 1725 868 1780 Baronius
928 1726 1096 1782 fuisse
1129 1729 1471 1796 restitutum,
1512 1731 1870 1801 etprobatex

247 1815 437 1870 Adone
465 1816 519 1870 in
570 1816 678 1872 fine
727 1818 810 1872 sui
865 1818 1142 1874 Chronici.
1175 1821 1374 1876 Verum
1407 1823 1694 1878 Aimoinus
1721 1823 1871 1880 dicto

249 1909 410 1976 libro,
444 1927 492 1964 c.
521 1912 612 1978 37,
642 1912 824 1982 potius
865 1914 1206 1968 contrarium
1261 1914 1555 1988 signiﬁcat,
1591 1917 1718 1971 dum
1743 1917 1820 1973 ait
1854 1935 1866 1972 :

247 1999 516 2054 Joannem
553 2019 750 2073 papam
794 2004 1000 2059 dixisse
1029 2012 1088 2059 ut
1131 2005 1474 2062 Hedenulfus
1503 2024 1603 2062 sua
1634 2010 1872 2064 auctori-

250 2096 358 2144 tate
381 2089 672 2146 ordinatus
702 2092 1018 2164 episcopus,
1061 2094 1253 2150 sedem
1311 2113 1468 2151 suam
1524 2104 1764 2164 teneret,
1819 2107 1874 2153 et

250 2187 572 2258 episcopale
620 2189 987 2244 ministerium
1042 2201 1252 2266 ageret,
1297 2201 1351 2248 et
1413 2193 1759 2260 Hincmarus,
1827 2195 1872 2248 si

249 2281 434 2348 vellet,
461 2282 683 2337 missam
712 2291 982 2349 cantaret,
1024 2293 1078 2340 et
1119 2293 1328 2357 partem
1357 2287 1425 2342 de
1457 2287 1624 2342 rebus
1653 2287 1876 2360 episco-

249 2373 326 2444 pii
355 2374 706 2430 Laudunensi
733 2377 982 2434 haberet.
1016 2378 1173 2434 Certe
1204 2379 1458 2435 Nicotaus
1477 2397 1618 2452 papa
1645 2381 1874 2453 primus,

248 2463 349 2518 etsi
393 2464 446 2518 in
479 2465 677 2520 litteris
701 2467 767 2520 ad
801 2466 1151 2524 Hincmarum
1204 2469 1530 2524 Remensem
1561 2469 1723 2536 datis,
1753 2487 1877 2542 quae

249 2563 468 2609 exstant
508 2562 655 2610 tomo
689 2556 759 2611 Ill
799 2557 1034 2624 Concil.,
1069 2575 1196 2613 eum
1230 2559 1284 2614 in
1312 2559 1642 2632 quibusdam
1679 2577 1872 2632 repre-

248 2650 476 2717 hendat,
503 2651 555 2704 in
583 2668 647 2706 ea
680 2657 862 2706 tamen
895 2653 1132 2724 epistola
1159 2653 1319 2721 cujus
1359 2653 1872 2730 fragmentumcitat

250 2744 342 2798 lvo
365 2743 420 2797 in
477 2761 578 2800 suo
637 2745 888 2810 Decreto,
922 2755 1062 2816 part.
1095 2763 1204 2812 XIV,
1269 2761 1390 2817 cap.
1426 2747 1514 2810 46,
1544 2753 1600 2801 et
1630 2745 1772 2800 Grat.
1809 2764 1868 2815 ιι,

250 2851 284 2906 q
339 2835 393 2899 3,
417 2851 538 2905 cap.
574 2833 699 2901 102,
749 2836 1270 2902 Emoellentissimus,
1297 2836 1620 2905 praeclarum
1650 2837 1701 2891 ei
1735 2854 1872 2904 prm~

250 2924 764 2992 bettrstimonium,
785 2925 978 2981 dicens
1007 2945 1024 2980 :
1065 2946 1089 2977 ‹‹
1115 2928 1460 2998 Quapropter
1504 2943 1652 2982 nunc
1702 2929 1871 2984 beati-

249 3019 428 3074 tudini
460 3026 566 3074 tuae
589 3014 930 3094 iniungimus
988 3030 1046 3076 ut
1075 3037 1245 3091 super
1274 3021 1378 3076 hoc
1401 3031 1585 3077 nostra
1630 3024 1873 3078 auctori-

247 3116 360 3164 tate
392 3110 582 3175 fretus,
610 3126 796 3164 curam
838 3110 906 3165 de
939 3111 1024 3166 his
1080 3129 1301 3168 sumere
1332 3113 1586 3168 studeas:
1613 3115 1744 3186 quia
1774 3131 1872 3171 no-

245 3219 340 3257 cra
373 3220 642 3258 DIVINITUS
671 3204 934 3260 sanctitas
985 3212 1076 3260 tua
1102 3206 1259 3261 valde
1287 3207 1440 3262 novit
1471 3207 1620 3262 aliud
1649 3225 1776 3264 esse
1806 3225 1872 3263 ex

250 3298 598 3364 necessitate,
622 3298 770 3352 aliud
801 3315 868 3353 ex
916 3299 1248 3372 ignorantia,
1273 3307 1438 3373 atque
1467 3301 1614 3357 aliud
1633 3303 1784 3374 quod
1807 3319 1872 3357 ex
1903 3275 1952 3344 (ἶ

247 3390 430 3446 studio
452 3389 819 3460 delinquitur,
850 3411 869 3438 α
906 3390 1295 3446 etc.Eumdem
1319 3389 1486 3446 fuisse
1503 3391 1681 3447 virum
1714 3394 1864 3464 pium

251 3488 306 3534 et
355 3479 653 3535 admodum
707 3481 1007 3536 litteratum
1040 3487 1270 3535 testatur
1317 3481 1645 3552 Meyerusin
1673 3484 1863 3538 Anna»

253 3571 397 3626 libus
453 3571 742 3640 Flandriae,
803 3573 927 3628 885.
963 3572 1111 3626 Facit
1169 3589 1392 3646 quoque
1448 3591 1548 3646 pro
1576 3575 1866 3632 Hincmaro

250 3663 509 3718 Remensi
529 3663 762 3734 epistola
785 3664 1034 3733 ejusdem
1076 3665 1304 3720 Joannis
1333 3667 1472 3734 Vlll,
1523 3685 1711 3740 quam,
1741 3669 1868 3740 quia

249 3753 408 3810 deest
435 3755 493 3809 in
519 3755 685 3811 tomis
725 3755 1114 3825 Conciliorum,
1149 3758 1240 3813 hic
1277 3758 1556 3814 ascribere
1615 3760 1872 3832 placuita

250 3848 632 3904 R.P.Jacobo
685 3849 977 3906 Sirmondo
1033 3865 1098 3904 ex
1151 3851 1496 3907 Bibliotheca
1524 3853 1577 3906 S.
1636 3852 1871 3927 Remigii

250 3935 401 4006 prius
430 3936 780 4006 exscriptam.
826 3957 852 3988 π
883 3938 1127 3994 Joannes
1156 3939 1452 4010 episcopus
1505 3957 1699 3996 servus
1755 3959 1877 3997 ser-

251 4037 441 4080 vorum
467 4025 562 4079 Dei
603 4025 892 4082 Hincmaro
913 4029 1332 4100 archiepiscopo
1364 4030 1645 4086 Remensi.
1671 4032 1872 4096 Quam-

254 4119 334 4174 vis
363 4118 433 4173 de
463 4118 768 4174 sanctitatis
808 4127 912 4174 tum
971 4120 1185 4188 judicio
1240 4123 1380 4177 nihil
1433 4124 1869 4192 dubitassemus,

255 4208 587 4279 quiatamen
639 4209 998 4264 charissimus
1050 4209 1198 4265 ﬁlius
1255 4219 1444 4268 noster
1473 4212 1698 4268 Carolus
1729 4213 1869 4268 invi-

253 4297 535 4352 ctissimus
564 4299 880 4370 imperator,
913 4315 944 4353 a
995 4299 1159 4355 nobis
1185 4300 1610 4374 diligentissime
1632 4318 1875 4373 percun-

252 4395 451 4457 ctatus,
517 4389 982 4446 circumstantiam
1035 4391 1233 4460 judicii
1289 4408 1320 4447 a
1377 4393 1726 4449 beatitudine
1781 4402 1876 4450 tua

255 4481 826 4553 coepiscOporumque
871 4497 1096 4536 suorum
1153 4482 1209 4536 in
1258 4482 1606 4538 Hincmarum
1666 4484 1872 4539 dudum

254 4570 678 4626 Laudunensem
709 4571 1033 4642 episcopum
1067 4571 1263 4642 prolati
1305 4573 1643 4643 apostolatui
1683 4585 1875 4629 nostro

1973 720 2106 774 carii
2137 720 2193 774 in
2222 720 2522 776 secretario
2565 721 2820 776 ecclesiae
2864 719 2919 772 S.
2955 719 3120 776 Petri.
3155 720 3312 776 Anno
3343 721 3607 776 incarna-

1971 809 2140 864 tionis
2171 809 2472 864 Dominicae
2501 809 2628 875 877,
2661 809 2802 864 Non.
2873 809 3142 876 Januarii,
3184 809 3492 866 indictione
3526 827 3600 877 Ix,

1971 907 2025 955 et
2053 901 2234 956 delata
2263 908 2346 955 est
2374 901 2442 954 ab
2469 902 2667 956 eodem
2699 900 3044 958 Theoderico
3076 901 3132 956 in
3165 901 3382 957 civitate
3412 903 3604 957 Remis

1973 987 2262 1042 Hincmaro
2297 987 2591 1042 Remorum
2639 988 3072 1060 archiepiscopo
3131 989 3329 1044 eodem
3369 1005 3516 1046 anno
3549 996 3606 1045 et

1975 1077 2167 1131 eadem
2203 1075 2506 1132 indictione
2533 1094 2566 1130 v
2595 1076 2724 1131 ldus
2753 1077 2948 1143 Martii,
2979 1101 3002 1123 ιι

2044 1171 2114 1224 Ει
2151 1185 2185 1222 a
2216 1171 2525 1226 Normanno
2573 1173 2635 1224 in
2689 1169 2896 1236 synodo
2941 1175 3251 1224 accusatus.
3283 1170 3356 1224 De
3388 1170 3495 1225 hoc
3521 1169 3604 1224 vi-

1974 1259 2169 1314 deatur
2207 1260 2444 1330 epistola
2484 1259 2707 1314 Adriani
2739 1261 2810 1313 28
2850 1267 2903 1314 et
2933 1260 3024 1316 29.

2043 1356 2406 1424 Municipium
2435 1355 2714 1420 Lauduni,
2774 1361 2904 1417 etc.,
2937 1355 3006 1409 ab
3069 1354 3292 1408 exordio
3319 1357 3428 1421 sui,
3455 1360 3606 1424 post-

1973 1461 2136 1517 quam
2165 1462 2199 1499 a
2230 1447 2530 1501 Marcobrio
2559 1450 2810 1514 praetore,
2842 1447 3154 1515 utprodunt
3191 1447 3451 1513 historiae,
3475 1463 3608 1502 con-

1972 1536 2148 1589 ditum
2172 1525 2303 1603 fuit.
2339 1535 2414 1588 De
2446 1533 2640 1588 eadem
2691 1549 2746 1588 re
2788 1535 2933 1588 idem
2978 1533 3305 1588 Hincmarus
3360 1534 3416 1588 in
3461 1547 3608 1605 Opus

1977 1627 2054 1680 LV
2079 1625 2475 1698 Capitulorum,
2533 1641 2656 1696 cap.
2691 1627 2757 1682 16
2815 1627 2896 1681 sic
2923 1626 2997 1680 ait
3035 1643 3047 1679 :
3088 1647 3106 1674 ι
3146 1626 3301 1690 Quod
3370 1629 3601 1697 (nempe

1973 1719 2260 1774 castellum
2330 1718 2716 1788 Laudunense(
2786 1719 2928 1773 sicut
2987 1719 3284 1788 Eutropius
3343 1717 3608 1789 antiquus

1973 1811 2456 1886 historiographus
2511 1811 2664 1876 dicit,
2731 1818 2956 1866 auctore
3013 1810 3318 1866 Marcobrio
3368 1817 3607 1882 praetore

1971 1901 2282 1968 conditum,
2308 1901 2376 1956 ab
2405 1901 2636 1956 exordio
2693 1902 2778 1955 sui
2829 1901 2885 1956 in
2917 1901 3247 1977 paganismo
3279 1901 3424 1956 inter
3463 1901 3606 1956 civi-

1976 2000 2115 2048 tates
2145 1994 2230 2048 vel
2291 1993 2664 2065 provinciales
2695 1993 2860 2048 sedes
2920 2009 3126 2050 nomen
3157 2000 3210 2048 et
3268 1993 3446 2048 locum
3494 2008 3603 2049 non

1975 2084 2184 2138 habuit.
2223 2108 2244 2130 -ι
2353 2072 2374 2088 ’

2048 2173 2192 2228 Olim
2221 2174 2290 2228 ab
2304 2175 2474 2228 homo
2505 2174 2714 2228 habita.
2750 2172 2838 2227 Sic
2861 2173 2948 2226 MS
2979 2180 3033 2227 et
3054 2173 3346 2244 originale.
3372 2172 3422 2235 J,
3449 2188 3602 2238 orno,

1977 2265 2257 2336 quomodo
2283 2264 2483 2338 legitM
2511 2264 2608 2318 lib.
2643 2282 2682 2331 ι,
2725 2280 2846 2334 cap.
2875 2264 2965 2318 20.
3003 2263 3186 2319 Horno
3242 2270 3426 2318 autem
3455 2263 3604 2318 idem

1978 2359 2064 2407 est
2093 2353 2241 2424 quod
2269 2353 2374 2408 hoc
2395 2368 2561 2408 anno.
2594 2351 2802 2407 Dicitur
2831 2359 2884 2406 et
2913 2354 3136 2420 hornus,
3167 2369 3202 2406 a
3253 2369 3366 2418 um,
3401 2359 3459 2406 ut
3488 2351 3605 2407 fru-

1978 2446 2292 2514 ctushorni,
2325 2462 2492 2518 poma
2514 2447 2708 2512 horna,
2738 2445 2793 2500 id
2825 2454 2906 2501 est
2931 2447 3098 2515 hujus
3121 2447 3276 2500 anni.

2048 2544 2197 2596 Licet
2225 2541 2300 2596 ad
2338 2547 2538 2596 tomum
2569 2545 2735 2610 caput
2763 2542 3008 2607 inclinet,
3029 2543 3126 2610 qui
3151 2543 3226 2594 eis
3259 2556 3366 2594 non
3405 2541 3602 2606 obedit,

1975 2633 2068 2689 sed
2089 2633 2274 2702 potius
2304 2647 2466 2701 porro
2511 2633 2696 2686 obvias
2737 2647 2931 2686 mmms
2963 2633 3218 2698 inferens.
3255 2629 3342 2684 Sic
3373 2629 3514 2701 orig.
3551 2635 3607 2682 et

1970 2730 2019 2784 J.
2051 2729 2274 2783 Phrasis
2321 2735 2405 2782 est
2435 2727 2567 2780 satis
2630 2727 2882 2794 obscura.
2939 2726 3046 2791 MS,
3102 2727 3369 2780 thomum.
3407 2725 3603 2778 Exem-

1973 2821 2092 2891 plar
2120 2835 2230 2892 quo
2253 2835 2386 2873 usus
2417 2825 2502 2872 est
2547 2817 2814 2872 Baronius
2841 2816 2975 2890 legit
3010 2817 3288 2881 Thomam,
3345 2824 3401 2870 et
3452 2823 3611 2886 putat

1973 2909 2377 2966 restituendum
2427 2912 2667 2964 Romam.
2703 2907 2805 2962 Pro
2849 2923 3012 2977 porro
3041 2907 3172 2974 legit
3217 2910 3388 2962 Petro.
3426 2908 3486 2960 In
3517 2907 3610 2960 MS

1972 3005 2197 3058 obvia-ns
2230 3001 2450 3076 legitur.
2489 3000 2579 3054 Est
2621 3006 2804 3054 autem
2838 3007 3020 3054 tomus
3051 2997 3276 3068 proprie
3317 2997 3612 3070 fragmen-

1975 3107 2088 3154 tum
2106 3097 2235 3152 libri
2253 3095 2585 3161 abscissum,
2627 3101 2682 3150 et
2707 3111 2805 3164 pro
2854 3095 2973 3166 ipso
3016 3093 3156 3148 libro
3188 3109 3287 3148 seu
3319 3093 3610 3148 volumine

1979 3185 2305 3262 imperfecto
2328 3184 2619 3256 accipitur.

2577 3274 2788 3332 CAPUT
2813 3275 2998 3328 XXIII.

2040 3366 2318 3436 Synodum
2363 3365 2514 3435 apud
2541 3367 2720 3420 Pistas
2750 3365 3040 3432 agendum.
3097 3362 3429 3436 lntelligitur
3455 3377 3606 3417 con-

1969 3455 2159 3512 cilium
2193 3453 2447 3508 Pistense
2472 3453 2528 3506 in
2556 3452 2677 3507 loco
2713 3452 2805 3524 qui
2859 3451 3018 3534 Pistis
3061 3450 3265 3505 dicitur
3293 3451 3360 3504 ad
3391 3450 3608 3521 Sequa-

1971 3566 2096 3605 nam
2163 3547 2413 3613 fluvium,
2462 3545 2801 3601 celebratum
2860 3560 3006 3599 anno
3051 3543 3178 3610 863,
3232 3542 3334 3597 sub
3383 3543 3608 3598 Nicolao

1971 3643 2151 3716 primo
2195 3641 2342 3714 quod
2396 3649 2575 3696 exstat
2628 3648 2761 3695 tom.
2816 3639 2886 3693 lll
2947 3637 3320 3693 Conciliorum
3387 3637 3442 3690 in
3496 3635 3608 3691 ﬁne

1973 3735 2174 3808 prioris
2201 3733 2390 3805 partis.
2446 3730 2604 3787 Unde
2639 3747 2809 3802 supra
2847 3747 2970 3800 cap.
3003 3730 3063 3784 21
3105 3729 3306 3803 legitur
3327 3728 3384 3782 in
3417 3729 3608 3782 omni-

1973 3830 2079 3884 bus
2100 3825 2532 3898 exemplaribus,
2559 3825 2634 3880 ad
2664 3827 2842 3880 Pistas
2898 3826 2958 3878 in
3017 3825 3274 3894 Sequana
3307 3841 3319 3876 :
3348 3824 3450 3878 hoc
3479 3823 3608 3878 loco

1976 3922 2082 3976 MS.
2118 3924 2299 3976 Pastas
2327 3919 2478 3990 legit,
2505 3917 2604 3972 sed
2643 3917 2808 3972 male.
2844 3917 2960 3972 Alio
3016 3917 3242 3971 nomine
3295 3915 3606 3970 Pisciacum

1975 4017 2032 4065 et
2059 4009 2220 4063 Pista:
2253 4007 2456 4062 dicitur
2483 4005 2643 4078 quasi
2675 4006 2948 4069 Pisciataa,
3002 4005 3132 4076 quia
3165 4005 3308 4059 solet
3335 4019 3457 4058 esse
3514 4005 3606 4074 pi-

1973 4105 2126 4159 scina
2159 4103 2326 4158 totius
2349 4101 2614 4168 Francize,
2658 4108 2718 4155 ut
2762 4100 2956 4156 scribit
3009 4099 3373 4154 Sebastianus
3433 4099 3610 4154 Roul-

1971 4191 2111 4246 liard
2135 4191 2189 4244 in
2219 4207 2317 4246 sua
2348 4190 2639 4246 Parthenia
2660 4189 2774 4244 sive
2817 4189 3053 4244 Historia
3105 4188 3364 4244 Ecclesia:
3392 4187 3609 4244 Carno-

1975 4282 2149 4338 tensis
2171 4298 2291 4353 cap.
2331 4283 2420 4348 12,
2441 4298 2592 4336 num.
2616 4281 2668 4335 9.
2705 4281 2910 4334 Gallice
2943 4283 3148 4348 Poissy.
3489 4279 3496 4284 ’

2051 4375 2270 4430 Waloni
2297 4376 2617 4429 Metensium
2644 4375 2888 4442 prwsuli.
2949 4373 3036 4426 Sic
3073 4372 3182 4439 MS,
3217 4371 3314 4426 sed
3349 4371 3412 4438 J,‘
3443 4373 3619 4428 Walcc

1977 4469 2255 4544 Quomodo
2270 4476 2430 4524 vocat
2461 4485 2585 4524 eum
2604 4468 2890 4522 Aimoinus
2919 4467 3022 4522 lib.
3059 4485 3112 4534 ν,
3139 4483 3262 4538 cap.
3298 4468 3386 4521 .11.

2593 4583 2804 4639 CAPUT
2834 4584 3011 4638 XXIV.

255 4662 462 4728 retulit,
503 4663 828 4737 agnovimus
871 4663 1082 4732 justum
1116 4663 1288 4719 fuisse
1329 4665 1558 4721 omnino
1583 4655 1785 4733 judicia

2075 4683 2114 4736 η
2163 4681 2595 4735 Parisiacensem
2645 4677 2985 4746 parochiam.
3043 4675 3135 4730 Sic
3187 4674 3220 4727 C
3290 4673 3346 4727 in
3397 4673 3605 4746 Gallica

256 4755 445 4826 Neque
499 4755 646 4808 enim
715 4762 898 4810 tantus
954 4755 1216 4826 princeps
1267 4756 1375 4812 nisi
1404 4758 1636 4812 veritate
1684 4757 1878 4813 fultum

255 4847 557 4918 quidquam
581 4853 794 4917 poterat
847 4847 1143 4902 afﬁrmare.
1176 4848 1330 4902 Uude
1361 4848 1519 4904 nefas
1551 4865 1677 4904 esse
1709 4849 1878 4904 duxi-

256 4953 380 4991 mus
409 4936 530 5004 ejus
565 4935 821 4992 relationi
852 4952 963 4992 non
1013 4937 1262 5007 praebere
1309 4936 1438 4992 ﬁdei
1495 4938 1884 4994 incunctanter

253 5030 522 5084 auditum.
557 5027 677 5084 Noli
718 5045 849 5102 ergo
874 5027 988 5098 jam
1025 5045 1175 5084 nunc
1205 5029 1506 5085 Ecclesiam
1541 5029 1876 5086 Laudunen-

255 5135 373 5176 sem
392 5120 669 5194 viduatam
717 5129 772 5174 et
801 5119 922 5174 sine
970 5120 1244 5196 regimine
1272 5121 1537 5192 pastorali
1571 5121 1872 5186 dimittere,

252 5213 349 5270 sed
381 5210 760 5268 indifferenter
791 5213 1051 5278 electum,
1083 5218 1138 5268 et
1171 5213 1239 5267 de
1278 5211 1666 5268 Laudunensis
1691 5213 1874 5268 Eccle-

254 5301 516 5357 sizeclero
542 5301 718 5356 virum
781 5300 1064 5366 idoneum,
1117 5309 1172 5356 et
1224 5301 1282 5356 in
1333 5318 1444 5373 quo
1475 5302 1723 5358 omnium
1751 5312 1880 5358 vota

259 5385 630 5455 consentiant,
663 5389 845 5444 eidem
877 5390 1134 5445 Ecclesiae
1165 5389 1384 5461 practice
1405 5405 1633 5462 prorsus
1657 5390 1880 5462 episco-

258 5475 530 5548 pum.Cu.i
583 5476 841 5532 el'ectioni
892 5479 1145 5535 volumus
1205 5480 1369 5536 etiam
1410 5482 1642 5536 missum
1670 5481 1879 5553 praefati

259 5565 493 5640 piissimi
546 5565 898 5646 imperatoris
944 5569 1236 5638 interesse,
1281 5577 1342 5626 ut
1375 5572 1496 5627 sine
1535 5572 1880 5628 smcularium

259 5657 496 5729 strepitu
526 5656 678 5712 omni
710 5655 880 5712 latere
908 5658 1034 5714 talis
1063 5662 1317 5736 eligatur,
1363 5663 1459 5735 qui
1511 5671 1674 5735 aptus
1713 5665 1886 5720 sacris

257 5748 567 5808 canonibus
618 5763 746 5804 esse
797 5753 976 5806 modis
1030 5755 1292 5810 omnibus
1338 5755 1882 5828 approbetur.0pta-

259 5860 380 5900 mus
407 5843 756 5898 sanctitatem
790 5845 936 5898 tuam
988 5845 1043 5900 in
1077 5845 1293 5902 Christo
1327 5849 1470 5904 bene
1501 5849 1706 5905 valere.
1753 5850 1884 5905 Data

259 5945 341 5992 est
363 5937 549 5992 Romae
578 5931 924 5990 Theoderico
963 5936 1120 6004 jussu
1163 5954 1322 6009 papae
1345 5937 1880 6006 Joannis,etdomni

1983 4770 2364 4834 translatione,
2409 4783 2506 4838 pro
2535 4741 2807 4838 quo-facit
2837 4765 2984 4836 quod
3017 4765 3220 4820 scribat
3251 4764 3318 4817 ad
3350 4741 3611 4818 abbatem

1983 4861 2033 4914 S.
2065 4858 2310 4930 Dionysii
2334 4857 2506 4927 juxta
2535 4858 2800 4912 Parisios.
2836 4853 2872 4908 C
2924 4855 2979 4908 in
3013 4854 3205 4908 Latino
3238 4860 3292 4907 ct
3323 4853 3374 4918 J,
3421 4855 3616 4906 Paria-

1983 4970 2190 5010 censem
2221 4971 2234 5019 ;
2267 4952 2375 5016 MS,
2415 4955 2818 5007 Parnacmse-m.

2587 5063 2801 5120 CAPUT
2848 5063 2998 5117 XXV.

2051 5161 2382 5230 Magedardo
2405 5163 2717 5231 ,prraposito.
2750 5159 2862 5224 MS,
2896 5159 3210 5227 Agenardo.

2594 5277 2804 5333 CAPUT
2824 5277 2998 5332 XXVI.

2060 5393 2189 5446 Viro
2219 5391 2592 5446 ill-astrissi—mo
2643 5391 2908 5445 Eberado.
2965 5388 3034 5454 M,
3069 5386 3357 5443 Ebarardo
3389 5404 3404 5450 ;
3436 5386 3460 5440 J
3497 5386 3612 5440 Eb-

1983 5481 2146 5534 rardo
2177 5495 2278 5551 per
2309 5495 2616 5552 syncopen.

2055 5577 2246 5630 Rorico
2276 5577 2594 5632 Normanno
2645 5572 2719 5626 ad
2773 5572 2935 5642 ﬁdem
2967 5571 3172 5626 Christi
3199 5582 3469 5622 converso.
3517 5565 3613 5620 llic

1987 5664 2220 5721 Roricus
2251 5664 2510 5719 diversus
2540 5671 2624 5718 est
2651 5679 2682 5717 a
2706 5663 2940 5717 Rollone
2994 5661 3475 5714 Nordmannorum
3507 5657 3612 5711 du-

1985 5766 2158 5824 ctore,
2191 5759 2261 5812 de
2291 5773 2402 5830 quo
2427 5756 2736 5812 Chronicon
2790 5755 3184 5810 Cameracense
3215 5752 3310 5806 lib.
3342 5769 3400 5816 ιι,
3435 5767 3484 5805 c.
3514 5750 3607 5816 29,

1987 5847 2080 5918 qui
2115 5847 2182 5900 ad
2211 5845 2373 5900 ﬁdem
2407 5855 2492 5900 est
2523 5860 2826 5902 conversus
2856 5850 2912 5898 et
2940 5842 3253 5913 baptizatus
3281 5857 3371 5895 an.
3395 5837 3525 5909 912,
3555 5846 3612 5893 ut

1984 5940 2188 5996 ibidem
2221 5940 2518 5996 adnotavi.
