3874 6414
255 396 369 450 385

841 527 1049 583 CAPUT
1090 531 1294 586 XXVII.

326 620 654 673 lrmintrudi
688 624 909 687 reginae.
967 623 1090 679 Haec
1141 633 1222 681 est
1269 626 1445 684 Caroli
1502 628 1647 685 Calvi
1704 632 1880 703 prima

248 724 410 774 uxor,
465 726 588 780 quze
627 711 696 765 ab
753 713 875 766 aliis
914 715 1275 786 scriptoribus
1326 719 1741 778 Hermentrudis
1786 742 1885 795 ap-

245 798 509 867 pellatur,
538 817 647 871 qua
674 801 935 858 defuncta
968 805 1258 861 Richildim
1294 810 1466 865 (IUXIL

327 890 394 943 Ut
423 895 666 949 timentes
693 897 1145 962 convenientiam,
1178 914 1291 966 qua
1329 900 1580 968 dicimus,
1608 920 1620 955 :
1662 905 1883 959 Dimitte

237 978 403 1031 nobis
449 981 636 1034 debita
677 986 867 1035 nostra
895 986 1055 1050 sicut,
1090 992 1195 1039 etc.
1229 985 1677 1044 Convenientiam
1719 993 1880 1048 intel-

239 1067 367 1143 ligit
400 1078 617 1140 pactum
676 1088 775 1126 seu
808 1077 1223 1143 concordatum,
1279 1086 1372 1135 aut
1400 1081 1693 1149 juridicam
1745 1101 1879 1141 con-

239 1160 590 1218 ventionem.
614 1163 857 1235 Respicit
879 1166 1028 1221 enim
1057 1169 1125 1221 ad
1148 1176 1367 1238 pactum
1398 1172 1665 1227 orationis
1691 1173 1878 1229 Domi-

238 1255 389 1309 nicze
419 1264 474 1311 et
500 1258 570 1311 ad
598 1274 720 1328 cap.
755 1260 822 1313 13
872 1261 1098 1336 Regulae
1130 1265 1184 1317 8.
1222 1264 1528 1331 Benedicti,
1562 1266 1616 1319 in
1647 1284 1757 1339 quo
1788 1269 1877 1323 di-

236 1344 415 1401 citur:
455 1370 470 1388 -
507 1346 572 1400 Ut
598 1350 854 1403 conventi
880 1366 978 1419 per
1008 1351 1462 1422 ipsiusorationis
1489 1356 1874 1426 sponsionem,

233 1450 353 1505 qua
399 1435 629 1490 dicunt:
662 1439 894 1492 Dimitte
929 1441 1107 1506 nobis,
1144 1462 1165 1491 ι
1199 1448 1303 1496 etc.

314 1530 594 1597 Quantum
653 1534 1019 1602 periculosum
1070 1537 1293 1602 malum,
1346 1543 1457 1592 tam
1498 1543 1622 1609 ipsa
1658 1544 1870 1608 regina,

229 1634 404 1688 quam
434 1624 671 1691 emptriae
700 1624 802 1677 illa
822 1626 1105 1680 subierint.
1134 1626 1205 1693 M,
1235 1629 1581 1693 Periculum;
1612 1628 1669 1695 J,
1701 1647 1873 1699 quan-

226 1712 353 1761 tum
380 1711 615 1777 periculi
639 1712 865 1780 malum,
900 1717 1011 1768 tam
1055 1717 1178 1783 ipsa
1211 1731 1376 1785 quam
1412 1719 1741 1786 imperatria:
1768 1721 1871 1774 illa

226 1800 532 1857 subierint.

812 1874 1031 1931 CAPUT
1087 1877 1288 1932 XXVII.

305 1986 611 2056 Cujusdam
639 1992 840 2057 fratris
878 1996 1258 2063 Bagam/redi.
1290 1997 1378 2051 Sic
1408 1998 1456 2052 Μ
1500 1999 1606 2054 hoc
1639 2000 1760 2055 loco
1811 2008 1865 2056 et

222 2075 402 2144 paulo
434 2077 593 2133 infra.
630 2080 686 2146 S,
708 2083 1098 2150 Ragemfredi:
1131 2084 1180 2151 J,
1214 2088 1581 2155 Raganfredi.

299 2168 370 2223 Si
411 2185 535 2223 vero
557 2172 677 2240 ipse
714 2187 884 2227 comes
923 2174 1018 2228 hoc
1069 2178 1192 2245 ﬁeri
1218 2180 1458 2244 negavit.
1494 2176 1583 2232 Sic
1637 2178 1768 2232 MS..
1803 2180 1863 2232 At

220 2258 279 2312 J:
316 2260 414 2315 Sic
439 2277 566 2316 vero
613 2278 779 2318 comes
809 2267 926 2334 ipse
964 2266 1059 2321 hoc
1092 2269 1213 2335 ﬁeri
1249 2284 1359 2322 non
1388 2273 1605 2336 rogavit
1659 2270 1867 2324 Sensus

224 2366 359 2405 esse
389 2351 610 2408 videtur
644 2371 657 2407 :
700 2354 755 2407 Si
786 2371 974 2411 comes
1005 2366 1171 2432 neget
1200 2375 1258 2413 se
1289 2358 1506 2415 fecisse.

298 2449 426 2503 Aut
452 2451 646 2503 timore
670 2452 1035 2520 alicujus,‘vel
1055 2454 1394 2509 hortamento
1415 2456 1479 2509 de
1502 2458 1623 2524 ipso
1644 2455 1868 2524 presby-

220 2541 360 2592 tero.
427 2538 517 2592 Sic
543 2539 588 2594 .l.
626 2539 825 2595 Verum
854 2540 967 2608 MS,
1023 2548 1120 2597 aut
1150 2545 1343 2597 timore
1362 2545 1597 2614 alicujus
1626 2547 1865 2615 impulsu

213 2632 565 2695 prwsumant
575 2629 704 2682 inde
715 2631 994 2697 damnari,
1009 2632 1092 2685 uel
1101 2632 1420 2701 juramento
1431 2634 1496 2687 de
1514 2636 1630 2703 ipso
1638 2674 1651 2700 ,
1681 2642 1786 2688 etc.

289 2717 469 2771 Malos
499 2722 677 2771 autem
701 2722 979 2787 praesciuit
1010 2724 1242 2788 tantum,
1286 2738 1394 2776 non
1424 2723 1856 2791 prwdestmavit,

216 2825 317 2864 nec
346 2814 413 2863 ut
436 2813 689 2879 perirent
745 2826 847 2866 sua
869 2817 1219 2882 praescientia
1268 2816 1547 2884 compulit.
1583 2815 1673 2869 Sic
1698 2816 1746 2870 .l.
1794 2818 1858 2871 At

218 2897 310 2952 MS
346 2898 505 2952 addit
534 2899 671 2954 duas
696 2900 925 2954 voculas
958 2903 1051 2970 (ad
1097 2904 1344 2974 regnum)
1378 2905 1482 2959 hoc
1511 2905 1704 2959 modo:
1737 2907 1857 2961 Non

213 2992 642 3060 praedestinavit
671 2992 747 3046 ad
801 3008 1027 3061 regnum
1058 3011 1153 3049 nec
1190 3001 1249 3049 ut
1294 2998 1556 3064 perirent,
1588 3003 1673 3050 etc
1726 2995 1857 3061 Qua:

1684 409 1747 461 IN
1791 409 2041 466 LIBRUM
2083 413 2166 468 IV.

3498 432 3602 488 386

1908 547 1956 611 Α
1982 558 2115 597 sane
2145 543 2305 598 lectio
2346 544 2539 600 vitiosa
2571 553 2671 609 est,
2706 554 2759 602 et
2801 565 2899 619 pro
2929 566 2991 604 ea
3025 551 3322 609 dicendum
3382 556 3602 627 fuisset,

1984 635 2059 689 ad
2085 637 2390 691 interitum.

2591 730 2801 785 CAPUT
2820 732 2997 789 XXIX.

2055 840 2130 891 De
2161 839 2295 893 libro
2324 841 2466 895 edito
2496 858 2530 894 a
2552 857 2622 896 se.
2656 845 2902 909 Qualiter
2921 846 3151 903 Domini
3182 850 3267 905 vel
3287 860 3600 909 sanctorum

1982 926 2093 980 sint
2117 927 2388 1004 imagines
2412 933 2763 988 venerandae.
2796 935 2950 999 Quod
2981 938 3026 991 si
3046 938 3188 993 liber
3215 940 3315 996 iste
3344 950 3600 1015 exstaret,

1985 1030 2102 1076 tum
2154 1022 2300 1077 clare
2330 1031 2605 1081 constaret
2634 1028 2768 1098 quid
2798 1029 2867 1084 de
2901 1031 3003 1085 hac
3056 1050 3112 1088 re
3153 1037 3389 1091 senserit
3440 1039 3605 1095 Hinc-

1974 1130 2182 1168 -marus.
2254 1116 2406 1171 Certe
2465 1120 2735 1175 catholice
2796 1123 3035 1178 sensisse
3095 1134 3243 1196 patet
3307 1145 3374 1183 ex
3432 1131 3606 1201 ipsius

1980 1222 2174 1276 opuse.
2234 1226 2297 1262 LV
2329 1210 2705 1283 Capitulorum
2758 1222 2948 1269 contra
2991 1217 3342 1275 Hincmarum
3390 1223 3607 1280 Laudu-

1982 1314 2241 1367 nensem,
2272 1317 2391 1373 cap.
2440 1303 2531 1357 25.
2566 1304 2721 1368 Quod
2767 1322 2895 1361 vero
2949 1308 3200 1364 Matthias
3237 1312 3484 1383 lllyricus
3539 1334 3603 1371 ex

1979 1390 2229 1458 ejusdem
2262 1394 2446 1462 operis
2474 1411 2595 1465 cap.
2627 1395 2698 1451 ιο
2729 1397 2911 1452 locum
2956 1399 3174 1474 allegat,
3208 1419 3316 1473 quo
3346 1404 3603 1463 Hincma-

1977 1501 2070 1539 rus
2100 1487 2390 1557 septimam
2432 1491 2705 1560 synodum
2735 1492 2805 1545 de
2844 1492 3353 1568 imaginibus,-qua2
3394 1506 3477 1554 est
3507 1502 3602 1555 Ni-

1973 1594 2126 1633 czena
2182 1597 2239 1646 ιι,
2273 1581 2534 1636 damnare
2583 1583 2821 1649 videtur,
2853 1586 3139 1641 sciendum
3197 1597 3400 1645 textum
3435 1593 3600 1648 llinc-

1971 1677 2108 1730 mari
2140 1684 2395 1748 corrupte
2442 1679 2703 1752 allegare,
2739 1696 2836 1751 pro
2889 1683 3360 1754 Constantinopoli
3398 1687 3600 1742 substi-

1972 1768 2176 1823 tuendo
2225 1771 2436 1827 Nicaeae.
2469 1771 2643 1825 Verba
2675 1788 2798 1843 quae
2829 1773 3029 1845 allegat
3062 1774 3334 1831 habentur
3374 1779 3427 1831 in
3479 1779 3598 1833 dia-

1874 1884 1943 1951 ⁶Β
1969 1861 2095 1935 logo
2123 1869 2319 1933 quarto
2366 1863 2520 1917 Alani
2555 1880 2602 1919 ο.
2637 1864 2723 1919 18.
2784 1867 2915 1919 Item
2950 1868 3097 1937 apud
3136 1869 3427 1924 Baronium
3461 1879 3594 1926 tom.

1968 1952 2054 2018 IX,
2086 1968 2232 2008 anno
2259 1952 2381 2007 794.
2417 1955 2480 2007 At
2510 1955 2761 2010 videatur
2789 1956 3063 2030 integrum
3095 1974 3236 2029 Opus
3267 1960 3441 2030 ipsius
3470 1962 3600 2017 Hin-

1964 2045 2134 2099 cmari
2166 2048 2315 2117 quod
2343 2048 2570 2102 demum
2627 2065 2774 2104 anno
2806 2051 3143 2120 praecedenti
3204 2055 3338 2110 1615
3370 2056 3591 2111 Parisiis

1965 2136 2175 2191 editum
2215 2146 2317 2205 est,
2361 2139 2457 2192 ubi
2508 2140 2629 2194 sine
2670 2140 2780 2195 ulla
2835 2141 3087 2197 lectionis
3130 2145 3392 2199 varietate
3453 2149 3593 2205 Con-

1965 2233 2321 2301 stantinopoli
2349 2232 2566 2306 legitur.
2616 2235 2874 2289 Videatur
2913 2235 3042 2290 item
3100 2238 3305 2294 Alanus
3336 2242 3455 2295 loco
3477 2243 3591 2310 jam

1968 2324 2135 2393 dicto,
2161 2332 2215 2380 et
2232 2343 2354 2398 cap.
2388 2343 2485 2399 seq
2532 2336 2586 2383 et
2613 2329 2878 2384 latissime
2904 2332 2973 2385 de
2997 2332 3082 2386 his
3113 2333 3393 2390 disserens
3424 2337 3595 2392 Seve-

1967 2421 2122 2476 rinus
2151 2422 2342 2478 Binius
2371 2423 2425 2477 in
2453 2424 2598 2479 notis
2644 2425 2713 2479 ad
2744 2426 3039 2482 conellium
3070 2429 3588 2497 Francofordieuse,

1968 2519 2102 2568 tom.
2141 2513 2232 2568 III.

2570 2604 2777 2661 CAPUT
2811 2607 2974 2668 .XXX.

2031 2731 2195 2785 Anno
2262 2733 2554 2786 Dominicze
2608 2736 3005 2790 incarnationis
3070 2738 3191 2792 882.
3250 2738 3339 2793 Sic
3390 2740 3575 2795 omnia

1958 2818 2317 2890 exemplaria,
2370 2822 2498 2875 etin
2529 2823 2632 2877 hac
2676 2839 2732 2877 re
2764 2825 2941 2899 magis
2991 2827 3329 2882 credendum
3369 2830 3581 2885 auctori

1959 2924 2124 2979 quam
2156 2908 2449 2984 Sigeberto
2469 2918 2525 2966 et
2549 2913 2781 2983 tleyero,
2812 2913 2907 2984 qui
2930 2914 3136 2970 obiisse
3166 2918 3417 2973 scribunt
3451 2918 3580 2973 Hin-

1959 3013 2172 3053 marum
2213 3014 2360 3054 anno
2388 3001 2514 3057 885.

237 3195 3572 3227 Ἢ

958 3356 1467 3446 SCHOLIA
1534 3360 1658 3448 IN
1720 3361 2180 3450 LIBRUM
2246 3362 2871 3476 QUARTUM.

766 3680 978 3736 CAPUT
1032 3681 1323 3738 PRIMUM.

231 3855 339 3910 que
373 3838 490 3893 fere
532 3839 722 3894 scribit
753 3841 821 3896 Μ.

303 3933 523 3986 Marino
547 3947 705 4000 papa:
734 3932 1005 4001 delegans.
1043 3933 1165 3987 Haec
1216 3940 1301 3987 est
1338 3950 1466 3989 vera
1499 3935 1684 4002 lectio,
1717 3951 1857 4006 quo-

233 4023 401 4077 modo
427 4030 481 4077 et
508 4022 652 4077 infra
698 4024 1049 4079 concorditer
1086 4024 1309 4099 legitur,
1343 4026 1443 4080 etsi
1476 4026 1530 4079 in
1566 4027 1612 4080 M
1647 4027 1855 4081 recenti

226 4131 395 4169 manu
423 4116 782 4187 superaddita
811 4116 881 4171 sit
911 4116 1090 4172 littera
1127 4124 1147 4171 t
1187 4128 1246 4173 ut
1271 4118 1487 4193 legatur
1514 4122 1771 4186 Martino,
1803 4126 1856 4175 et

227 4205 377 4260 hunc
417 4204 626 4261 faciunt
656 4207 946 4262 Martinum
988 4208 1054 4264 II.
1116 4208 1225 4264 Sed
1256 4209 1557 4285 legendum
1604 4214 1854 4267 Marinus

230 4300 504 4356 liaronius
530 4308 584 4356 et
621 4302 812 4357 Binius
843 4309 1184 4371 attestantur,
1217 4312 1532 4361 asserentes
1563 4321 1851 4377 perperam

228 4392 506 4447 nominari
537 4393 823 4448 Martinum
856 4395 1185 4450 secundum.

294 4486 401 4539 Pro
455 4486 766 4553 defensione
816 4486 1099 4542 Frotharii
1151 4489 1509 4543 Bituricensis
1575 4492 1855 4561 archiepi-

225 4583 391 4650 scopi.
459 4579 556 4634 Hic
593 4581 768 4635 fuerat
800 4582 1227 4658 Burdegalensis
1273 4584 1745 4657 archiepiscOpus,
1796 4594 1855 4641 ut

226 4683 376 4745 patet
407 4692 577 4746 supra
606 4676 699 4730 lib.
754 4694 835 4744 ιιι,
875 4694 924 4733 c.
963 4678 1054 4745 21,
1095 4685 1150 4734 et
1180 4677 1322 4733 infra
1350 4680 1457 4736 hoc
1484 4682 1679 4737 eodem
1731 4698 1851 4753 cap.

293 4767 389 4822 Ad
420 4782 540 4836 quae
566 4768 679 4821 illa
705 4771 1051 4838 respondens.
1098 4770 1480 4826 Recensentur
1525 4772 1628 4828 hoc
1666 4773 1847 4844 capite

223 4860 417 4918 decem
447 4870 505 4917 et
533 4863 772 4933 amplius
800 4864 1051 4935 epistola:
1093 4865 1362 4937 Stephani
1395 4867 1458 4921 VI
1498 4884 1674 4939 papae,
1711 4885 1849 4940 qua-

223 4973 339 5012 rum
400 4958 553 5013 nulla
581 4966 757 5014 exstat
791 4959 846 5013 in
903 4960 1155 5031 epistolis
1210 4961 1603 5029 decretalibus,
1651 4964 1738 5019 vel
1790 4963 1846 5017 in

1884 3693 1934 3759 (ς
2028 3685 2132 3738 Sed
2160 3686 2362 3741 Odo‘nis
2395 3688 2539 3755 regis
2578 3688 2671 3742 sui
2699 3691 2968 3745 consultu.
3002 3692 3101 3746 Hie
3129 3695 3266 3762 Odo,
3301 3694 3446 3750 filius
3478 3697 3587 3752 Ro-

293 3751 462 3804 Fulco
489 3753 576 3804 uir
603 3752 763 3805 valde
790 3754 1008 3809 nobilis.
1043 3754 1189 3808 Alias
1214 3756 1383 3822 Falco,
1409 3755 1690 3827 quomodo
1722 3754 1853 3809 ubi-
1893 3751 1933 3759 ν
1960 3777 2098 3831 beru
2127 3778 2305 3842 ducis,
2358 3751 2473 3833 fuit'
2494 3785 2644 3834 ωιοι.
2685 3779 2831 3853 regis
2860 3779 3037 3837 Cum“

3099 3785 3396 3855 Simplicis,
3434 3797 3588 3857 post-

1959 3868 2115 3924 humi
2146 3869 2404 3925 Ludovici
2433 3870 2603 3925 Balbi.
2627 3871 2761 3927 Vide
2788 3872 3009 3929 Scholia
3038 3875 3177 3930 inl'ra
3200 3894 3322 3949 cap.
3353 3879 3406 3933 5.

2032 3962 2309 4029 Synodum
2356 3978 2644 4017 convocare
2690 3965 2840 4033 apud
2897 3965 3249 4034 Wangionem
3288 3974 3581 4029 civitatem.

1957 4048 2068 4116 MS,
2110 4052 2462 4118 Vangionem.
2497 4051 2621 4106 Haec
2654 4052 2764 4108 alio
2799 4054 3024 4108 nomine
3058 4055 3356 4112 Wormatia
3386 4061 3589 4117 dicitur

1958 4155 1988 4191 a
2019 4138 2309 4212 Sigeberto
2340 4146 2394 4193 et
2424 4139 2549 4195 aliis
2605 4141 2760 4196 Unde
2792 4142 3164 4213 Luitprandus
3205 4146 3260 4201 in
3293 4148 3484 4205 libello
3517 4152 3587 4206 de

1959 4227 2092 4282 Vitis
2135 4228 2463 4298 pontificum
2517 4230 2573 4284 in
2603 4231 2724 4286 Vita
2780 4232 3043 4302 Stephani
3084 4236 3244 4302 sexti,
3277 4238 3412 4293 dicit
3456 4256 3581 4295 eum

1950 4317 2185 4386 jussisse
2233 4318 2507 4389 synodum
2566 4322 2857 4378 convocari
2917 4322 3292 4389 Wormatiam,
3336 4335 3391 4381 et
3421 4329 3581 4386 titulo

1956 4408 2375 4465 Wormatiensis
2402 4412 2621 4466 concilii
2664 4414 2887 4483 ponitur
2921 4422 3048 4470 tom.
3088 4418 3155 4471 Ill
3191 4419 3582 4490 Conciliorum,

1956 4509 2110 4571 parte
2143 4518 2201 4565 ιι,
2253 4518 2399 4557 anno
2430 4503 2555 4559 890.
2616 4505 2794 4559 Verba
2822 4507 2942 4574 ejus
2993 4509 3075 4563 sic
3105 4509 3343 4566 habent:
3409 4539 3422 4561 ι
3487 4515 3583 4570 Hic

1957 4591 2348 4647 Herimannum
2373 4593 2763 4651 Coloniensem
2792 4598 3298 4671 archiepiscopum,
3336 4612 3391 4659 et
3422 4604 3581 4660 Adal-

1957 4685 2173 4759 garium
2223 4685 2698 4759 Hamburgensem
2747 4690 3267 4763 archiepiscopum,
3322 4696 3391 4751 de
3451 4698 3577 4753 Bre-

1950 4775 2127 4829 mensi
2168 4775 2407 4831 Ecclesia
2455 4779 2881 4847 contendentes,
2935 4780 3290 4838 Wormatiam
3325 4787 3394 4840 ad
3443 4804 3579 4859 syn-

1948 4864 2118 4920 odum
2171 4864 2363 4920 venire
2421 4866 2606 4935 jussit,
2681 4869 2773 4924 ubi
2843 4869 3070 4927 Fulconi
3144 4874 3401 4932 Remensi
3453 4879 3579 4949 Epi-

1948 4974 2117 5030 scOpo
2144 4959 2261 5015 vice
2292 4975 2393 5014 sua
2417 4960 2737 5028 commissa,
2774 4977 2994 5018 causam
3040 4980 3230 5020 eorum
3273 4969 3575 5027 examinari

226 5048 384 5103 tomis
417 5049 810 5105 Conciliorum.
837 5050 1024 5107 Sicuti
1071 5068 1176 5107 nec
1206 5052 1317 5107 ulla
1347 5061 1522 5109 exstat
1568 5054 1846 5116 Fulconis,
1879 5065 1932 5132 ι)
1956 5052 2258 5107 mandavit.
2306 5078 2329 5099 υ

224 5154 344 5209 quae
377 5140 485 5195 hoc
541 5140 720 5211 capite
770 5152 1165 5197 enumerantur
1212 5149 1337 5198 octo
1382 5143 1469 5199 vel
1518 5159 1741 5213 novem,
1797 5157 1851 5204 et

228 5231 410 5301 plures
449 5250 572 5305 cap.
615 5236 1001 5306 sequentibus.

291 5326 424 5392 Quo,
456 5328 652 5381 divina
683 5330 981 5393 vocatione,
1023 5330 1290 5385 hominem
1338 5331 1642 5387 excedente.
1676 5332 1735 5387 Id
1768 5346 1854 5394 est

225 5427 455 5475 mortuo.
500 5420 593 5475 Sic
632 5420 773 5475 infra
816 5438 862 5477 c.
907 5422 977 5478 5:
1045 5443 1069 5474 α
1107 5424 1258 5479 Tunc
1314 5424 1424 5479 illis
1454 5424 1692 5485 feliciter
1742 5428 1845 5483 hu-

226 5524 382 5568 mana
412 5512 835 5569 excedentibus.
893 5538 919 5561 ιν

225 5605 316 5663 lib.
356 5628 438 5679 ιιι,
467 5628 515 5666 c.
554 5610 660 5666 19:
717 5630 743 5661 α
780 5610 1064 5667 Baldricus
1110 5613 1410 5685 episcOpus
1438 5614 1718 5671 hominem
1749 5632 1845 5671 ex-

222 5692 332 5763 ivit,
391 5721 413 5750 ι
467 5701 523 5755 id
555 5707 640 5755 est
689 5706 945 5756 mortuus
975 5710 1075 5758 est.
1136 5703 1437 5761 Videantur
1467 5720 1591 5776 quae
1630 5705 1840 5761 ibidem

224 5786 493 5845 adnotavi.

2023 5166 2130 5232 Qui
2181 5182 2362 5221 eorum
2395 5169 2782 5222 uicaricatione
2830 5170 3110 5238 perfuncti
3157 5170 3509 5244 disceptandi
3527 5187 3577 5235 et

1951 5257 2293 5311 deliberandi
2320 5258 2622 5312 libertatem
2673 5258 3006 5327 possideant.
3034 5260 3124 5314 Sic
3156 5259 3213 5316 C.
3258 5264 3322 5318 At
3351 5265 3395 5319 Μ
3435 5269 3575 5323 viri-

1953 5348 2181 5409 catione,
2230 5346 2379 5416 quod
2426 5346 2460 5399 S
2492 5346 2721 5401 mutavit
2747 5347 2802 5399 in
2849 5348 3288 5419 juriscautione;
3344 5354 3368 5406 J
3428 5358 3570 5411 vica-

1952 5440 2211 5502 riatione;
2255 5437 2403 5508 apud
2460 5437 2753 5492 Baronium
2802 5441 3089 5507 vicatione,
3143 5442 3200 5497 in
3241 5461 3414 5521 marg.
3471 5465 3573 5518 pro

978 5516 1070 5571 Sic
1110 5514 1418 5572 Chronicon
1451 5517 1843 5575 Cameracense
1943 5526 2075 5579 vice.
2119 5525 2325 5580 Eodem
2365 5541 2533 5580 sensu
2564 5525 2621 5578 in
2662 5527 2899 5597 epistola
2945 5531 3000 5585 S.
3046 5514 3403 5608 Radegundis
3432 5514 3572 5613 legi-

1947 5621 2036 5666 tur
2054 5613 2202 5683 apud
2226 5612 2451 5685 Gregor.
2504 5612 2732 5682 Turon.,
2762 5617 2857 5673 lib.
2891 5636 2943 5674 1x
2993 5621 3129 5678 Hist.
3167 5624 3359 5679 Franc.
3394 5641 3443 5680 c.
3474 5628 3566 5693 42,

1945 5706 2185 5776 epistola:
2208 5707 2544 5762 vicarietate.
2599 5708 2811 5765 Sensus
2853 5720 2955 5781 est,
3012 5714 3112 5781 Qui
3140 5716 3384 5786 ipsorum
3426 5718 3568 5772 vica-

1945 5795 2054 5851 rias
2084 5811 2284 5867 Operas
2322 5797 2538 5865 subeat,
2568 5798 2685 5855 sive
2716 5802 2959 5857 uthodie
2995 5804 3292 5876 loquimur,
3324 5806 3417 5875 qui
3450 5806 3559 5858 sint
