3874 6404
332 442 435 501 387

1167 423 1563 481 COLVENEBII
1604 420 1880 476 SCHOLIA
1921 417 1986 472 IN
2027 416 2192 472 HIST.
2234 415 2519 472 REMENS.
2564 412 2829 469 ECCLES.

3566 406 3675 461 388

337 591 529 633 eorum
559 578 947 645 procuratores
982 584 1104 624 cum
1138 566 1303 638 plena
1336 569 1603 635 potestate
1642 577 1756 617 rem
1795 560 2024 629 abso-'A
2052 557 2230 622 sieno,
2286 564 2466 612 tutore
2520 554 2767 624 ejusdem
2842 550 3040 618 Caroli,
3100 549 3193 620 qui
3246 548 3461 603 titulum
3514 546 3676 621 regni

330 671 444 725 lute
474 666 867 738 componendi.
902 662 1161 733 Sequitur
1187 659 1334 714 enim
1365 675 1377 711 :

407 764 473 817 Ut
500 761 651 815 nullo
665 759 891 813 ulterius
909 760 1162 823 tempore,
1189 754 1458 819 prwcepta
1487 749 1705 818 ﬁnitiva
1735 748 1950 800 senten-

330 854 432 918 tia,
461 851 526 904 de
567 851 669 903 hac
724 863 782 901 re
810 845 1169 902 necessarium
1200 843 1272 895 sit
1329 844 1531 894 vertere
1576 839 1942 909 quaestionem.

332 945 422 999 Sic
460 944 652 1017 legunt
691 940 727 993 C
757 948 811 993 et
839 939 879 1004 I;
920 936 1020 991 sed
1059 935 1109 1004 Ι,
1138 934 1453 1004 inﬁnitima.
1487 931 1555 986 In
1585 931 1671 985 MS
1704 931 1950 1017 perfecta

333 1047 433 1104 pro
482 1033 752 1100 percepta,
804 1033 859 1081 et
905 1025 950 1078 M
1006 1028 1210 1078 nectere
1247 1037 1346 1093 pro
1396 1025 1620 1086 vertere,
1671 1016 1948 1090 quomodo

335 1123 499 1179 etiam
531 1127 824 1191 utrumque
843 1117 987 1188 apud
1007 1115 1301 1171 Baronium
1332 1112 1555 1187 legitur.

1158 1246 1196 1300 T
1228 1247 1293 1300 Il.

408 1343 709 1399 [lodemiam
743 1247 1321 1402 υἱάρῑίοειῗὶέῗὲξςιὲ,
1361 1333 1703 1397 Rodennam;
1746 1329 1815 1397 M,
1852 1331 1954 1384 To-

332 1436 585 1490 dennam.

402 1530 787 1597 Imperatorem
824 1537 1034 1593 quoque
1080 1521 1363 1577 Widonem
1412 1522 1722 1574 coronatum
1773 1515 1953 1569 eodem

331 1636 478 1675 anno
530 1620 841 1687 signiﬁcem
892 1614 1188 1669 indictione
1223 1613 1449 1667 decima.
1492 1608 1759 1665 Videlicet
1806 1621 1951 1661 anno

330 1710 459 1776 892,
518 1705 772 1779 quamvis
803 1703 982 1758 statim
1042 1718 1073 1756 a
1102 1707 1279 1756 morte
1333 1698 1508 1754 Caroli
1536 1696 1736 1764 Crassi,
1788 1696 1843 1750 id
1869 1701 1953 1750 est

331 1798 403 1853 ab
431 1812 576 1851 anno
603 1796 772 1864 (juxta
801 1792 1145 1867 Reginonem
1185 1797 1239 1845 et
1282 1787 1595 1859 Baronium)
1623 1787 1748 1853 888,
1780 1786 1953 1857 impe-

2052 647 2381 702 Francorum
2429 645 2497 699 ab
2526 643 2679 700 obitu
2735 641 2910 697 Caroli
2942 640 3117 695 Crassi
3164 638 3516 709 imperatoris
3558 638 3676 708 (qui

2050 748 2188 796 teste
2245 739 2551 813 Reginone,
2607 751 2771 806 quem
2816 733 3066 805 sequitur
3120 733 3316 786 Baron.
3363 746 3509 785 anno
3570 730 3679 784 Do—

2051 829 2186 883 mini
2229 828 2333 882 888
2363 844 2432 881 ex
2463 827 2565 881 hac
2593 825 2702 880 vita
2733 822 3001 895 migravit)
3036 821 3322 892 tyrannice
3368 819 3676 889 usurpavit.

2052 917 2373 992 Sigebertus
2401 915 2455 969 in
2485 914 2685 969 Chron.
2716 926 2862 966 anno
2889 909 2994 966 890
3019 909 3210 964 scribit
3237 907 3487 963 Carolum
3518 905 3675 960 Cras-

2050 1024 2171 1062 sum
2224 1007 2291 1060 ah
2321 1003 2684 1076 Optimatibus
2728 1000 3104 1071 repudiatum,
3134 1004 3188 1053 et
3231 999 3287 1051 in
3318 998 3499 1052 locum
3551 1011 3676 1063 ejus

2050 1095 2405 1150 sublimatum
2432 1091 2752 1163 praedictum
2775 1088 3082 1155 Arnulfum,
3112 1094 3167 1142 et
3189 1086 3439 1141 Carolum
3466 1084 3676 1139 obiisse

2050 1203 2197 1243 anno
2227 1185 2514 1258 sequenti;
2566 1184 2798 1247 addens,
2831 1182 3028 1236 eodem
3078 1195 3223 1234 anno
3255 1179 3361 1233 890
3409 1177 3677 1243 Francos,

2052 1280 2303 1352 neglecto
2349 1276 2542 1331 (.arolo
2575 1273 2833 1330 Ludovici
2882 1272 3032 1327 Balbi
3068 1286 3239 1342 puero
3291 1272 3380 1325 vix
3410 1267 3678 1334 decenni,

2052 1385 2239 1444 regem
2272 1367 2380 1421 sibi
2414 1365 2729 1436 praéfecisse
2762 1364 3007 1418 Odonem
3044 1361 3217 1416 ﬁlium
3236 1360 3461 1416 Boberti
3494 1359 3675 1414 ducis.

2053 1460 2186 1513 Item
2216 1458 2271 1511 in
2302 1456 2495 1511 eadem
2526 1455 2738 1526 synodo
2766 1453 2836 1508 de
2870 1452 3137 1507 Balduino
3178 1451 3379 1518 comite
3409 1447 3682 1503 Flandriaa

2053 1555 2340 1604 tractatum
2369 1555 2472 1613 est,
2502 1554 2562 1601 ut
2591 1554 2740 1617 patet
2771 1562 2836 1599 ex
2865 1561 2986 1615 cap.
3016 1544 3049 1598 6
3079 1551 3134 1598 et
3163 1543 3191 1597 '7
3223 1542 3499 1613 sequenti.
3526 1538 3684 1614 Sige-

2054 1639 2244 1693 bertus
2270 1636 2536 1708 przedicta
2575 1637 2742 1689 retert
2771 1634 2837 1687 ad
2884 1648 3092 1687 annum
3122 1631 3244 1695 894,
3279 1645 3389 1701 quo
3419 1644 3567 1684 anno
3598 1628 3683 1683 sic

2052 1728 2169 1782 ait:
2223 1752 2249 1774 «
2308 1726 2499 1781 Odone
2538 1714 2824 1797 rege'per
2874 1722 3167 1778 consilium
3224 1720 3558 1774 Francorum
3619 1715 3678 1769 in

2051 1818 2340 1889 Aquitania
2367 1817 2713 1882 demorante,
2744 1814 2936 1869 Franci
2977 1828 3209 1883 puerum
3256 1810 3506 1865 Carolum
3535 1808 3679 1862 duo-

338 1888 479 1978 dum
527 1883 899 1978 “cupiverit’
942 1899 1064 1938 cum
1098 1881 1396 1978 93899“,
1427 1881 1869 1978 SPOIetanorunz’
1901 1884 1955 1932 et
1979 1884 2029 1952 Β
2051 1881 2315 1975 άΘ-Πῐιϐῐη,
2345 1908 2607 1963 Ludovici
2640 1906 2791 1961 Balbi
2821 1881 3016 1971 ﬁlium,
3046 1905 3102 1958 in
3128 1918 3356 1978 regnum
3380 1907 3675 1972 paternum

334 1977 405 2031 de
434 1991 501 2030 eo
533 1980 644 2029 tota
673 1973 784 2029 vita
810 1989 910 2027 sua
936 1987 1058 2025 cum
1094 1969 1322 2025 Arnulfo
1350 1977 1404 2024 et
1451 1968 1781 2042 Berengario
1813 1967 1953 2022 duce

330 2062 698 2133 Forojuliensi
726 2060 1034 2117 certaverit.
1068 2060 1390 2129 Utrumque,
1420 2057 1630 2112 scilicet
1658 2056 1951 2112 Widonem

331 2170 388 2218 et
416 2160 724 2229 Arnulfum,
755 2159 963 2215 obiisse
993 2156 1184 2211 scribit
1204 2155 1403 2211 Baron.
1437 2170 1583 2210 anno
1612 2153 1718 2209 899
1746 2171 1760 2218 ;
1794 2153 1950 2228 Sige-

330 2255 522 2309 bertus
545 2252 839 2306 Widonem
871 2265 1017 2304 anno
1044 2248 1141 2304 901
1172 2265 1186 2313 ;
1237 2246 1521 2302 Arnulfum
1550 2245 1679 2313 902,
1712 2252 1767 2300 et
1799 2245 1953 2300 Lam-

331 2346 550 2400 bertum
582 2342 832 2398 Widonis
864 2340 1035 2396 ﬁlium
1067 2341 1189 2398 903.
1220 2341 1418 2396 Verum
1458 2339 1661 2394 certius
1694 2339 1813 2394 haec
1841 2354 1957 2393 om-

334 2438 427 2493 nia
470 2436 758 2503 Baronius,
808 2435 903 2506 qui
944 2433 1217 2489 Lamberti
1268 2433 1398 2503 imp.
1451 2430 1660 2488 obitum
1712 2430 1956 2506 assignat

334 2548 482 2588 anno
506 2530 632 2587 910.

977 2599 1185 2655 CAPUT
1216 2600 1308 2654 III.

406 2692 560 2759 Quod
600 2693 651 2746 si
696 2691 940 2757 auderet,
983 2690 1291 2759 apostolicae
1325 2689 1469 2744 sedis
1499 2690 1820 2744 sententiam
1866 2702 1955 2741 re-

333 2779 678 2849 formidaret.
736 2777 828 2831 Sic
867 2776 903 2830 C
949 2784 1004 2831 et
1040 2776 1089 2831 J.
1123 2776 1187 2831 At
1221 2777 1338 2831 MS:
1389 2777 1542 2844 Quod
1568 2779 1618 2831 si
1649 2792 1758 2831 non
1801 2776 1957 2830 audi-

336 2873 438 2931 ret,
493 2867 820 2937 apostolicae,
862 2872 966 2919 etc.
1017 2866 1214 2920 Verum
1250 2866 1307 2920 in
1336 2865 1382 2920 M
1424 2864 1632 2920 recenti
1661 2880 1828 2919 manu
1859 2863 1957 2918 ad-

333 2961 482 3029 jecta
522 2964 607 3012 est
638 2956 857 3031 negatio
896 2972 1023 3010 non.
1066 2955 1241 3020 Quare
1270 2950 1380 3011 nun
1426 2962 1509 3010 est
1537 2954 1766 3009 dubium
1798 2954 1957 3025 prio-

340 3062 456 3102 rem
485 3045 781 3101 lectionem
808 3059 992 3100 veram
1022 3060 1163 3099 esse.

409 3140 542 3194 Item
569 3137 763 3193 scribit
803 3136 974 3191 eidem
1014 3137 1415 3207 archiepiscopo
1454 3136 1531 3205 (id
1560 3143 1643 3192 est
1672 3137 1966 3193 Formosus

338 3243 483 3299 papa
512 3226 785 3294 Fulconi,)
814 3241 919 3296 pro
951 3226 1231 3281 Bertharlo
1262 3227 1498 3296 quodam
1528 3228 1839 3297 presbytero
1887 3228 1964 3283 Ita

338 3318 447 3386 MS,
492 3317 528 3373 C
574 3323 629 3372 et
671 3317 743 3381 J;
800 3316 942 3372 alias
991 3317 1275 3381 Vertario;
1325 3314 1361 3370 C
1402 3316 1456 3372 in
1496 3316 1724 3384 Gallico,
1782 3317 1871 3373 hic
1910 3324 1964 3373 et

341 3407 506 3477 infra,
537 3409 848 3465 Berchario.

985 3477 1193 3534 CAPUT
1237 3480 1320 3534 IV.

411 3568 540 3634 Quae
568 3574 695 3623 tunc
724 3583 760 3621 a
790 3567 1120 3622 Zendeboldo
1149 3568 1371 3637 Arnulﬁ
1395 3570 1536 3637 regis
1574 3570 1705 3638 ﬁlio.
1737 3569 1787 3637 J,
1821 3572 1960 3625 Zeu-

340 3656 582 3726 deboldo,
627 3658 908 3730 quomodo
962 3657 1102 3714 etC.
1158 3658 1479 3732 Sigebertus
1531 3661 1962 3715 Zuendebaldum

339 3749 611 3805 nominat.
642 3751 771 3805 Erat
807 3757 989 3805 autem
1024 3748 1172 3805 ﬁlius
1205 3750 1412 3806 Arnulfi
1453 3768 1520 3806 ex
1546 3752 1877 3819 concubina,
1905 3760 1966 3807 ut

339 3842 507 3896 habet
553 3840 702 3895 idem
742 3839 1061 3914 Sigebertus
1109 3839 1166 3893 in
1211 3837 1410 3895 Chron.
1460 3840 1587 3908 896,
1628 3841 1725 3895 ubi
1774 3826 1966 3896 scribit

338 3950 465 3991 eum
495 3949 526 3987 a
560 3940 715 4004 patre
745 3932 947 3987 factum
994 3948 1179 4005 regem
1207 3931 1668 4000 Lothariensium,
1701 3939 1757 3988 et
1795 3932 1864 3987 ab
1896 3933 1965 3990 iis

337 4035 687 4102 peremptum
719 4044 866 4084 anno
903 4027 1031 4097 903,
1058 4030 1167 4096 vel,
1198 4036 1258 4085 ut
1284 4030 1517 4104 Regino,
1548 4030 1676 4086 900.

1001 4140 1209 4196 CAPUT
1235 4142 1295 4196 V.

412 4214 657 4282 Amulio
684 4215 805 4281 regi
849 4214 1283 4268 Transrhenensi
1319 4214 1533 4269 litteras
1579 4216 1821 4281 mittens,
1857 4231 1958 4286 pro

338 4320 507 4360 causa
545 4306 690 4372 regis
719 4304 1383 4372 Karoliquemparvulum
1420 4304 1601 4359 adhuc
1636 4309 1872 4359 unmerat
1898 4307 1959 4359 in

336 4410 533 4463 regem.
569 4394 666 4449 Hic
694 4392 953 4447 Arnulfus
982 4399 1102 4447 erat
1129 4392 1277 4448 ﬁlius
1312 4393 1681 4462 Carlomanni,
1714 4396 1807 4468 qui
1841 4394 1961 4450 Car-

333 4486 633 4541 lomannus
664 4485 765 4540 fuit
813 4483 961 4540 ﬁlius
992 4485 1251 4542 Ludovici
1307 4486 1638 4543 Germanici.
1687 4487 1783 4543 llic
1811 4490 1959 4543 enim

2056 2006 2338 2065 revocant,
2368 1995 2621 2051 etRemis
2646 2012 2677 2050 a
2698 1994 2936 2050 Fulcone
2962 1990 3456 2063 archiepisc0poin
3486 2004 3676 2063 regem

2056 2088 2313 2144 benedici
2362 2087 2587 2142 faciunt.
2623 2108 2651 2137 ι)
2683 2086 2743 2141 Et
2770 2101 2916 2140 anno
2937 2084 3070 2140 899:
3113 2108 3126 2127 -
3164 2083 3278 2137 Odo
3310 2097 3405 2136 rex
3435 2081 3681 2134 Franco-

2055 2198 2174 2235 rum
2205 2180 2457 2245 moritur,
2499 2180 2784 2234 obtestans
2827 2179 3090 2249 primates
3120 2185 3179 2232 ut
3216 2175 3463 2231 Carolum
3509 2173 3567 2227 in
3594 2188 3687 2227 re-

2054 2289 2166 2347 gno
2195 2272 2524 2343 reciperent.
2551 2291 2576 2322 »
2613 2271 2766 2336 Quod
2786 2270 3040 2342 pluribus
3070 2267 3313 2324 declarat
3334 2266 3400 2322 ad
3421 2264 3685 2320 eumdem

2056 2381 2259 2419 annum
2287 2363 2392 2418 899
2413 2363 2686 2435 Meyerus.

2126 2452 2280 2519 Quod
2320 2453 2638 2507 Aschericus
2664 2453 2797 2521 ipse.
2835 2450 2925 2505 Sic
2951 2449 3034 2503 CR
3084 2455 3139 2503 et
3167 2448 3224 2512 J;
3260 2446 3359 2501 sed
3390 2445 3459 2513 M,
3492 2445 3686 2501 Adde-

2050 2544 2219 2610 ricus,
2251 2558 2352 2612 pro
2381 2558 2491 2614 quo
2522 2542 2557 2597 S
2586 2544 2833 2611 clericus,
2865 2540 3146 2612 quomodo
3186 2540 3242 2592 in
3284 2536 3519 2592 Baronio
3551 2535 3689 2609 legi-

2054 2637 2144 2685 tur
2168 2639 2302 2685 tom.
2337 2630 2401 2697 X,
2434 2645 2578 2685 anno
2602 2631 2728 2696 892,
2760 2636 2815 2684 et
2843 2629 2899 2682 in
2932 2628 3112 2699 Papir.
3147 2627 3423 2681 Massono.

2125 2723 2387 2777 Filiorum
2440 2723 2719 2789 Godfridi.
2776 2720 2864 2774 MS
2918 2720 3100 2790 Papir.
3143 2718 3404 2787 Go/fridi.
3446 2716 3495 2783 J,
3551 2716 3686 2774 Gos-

2084 2815 2215 2868 i‘idt'.
2541 2826 2551 2836 '

2084 2815 2215 2868 ridi.
2541 2826 2551 2836 '

2055 2815 2090 2881 Γ
2131 2906 2406 2972 Quatenus
2436 2908 2547 2960 tam
2584 2904 2650 2958 de
2679 2919 2762 2958 me
2790 2918 2953 2973 quam
2979 2904 3141 2955 etiam
3170 2902 3236 2955 de
3262 2901 3384 2955 sede
3422 2901 3689 2965 Remensi,

2057 2997 2347 3051 mercedem
2379 2996 2639 3064 dignetur
2667 2995 2878 3049 habere.
2913 2994 2990 3047 Ita
3019 2993 3084 3060 R,
3111 2992 3243 3048 MS.
3276 2992 3561 3061 exemplar
3589 2991 3694 3044 Ba-

2067 3090 2208 3146 ronii
2244 3099 2302 3146 et
2327 3091 2376 3157 J,
2430 3090 2581 3162 quod
2611 3089 2744 3163 legit
2799 3090 2865 3143 de
2915 3088 3055 3154 sede,
3104 3103 3228 3142 cum
3280 3086 3389 3141 alia
3435 3086 3695 3142 omittam

2067 3184 2156 3250 de,
2181 3190 2241 3237 ut
2277 3183 2348 3238 sit
2378 3183 2584 3238 dictum
2616 3180 2802 3252 phrasi
2833 3179 3037 3235 Gallica
3055 3181 3239 3246 merci,
3272 3178 3328 3231 id
3358 3185 3440 3232 est
3468 3177 3692 3233 veniam

1991 3250 2041 3319 (ἶ
2064 3281 2118 3330 et
2147 3274 2549 3350 indulgentiam
2584 3250 2736 3339 dare,
2768 3273 2903 3328 alias
2929 3272 3135 3345 legitur
3170 3273 3503 3334 memoriam,
3546 3286 3693 3341 quo-

2064 3364 2228 3420 modo
2257 3364 2489 3420 vertitur
2513 3364 2569 3417 in
2598 3363 2823 3418 Gallico.

2707 3486 2916 3542 CAPUT
2952 3488 3041 3542 Vl.

2135 3583 2393 3637 Frothero
2417 3582 2843 3651 archiepiscopo.
2877 3579 2968 3633 Sic
2999 3578 3041 3633 R
3070 3584 3125 3634 et
3152 3578 3202 3633 J.
3245 3578 3309 3633 At
3334 3577 3445 3643 MS,
3474 3578 3688 3632 Flothe—

2063 3690 2142 3729 ro.
2167 3674 2366 3729 Verum
2400 3673 2860 3728 illamleetionem
2891 3670 3258 3742 praeferimus,
3286 3670 3416 3741 quia
3449 3670 3688 3745 intelligi

2064 3763 2283 3819 videtur
2334 3763 2651 3818 Frotharius
2700 3761 3061 3816 Bituricensis
3114 3760 3585 3829 archiepiscopus,
3625 3762 3695 3814 de

2066 3872 2176 3928 quo
2206 3872 2373 3927 supra
2406 3872 2524 3926 cap.
2559 3857 2601 3923 1,
2634 3862 2689 3909 et
2714 3854 2809 3908 lib.
2844 3871 2925 3919 Ill,
2958 3870 3005 3909 c.
3037 3854 3126 3915 21,
3161 3851 3367 3923 quique
3400 3852 3454 3905 in
3489 3853 3697 3908 tabulis

2066 3947 2422 4003 Democharis
2452 3947 2618 4003 etiam
2671 3946 2949 4001 Froterius
2977 3952 3223 4009 vocatur,
3283 3951 3337 3997 et
3364 3943 3701 4015 subscripsit

2067 4035 2278 4109 synodo
2308 4034 2698 4091 Suessionensi
2727 4034 2925 4089 habita:
2957 4049 3102 4089 anno
3134 4032 3239 4088 866
3268 4040 3324 4088 et
3349 4032 3691 4089 Trecassinaa

2066 4140 2214 4181 anno
2235 4124 2361 4192 867,
2393 4124 2489 4179 ubi
2515 4125 2682 4179 modo
2737 4122 3029 4190 Frotarius,
3049 4121 3235 4189 modo,
3265 4121 3450 4176 addita
3481 4123 3690 4194 aspira-

2065 4221 2241 4287 tione,
2274 4221 2588 4276 Frothartus
2624 4219 2960 4275 nominatur.

2127 4312 2398 4376 Rostagno
2452 4308 2855 4363 Arelatensium
2920 4306 3164 4376 przsuli.
3236 4306 3331 4361 Hic
3386 4306 3507 4361 sine
3583 4308 3689 4362 du-

2059 4400 2154 4456 bio
2190 4400 2238 4455 is
2265 4406 2347 4455 est
2376 4400 2469 4471 qui
2501 4416 2671 4472 supra
2697 4399 2774 4454 lib
2801 4416 2879 4467 Ill,
2926 4413 3045 4468 cap.
3073 4397 3162 4451 21.
3222 4397 3559 4454 Rothstanus
3585 4417 3687 4471 ap-

2064 4490 2319 4562 pellatur.

338 4574 650 4674 Ludovicus
709 4574 863 4674 ﬁlius
911 4575 1171 4674 Ludovici
1221 4575 1300 4674 Pii
1367 4576 1724 4674 imperatoris
1781 4578 2045 4674 dictusD
2134 4581 2377 4635 Pleonico
2417 4580 2825 4649 archiepiscopo
2878 4578 3285 4633 Transmarino.
3330 4578 3430 4633 Hic
3477 4587 3562 4634 est
3590 4581 3683 4652 qui

336 4663 698 4719 Germanicus
728 4670 783 4718 et
825 4662 1314 4732 Transrhenensis,
1363 4664 1530 4720 frater
1584 4664 1758 4721 Caroli
1790 4665 1959 4733 Calvi,

338 4752 531 4808 habuit
581 4758 695 4807 tres
761 4750 927 4820 ﬁlios,
990 4749 1436 4819 Carlomannum,
1514 4753 1850 4810 Ludovicum
1910 4760 1964 4808 et

338 4840 592 4897 Carolum
624 4839 899 4907 Crassum,
923 4839 1020 4911 qui
1041 4838 1145 4894 fuit
1166 4840 1486 4910 imperator,
1519 4841 1607 4895 cui
1636 4848 1834 4912 patruo
1862 4857 1964 4897 suo

335 4933 393 4988 in
448 4947 621 5007 regno
651 4932 837 5002 potius
872 4947 1036 5004 quam
1089 4931 1325 5001 imperio
1369 4932 1638 4987 successit
1680 4933 1960 4988 Arnulfus.

335 5022 491 5078 Unde
546 5029 655 5077 tam
694 5039 727 5077 a
780 5022 1088 5077 Flodoardo
1119 5037 1284 5093 quam
1330 5022 1399 5075 ab
1430 5022 1553 5075 aliis
1603 5022 1965 5092 scriptoribus

332 5114 539 5185 saepius
590 5131 684 5170 rex
725 5114 1039 5185 appellatur
1106 5129 1271 5185 quam
1329 5113 1653 5184 imperator.
1703 5112 1964 5169 Videatur

335 5206 533 5261 Baron.
566 5205 721 5262 Tom.
753 5207 817 5274 X,
842 5222 989 5262 anno
1031 5205 1157 5262 888.
1194 5206 1320 5261 Haec
1353 5213 1535 5260 autem
1567 5221 1691 5277 qua
1722 5221 1963 5278 sequun-

335 5304 423 5352 tur
470 5311 648 5367 usque
695 5298 764 5351 ad
824 5298 917 5353 illa
986 5299 1182 5355 verba:
1264 5301 1394 5353 Item
1454 5299 1531 5353 ad
1594 5300 1834 5355 eumdem
1875 5317 1960 5355 re-

332 5400 451 5453 gem
498 5386 817 5453 signiﬁcans
855 5390 906 5441 ei
950 5388 1017 5441 de
1052 5387 1335 5456 ﬁdelitate,
1390 5395 1522 5453 etc.,
1583 5388 1741 5458 ponit
1791 5389 1962 5444 Seve-

333 5479 490 5533 rinus
505 5477 695 5531 Binius
723 5493 823 5546 pro
863 5481 1039 5553 gestis
1069 5481 1290 5536 concilii
1323 5481 1672 5547 Rhemensis,
1698 5483 1959 5537 celebrati

333 5583 521 5624 annno
555 5566 683 5633 892,
730 5566 786 5619 in
814 5584 923 5639 quo
964 5572 1188 5626 Carolus
1225 5572 1488 5643 Simplex,
1533 5572 1676 5628 ﬁlius
1716 5576 1951 5645 posthu-

331 5674 457 5714 mus
528 5653 792 5710 Ludovici
848 5656 1008 5711 Balbi
1081 5675 1148 5712 ex
1230 5659 1493 5716 Adelaide
1528 5704 1544 5729 ,
1620 5662 1953 5718 Francorum

330 5748 489 5825 regni
558 5744 840 5820 legitimus
890 5762 1202 5815 successor,
1258 5766 1290 5804 a
1345 5752 1587 5808 Fulcone
1654 5753 1954 5810 Rhemensi

329 5838 755 5908 archiepiscopo
796 5844 1013 5904 unctus,
1064 5838 1270 5904 rejecto
1311 5841 1500 5898 Odone
1546 5845 1750 5899 comite
1801 5846 1954 5900 Pari-

2063 4685 2295 4726 numero
2327 4685 2511 4726 nonus
2541 4670 2792 4725 decimus
2821 4670 2878 4724 in
2908 4670 3157 4744 catalogo
3189 4670 3517 4741 archiepisc.
3554 4672 3690 4728 Can—

2064 4763 2428 4820 tuariensium
2449 4770 2691 4819 vocatur.

2134 4853 2217 4908 Ad
2244 4853 2594 4908 tractandum
2633 4854 2699 4908 de
2732 4856 3052 4924 pervasione
3073 4852 3357 4908 Balduini.
3404 4853 3687 4910 lnvaserat

2065 4945 2155 5000 hic
2193 4945 2475 5000 Baduinus
2504 4945 2777 5001 Flandriae
2831 4962 3018 5001 comes
3073 4944 3470 5001 monasterium
3506 4948 3687 5002 Berti-~

2064 5049 2240 5088 nense
2281 5049 2348 5089 ex
2374 5035 2677 5090 donatione
2708 5034 2882 5089 Caroli
2924 5033 3222 5104 Simplicis,
3257 5033 3326 5087 de
3357 5049 3464 5103 qua
3506 5051 3585 5101 re,
3618 5052 3689 5090 ex

2063 5128 2366 5184 Folchardo
2396 5134 2452 5181 et
2506 5128 2718 5182 Joanne
2758 5126 2959 5196 lperio,
3019 5124 3269 5180 Molanus
3323 5125 3379 5179 in
3411 5125 3530 5181 Nat.
3590 5128 3683 5182 SS.

2061 5220 2233 5295 Belgii
2263 5220 2352 5275 die
2374 5220 2408 5274 9
2437 5218 2747 5289 Septembr.
2778 5225 2832 5273 et
2862 5220 2927 5273 17
2956 5217 3124 5273 Junii.

2132 5309 2431 5364 Abbatiam
2482 5308 2776 5377 quamdam
2820 5308 2878 5360 in
2907 5307 3071 5375 hujus
3126 5306 3397 5360 Hetilonis
3420 5308 3692 5376 parochia

2062 5402 2241 5456 sitam.
2275 5398 2537 5473 lntelligit
2563 5397 2841 5454 Cisonium
2872 5398 2927 5451 in
2960 5397 3187 5452 dioecesi
3231 5396 3589 5465 Tornacensi,
3618 5400 3688 5454 de

2061 5504 2170 5560 qua
2212 5504 2381 5558 supra
2411 5502 2531 5557 cap.
2562 5487 2617 5553 1,
2648 5503 2772 5557 quin
2804 5486 2906 5541 sita
2937 5486 3138 5541 dicitur
3168 5485 3224 5539 in
3257 5486 3519 5556 parocbia
3540 5487 3692 5543 Heti-

2057 5576 2202 5631 Ionis
2230 5575 2478 5647 episcopi
2509 5575 2912 5637 Noviomensis,
2938 5574 3090 5645 quia,
3118 5579 3179 5627 ut
3206 5575 3277 5629 ad
3303 5589 3425 5644 cap.
3455 5576 3491 5629 5
3521 5576 3645 5631 libri
3671 5594 3687 5630 1

2055 5671 2461 5739 adnotavimus,
2492 5669 2858 5726 Tornacensis
2899 5677 2955 5725 et
3002 5669 3386 5726 Noviomensis
3444 5670 3688 5727 Ecclesia

2055 5762 2331 5817 sexcentis
2362 5761 2523 5816 annis
2553 5761 2723 5817 unitm
2760 5760 3001 5818 fuerunt.

2126 5849 2279 5914 Quod
2297 5852 2649 5918 impetratum
2681 5868 2716 5905 a
2735 5854 2980 5907 Romana
2999 5851 3266 5905 detulerat
3289 5850 3443 5906 urbe.
3470 5849 3527 5906 S.
3559 5850 3690 5905 Eve-
