3874 6400
202 400 319 457 389

1647 408 1713 461 ΙΝ
1754 409 2001 465 LIBRUM
2047 413 2131 467 IV.

3454 439 3561 499 399

196 526 402 580 rardus
459 527 726 594 marchio,
756 534 817 609 ut
873 537 955 584 est
1000 546 1169 601 supra
1221 546 1344 602 cap.
1382 534 1399 588 1
1464 533 1630 605 hujus
1683 535 1829 603 libri,
1857 541 1908 608 Α
1936 539 2058 593 libri
2088 541 2255 608 tertii,
2285 541 2610 600 Hincmarus
2638 548 2778 605 obiit
2807 567 2954 609 anno
2980 555 3106 623 882,
3135 566 3189 612 et
3216 559 3380 618 Fulco
3415 569 3561 624 sedit

199 631 412 688 corpus
450 619 505 673 S.
539 619 729 674 Calixti
761 636 919 691 papae
951 629 1005 676 et
1052 622 1308 694 martyris
1336 639 1368 678 a
1422 623 1668 681 Romana
1694 628 1829 683 sede

197 708 535 779 impetravit,
568 711 666 764 sed
708 709 827 765 fieri
875 713 1055 783 potuit
1088 720 1148 767 ut
1176 713 1400 769 demum
1454 713 1602 770 filius
1654 718 1829 788 ipsius

198 797 494 863 Rodulfus,
525 800 592 855 de
623 816 734 871 quo
757 802 846 857 hic
867 809 950 857 est
978 818 1185 869 sermo,
1212 803 1344 859 inde
1373 805 1650 861 detulerit.
1683 808 1828 863 Scri-

196 886 341 942 bunt
373 893 557 943 tamen
587 889 827 946 Jacobus
858 891 1106 961 Meyerus
1133 892 1189 946 in
1219 893 1415 948 Annal.
1450 895 1741 965 Flandriae,
1774 907 1829 954 et

193 976 446 1033 Joannes
474 979 726 1036 Molanus
765 982 822 1035 in
873 982 1048 1038 Natal.
1085 983 1181 1039 SS.
1226 985 1399 1061 Belgii
1447 987 1535 1042 die
1567 989 1635 1043 14
1665 989 1829 1045 Octo-

195 1069 336 1136 bris,
371 1070 519 1126 beati
578 1071 769 1127 Calixti
826 1074 1092 1146 reliquias
1150 1076 1433 1132 Gisonium
1483 1079 1676 1135 allatas
1729 1099 1830 1153 per

196 1158 539 1215 Everardum
586 1160 693 1217 loci
726 1161 1071 1219 fundatorem
1103 1181 1251 1220 anno
1305 1167 1431 1222 854.
1464 1168 1628 1224 Addit
1658 1170 1829 1226 Mola-

193 1265 306 1304 nus
357 1266 452 1305 eas
508 1251 698 1308 Remis
742 1270 888 1322 esse,
941 1272 1053 1327 quo
1100 1257 1312 1313 delatas
1363 1257 1535 1315 fuisse
1571 1262 1830 1317 scribitur

191 1339 344 1395 infra
370 1358 493 1413 cap.
548 1345 621 1409 8;
677 1345 736 1413 in
764 1346 1048 1417 epitaphio
1078 1357 1260 1403 autem
1308 1348 1496 1406 feretri
1549 1351 1826 1408 Cisonium

190 1428 411 1485 delatas
437 1432 641 1505 legitur
691 1450 839 1489 anno
865 1435 991 1491 855.
1053 1436 1229 1501 Quare
1261 1437 1373 1493 falli
1404 1440 1621 1496 videtur
1672 1442 1828 1516 Sige-

189 1517 409 1585 bertus,
438 1521 525 1574 vel
557 1521 813 1594 quisquis
841 1523 945 1578 hoc
972 1524 1261 1599 Sigeberto
1288 1526 1488 1596 adjecit
1519 1545 1664 1584 anno
1692 1531 1825 1585 884:

196 1628 224 1660 α
264 1609 383 1665 1100
411 1619 660 1682 tempore
711 1614 980 1671 Rodulfus
1019 1617 1244 1688 quidam
1278 1634 1481 1690 corpus
1520 1623 1696 1676 sancti
1730 1624 1829 1676 (Za-

187 1697 291 1753 lxti
325 1715 485 1771 papae
517 1710 574 1756 et
614 1704 869 1774 martyris
904 1721 935 1759 a
964 1705 1377 1762 Romana'urbe
1408 1709 1465 1762 in
1519 1709 1825 1777 Franciam,

187 1790 477 1848 transfert.
526 1817 554 1840 υ

259 1880 545 1937 Prwmissi
591 1883 817 1950 Otfridi.
871 1884 962 1939 Sic
993 1886 1313 1942 nominatur
1361 1887 1503 1944 infra
1557 1906 1605 1945 c.
1661 1892 1718 1946 11
1762 1892 1903 1982 inB

182 1969 451 2025 omnibus
493 1972 926 2042 exemplaribus,
968 1981 1021 2028 et
1072 1976 1129 2030 in
1175 1976 1379 2031 tabulis
1436 1978 1823 2049 Democharis,

177 2064 351 2128 atque
395 2059 453 2112 in
487 2059 763 2115 Chronico
817 2061 1200 2119 Cameracensi
1230 2065 1326 2120 lib.
1394 2070 1445 2131 1,
1487 2083 1537 2123 e.
1593 2068 1683 2122 64.
1718 2070 1824 2124 Su-

184 2162 287 2217 pra
322 2152 512 2202 tamen
565 2149 672 2205 hoc
727 2164 847 2220 cap.
906 2150 992 2205 MS
1048 2152 1186 2227 legit
1236 2157 1309 2210 Et
1356 2157 1577 2224 fredus;
1623 2158 1673 2226 J,
1731 2160 1824 2216 0t-

180 2239 404 2306 fredus.

255 2327 560 2383 Auxilium
586 2329 697 2383 sibi
733 2331 901 2385 venia:
935 2334 1248 2401 flagitantes
1295 2336 1365 2391 ab
1394 2338 1538 2407 ipsa.
1566 2337 1592 2393 J
1624 2340 1827 2395 omittit

180 2423 391 2487 venite;
422 2419 563 2476 forte
592 2420 896 2496 legendum
923 2429 1125 2483 venire.

792 2518 1038 2593 'CAPUT
1086 2540 1198 2595 νη.

250 2628 344 2682 Ea:
392 2630 594 2696 synodo
631 2633 811 2687 Remis
862 2634 1053 2689 habita
1099 2638 1393 2692 Dominicae
1427 2640 1823 2698 incarnationis

181 2733 323 2772 anno
351 2717 462 2773 892
490 2724 677 2798 arguit
702 2737 838 2778 eum.
875 2724 1000 2780 Haec
1038 2732 1121 2781 est
1150 2728 1397 2798 synodus
1445 2730 1736 2787 Remensis
1764 2733 1821 2788 in

188 2822 298 2877 qua
359 2796 590 2863 Carolus
639 2810 882 2882 Simplex
928 2811 1075 2868 ﬁlius
1125 2796 1387 2872 Ludovici
1439 2820 1590 2874 Balbi
1647 2821 1703 2875 in
1744 2839 1825 2878 re-

184 2914 310 2972 gem
345 2898 683 2957 Francorum
711 2910 911 2959 unctus
941 2914 1047 2971 est,
1093 2906 1162 2961 de
1192 2924 1301 2979 quo
1332 2925 1502 2980 supra
1532 2913 1715 2969 notavi
1745 2915 1815 2969 ad

185 3008 307 3064 cap.
332 2995 398 3048 4.

796 3067 1006 3125 CAPUT
1062 3071 1180 3127 VIII

252 3175 343 3230 Ab
372 3176 603 3231 ecclesia
634 3178 784 3232 tituli
834 3179 889 3235 S.
923 3181 1211 3249 Agricola.
1270 3185 1395 3242 11ωο
1425 3186 1592 3244 11οά10
1639 3196 1725 3246 est
1755 3190 1810 3246 S.

189 3261 422 3318 Nicasii.

843 3337 1054 3394 CAPUT
1089 3340 1157 3395 1X

259 3428 337 3482 Hi
363 3427 571 3482 scilicet
609 3428 905 3486 Gibrianus
966 3433 1225 3502 Helanus,
1285 3441 1390 3492 etc.
1456 3438 1546 3495 Sic
1598 3440 1683 3495 MS
1715 3442 1821 3498 Ve-

194 3532 311 3571 rum
334 3518 581 3574 Helanus
610 3520 666 3574 in
695 3519 746 3574 M
802 3521 909 3576 alia
940 3539 1105 3578 manu
1135 3525 1357 3582 additus
1383 3536 1485 3595 est,
1517 3546 1641 3586 cum
1676 3546 1821 3593 esset

191 3609 451 3665 omissus.
482 3611 548 3665 At
577 3616 613 3665 ti
653 3612 711 3666 in
767 3613 962 3671 Latino
1018 3625 1074 3672 et
1104 3617 1329 3686 Gallico,
1363 3620 1471 3676 etJ
1505 3638 1605 3693 pro
1644 3640 1711 3680 eo
1742 3621 1821 3681 le-

191 3707 328 3773 gunt
352 3704 610 3759 Tesanus.
646 3704 943 3777 Utriusque
1002 3709 1252 3764 meminit
1301 3711 1545 3768 Joannes
1574 3714 1822 3773 Molanus

194 3787 250 3842 in
276 3790 568 3846 additione
599 3791 669 3846 ad
697 3793 1263 3854 Usuardum.-lllius8
1295 3798 1417 3854 Maii
1472 3801 1561 3857 his
1591 3805 1774 3860 verbis
1804 3825 1817 3860 :

201 3899 225 3929 σ
268 3881 458 3936 Remis
483 3883 761 3953 depositio
814 3887 990 3942 sancti
1050 3888 1293 3944 Gibriani
1349 3892 1705 3962 confessoris,
1764 3900 1818 3953 in

200 3968 435 4025 ecclesia
463 3972 639 4026 sancti
667 3972 899 4048 Remigii
928 3975 1290 4046 quiescentis.
1319 4000 1339 4029 ι
1371 3979 1563 4049 Hujus,
1598 3982 1627 4037 7
1657 3983 1819 4042 Octo-

204 4057 316 4114 bris
346 4080 363 4115 :
398 4085 426 4108 ‹‹
483 4061 543 4116 In
575 4077 717 4136 pago
744 4062 1023 4132 Remensi,
1051 4066 1173 4121 vico
1190 4068 1284 4139 qui
1306 4076 1533 4125 vocatur
1547 4071 1826 4144 Buxiolus,

203 4146 480 4218 depositio
509 4151 686 4206 sancti
738 4151 928 4208 Helani
984 4155 1291 4227 presbyteri
1323 4165 1378 4213 et
1407 4159 1763 4219 confessoris.
1799 4186 1820 4217 ι

204 4238 471 4296 Eumdem
503 4243 556 4298 S.
594 4243 859 4299 Helanum
892 4246 1057 4302 habet
1088 4248 1194 4304 hoc
1248 4249 1339 4305 die
1383 4251 1577 4307 Petrus
1607 4254 1823 4310 Galesi-

203 4332 326 4389 nius
352 4336 409 4390 in
479 4352 582 4392 suo
643 4337 1050 4414 Martyrologio,
1114 4358 1181 4396 ex
1244 4342 1445 4399 tabulis
1508 4354 1824 4404 sanctorum

202 4423 460 4482 Ecclesiae
494 4427 807 4494 Remensis,
836 4438 892 4485 et
928 4431 1227 4505 utrobique
1259 4434 1381 4490 sine
1419 4436 1532 4492 ulla
1559 4440 1823 4498 varietate

204 4514 440 4573 Helanus
469 4520 801 4590 appellatus,
831 4522 971 4579 sicut
1014 4532 1069 4579 et
1099 4524 1153 4580 in
1185 4525 1361 4581 Natat.
1388 4528 1480 4583 SS.
1514 4530 1684 4606 Belgii
1710 4533 1825 4589 Mo-

1850 3235 1900 3303 C

1930 633 2092 687 annis
2126 634 2211 699 17,
2236 634 2413 690 tribus
2430 640 2740 709 mensibus,
2776 646 3041 702 etdecem
3068 650 3283 720 diebus,
3309 663 3367 711 ut
3397 658 3561 717 habet

1932 724 2036 779 hoc
2064 725 2184 779 loco
2219 727 2582 797 epitaphium.
2619 732 2796 796 Quare
2853 738 3058 794 fallitur
3088 741 3344 801 Nicolaus
3393 749 3560 806 Ches-

1930 834 2072 873 neau
2099 819 2230 873 dum
2262 820 2318 873 in
2350 821 2553 878 Gallica
2594 841 2693 880 sua
2739 827 2984 886 editione
3016 841 3171 889 notat
3201 836 3257 890 in
3309 843 3556 917 margine

1928 923 2053 963 eum
2084 910 2292 965 obiisse
2321 929 2467 969 anno
2496 915 2622 970 903.
2653 916 2804 973 ldem
2834 923 3096 991 probatur
3122 942 3188 981 ex
3222 944 3271 984 c.
3302 932 3368 987 17
3394 910 3557 991 infra.

1929 1003 2060 1058 Nam
2093 1021 2217 1060 cum
2248 1024 2539 1065 successor
2585 1014 2705 1081 ejus
2738 1015 3037 1088 Herivaaus,
3087 1029 3145 1077 ut
3176 1031 3259 1079 est
3290 1026 3345 1080 in
3393 1027 3557 1086 Chro-

1929 1094 2056 1151 nico
2081 1098 2341 1165 auctoris,
2378 1101 2575 1157 obierit
2604 1120 2749 1162 anno
2777 1107 2900 1172 922,
2937 1110 3028 1166 die
3064 1113 3098 1166 2
3126 1114 3276 1184 Julii,
3308 1126 3365 1173 et
3396 1122 3561 1177 sede-

1928 1184 2019 1251 rit,
2078 1193 2136 1240 ut
2179 1188 2386 1245 ibidem
2445 1192 2666 1262 dicitur,
2713 1198 2876 1253 annis
2930 1201 3000 1255 22
3059 1204 3301 1278 demptis
3361 1212 3561 1271 diebus

1929 1277 1984 1342 4,
2025 1285 2243 1347 oportet
2299 1297 2424 1337 eum
2463 1285 2777 1343 ordinatum
2833 1289 3001 1347 fuisse
3032 1293 3123 1351 die
3175 1277 3209 1352 6
3263 1300 3391 1356 Julii
3449 1321 3556 1360 an-

1930 1387 2002 1426 no
2039 1373 2166 1427 900.

2000 1464 2462 1538 Erplorantesque
2511 1475 2773 1541 quomodo
2823 1493 2859 1532 a
2910 1484 3112 1537 metata
3154 1501 3248 1541 suo
3296 1489 3370 1544 ad
3417 1494 3559 1563 regis

1929 1555 2274 1625 colloquium,
2316 1567 2421 1614 etc.
2470 1562 2559 1617 Sic
2590 1566 2776 1622 omnia
2823 1573 3175 1643 exemplaria.
3213 1578 3423 1635 Sensus
3448 1555 3552 1651 est,

1931 1652 2210 1719 quomodo
2242 1669 2273 1707 a
2302 1654 2424 1710 loco
2456 1657 2511 1711 in
2544 1675 2654 1730 quo
2685 1664 2877 1719 metari
2909 1667 3068 1735 solet,
3104 1673 3187 1726 vel
3220 1690 3285 1728 ex
3314 1675 3554 1748 hospitio

1932 1759 2054 1811 suo,
2088 1746 2363 1817 proficisci
2414 1757 2638 1810 soleret.
2686 1758 2841 1814 Unde
2887 1760 3088 1818 dicitur
3132 1766 3321 1823 infra:
3371 1746 3558 1828 umeri

1930 1840 2029 1905 qui
2078 1843 2393 1909 superfuere
2431 1844 2516 1899 his
2555 1849 2654 1916 qui
2694 1849 2769 1903 ad
2824 1850 3125 1921 hospitalia
3162 1866 3551 1929 remanserant,

2099 1930 2275 1985 Utitur
2321 1935 2516 1990 eadem
2573 1953 2708 1993 voce
2745 1945 2972 1997 metatus
3029 1945 3172 2001 infra
3232 1965 3278 2004 c.
3335 1952 3423 2018 15,
3455 1954 3550 2008 ubi

1927 2017 2229 2092 significari
2257 2020 2554 2093 hOSpitium
2574 2040 2637 2079 ex
2665 2042 2732 2082 eo
2757 2035 2923 2098 patet,
2950 2032 3078 2102 quia
3109 2037 3255 2105 quod
3284 2036 3359 2091 ibi
3387 2017 3550 2098 dicit:

1928 2115 2024 2167 Ad
2051 2118 2306 2171 metatum
2350 2132 2510 2174 suum
2538 2120 2793 2190 deduxit,
2839 2123 2894 2177 in
2928 2123 3199 2185 Chronico
3231 2147 3333 2187 suo
3372 2134 3505 2190 dicit
3537 2154 3552 2190 :

1927 2209 2098 2262 Duan't
2121 2224 2242 2264 eum
2287 2212 2364 2265 ad
2407 2213 2649 2284 hospitia
2676 2232 2795 2272 sua.
2831 2219 2967 2274 Item
3024 2223 3215 2279 eadem
3244 2243 3380 2283 voce
3419 2246 3553 2285 usus

1927 2309 2010 2355 est
2064 2318 2230 2373 supra
2284 2304 2376 2360 lib.
2414 2309 2464 2374 1,
2496 2324 2546 2363 c.
2578 2308 2666 2377 20,
2730 2318 2783 2367 et
2838 2313 2934 2368 lib.
2971 2332 3028 2379 ιι,
3065 2333 3114 2372 0.
3172 2320 3226 2385 3,
3284 2321 3379 2376 ubi
3426 2325 3551 2380 vide

1925 2396 2196 2453 scholion.
2246 2399 2422 2465 Quare
2466 2418 2578 2458 non
2611 2413 2780 2475 recte,
2833 2410 3260 2471 reclamantibus
3295 2420 3554 2475 omnibus

1925 2488 2352 2558 exemplaribus,
2386 2491 2420 2545 S
2456 2492 2573 2547 vult
2600 2496 2801 2572 corrigi
2833 2515 2846 2551 :
2887 2499 3026 2565 Quot
3052 2504 3111 2556 in
3146 2508 3407 2562 cantitata
3435 2525 3551 2565 suo.

1926 2580 2070 2635 Voce
2099 2587 2332 2638 metatus
2382 2586 2553 2641 utitur
2582 2586 2902 2660 frequenter
2945 2593 3170 2670 Gregor.
3236 2599 3438 2657 Turon.
3495 2604 3551 2658 in

1925 2671 2060 2727 Hist.
2112 2674 2466 2744 Francorum,
2528 2686 2586 2733 ut
2640 2679 2736 2736 lib.
2771 2699 2847 2749 ιιι,
2908 2700 3030 2757 cap.
3084 2689 3137 2756 8,
3192 2692 3265 2745 ad
3298 2699 3553 2751 metatum

1922 2766 2218 2829 regressis;
2253 2779 2301 2818 c.
2334 2765 2424 2834 15,
2454 2769 2515 2821 in
2542 2773 2748 2824 metata
2785 2772 2938 2841 ejus;
2970 2775 3067 2830 lib.
3101 2795 3152 2846 v,
3186 2795 3237 2836 c.
3265 2782 3353 2840 15.
3387 2787 3549 2840 Rece-

1923 2853 2079 2909 dente
2105 2872 2228 2911 vero
2254 2874 2376 2926 rege
2394 2860 2470 2914 ad
2496 2865 2751 2917 metatum
2778 2879 2972 2932 suum;
3020 2867 3150 2924 item
3180 2872 3384 2929 ibidem
3423 2891 3545 2948 cap.

1916 2945 2024 3014 39;
2070 2949 2164 3004 lib.
2216 2968 2313 3015 vn,
2359 2969 2478 3024 cap.
2538 2956 2630 3022 29,
2689 2957 2815 3025 bis;
2873 2958 2951 3014 lib
3019 2980 3134 3031 vm,
3194 2983 3315 3039 cap.
3361 2969 3415 3037 2,
3475 2945 3550 3027 ad

1913 3133 2188 3185 mansione
2214 3147 2345 3198 mea,
2374 3132 2430 3187 id
2460 3141 2547 3190 est
2574 3136 2881 3206 domicilio,
2910 3146 3015 3196 etc.

1992 3318 2063 3371 Et
2109 3319 2286 3371 sancti
2310 3249 2955 3389 Ηθιηίρίίϐῗξηῐέἓὶεξέἐῆθ
2981 3332 3200 3400 recepit.
3256 3332 3367 3389 Hoc
3398 3338 3545 3393 enim

1922 3409 2185 3467 tributum
2213 3422 2297 3468 est
2316 3415 2529 3472 meritis
2558 3417 2613 3475 S.
2646 3418 2904 3496 Remigii,
2942 3424 3091 3495 quod
3137 3426 3185 3482 is
3225 3430 3319 3501 qui
3348 3447 3547 3505 corpo-

1921 3500 1997 3555 ris
2035 3501 2156 3569 ejus
2205 3505 2625 3562 translationem
2677 3510 3066 3583 honoraverat,
3101 3533 3215 3575 non
3246 3500 3545 3584 amitteret

1923 3597 2073 3668 quod
2104 3597 2154 3653 ei
2197 3596 2340 3654 furto
2372 3598 2551 3681 fuerat
2580 3603 2846 3660 ablatum.

1997 3782 2292 3840 Conventus
2330 3716 3047 3865 άθηίᾳαιξέςῖιῐὲὲαξεένὲιτρρ
3071 3814 3191 3855 cum
3227 3808 3549 3879 coepiscopis

1920 3886 2030 3925 sua:
2057 3872 2339 3927 diaeceseos
2369 3874 2583 3932 habuit.
2624 3877 2955 3936 Nominatim
2994 3885 3156 3956 duos,
3197 3872 3367 3948 unum
3402 3872 3549 3954 anno

1928 3963 2054 4029 909,
2083 3963 2186 4017 sub
2227 3963 2421 4038 Sergio
2454 3966 2524 4020 Ill
2556 3984 2700 4039 papa
2739 3969 2796 4024 in
2845 3988 2988 4048 pago
3019 3976 3377 4041 Suessionico
3403 3991 3549 4059 apud

1928 4053 2258 4124 Trosleium,
2305 4057 2374 4111 de
2406 4074 2514 4129 quo
2546 4059 2688 4116 infra
2741 4077 2790 4119 c.
2822 4064 2911 4132 16,
2959 4067 3055 4121 ubi
3086 4066 3171 4125 MS
3194 4071 3387 4147 legunt
3420 4053 3550 4136 Fro-

1927 4151 2139 4217 sleium,
2198 4160 2255 4207 et
2307 4154 2492 4209 omnia
2520 4157 2818 4228 exemplar.
2854 4150 2921 4215 'e.
2958 4162 3023 4217 19
3053 4172 3107 4218 et
3158 4166 3247 4222 21.
3307 4169 3549 4245 Utroque

1928 4241 2076 4295 enim
2112 4241 2339 4297 nomine
2369 4243 2523 4299 locus
2567 4247 2877 4317 appellatus
2918 4251 3215 4322 invenitur,
3248 4266 3307 4314 ut
3337 4260 3432 4318 illa
3456 4241 3551 4336 ap-

1927 4331 2151 4402 pellatio
2194 4332 2266 4387 sit
2307 4332 2540 4409 integra,
2583 4336 2702 4392 haec
2749 4355 2850 4409 per
2873 4341 3366 4417 abbreviationem,
3406 4331 3551 4411 sicut

1927 4426 2225 4482 Herivaeus.
2260 4428 2429 4497 Hujus
2458 4438 2579 4484 acta
2611 4435 2924 4489 summatim
2967 4452 3034 4491 ex
3060 4439 3297 4500 Baronio
3330 4446 3545 4505 haben-

1923 4528 2013 4574 tur
2061 4527 2195 4575 tom.
2243 4520 2314 4573 lll
2359 4518 2749 4589 Conciliorum,
2791 4534 2948 4596 parte
3003 4546 3062 4587 11.
3104 4533 3345 4592 Alterum
3400 4557 3546 4598 anno

201 4604 307 4660 lani
338 4607 431 4663 die
456 4607 491 4662 3
520 4609 860 4678 Decembris,
908 4611 1003 4666 ubi
1048 4612 1305 4670 distincte
1360 4604 1633 4672 recenset
1664 4619 1825 4675 Hela-
1849 4606 1902 4674 D
1926 4614 2052 4678 921,
2085 4614 2153 4668 de
2183 4628 2294 4684 quo
2318 4621 2518 4669 διιοῑοΐ
2546 4624 2736 4672 noster
2765 4619 2821 4673 ίη
2849 4636 2949 4676 $110
2980 4623 3273 4696 Chronico,
3305 4638 3360 4686 et
3378 4633 3545 4690 Seve-

204 4707 350 4763 num,
385 4695 717 4764 Tresanum,
741 4698 1096 4767 Germanum,
1128 4708 1183 4757 et
1227 4702 1521 4760 Veranum.
1559 4707 1634 4761 De
1663 4715 1825 4765 aetate

202 4779 392 4838 horum
424 4792 745 4841 sanctorum
776 4787 895 4843 haec
923 4789 1117 4845 scribit
1143 4790 1462 4864 Sigebertus
1508 4793 1562 4848 in
1620 4796 1819 4853 Chron.

201 4889 343 4932 anno
372 4876 481 4933 509
513 4895 526 4932 :
556 4877 847 4935 Gibrianus
876 4881 1071 4937 Scotus
1129 4898 1253 4938 cum
1286 4884 1548 4942 fratribus
1578 4894 1632 4942 et
1668 4903 1824 4945 soro-

202 4965 349 5025 ribus
377 4971 437 5024 in
476 4991 498 5020 «
532 4970 758 5028 Galliam
808 4975 1213 5048 peregrinatus,
1255 4977 1451 5034 urbem
1491 4979 1817 5037 Remensem

201 5059 306 5116 vita
332 5069 388 5118 et
421 5070 599 5120 morte
628 5081 728 5120 sua
746 5065 999 5122 illustrat.
1027 5089 1049 5118 ι

267 5153 520 5210 Francla.
555 5154 644 5210 Sic
673 5153 756 5210 CR
785 5173 801 5221 ;
834 5156 930 5211 sed
959 5157 1066 5225 MS,
1093 5158 1336 5224 Franda,
1362 5159 1415 5230 J,
1446 5163 1686 5219 Frauda.

855 5274 1065 5330 CAPUT
1083 5274 1146 5330 X.

266 5357 342 5413 De
366 5360 596 5418 historia
632 5362 1108 5435 interremptionis
1136 5381 1234 5421 seu
1275 5367 1520 5437 martyrii
1550 5368 1811 5425 Fulconis

200 5447 445 5508 videatur
472 5454 722 5510 Molanus
753 5455 807 5510 in
855 5456 1139 5514 Natalibus
1182 5458 1272 5513 SS.
1329 5458 1504 5535 Belgii
1544 5460 1612 5514 17
1636 5460 1807 5529 Junii,

202 5551 262 5591 ex
286 5540 561 5599 chronicis
591 5544 1020 5602 Bertinensium.
1058 5547 1182 5603 Fuit
1201 5548 1419 5604 occisus
1443 5565 1591 5606 anno
1619 5549 1812 5619 900,ut

201 5624 399 5686 ibidem
431 5633 651 5699 dicitur,
707 5634 1149 5691 et'consentiunt
1199 5637 1539 5712 Sigebertus,
1570 5639 1810 5698 Jacobus

200 5711 428 5789 Cuisius,
460 5722 732 5795 Meyerus,
791 5722 1059 5780 Baronius
1120 5725 1178 5779 in
1231 5711 1557 5792 Annalibus,
1610 5735 1666 5785 et
1691 5728 1807 5799 alii,

200 5805 360 5879 idque
399 5827 465 5868 ex
486 5828 554 5870 eo
581 5813 848 5886 probatur
902 5817 1051 5889 quia,
1105 5824 1168 5874 ut
1218 5819 1396 5890 patuit
1421 5834 1588 5891 supra
1608 5820 1665 5876 in
1695 5818 1808 5879 ﬁne

1927 4708 2081 4762 riuus
2131 4706 2316 4761 Binius
2344 4715 2469 4777 post
2520 4710 2792 4780 synodum
2821 4713 3028 4772 ibidem
3079 4721 3407 4781 celebratam
3440 4729 3545 4783 sub

1924 4799 2131 4866 Seulfo,
2160 4799 2230 4853 de
2260 4815 2370 4870 qua
2400 4799 2541 4855 infra
2570 4817 2616 4856 c.
2651 4803 2739 4859 19.

1990 4897 2117 4951 Post
2162 4895 2355 4950 bellum
2382 4897 2530 4965 quod
2579 4900 2843 4955 Robertus
2867 4918 3034 4960 comes
3068 4912 3258 4964 contra
3287 4926 3372 4967 eos
3402 4916 3541 4971 Car-

1919 4992 2138 5044 notenus
2178 4989 2358 5057 gessit.
2385 4987 2480 5043 Sic
2509 4990 2696 5046 omnia
2750 4995 3106 5066 exemplaria,
3137 5002 3286 5071 quod
3335 5003 3540 5065 Gallice

1919 5085 2067 5134 recte
2095 5078 2259 5133 vertit
2285 5094 2405 5133 vers
2435 5080 2707 5150 Chartres,
2758 5082 2813 5136 id
2854 5091 2957 5148 est,
2990 5103 3182 5144 versus
3221 5091 3535 5156 Carnotum.

1917 5159 2072 5226 Unde
2101 5169 2153 5225 S.
2215 5171 2540 5227 Carnotenus
2582 5174 2811 5229 mutavit
2840 5175 2895 5229 in
2952 5176 3355 5242 Carnototenus.
3391 5187 3539 5253 Quo-

1915 5265 2082 5320 modo
2136 5270 2322 5320 autem
2371 5265 2528 5321 110110
2580 5266 2689 5322 dux
2756 5268 3196 5331 Normannorum
3239 5278 3530 5339 Camotum

1915 5354 2202 5422 obsidens,
2240 5354 2570 5412 miraculose
2612 5357 2681 5412 ab
2709 5359 2847 5415 urbe
2887 5365 3144 5433 repulsus
3191 5368 3375 5439 fuerit,
3431 5376 3534 5430 sub

1911 5465 2116 5504 annum
2164 5450 2381 5505 Domini
2416 5450 2531 5509 908
2561 5470 2661 5525 per
2686 5456 2971 5513 camisiam
3007 5476 3106 5515 seu
3147 5463 3439 5523 interulam
3468 5470 3525 5523 Β.

1910 5544 2089 5600 Mariae
2121 5545 2348 5620 virginis
2374 5546 2482 5603 late
2526 5549 2789 5607 describit
2817 5551 3082 5611 idiomate
3122 5557 3328 5616 Gallico
3359 5562 3524 5618 Seba-

1911 5641 2123 5696 stianus
2152 5641 2433 5697 Roulliard
2491 5644 2547 5699 in
2596 5661 2697 5702 sua
2750 5646 2984 5707 Historia
3013 5651 3270 5710 Ecclesiae
3320 5655 3527 5714 Carno-

1908 5731 2084 5786 tensis
2111 5748 2232 5804 cap.
2262 5734 2317 5800 7,
2350 5750 2507 5791 num.
2529 5737 2581 5792 5.

1977 5827 2163 5884 Fidem
2209 5830 2415 5887 Christi
2468 5835 2738 5905 suscipere
2792 5842 3116 5908 receperunt.
3151 5840 3229 5893 Ita
3278 5839 3314 5892 t1
3366 5850 3423 5896 et
3471 5841 3520 5897 J.
