3874 6464
310 481 404 534 391

1154 473 1544 528 COLVENERII
1586 472 1861 527 SCHOLIA
1904 473 1965 526 IN
2011 471 2177 527 HIST.
2219 472 2505 527 REMENS.
2553 471 2811 527 ECCLES.

3553 480 3660 537 392

307 607 413 661 Sed
466 604 573 672 MS,
609 607 829 671 Baron.,
885 603 1061 673 Papir.
1097 608 1150 656 et
1184 607 1376 656 auctor
1427 599 1548 669 ipse
1595 599 1648 652 in
1703 598 1929 667 Chron.,
1958 607 2007 671 Α
2036 607 2093 654 ut
2121 607 2204 655 est
2234 599 2376 655 infra
2399 616 2447 655 c.
2480 601 2570 655 26.
2596 599 2742 655 Obiit
2771 609 2952 656 autem
2987 618 3111 656 xvm
3136 602 3251 658 Kal.
3283 604 3458 672 Junii,
3491 614 3656 677 atque

307 703 580 768 ceperunt.

378 793 605 860 Insuper
653 793 813 845 etiam
843 792 1131 843 Romanum
1177 786 1485 852 pontiﬁcem
1540 798 1703 851 super
1730 782 1934 850 ejusce-

308 883 454 937 modi
524 885 730 949 negotio
806 881 1068 934 consulere
1128 877 1357 930 studuit.
1430 876 1523 929 Ad
1599 874 1753 943 cujus
1810 890 1936 929 coa-

308 974 473 1037 sulta,
531 977 638 1025 etc.
690 968 1031 1037 Rescriptum
1076 965 1305 1018 Joannis
1355 963 1417 1016 IX
1470 979 1626 1034 papa).
1667 962 1736 1015 ad
1778 962 1933 1016 Heri-

308 1076 469 1114 veum
499 1058 977 1127 arcliiepiseomm
1012 1054 1077 1106 de
1108 1052 1176 1105 iis
1221 1068 1343 1123 qua).
1379 1052 1522 1106 circa
1551 1050 1934 1105 Nordmanno-

312 1167 429 1204 rum
461 1148 883 1204 conversionem
936 1144 1189 1199 facienda
1220 1144 1401 1198 forent
1430 1150 1607 1197 exstat
1656 1141 1800 1212 apud
1832 1141 1935 1195 Ba-

308 1260 428 1298 ron.
461 1249 593 1296 tom.
622 1241 683 1304 X,
713 1255 858 1294 anno
888 1238 1013 1304 985,
1043 1246 1099 1291 et
1130 1254 1260 1292 tom.
1299 1237 1387 1290 III.
1424 1234 1656 1297 Concil.,
1689 1241 1845 1305 parte
1876 1249 1935 1286 ιι.

942 1352 1153 1407 CAPUT
1196 1352 1299 1406 XV.

379 1446 630 1515 Sequenti
649 1460 771 1497 vero
802 1458 960 1505 anno,
995 1450 1102 1496 etc.
1139 1441 1413 1510 Deinceps
1440 1454 1710 1494 annorum
1739 1450 1936 1490 nume-

307 1555 420 1604 rus,
450 1553 613 1609 quem
658 1535 859 1603 adjeci,
893 1540 1146 1604 sumptus
1200 1540 1285 1588 est
1312 1550 1377 1587 ex
1436 1530 1707 1586 Chronico
1759 1526 1933 1581 nostri

308 1625 619 1689 Flodoardi,
653 1623 802 1695 quod
841 1623 1086 1677 Pitlimus
1112 1622 1286 1676 edidit
1325 1621 1471 1674 inter
1498 1616 1794 1673 duodecim
1827 1630 1930 1668 au-

308 1728 486 1774 ctores
517 1724 833 1772 coetaneos.

377 1811 603 1876 Propter
654 1807 1000 1873 IIugunonem
1029 1806 1403 1858 consiliarium
1433 1817 1609 1856 suum.
1647 1818 1670 1848 α
1709 1799 1785 1851 lta
1822 1795 1846 1850 J
1877 1801 1930 1849 et

2035 693 2109 747 ita
2139 692 2387 766 regnavit
2413 709 2588 747 annos
2648 692 2730 748 12.
2785 694 2936 758 Quod
2966 695 3249 749 conforme
3293 703 3376 751 est
3415 697 3658 753 Roberto

2035 785 2301 858 Caguino,
2335 785 2503 839 Paulo
2564 784 2782 840 Aimilio
2816 792 2870 839 et
2924 785 3048 839 aliis
3099 787 3303 841 multis.
3344 789 3414 842 Ile
3449 790 3554 843 IIOC
3588 789 3659 843 ita

2037 876 2229 931 scribit
2259 875 2353 929 lib.
2385 892 2422 928 ιι
2453 876 2743 929 Annalium
2777 877 3028 947 Papirius
3061 878 3115 931 in
3148 876 3339 933 Carolo
3370 880 3656 950 Simplice:

2040 988 2065 1012 α
2097 965 2421 1035 Rodulpbus
2455 964 2709 1019 Ricliardi
2751 964 2897 1020 ﬁlius
2924 967 2979 1020 in
3033 968 3384 1024 matrimonio
3418 969 3664 1022 habebat.

2040 1052 2284 1106 Emmam
2326 1053 2547 1108 Roberti
2614 1052 2802 1117 filiam,
2836 1062 2890 1109 et
2923 1056 3246 1111 Heribertus
3309 1057 3471 1111 aliam
3541 1059 3662 1125 ejus

2044 1144 2211 1200 ﬁliam
2262 1146 2513 1213 duxerat,
2573 1163 2734 1203 socer
2772 1150 3076 1221 generique
3143 1159 3198 1206 et
3267 1152 3421 1225 Hugo
3489 1150 3657 1211 ﬁlius,

2042 1238 2367 1294 auctoritate
2400 1247 2454 1292 et
2511 1239 2683 1313 gratia
2747 1247 2912 1311 atque
2976 1242 3182 1313 Opibus
3221 1244 3452 1299 multum
3495 1250 3665 1313 pote—

2035 1338 2176 1387 rant.
2202 1352 2232 1381 »

2661 1404 2870 1461 CAPUT
2896 1407 3027 1461 XXI.

2106 1517 2421 1572 Heribertus
2456 1521 2713 1574 Karolum
2743 1522 2808 1574 de
2837 1523 3105 1586 custodia,
3145 1526 3205 1576 in
3233 1539 3344 1592 qua
3368 1539 3486 1577 eum
3517 1524 3667 1577 deti-

2036 1604 2214 1668 nebat,
2245 1608 2419 1674 ejecit.
2482 1608 2615 1664 Dolo
2673 1609 2820 1664 enim
2889 1611 3159 1666 Heriberti
3227 1621 3417 1683 captus
3484 1612 3666 1667 fuerat

2036 1708 2182 1749 anno
2213 1696 2337 1761 923,
2374 1705 2497 1767 post
2562 1698 2806 1753 occisum
2845 1699 3170 1766 Robertum,
3220 1709 3274 1755 et
3336 1701 3603 1755 liberatus
3634 1718 3666 1755 e

2035 1798 2256 1840 circere
2284 1803 2429 1843 anno
2459 1789 2584 1857 927,
2614 1791 2713 1844 sed
2744 1807 2889 1846 anno
2942 1792 3197 1863 sequenti
3252 1792 3449 1847 iterum
3480 1794 3534 1846 in
3564 1809 3666 1848 cu-

307 1900 343 1955 ρ
396 1899 450 1953 in
486 1898 675 1952 Latino
730 1903 784 1951 οι
813 1896 1037 1951 Gallico.
1100 1896 1145 1949 Μ
1186 1911 1339 1959 vero,
1386 1897 1680 1961 Hagonem,
1714 1907 1781 1944 ex
1826 1898 1936 1959 quo
1962 1956 1997 1961 ἢ
2040 1878 2276 1933 stodiam
2309 1881 2583 1947 redactus,
2640 1883 2695 1935 in
2751 1900 2859 1954 qua
2898 1883 3032 1938 obiit
3063 1900 3209 1939 anno
3255 1886 3378 1939 929.
3418 1885 3540 1939 lIznc
3596 1901 3666 1939 ex

306 1992 340 2045 S
372 1989 501 2044 fecit
532 1992 817 2055 Hugongm.
853 1988 960 2041 Sed
990 2004 1109 2041 eam
1160 1956 1335 2057 quam?
1358 1956 1685 2039 πθιίιξυίιηιιε
1734 1956 1931 2035 lectio-
1960 1956 2006 2022 Β
2034 1977 2256 2024 auctore
2280 1970 2335 2023 in
2368 1972 2653 2027 Chronico.
2692 1973 2865 2028 Habet
2922 1973 3005 2026 his
3063 1973 3367 2028 conformia
3398 1973 3670 2046 Sigeber-

306 2099 434 2137 nem
467 2097 651 2136 veram
699 2097 822 2135 esse
853 2087 1072 2134 constat
1108 2096 1174 2133 ex
1207 2086 1430 2132 auctore
1464 2077 1519 2129 in
1551 2075 1702 2129 dicto
1759 2073 1932 2127 Chro-

308 2171 456 2237 nico,
504 2169 599 2225 ubi
630 2178 949 2223 constanter
995 2168 1070 2221 ita
1126 2167 1259 2241 legit
1306 2166 1493 2220 multis
1549 2165 1706 2219 locis.
1760 2163 1932 2216 Aliam

308 2277 529 2316 causam
564 2260 814 2314 derelicti
865 2258 1039 2315 Caroli
1074 2258 1218 2332 regis
1266 2257 1473 2311 indicat
1531 2255 1851 2329 Sigebertus
1882 2252 1936 2305 in

310 2351 511 2406 Chron.
544 2367 691 2406 anno
729 2351 856 2414 920,
890 2351 975 2404 his
1028 2350 1214 2405 verbis
1247 2367 1260 2403 :
1318 2349 1591 2404 Robertus
1635 2347 1741 2399 dux
1775 2344 1941 2398 frater

309 2443 517 2499 Odonis
548 2445 716 2519 regis,
763 2452 1034 2514 appetens
1083 2458 1312 2518 regnum
1366 2441 1698 2495 Francorum
1746 2446 1939 2493 contra

309 2534 582 2599 Carolum,
631 2532 975 2604 inquietabat
1025 2532 1332 2601 Franciam,
1375 2530 1609 2601 ejusque
1672 2528 1937 2581 instinctu

306 2638 503 2678 omnes
552 2637 695 2693 pene
748 2621 1022 2692 primores
1053 2620 1295 2675 Francia:
1355 2618 1790 2674 adversabantur
1840 2616 1940 2671 Ca-

308 2712 445 2767 rolo.
499 2736 521 2761 υ

929 2778 1138 2835 CAPUT
1178 2779 1289 2833 XVI

378 2878 454 2929 De
482 2874 768 2929 Erlebatdi
798 2875 1007 2927 comitis
1038 2873 1587 2925 excommunicatione
1625 2870 1702 2924 Ita
1732 2883 1936 2939 perpe-

309 2973 404 3021 tuo
446 2966 579 3037 legit
606 2965 653 3019 J.
688 2964 904 3036 Alioqui
935 2963 1085 3017 varia
1115 2972 1201 3017 est
1230 2962 1394 3017 lectio
1427 2963 1593 3016 etiam
1638 2961 1693 3014 in
1735 2961 1932 3015 eodem

307 3054 634 3125 exemplari,
668 3054 753 3108 MS
785 3054 840 3107 in
874 3052 1033 3107 titulo
1056 3052 1191 3126 legit
1219 3052 1524 3119 Heribeldi,
1555 3066 1680 3105 mox
1705 3051 1759 3104 in
1784 3056 1935 3104 textu

308 3152 368 3206 Μ
388 3152 785 3218 Herlebaldum,
815 3157 871 3205 et
915 3156 1108 3221 postea
1160 3148 1500 3203 Erbebaldus
1530 3165 1546 3213 ;
1590 3148 1649 3211 S,
1680 3146 1934 3201 Heribal-

309 3246 432 3300 dus.
468 3244 690 3319 Legitur
715 3253 770 3299 et
798 3243 1125 3310 Erebaldus,
1147 3242 1468 3306 Ereboldus,
1503 3248 1559 3296 et
1588 3239 1930 3296 Erteboldus.

256 3335 267 3344 ’
311 3338 386 3392 Ex
412 3337 523 3392 fine
550 3343 731 3391 autem
763 3336 962 3407 capitis
991 3341 1120 3390 nota
1161 3351 1287 3390 eum
1316 3334 1630 3390 absolutum
1663 3334 1834 3389 fuisse
1865 3332 1934 3387 ab

311 3425 889 3483 excommunicatione
929 3432 1053 3494 post
1082 3431 1335 3480 mortem.

914 3535 1124 3590 CAPUT
1154 3535 1326 3590 XVII.

390 3628 579 3681 Tertia
620 3627 710 3680 die
757 3626 963 3680 scilicet
993 3631 1287 3695 postquam
1315 3627 1575 3682 Robertus
1626 3640 1725 3678 rear:
1754 3626 1935 3692 factus

309 3716 516 3783 fuerat.
547 3715 740 3770 Factus
780 3722 898 3768 erat
954 3730 1046 3769 rex
1098 3714 1190 3769 die
1221 3715 1411 3770 ultima
1457 3714 1606 3768 Junii
1661 3714 1787 3768 922.
1841 3714 1936 3768 Hic

318 3803 611 3869 Robertus,
680 3802 848 3858 frater
908 3803 1117 3859 Odonis
1170 3804 1337 3876 regis,
1406 3804 1603 3859 eodem
1656 3818 1827 3871 anno,
1880 3809 1938 3857 ut

312 3894 508 3951 scribit
564 3895 912 3963 Odorannus,
963 3903 1018 3950 et
1074 3895 1416 3969 Sigebertus,
1474 3895 1681 3950 auxilio
1741 3894 1938 3950 Lotha—

310 3988 598 4053 riensinm,
627 3988 773 4058 apud
801 3988 1155 4043 Suessionem
1206 3986 1648 4043 interfectusest.
1678 3987 1785 4042 Sed
1818 4003 1937 4041 ma-

310 4081 403 4154 gis
419 4080 628 4135 auctori
652 4086 842 4135 nostro
869 4096 958 4135 res
977 4080 1062 4134 sui
1085 4080 1353 4151 temporis
1405 4080 1673 4134 scribenti
1702 4081 1935 4134 creden-

312 4174 465 4241 dum,
507 4174 602 4245 qui
633 4188 778 4228 anno
828 4189 948 4244 seq.
1004 4172 1109 4228 923
1132 4173 1478 4229 interfectum
1524 4172 1719 4228 scribit
1740 4172 1794 4226 in
1835 4186 1936 4226 suo

317 4268 610 4325 Chronico.

914 4338 1123 4394 CAPUT
1179 4338 1331 4392 XIX.

389 4430 570 4483 Vitam
617 4428 818 4497 ﬁnisse.
857 4427 1003 4482 Obiit
1031 4427 1251 4482 Seulfus
1280 4442 1427 4482 anno
1456 4427 1582 4495 925,
1615 4426 1849 4498 expletis
1877 4426 1935 4481 in

307 4522 626 4592 episc0patu
651 4522 810 4576 annis
840 4521 1012 4576 tribus
1045 4529 1100 4576 et
1155 4521 1358 4575 diebus
1416 4522 1685 4593 quinque.
1721 4522 1799 4575 Ita
1829 4537 1932 4575 au-

308 4620 425 4666 ctor
449 4612 504 4666 in
540 4612 830 4669 Chronico.
870 4612 964 4667 Cui
1016 4612 1302 4669 conforme
1346 4622 1430 4667 est
1460 4613 1608 4685 quod
1655 4613 1724 4667 de
1750 4628 1817 4667 eo
1848 4612 1931 4666 le-

306 4703 457 4777 gitur
484 4704 626 4758 infra
654 4722 776 4776 cap.
807 4706 893 4761 35.

936 4775 1146 4831 CAPUT
1176 4776 1282 4830 XX.

377 4885 649 4951 Rodulfus
680 4888 854 4952 igitur
877 4902 996 4941 rem.
1032 4886 1106 4941 De
1138 4887 1241 4941 hoc
1268 4885 1504 4941 Rodulfo
1534 4886 1727 4940 scribit
1754 4885 1932 4956 Meye-

307 4991 399 5030 rns
425 4992 572 5031 anno
604 4976 726 5032 890.
766 4977 967 5032 Eodem
982 4993 1128 5032 anno
1160 4978 1928 5049 Burgundionesﬁodulpho,

306 5065 709 5120 Ricardiducis
735 5066 820 5119 sui
875 5064 1010 5130 filio,
1076 5066 1333 5121 diadema
1383 5067 1791 5138 imposuerunt,
1835 5084 1929 5123 re-

304 5170 546 5225 gemque
604 5153 711 5208 sibi
752 5155 1258 5210 consalutaverunt.
1294 5155 1390 5210 llic
1421 5153 1589 5229 igitur
1641 5156 1929 5223 Rodulfus,

305 5244 450 5299 filius
476 5246 731 5301 Richardi
766 5247 1102 5302 marcbionis
1135 5246 1381 5317 praefecti
1438 5248 1791 5322 Burgundize,
1816 5256 1931 5304 erat

308 5350 400 5388 rex
432 5336 789 5411 Burgundim,
818 5354 983 5409 quem
1042 5338 1263 5405 Franci,
1292 5340 1476 5395 occiso
1509 5340 1565 5395 in
1601 5341 1789 5410 praelio
1822 5342 1929 5397 Ilo-

308 5424 466 5479 berto
486 5443 639 5501 rege,
662 5443 856 5484 socero
883 5429 1079 5500 ipsius,
1109 5447 1255 5486 anno
1302 5432 1427 5497 925,
1464 5431 1718 5488 nolentes
1749 5434 1929 5490 redire

309 5513 376 5567 ad
408 5516 662 5571 Carolum
721 5518 1067 5590 Simplicem,
1126 5523 1233 5578 sibi
1281 5540 1467 5599 regem
1500 5525 1807 5598 elegerunt,
1841 5542 1928 5581 re—

306 5601 492 5673 xitque
522 5619 755 5675 regnum
787 5605 1028 5664 Franeize
1078 5628 1177 5682 per
1204 5613 1342 5667 duos
1390 5630 1585 5675 annos.
1640 5621 1700 5669 ut
1736 5613 1931 5670 scribit

304 5690 647 5766 Sigebertus,
678 5693 825 5748 dicto
859 5698 1049 5757 Carolo
1105 5703 1160 5758 in
1188 5706 1440 5760 custodia
1483 5706 1628 5777 apud
1659 5707 1924 5763 Peronam

299 5777 539 5841 detento.
596 5781 803 5834 Verum
859 5800 924 5838 ex
975 5804 1096 5859 cap.
1151 5794 1519 5861 sequentibus
1560 5803 1777 5851 constat
1798 5813 1924 5851 eum

297 5878 556 5935 regnasse
594 5870 651 5923 in
687 5865 913 5926 Francia
945 5890 1119 5946 usque
1150 5879 1217 5931 ad
1236 5896 1438 5936 annum
1466 5884 1594 5951 936,
1625 5900 1733 5953 quo
1765 5886 1925 5951 obiit,

1961 3418 2011 3487 C

2038 2069 2143 2129 tus,
2176 2063 2273 2117 sed
2314 2064 2523 2119 fallitur
2553 2065 2608 2119 in
2645 2074 2913 2137 tempore,
2973 2068 3103 2123 dum
3155 2067 3352 2122 scribit
3378 2083 3524 2123 anno
3554 2070 3667 2123 924

2035 2171 2161 2209 eum
2187 2155 2241 2209 in
2266 2158 2572 2222 custodiam
2634 2160 2862 2215 Peronae
2893 2178 2924 2215 a
2984 2162 3188 2217 comite
3244 2162 3531 2217 Heriberto
3561 2163 3668 2216 do.-

2042 2252 2254 2301 trusum
2279 2248 2351 2303 ob
2379 2265 2573 2304 necem
2607 2251 2827 2307 Roberti
2867 2252 3022 2307 ducis
3047 2253 3116 2307 ab
3170 2270 3235 2308 eo
3270 2254 3564 2324 perempti.
3601 2255 3667 2307 Et

2040 2353 2185 2394 anno
2216 2341 2320 2395 926
2348 2361 2363 2396 :
2405 2362 2430 2392 «
2458 2340 2685 2396 Carolus
2752 2359 2841 2397 rex
2911 2343 3243 2398 Francorum
3276 2344 3379 2398 sub
3411 2345 3667 2399 custodia

2041 2427 2310 2484 Heriberti
2371 2433 2525 2485 exsul
2557 2439 2611 2486 et
2665 2441 2873 2502 martyr
2900 2434 3150 2488 moritur.
3204 2454 3230 2481 ι)
3290 2434 3554 2488 Similiter
3606 2434 3662 2488 in

2040 2528 2287 2592 tempore
2318 2522 2543 2589 fallitur,
2577 2526 2708 2579 dum
2738 2527 2931 2581 scribit
2986 2542 3133 2582 anno
3188 2528 3291 2582 928
3325 2528 3662 2582 Ludovieum

2040 2607 2213 2663 ﬁlium
2247 2610 2423 2666 Caroli
2494 2613 2548 2666 in
2580 2614 2863 2669 Franciam
2920 2632 3048 2671 esse
3112 2632 3417 2683 reversum,
3452 2633 3576 2671 cum
3609 2616 3661 2670 id

2041 2697 2262 2759 demum
2293 2698 2497 2755 factum
2525 2702 2594 2757 sit
2649 2719 2795 2758 anno
2844 2702 2970 2768 976,
3026 2711 3150 2775 post
3196 2704 3409 2758 obitum
3442 2702 3663 2759 Rodulﬁ

2043 2787 2190 2861 regis
2212 2789 2565 2864 Burgundiae.
2812 2820 2839 2833 ρ

2636 2884 2849 2940 CAPUT
2878 2884 3042 2940 XXIII

2114 2984 2222 3039 Nec
2247 2995 2351 3034 non
2377 2982 2426 3032 et
2463 2980 2729 3035 Arnatdo.
2788 2980 2927 3034 SicJ
2962 2982 3131 3045 ;alia.
3192 2983 3455 3037 Arnoldo.
3492 2983 3658 3038 Simi-

2035 3072 2160 3127 liter
2189 3072 2246 3125 in
2277 3071 2643 3143 sequentibus
2666 3089 2813 3127 nunc
2829 3074 3115 3138 Artoldus,
3145 3075 3426 3144 quomodo
3454 3076 3661 3146 saepius

2036 3161 2071 3216 C
2102 3167 2156 3216 et
2181 3162 2231 3227 J,
2263 3176 2410 3215 nunc
2440 3161 2732 3229 Artaldus,
2760 3163 3039 3233 quomodo
3071 3162 3417 3234 frequentius
3449 3164 3535 3218 MS
3580 3165 3655 3220 le-

2035 3256 2191 3326 gunt.
2221 3251 2357 3306 Item
2382 3250 2700 3318 Sigeboldus
2727 3258 2782 3305 et
2808 3252 3151 3320 Sigebaldus,
3208 3261 3314 3309 etc.
3349 3272 3364 3320 ;
3405 3263 3460 3309 et
3516 3254 3658 3308 infra

2037 3358 2084 3396 c.
2118 3341 2206 3406 33,
2232 3341 2502 3396 Deroldus
2532 3348 2587 3395 et
2612 3342 2903 3398 Deraldus.

2645 3433 2853 3489 CAPUT
2882 3435 3056 3490 XXIV.

2106 3539 2181 3590 De
2213 3528 2555 3589 ordinatione
2577 3532 2755 3585 damni
2784 3529 3007 3585 Artotdi
3054 3532 3309 3599 episcopi.
3367 3529 3489 3584 Haec
3521 3529 3661 3585 facta

2037 3632 2120 3678 est
2144 3640 2290 3680 anno
2325 3625 2452 3690 731,
2480 3628 2535 3677 et
2564 3621 2704 3677 obiit
2731 3618 3215 3690 ann0961,pridie
3248 3618 3360 3673 Kal.
3384 3618 3659 3683 Octobris,

2036 3726 2096 3774 ut
2118 3719 2288 3774 habet
2336 3725 2528 3773 auctor
2582 3719 2639 3771 in
2691 3716 2982 3782 Chronico,
3040 3723 3205 3786 atque
3237 3716 3308 3770 ita
3339 3721 3567 3770 constat
3592 3716 3653 3772 31

2037 3808 2519 3880 annisiEcclesiam
2551 3807 2915 3881 gubernasse.

2646 3898 2856 3953 CAPUT
2904 3898 3054 3954 XXV.

2112 3994 2360 4062 Synodus
2381 3998 2578 4064 septem
2608 3997 2975 4064 episcoporum
3014 3993 3162 4063 apud
3190 3993 3248 4047 S.
3289 3994 3553 4049 Macram.
3587 3995 3657 4060 Μ,

2041 4084 2328 4150 Magram;
2360 4083 2415 4150 S,
2447 4084 2746 4139 Machram.
2782 4083 2841 4135 In
2875 4090 3005 4137 tom.
3040 4082 3111 4135 III
3168 4080 3372 4135 Concil.
3428 4083 3661 4152 ponitur

2038 4189 2185 4228 anno
2212 4173 2336 4240 935,
2369 4176 2472 4229 sub
2519 4176 2745 4229 nomine
2796 4175 3014 4230 consilii
3074 4174 3379 4239 Remensis,
3429 4192 3556 4230 cum
3589 4177 3661 4231 sit

2038 4286 2213 4343 pagus
2241 4270 2465 4342 quidam
2498 4270 2747 4339 ejusdem
2773 4271 3051 4337 dioecesis,
3074 4271 3183 4326 alio
3210 4270 3436 4326 nomine
3463 4274 3659 4327 lv'ismes

2038 4359 2238 4425 dictus,
2270 4368 2330 4415 ut
2360 4361 2641 4416 adnotavit
2670 4360 2926 4416 Nicolaus
2953 4360 3258 4414 Chesneau.
3296 4359 3366 4413 De
3396 4361 3657 4431 passione

2036 4454 2219 4503 autem
2253 4450 2304 4504 S.
2340 4449 2532 4505 Macrze
2554 4450 2787 4525 virginis
2814 4449 2986 4504 habes
3017 4448 3157 4503 infra
3180 4466 3208 4504 c
3258 4450 3346 4504 51.

2643 4539 2853 4593 CAPUT
2883 4539 3060 4592 XXVI.

2101 4632 2370 4686 Ludovico
2401 4634 2592 4687 Karoli
2619 4633 2753 4701 ﬁlio,
2787 4647 2938 4701 quem
2996 4648 3095 4685 rea:
3153 4632 3450 4687 Alstannus
3479 4648 3654 4686 avun-

1949 4738 2009 4808 D
2029 4721 2181 4774 culus
2206 4721 2383 4790 ipsius
2416 4722 2706 4775 nutriebat.
2742 4721 2805 4787 R,
2839 4722 3106 4775 Alstauus
3141 4738 3153 4774 :
3183 4722 3231 4788 J,
3267 4724 3558 4777 Astranus.
3596 4723 3655 4775 In

2032 4816 2283 4889 catalogo
2340 4832 2529 4890 regum
2580 4815 2787 4891 Angliai
2839 4815 2985 4886 apud
3042 4817 3309 4871 Joannem
3367 4815 3653 4870 Carionem

2033 4905 2356 4960 .Ildetstanus
2385 4905 2707 4961 nominatur
2739 4923 2753 4970 ;
2784 4906 3032 4976 Meyerus
3086 4907 3426 4961 Atelstanum
3466 4914 3654 4959 vocat.

2036 4992 2126 5047 Est
2166 5000 2347 5048 autem
2406 4993 2498 5049 hic
2551 4994 2861 5050 Ludovicus
2917 4995 3093 5050 Caroli
3151 4995 3429 5067 Simplicis
3487 4994 3654 5061 filius,

2033 5085 2215 5140 dictus
2243 5085 2687 5153 Transmarinas,
2737 5088 2869 5158 quia
2901 5096 3050 5143 trans
3104 5104 3255 5141 mare
3285 5087 3431 5158 apud
3466 5104 3654 5162 regem

2034 5176 2241 5250 Angliaa
2265 5175 2442 5232 fuerat
2494 5178 2790 5244 enutritus,
2846 5193 2912 5232 eo
2969 5177 3117 5249 quod
3173 5183 3402 5231 matrem
3428 5177 3657 5232 haberet

2033 5266 2200 5323 filiam
2234 5268 2380 5342 regis
2408 5269 2730 5341 Anglorum.

2101 5362 2253 5428 Quod
2271 5366 2432 5431 pater
2450 5363 2565 5431 ejus
2613 5363 2848 5430 (scilicet
2877 5363 3103 5418 Carolus
3152 5362 3416 5433 Simplex)
3464 5363 3518 5417 S.
3548 5364 3653 5417 Re-

2027 5457 2192 5522 migio
2223 5457 2553 5511 tradiderat.
2613 5456 2673 5510 Id
2719 5464 2804 5511 est
2839 5456 3174 5511 monasnerio
3206 5456 3257 5509 S.
3306 5454 3566 5527 Remigii,
3595 5462 3657 5507 ut

2027 5552 2179 5617 patet
2199 5562 2265 5599 ex
2296 5546 2482 5601 verbis
2537 5548 2924 5618 sequentibus.
2959 5547 3050 5601 Sic
3104 5556 3159 5601 et
3217 5544 3355 5599 infra
3384 5561 3506 5615 cap.
3533 5560 3651 5615 seq.

2030 5646 2086 5693 et
2113 5638 2246 5693 alibi
2276 5640 2568 5710 accipitur.

2616 5710 2826 5766 CAPUT
2852 5710 3080 5765 XXVIII.

2098 5800 2257 5868 IIugo
2276 5802 2532 5869 princeps
2560 5801 2707 5869 ﬁlius
2751 5801 3009 5855 Rotberti.
3064 5799 3160 5853 llic
3215 5798 3358 5853 infra
3386 5815 3435 5854 c.
3487 5799 3556 5853 35
3601 5806 3651 5853 ct

2028 5890 2158 5943 alibi
2189 5901 2415 5947 vocatur
2444 5892 2598 5964 Ilugo
2629 5908 2837 5957 comes,
2884 5892 2975 5963 qui
3014 5892 3197 5946 dictus
3238 5900 3321 5945 est
3352 5891 3505 5962 Ilugo
3533 5891 3650 5945 Ma-
