3874 6408
148 365 272 422 393

1602 380 1668 434 IN
1712 379 1960 438 LIBRUM
2004 387 2088 440 IV.

3417 411 3522 466 394

145 543 327 599 gnus,
381 543 570 583 comes
625 528 970 596 Parisiensis,
1023 542 1079 590 et
1121 535 1230 591 dux
1273 537 1602 609 Aquitaniae,
1644 540 1790 596 lilius
1817 549 1863 615 Α
1887 547 2001 600 sule
2029 546 2260 614 addunt,
2291 553 2342 603 et
2375 550 2710 608 Theobaldus
2724 556 2974 624 quidam,
3007 563 3154 631 quod
3179 564 3338 622 abest
3369 584 3400 623 a
3421 585 3521 625 ca:-

153 615 391 672 Roberti
417 619 832 694 Andegavensis
871 630 926 678 et
980 624 1306 682 Parisiensis
1337 629 1576 696 comitis,
1606 632 1700 702 qui
1733 632 1788 686 in

152 721 355 780 regem
397 705 574 763 fuerat
603 709 835 778 electus,
868 713 938 768 de
961 730 1072 786 quo
1093 732 1262 788 supra
1293 734 1414 788 cap.
1448 720 1536 773 17.
1561 720 1790 776 Vocatur

151 796 314 852 idem
341 798 491 872 Ηυεο
517 800 626 855 dux
655 802 1007 872 Francorum,
1041 807 1134 878 qui
1169 808 1448 866 Ludovico
1481 811 1596 884 regi
1621 812 1791 866 Fran-

151 903 380 957 corum,
413 891 526 950 ﬁlio
549 893 726 950 Caroli
767 895 1066 970 Simplicis,
1099 901 1406 968 rebellavit,
1449 905 1787 960 obiitautem

151 997 312 1037 anno
333 981 456 1038 956.
493 982 592 1039 Hic
621 999 686 1039 ex
713 1001 886 1041 uxore
951 988 1150 1057 Aurea,
1182 1007 1305 1062 quae
1347 990 1458 1047 ﬁlia
1498 1003 1614 1049 erat
1645 995 1790 1050 lien-

155 1069 264 1124 rici
298 1071 317 1124 l
347 1071 608 1143 Aucupis,
650 1079 706 1128 et
741 1076 1153 1140 soror,0tlionis
1218 1082 1380 1153 primi
1412 1083 1784 1154 imperatoris,

153 1181 332 1236 quam
365 1167 456 1220 alii
497 1167 760 1224 Havidem
792 1173 1103 1242 nominant,
1134 1177 1328 1249 genuit
1367 1179 1652 1250 Hugonem
1687 1181 1788 1236 Ca-

152 1265 379 1328 petum,
411 1262 763 1330 postmodum
833 1265 1074 1322 Francia:
1125 1285 1334 1343 regem,
1377 1273 1470 1343 qui
1521 1275 1788 1330 exstincta

150 1349 336 1420 stirpe
367 1349 542 1407 Caroli
569 1353 776 1426 Magni,
832 1371 1061 1430 regnum
1133 1360 1464 1418 Francorum
1518 1365 1783 1422 obtinuit.

154 1441 402 1497 Historia
431 1444 768 1502 describitur
795 1449 942 1518 apud
972 1451 1287 1508 Aimoinum
1319 1455 1395 1509 lib
1444 1473 1477 1509 v
1504 1457 1579 1513 De
1617 1461 1790 1532 gestis

152 1533 523 1603 Francorum,
567 1552 616 1592 c.
640 1539 712 1593 44
750 1545 805 1594 et
849 1541 938 1608 45,
983 1542 1105 1598 Erat
1137 1553 1321 1600 autem
1360 1547 1539 1604 dictus
1578 1551 1788 1606 Rober-

153 1631 254 1678 tus
307 1622 478 1679 frater
529 1625 736 1682 Odonis
789 1629 958 1705 regis,
1006 1648 1231 1689 uxorem
1275 1636 1488 1693 habens
1541 1655 1787 1696 sororem

151 1714 439 1772 Heribcrti
469 1721 863 1788 potentissimi.
926 1726 1143 1784 comitis
1182 1730 1490 1802 Aquitaniae
1517 1741 1572 1790 et
1610 1736 1786 1792 Vero-

151 1805 420 1870 mandiaa,
453 1807 523 1863 de
549 1825 662 1880 quo
718 1811 807 1868 hic
846 1820 932 1868 est
958 1814 1218 1889 frequens
1257 1822 1488 1878 mentio.
1521 1823 1676 1880 Unde
1701 1826 1788 1880 Si-

147 1898 431 1972 gcbertus
459 1899 516 1955 in
545 1900 816 1960 Chronico
865 1922 1010 1964 anno
1036 1911 1161 1976 9l9,
1197 1911 1479 1987 Hugonem
1514 1917 1786 1973 Heriberti

149 1985 340 2042 ﬁlium
367 1996 526 2044 vocat
569 1999 828 2062 nepotem
889 1994 1134 2069 Hugonis
1162 1985 1369 2072 Magni,
1409 2003 1569 2058 sicuti
1599 2011 1653 2059 et
1681 2021 1784 2060 au-
1812 2018 1862 2086 Β

150 2084 281 2132 ctor
301 2086 496 2133 noster
529 2079 583 2134 in
614 2080 884 2140 Chronico
915 2087 1040 2140 9i3.

228 2168 376 2223 Mihi
391 2183 604 2238 quoque
649 2173 920 2229 ecclesiam
961 2177 1265 2232 Golmisiaci
1300 2182 1408 2235 vici
1450 2182 1690 2238 abstulit.
1721 2183 1788 2238 In

145 2261 432 2318 Chronico
472 2279 593 2327 suo,
629 2282 774 2322 anno
821 2268 947 2336 940,
980 2271 1092 2326 ait:
1123 2275 1418 2330 Ecclesium
1449 2293 1613 2346 quam
1642 2295 1787 2346 rege-

142 2353 276 2408 bam
303 2356 365 2408 in
424 2356 793 2414 Culmisciaco.
858 2361 1012 2418 Unde
1069 2371 1284 2420 constat
1325 2383 1450 2422 eum
1484 2369 1785 2440 aliquando

139 2449 432 2498 rectorem
475 2461 574 2501 seu
619 2457 893 2519 pastorem
952 2451 1122 2508 fuisse
1155 2455 1258 2510 loci
1290 2456 1460 2526 illius,
1495 2460 1652 2528 cujus
1676 2460 1787 2514 fre-

140 2541 392 2606 quenter
444 2539 697 2596 meminit
729 2541 782 2596 in
813 2543 916 2599 hac
973 2544 1232 2602 Historia.
1265 2549 1422 2603 Varie
1463 2559 1645 2605 autem
1679 2552 1782 2608 hoc

141 2641 356 2683 nomen
398 2629 680 2696 scribitur,
712 2641 771 2689 ut
793 2635 1174 2694 adnotavimus
1203 2639 1272 2694 ad
1305 2640 1402 2695 lib.
1435 2659 1471 2710 ι,
1499 2658 1549 2697 c.
1587 2644 1670 2698 12.

760 2725 966 2782 CAPUT
1019 2729 1173 2786 XXX.

215 2807 573 2864 Attimontem
603 2817 839 2868 castrum
865 2823 1150 2886 occupant.
1185 2819 1273 2874 Sic
1311 2820 1526 2890 integre
1579 2823 1780 2878 scribi-

146 2901 245 2950 tur
309 2897 587 2954 :atRetJ
638 2899 965 2976 plerumque
1024 2907 1330 2964 Almontem
1395 2910 1607 2985 legunt,
1673 2919 1780 2968 tam

147 3002 326 3058 supra
357 3005 524 3060 quam
553 2989 715 3046 infra.

219 3079 422 3134 Postea
441 3084 626 3136 cceteri
665 3099 874 3155 quoque
927 3087 1036 3156 ﬁlii
1085 3089 1356 3145 Heriberti
1405 3096 1614 3150 comitis
1642 3096 1784 3148 reci-

135 3171 386 3239 piuntur
439 3187 644 3243 arege.
710 3176 958 3247 Papirius
1012 3179 1298 3235 Massonus
1344 3181 1441 3236 lib.
1501 3201 1538 3238 η
1590 3185 1781 3240 Annal.

145 3263 412 3320 Francor.
442 3265 512 3320 de
555 3266 661 3322 isto
696 3267 987 3326 Heriberto
1021 3272 1224 3328 comite
1256 3274 1338 3330 sic
1377 3276 1604 3330 scribit:
1639 3302 1664 3324 «ι
1697 3277 1786 3332 Li-

145 3355 322 3412 beros
360 3357 588 3429 reliquit
651 3359 1016 3429 Heribertum,
1077 3364 1367 3439 Hugonem
1437 3368 1783 3444 illegitimum

149 3447 458 3505 Remorum
476 3450 818 3522 pontificem,
839 3453 1106 3524 Odonem,
1129 3459 1508 3530 Adelbertum,
1532 3470 1587 3517 et
1608 3461 1775 3518 ﬁliam

149 3538 376 3595 unicam
398 3541 670 3613 Arnulphi
711 3543 931 3600 Flandri
962 3563 1215 3604 uxorem.

221 3631 540 3689 Amblicum
557 3641 799 3692 castrum
829 3641 989 3708 cepit.
1017 3641 1092 3696 Ita
1119 3641 1144 3696 J
1169 3661 1186 3714 ;
1213 3641 1271 3712 C,
1294 3645 1608 3702 Amblecum
1633 3647 1776 3716 ;MS,

145 3725 480 3781 Amblidum
515 3743 530 3793 ;
563 3727 792 3798 Gallice,
819 3731 1026 3786 Ambli.

765 3817 976 3875 CAPUT
1003 3821 1160 3876 XXXI

227 3903 296 3958 Ut
317 3905 494 3973 ﬁlium
525 3907 724 3976 ipsum,
767 3913 815 3963 et
870 3912 1050 3979 filium
1100 3913 1298 3980 fratris
1349 3918 1439 3970 sui
1483 3920 1782 3988 suscipiens

150 3995 301 4050 idem
325 4001 553 4066 praesul.
614 4001 694 4055 Ita
745 4001 802 4070 C,
834 4001 890 4057 in
933 4003 1137 4060 Gallico
1165 4015 1220 4062 et
1263 4007 1456 4064 Latino
1495 4010 1592 4064 etJ
1629 4029 1643 4077 ;
1679 4011 1780 4066 sed

145 4086 302 4142 aliud
337 4091 642 4160 exemplar,
691 4099 746 4147 et
800 4093 909 4164 MS,
943 4105 1000 4151 et
1027 4105 1218 4154 auctor
1277 4098 1333 4154 in
1400 4099 1692 4170 Chronico,
1719 4107 1788 4158 ut

140 4180 324 4249 ﬁlium
353 4182 589 4238 hominis
613 4185 816 4254 ipsius,
849 4193 956 4242 etc.

732 4273 941 4332 CAPUT
1007 4278 1214 4334 XXXII.

219 4362 546 4418 Honasterii
573 4364 629 4420 S.
662 4365 943 4422 Benedicti
972 4367 1238 4424 abbatem.
1265 4369 1358 4426 Sic
1375 4373 1566 4428 omnia
1594 4389 1784 4430 exem-

150 4454 348 4525 plaria.
385 4455 565 4520 Quare
599 4473 711 4514 non
762 4465 912 4516 recte
960 4459 995 4514 S
1056 4461 1279 4534 scripsit
1309 4465 1367 4520 S.
1425 4469 1658 4534 Remigii
1685 4485 1782 4539 pro

145 4545 448 4600 Benedicti.
485 4545 749 4626 Utautem
790 4549 1076 4607 adnotavit
1130 4551 1386 4608 Nicolaus
1461 4555 1774 4626 Chesneau,

143 4635 418 4712 intelligit
441 4625 701 4696 abbatem
725 4641 779 4698 S.
807 4642 1092 4700 Benedicti
1107 4645 1178 4700 ad
1211 4645 1443 4722 Ligerim
1477 4649 1531 4704 in
1551 4625 1777 4707 dimcesi
1802 4719 1853 4742 ἢ
1881 4625 2242 4742 ggm'ﬁiggg

1797 4719 1856 4787 D

148 4727 558 4783 Aurelianensi.

218 4821 435 4886 Regina
460 4820 732 4890 Gerberga
755 4837 918 4894 super
943 4824 1019 4880 ad
1045 4827 1304 4883 Othonem
1341 4845 1516 4898 regem
1547 4833 1778 4899 fratrem

141 4923 306 4963 suum
361 4909 677 4977 legationem
742 4912 1038 4970 direxerat.
1112 4913 1239 4972 Haec
1299 4917 1582 4993 Gerberga
1621 4937 1781 4978 soror

150 4997 387 5056 Othonis
418 4999 582 5072 primi
612 5001 965 5074 imperatoris
991 5005 1110 5062 sive
1135 5007 1286 5082 regis
1314 5009 1410 5080 (sic
1437 5011 1585 5066 enim
1629 5027 1776 5085 θωνα

150 5083 220 5139 ab
264 5085 545 5144 historicis
574 5091 912 5160 nominatur,
943 5093 1093 5166 quod
1124 5094 1575 5154 benedictionem
1608 5083 1780 5172 impe-

150 5178 347 5235 rialem
379 5196 491 5238 non
531 5193 841 5254 acceperat.
904 5187 1066 5243 sicuti
1104 5204 1206 5246 nec
1268 5191 1534 5250 Henricus
1565 5195 1780 5267 Auceps

153 5280 316 5342 pater
339 5272 564 5346 ipsius),
597 5275 734 5344 haec,
767 5275 1028 5349 inquam,
1085 5280 1364 5358 Gerberga
1411 5284 1585 5342 fuerat
1642 5304 1781 5344 uxor

151 5360 457 5417 Gisseberti
487 5362 646 5418 ducis
671 5364 1065 5442 Lotharingim,
1127 5386 1237 5443 quo
1293 5373 1619 5445 interfecto,
1661 5394 1784 5434 eam

153 5451 309 5508 duxit
339 5469 568 5510 uxorem
612 5455 926 5524 Ludovicus
971 5477 1068 5518 rex
1104 5462 1461 5536 Francorum,
1507 5475 1568 5525 ut
1597 5470 1788 5528 scribit

153 5540 480 5614 Sigebertus
506 5543 564 5599 in
587 5542 882 5616 Chronico,
917 5565 1065 5608 anno
1096 5552 1220 5612 943.

731 5666 941 5726 CAPUT
985 5671 1212 5730 XXXIII.

221 5757 535 5816 Remensem
553 5776 674 5818 cum
723 5765 948 5834 Hugone
1000 5771 1258 5845 pressule,
1329 5776 1493 5844 quasi
1539 5791 1667 5830 mea:
1695 5791 1789 5832 ca-

153 5856 372 5924 pturus,
399 5856 728 5926 aggreditur
752 5860 957 5917 urbem.
991 5861 1078 5920 MS
1140 5873 1266 5936 post
1295 5866 1594 5926 dictionem
1630 5887 1784 5938 prce-

462 5959 770 6024 PATROL.
827 5963 1164 6069 CXXXV.

1891 642 2023 696 teris
2069 651 2124 698 et
2179 660 2209 697 a
2242 643 2532 713 Chronico,
2597 665 2702 704 nec

1889 739 2159 794 orationis
2186 743 2545 799 constructio.

1959 841 2226 906 Defuncto
2259 843 2488 898 Deraldo
2502 846 2949 906 Ambianensium
2967 857 3201 922 praesule
3229 861 3518 917 Tetbaldus

1890 936 2116 1004 quidam
2170 937 2262 992 Sic
2291 937 2326 993 C
2355 945 2410 994 et
2431 940 2473 995 R
2507 959 2521 1006 ;
2551 943 2650 997 sed
2710 945 2795 999 MS
2845 947 3066 1016 vitiose,
3118 954 3380 1012 Derordo.
3408 955 3437 1012 Ι
3463 968 3520 1014 et

1892 1023 1927 1078 C
1958 1025 2014 1080 in
2045 1025 2157 1082 Gal.
2189 1031 2437 1096 Deroldo,
2469 1035 2746 1103 quomodo
2801 1044 2856 1091 et
2887 1037 3029 1094 infra
3052 1041 3137 1097 bis
3168 1059 3212 1098 c.
3250 1046 3338 1113 35,
3381 1063 3518 1103 eon-

1889 1119 2138 1176 fo'rmiter
2167 1121 2221 1176 in
2261 1126 2522 1181 omnibus
2548 1131 2982 1200 exemplaribus.
3018 1135 3120 1192 Pro
3158 1141 3414 1196 Τρΐόίιιιίο
3441 1143 3512 1198 Μ.

1889 1213 2058 1270 habet
2090 1217 2406 1287 Theobalus,
2469 1239 2532 1277 ex
2574 1241 2683 1295 quo
2714 1225 2748 1279 S
2777 1225 2904 1282 fecit
2969 1232 3328 1302 Theobaldus,
3371 1253 3516 1308 quo-

1887 1306 2052 1361 modo
2083 1307 2168 1361 MS
2197 1308 2332 1384 legit
2373 1328 2422 1366 c.
2455 1313 2546 1369 37.
2581 1317 2640 1369 In
2691 1317 2890 1373 tabulis
2925 1320 3281 1379 Democharis
3313 1306 3518 1401 legitur

1892 1399 2178 1467 Deraldus,
2209 1420 2371 1474 quem
2397 1409 2646 1478 sequitur
2712 1411 3092 1484 Raimboldus,
3121 1429 3314 1489 postea
3348 1399 3516 1477 Theo-

1892 1495 2082 1560 budus,
2125 1498 2327 1556 Auctor
2355 1501 2410 1556 in
2451 1502 2720 1562 Chronico
2770 1511 3060 1568 Deroldum
3107 1520 3162 1570 et
3194 1517 3513 1574 Tetbaldum

1891 1589 2046 1665 legit.

2770 652 2992 710 videtur
3049 656 3187 714 illud
3221 661 3517 720 admittere

2467 1669 2674 1728 CAPUT
2720 1673 2942 1732 XXXIV.

1957 1775 2224 1830 Prcesente
2285 1793 2493 1849 quoque
2565 1784 2812 1840 Brunone
2866 1788 3076 1856 abbate,
3112 1795 3256 1860 regis
3290 1794 3515 1852 Othonis

1884 1864 2079 1930 fratre.
2116 1867 2193 1922 Ita
2223 1867 2387 1923 etiam
2437 1877 2629 1928 auctor
2685 1875 2742 1928 in
2819 1876 3108 1936 Chronico.
3167 1880 3202 1936 C
3232 1884 3364 1958 legit
3389 1888 3516 1942 Bri-

1885 1971 2059 2024 mone,
2090 1964 2142 2012 et
2170 1958 2375 2016 Gallice
2407 1963 2569 2019 vertit
2601 1968 2841 2036 Brimon,
2879 1973 3159 2042 quomodo
3207 1977 3370 2032 etiam
3405 1978 3512 2054 legi

1887 2051 2066 2112 potest
2109 2045 2163 2099 in
2204 2047 2252 2102 Μ
2293 2066 2307 2114 ;
2367 2051 2465 2105 sed
2517 2052 2659 2108 infra
2709 2072 2758 2111 c.
2815 2057 2886 2114 35
2923 2061 3276 2132 apertissime
3315 2045 3517 2140 legitur

1889 2136 2156 2202 Brimo-ne,
2190 2142 2442 2211 quamvis
2473 2151 2526 2198 et
2561 2144 2636 2200 ibi
2658 2147 2714 2200 in
2747 2147 2952 2206 Gallico
3003 2160 3251 2211 vertatur
3270 2159 3510 2214 Brimon.

1889 2222 2085 2279 Verum
2121 2227 2300 2297 placet
2323 2229 2427 2286 alia
2481 2233 2664 2302 lectio,
2731 2238 2863 2309 quia
2902 2241 2972 2295 de
3013 2257 3080 2297 eo
3111 2245 3514 2320 omninoloqui

1885 2310 2122 2380 videtur,
2179 2318 2271 2387 qui
2319 2320 2483 2390 paulo
2540 2331 2660 2394 post
2715 2325 2832 2382 hinc
2873 2334 3124 2401 tempora
3182 2333 3364 2390 factus
3430 2310 3516 2393 est

1885 2402 2336 2476 archiepiscopus
2392 2408 2774 2483 Coloniensis,
2841 2421 3148 2477 succedens
3233 2425 3509 2496 Vicfredo,

1885 2507 2030 2548 anno
2055 2493 2182 2564 953,
2217 2502 2274 2551 ut
2301 2499 2465 2555 habet
2493 2510 2685 2560 auctor
2718 2505 2772 2560 in
2803 2507 3101 2580 Chronico,
3137 2519 3192 2568 et
3253 2493 3514 2590 SigeberQ

1883 2589 1970 2637 tus
2004 2601 2017 2638 :
2051 2587 2142 2656 qui
2164 2585 2233 2640 ab
2257 2591 2514 2647 omnibus
2570 2595 2752 2652 Bruno
2800 2597 3131 2671 appellatur,
3161 2585 3374 2678 fuitque
3404 2607 3516 2664 fra-

1883 2682 1966 2730 ter
2035 2677 2261 2735 Othonis
2314 2683 2484 2752 primi
2554 2685 2714 2758 imp.,
2784 2689 3003 2749 Henrici
3065 2677 3308 2768 Aucupis
3374 2699 3508 2772 imp.

1885 2770 2052 2826 filius.

1961 2865 2142 2921 Missis
2169 2884 2378 2940 quoque
2404 2872 2615 2929 duobus
2655 2877 2730 2932 ad
2766 2894 2883 2934 eum
2911 2881 3282 2940 deducendum
3312 2891 3515 2958 episco-

1885 2955 1996 3023 pis.
2029 2955 2297 3014 Videlicet
2340 2961 2689 3022 Adalberone
2755 2976 2812 3024 et
2865 2971 3118 3042 Gossino,
3171 2982 3230 3032 ut
3261 2955 3382 3049 cap.
3425 2996 3514 3035 sc-

1892 3051 2084 3120 quenti
2117 3053 2321 3109 dicitur
2361 3057 2416 3111 in
2449 3057 2640 3116 libello
2684 3063 2918 3136 Artoldi,
2963 3074 3018 3122 et
3039 3070 3301 3141 exprimit
3322 3081 3515 3130 auctor

1895 3138 1952 3194 in
1987 3140 2280 3211 Chronico,

1960 3238 2050 3290 Ea:
2075 3238 2288 3296 dz'mcesi
2318 3243 2626 3300 Trevirensi
2662 3251 2825 3318 atque
2867 3252 3129 3310 Remensi.
3169 3255 3378 3314 Sensus
3406 3267 3507 3325 est,

1889 3322 2064 3380 fuisse
2097 3327 2151 3380 in
2185 3329 2279 3383 illa
2317 3335 2530 3402 synodo
2555 3335 2888 3395 Mosomensi
2923 3344 3215 3417 utriusque
3255 3348 3513 3406 dimcesis

1889 3413 2202 3488 episcopos,
2234 3421 2383 3490 quod
2415 3421 2450 3476 C
2478 3423 2534 3478 in
2562 3425 2770 3484 Gallico
2798 3445 2910 3487 non
2939 3440 3025 3488 est
3047 3413 3352 3494 assecutus.
3377 3439 3513 3496 Nam

1889 3511 2077 3558 auctor
2105 3505 2220 3576 ipse
2252 3507 2308 3562 in
2361 3509 2634 3570 Chronico
2695 3517 2773 3572 ita
2820 3521 3017 3578 scribit
3059 3541 3072 3576 :
3120 3544 3146 3576 α
3193 3526 3350 3584 Anno
3383 3529 3510 3600 948,

1889 3600 2135 3668 synodus
2202 3604 2468 3673 praedicta
2507 3609 2822 3668 celebratur
2873 3616 2930 3670 in
2995 3619 3228 3678 ecclesia
3285 3623 3343 3678 S.
3375 3623 3515 3683 Petri

1889 3695 2014 3745 ante
2048 3700 2394 3764 prospectum
2462 3700 2626 3754 castri
2678 3701 2906 3760 Mosomi
2939 3724 2971 3762 a
2999 3711 3208 3768 domno
3248 3713 3515 3774 Rotberto

1885 3781 2211 3854 caeterisque
2238 3785 2590 3844 Treverensis
2631 3791 2942 3852 dimceseos
2993 3799 3296 3872 episcopis,
3327 3811 3383 3860 et
3409 3807 3513 3862 ali-

1885 3871 2089 3942 quibus
2119 3872 2430 3932 Remensis.
2469 3900 2496 3929 η

1959 3967 2268 4038 Capitulum
2297 3972 2361 4028 19
2385 3974 2832 4044 Carthaginensis
2860 3984 3077 4038 concilii
3105 3986 3170 4040 de
3181 3996 3512 4049 accusatore.

1882 4055 2350 4134 Videturintelligi
2415 4065 2714 4134 capitulum
2769 4071 2803 4124 9
2857 4079 2910 4126 et
2968 4074 3030 4128 10
3089 4078 3310 4132 concilii
3371 4083 3516 4138 tertii

1883 4145 2348 4224 Carthaginensis.
2383 4154 2486 4211 Pro
2545 4175 2656 4230 quo
2704 4161 2836 4219 facit
2891 4167 3041 4238 quod
3083 4168 3226 4224 infra
3258 4187 3304 4226 c.
3341 4174 3516 4230 351e-

1883 4242 2043 4310 gatur
2065 4255 2262 4296 nonum
2290 4242 2574 4314 decimum,
2607 4249 2700 4304 ubi
2751 4251 2911 4310 facile
2969 4258 3145 4314 omitti
3179 4262 3358 4331 potuit
3387 4280 3517 4320 con-

1880 4324 2096 4394 junctio
2124 4332 2194 4383 et.

2477 4405 2689 4464 CAPUT
2718 4411 2913 4468 XXXV.

1953 4492 2030 4545 De
2055 4494 2256 4560 synodo
2302 4498 2454 4566 apud
2499 4503 2874 4568 Engulenhein
2930 4520 3284 4580 congregata.
3322 4517 3516 4575 Habita

1883 4587 1964 4635 est
2004 4599 2077 4636 vn
2118 4584 2244 4639 ldus
2287 4587 2438 4644 Junii
2488 4591 2614 4660 948,
2678 4595 2732 4648 in
2788 4599 3024 4656 ecclesia
3054 4603 3109 4658 Β.
3147 4605 3381 4684 Remigii
3413 4611 3514 4666 ho-

2261 4685 2423 4735 utest
2450 4680 2506 4736 in
2537 4683 2808 4743 Chronico
2862 4694 3131 4760 auctoris,
3204 4680 3510 4758 ubivetiam

1881 4773 2134 4822 recenset
2161 4770 2388 4826 nomina
2415 4787 2608 4830 eorum
2666 4779 2761 4849 qui
2823 4781 3194 4843 interfuerunt
3233 4807 3386 4846 num.
3419 4794 3510 4850 31.

1880 4855 2092 4930 Regino
2118 4859 2213 4917 lib.
2257 4879 2294 4917 ιι
2348 4864 2744 4926 Chronicorum
2781 4875 2972 4930 scribit
3039 4877 3362 4940 interfuisse
3393 4887 3514 4959 epi-

1880 4966 2080 5022 scopos
2104 4955 2192 5012 3t.
2234 4958 2386 5016 Tom.
2420 4963 2491 5018 III
2531 4963 2763 5038 Concil.,
2821 4977 2974 5042 parte
3011 4991 3073 5044 ιι,
3109 4977 3408 5052 subscripti
3428 4955 3512 5038 Ie-

1880 5054 2087 5119 guntur
2117 5051 2211 5106 31.

1952 5140 2191 5211 Denique
2237 5149 2531 5216 postquam
2561 5151 2782 5209 domina
2820 5162 3004 5212 nostra
3054 5163 3248 5228 regina
3278 5166 3512 5223 Landu-

1882 5245 2031 5296 num,
2065 5241 2286 5305 propter
2349 5241 2733 5300 absolutionem
2793 5249 2979 5304 damni
3007 5255 3152 5321 regis
3182 5257 3512 5328 reliquerat.

1887 5317 2098 5376 Sensus
2125 5331 2277 5394 patet
2305 5341 2372 5380 ex
2423 5327 2492 5383 iis
2543 5347 2666 5400 quae
2707 5333 2842 5388 dixit
2899 5317 3094 5396 auctor
3144 5317 3315 5416 supra
3341 5365 3390 5403 c.
3424 5351 3512 5404 32.

1893 5413 2044 5490 Hugo
2075 5417 2222 5472 enim
2251 5421 2530 5495 princeps,
2557 5425 2737 5484 dictus
2793 5431 3041 5509 Magnus,
3093 5438 3273 5510 ipsum
3327 5461 3514 5521 regem

1887 5509 2226 5568 Ludovicum
2259 5517 2481 5574 tenebat
2517 5520 2622 5576 sub
2691 5529 2962 5595 custodia,
3023 5532 3254 5608 ipsaque
3325 5509 3516 5613 regina

1887 5599 2162 5679 Gerberga
2193 5606 2372 5662 cidem
2430 5609 2642 5688 IIugoni
2714 5599 3059 5680 Laudunum
3083 5599 3424 5698 reddiderat,
3456 5640 3515 5686 ut

1890 5694 2165 5766 reciperet
2185 5697 2520 5758 Ludovicum
2545 5722 2752 5781 regem.
2800 5712 2991 5786 Neque
3031 5719 3178 5776 enim
3227 5721 3388 5776 aliter
3411 5694 3512 5775 Iab-

1888 5783 2108 5850 solutio,
2141 5787 2196 5842 id
2217 5796 2301 5844 est
2330 5790 2582 5851 liberatio
2613 5798 2754 5870 ejus,
2811 5783 2991 5873 pot—uit
3033 5810 3297 5876 obtineri,
3341 5817 3396 5864 ut
3435 5809 3509 5862 ait

1890 5875 1947 5929 in
1977 5876 2246 5938 Chronico
2273 5881 2398 5938 948.

3143 6002 3216 6063 13
