3874 6464
328 498 435 553 395

1173 491 1563 548 COLVENERII
1605 488 1879 545 SCHOLIA
1916 488 1983 543 IN
2027 488 2191 544 IIIST.
2236 488 2521 544 REMENS.
2566 487 2822 543 ECCLES.

3569 493 3677 551 396

400 635 529 689 Post
569 615 818 703 quarum
882 633 1190 687 litterarum
1243 631 1637 694 recitationem,
1693 634 1801 683 etc.
1848 626 1950 681 Se-
1978 630 2025 698 Α
2054 626 2330 682 Ludovico
2361 627 2478 701 regi
2508 624 2829 691 satisfaciat,
2864 630 2922 678 ut
2942 628 3178 680 testatur
3197 633 3390 697 auctor
3416 627 3473 682 in
3488 627 3675 684 Chro-

329 721 557 794 quentia
588 722 777 776 omnia
805 736 981 793 usque
1009 720 1079 775 ad
1136 718 1303 774 linem
1355 716 1601 789 capituli,
1633 722 1689 771 et
1716 716 1826 771 duo
1858 731 1949 770 ca-

330 811 503 884 pitula
555 810 847 883 sequentia
873 853 886 877 ,
929 810 1095 863 etiam
1146 809 1329 880 quoad
1376 807 1561 871 verba,
1595 806 1790 861 eadem
1821 814 1951 862 sunt

328 902 384 956 in
417 900 709 966 Chronico,
741 914 884 954 anno
918 899 1031 967 jam
1066 897 1233 961 dicto,

398 992 573 1047 Lectis
599 991 856 1060 capitulis
882 989 947 1043 de
1001 988 1378 1058 hujuscemodi
1440 988 1946 1045 calumniatoribus.

328 1082 648 1156 Intelligere
686 1081 903 1136 videtur
931 1080 1172 1151 capitula
1229 1081 1448 1137 concilii
1508 1079 1953 1154 Carthaginensis

326 1175 412 1230 vel
438 1174 686 1245 Capitula
715 1171 890 1227 Caroli
918 1171 1095 1248 Magni
1145 1180 1203 1227 et
1231 1172 1494 1228 Ludovici
1517 1172 1618 1239 Pii,
1660 1172 1713 1226 in
1746 1170 1952 1243 quibus
2032 1169 2037 1175 “

332 1276 516 1321 tamen
545 1267 649 1321 hoc
680 1280 789 1319 non
821 1264 1063 1334 reperio.

396 1358 633 1413 Artaldo
660 1372 783 1411 vero
810 1358 1056 1427 prtesuli,
1076 1360 1177 1428 qui
1205 1357 1458 1412 omnibus
1484 1372 1539 1412 se
1558 1356 1784 1426 synodis
1811 1370 1950 1425 prce-

324 1454 521 1505 sentem
549 1448 889 1503 exhibuerat.
921 1448 1100 1504 Multae
1129 1449 1276 1504 enim
1299 1449 1497 1521 synodi
1525 1463 1623 1520 pro
1651 1449 1753 1503 hac
1783 1462 1951 1502 causa

324 1546 671 1616 congregatae
702 1539 943 1606 fuerunt,
960 1544 1019 1593 ut
1037 1545 1186 1608 patet
1216 1538 1414 1610 partim
1445 1555 1509 1593 ex
1541 1537 1947 1609 superioribus,

324 1630 523 1700 partim
552 1646 616 1684 ex
663 1628 935 1685 Chronico
989 1628 1249 1694 auctoris,
1310 1634 1365 1683 et
1415 1634 1546 1682 tom.
1612 1627 1682 1681 ιιι
1708 1627 1942 1694 Concil.,

321 1727 477 1791 parte
535 1737 593 1787 ιι,
626 1720 885 1776 videlicet
944 1718 1308 1773 Virdunensis
1370 1734 1518 1773 anno
1575 1716 1724 1783 947;
1769 1716 1946 1772 Mose-

321 1813 553 1880 mensis,
580 1812 708 1879 948,
761 1811 948 1865 Idibus
998 1810 1246 1865 Januarii
1289 1828 1303 1876 ;
1368 1808 1946 1883 Engelenheimcnsis,

321 1907 448 1973 8i8,
479 1906 716 1977 septimo
748 1906 877 1960 Idus
905 1904 1074 1970 Junii,
1108 1904 1177 1958 de
1218 1918 1326 1975 qua
1356 1903 1465 1958 hoc
1516 1919 1662 1975 cap.,
1690 1918 1815 1976 qua)
1845 1917 1952 1957 cae-

2054 716 2177 771 nico
2204 732 2350 771 anno
2380 716 2505 770 949.
2541 714 2693 779 Quod
2727 712 3035 768 Chronicon
3090 714 3326 770 ulterius
3353 717 3673 772 extenditur

2051 824 2215 878 quam
2246 808 2362 862 hanc
2392 808 2639 863 lustoria.
2673 805 2946 879 Pertingit
2978 806 3127 860 enim
3160 823 3336 878 usque
3371 808 3441 863 ad
3472 826 3679 865 annum

2051 898 2173 954 966.
2213 898 2378 953 Porro
2407 897 2659 952 Artaldus
2687 896 2826 952 obiit
2856 911 3000 951 anno
3049 897 3174 962 961,
3207 898 3383 968 pridie
3408 900 3681 955 Kalendas

2052 988 2319 1054 Octobris,
2361 998 2423 1044 ut
2460 995 2545 1043 est
2604 988 2660 1043 in
2714 989 2911 1044 eodem
2968 988 3259 1057 Chronico,
3328 997 3384 1045 et
3419 992 3678 1063 sequenti

2053 1097 2200 1138 anno
2225 1080 2495 1137 successit
2524 1082 2573 1137 ei
2602 1080 2905 1137 Odalricus.

2619 1174 2828 1231 CAPUT
2858 1175 3110 1230 XXXVIII

2125 1273 2189 1326 In
2208 1273 2405 1327 honore
2431 1273 2622 1327 Mariae
2651 1272 2734 1326 vel
2761 1271 2816 1326 S.
2851 1274 2997 1327 Petri
3021 1276 3382 1329 construxisse
3407 1275 3677 1330 traditur.

2054 1367 2088 1421 8
2129 1374 2277 1422 recte
2311 1373 2464 1422 notat
2512 1367 2567 1421 in
2624 1366 2877 1441 margine
2928 1369 3009 1421 vel
3040 1368 3171 1438 poni
3205 1383 3306 1439 pro
3334 1373 3401 1423 et.
3438 1369 3598 1434 Quod
3630 1376 3685 1424 et

2052 1455 2175 1509 aliis
2197 1454 2529 1527 quibusdam
2582 1456 2719 1517 locis
2757 1456 3050 1531 contingit,
3108 1459 3414 1529 przesertim
3449 1459 3504 1513 in
3529 1475 3684 1513 sum-

2052 1548 2239 1603 mariis
2256 1549 2525 1619 capitum.
3228 1536 3235 1545 ’

2625 1642 2833 1700 CAPUT
2878 1645 3101 1701 XXXIX.

2118 1741 2193 1794 De
2233 1741 2417 1794 sancto
2447 1739 2730 1795 Batderico
2778 1740 2988 1795 abbate.
3024 1739 3099 1794 De
3130 1740 3239 1796 hoc
3283 1740 3526 1796 Joannes
3553 1740 3680 1797 Mo-

2051 1831 2211 1887 Ianus
2236 1832 2291 1886 in
2342 1831 2723 1887 additionibus
2764 1832 2831 1887 ad
2891 1833 3220 1902 Usuardum,
3253 1833 3345 1888 die
3388 1834 3456 1889 16
3511 1834 3683 1889 Octo-

2057 1922 2173 1978 bris
2205 1941 2217 1976 :
2260 1923 2361 1976 «In
2391 1929 2580 1978 monte
2608 1922 2879 1986 Falconis,
2929 1923 3236 1978 beatissimi
3268 1924 3501 1979 Baldrici
3534 1940 3683 1980 con-

321 1998 457 2053 teris
486 1997 586 2053 fuit
616 1997 888 2054 celebrior
920 2014 934 2062 ;
968 2003 1248 2068 Ροδῑτθηῖο
1299 1978 1566 2063 Romanii,
1598 1995 1724 2061 949,
1760 1994 1815 2049 in
1846 2010 1955 2065 qua
1986 2008 2034 2076 Β
2057 2008 2302 2075 fessoris,
2350 2011 2508 2080 cujus
2545 2010 2656 2065 vita
2707 2010 2921 2066 crebris
2979 2011 3259 2066 miraculis
3289 2012 3618 2067 declaratur.
3659 2035 3686 2062 ο

319 2087 583 2163 Agapitus
638 2106 779 2161 papa
835 2090 881 2143 Il
938 2088 1350 2143 damnationem
1417 2085 1663 2160 Ilugonis
1703 2084 1953 2156 episcopi

319 2178 470 2248 apud
500 2178 895 2253 Engelenheim
925 2177 1127 2234 factam
1153 2176 1519 2234 coulirmavit.

400 2269 620 2325 (laeteris
643 2286 853 2342 quoque
904 2271 1095 2326 diebus
1126 2271 1330 2340 synodi
1383 2272 1620 2324 tractata
1656 2272 1779 2322 sunt
1810 2283 1958 2337 quae-

321 2363 452 2418 dam
471 2367 777 2420 necessaria
805 2365 871 2420 de
899 2367 1118 2420 incestis
1150 2366 1441 2435 conjugiis,
1470 2370 1576 2419 etc.
1612 2363 1736 2417 Haec
1762 2362 1954 2418 videre

319 2456 486 2510 estin
517 2457 653 2511 actis
685 2464 738 2512 et
767 2456 1075 2513 canonibus
1103 2457 1297 2512 decem
1330 2457 1496 2526 hujus
1522 2455 1769 2522 concilii,
1802 2469 1948 2525 quae,

322 2546 472 2601 edita
499 2547 567 2601 ab
607 2548 840 2605 Henrico
891 2548 1128 2616 Canisio,
1180 2548 1395 2617 adjecta
1453 2554 1582 2602 sunt
1651 2546 1720 2600 ad
1781 2543 1948 2599 ﬁnem

323 2630 494 2710 partis
532 2657 568 2695 ιι
610 2648 743 2698 tom.
789 2641 861 2697 III
919 2641 1125 2697 Concil.
1188 2656 1288 2712 per
1328 2639 1657 2694 Severinum
1707 2636 1945 2690 Binium.

326 2727 495 2785 Deest
522 2735 706 2786 tamen
736 2729 949 2784 ibidem
976 2744 1156 2785 canon
1184 2729 1254 2782 de
1296 2728 1522 2782 incestis
1546 2725 1842 2798 conjugiis.

898 2819 1110 2875 CAPUT
1154 2819 1375 2873 XXXVI.

402 2918 531 2971 Fero
554 2907 984 2980 quadringentos
1050 2908 1286 2961 homines
1351 2907 1745 2973 interfecerint.
1810 2902 1887 2957 Ita
1918 2902 1954 2956 C

326 3013 383 3067 in
412 2992 617 3064 Gallico
648 3014 704 3061 et
731 3003 946 3071 Latino,
979 3007 1032 3056 et
1083 3001 1137 3057 J.
1170 3001 1369 3055 Verum
1428 2999 1515 3054 MS
1572 3000 1959 3070 quadraginta

331 3095 614 3171 quomodo
641 3093 778 3170 legit
805 3096 995 3147 auctor
1053 3089 1109 3143 in
1166 3088 1436 3144 Chronico
1503 3088 1571 3143 ad
1613 3104 1820 3143 annum
1850 3087 1958 3142 918

332 3203 442 3258 quo
468 3185 587 3239 haec
615 3190 770 3256 gesta
797 3186 945 3236 sunt.

2059 2106 2133 2160 De
2166 2106 2362 2160 eodem
2418 2105 2693 2161 Arnoldus
2763 2106 2927 2161 Wion
2990 2106 3089 2160 lib.
3159 2124 3216 2160 ιιι
3249 2106 3404 2180 Ligni
3466 2106 3603 2161 Vitae
3635 2107 3691 2160 in

2056 2195 2446 2269 Martyrologio
2474 2212 2574 2252 suo
2627 2197 2952 2264 monastico,
3010 2197 3078 2251 ad
3137 2198 3395 2252 eumdem
3427 2197 3601 2264 diem,
3636 2207 3694 2252 et

2056 2285 2302 2341 Joannes
2325 2284 2658 2341 Trithemius
2710 2286 2784 2339 De
2825 2285 2959 2340 viris
3019 2286 3330 2342 illustribus
3385 2287 3602 2342 ordinis
3632 2286 3688 2341 S.

2057 2375 2363 2442 Benedicti,
2391 2376 2489 2431 lib.
2534 2393 2615 2443 ιιι,
2647 2392 2697 2431 c.
2734 2376 2857 2431 152.

2677 2465 2901 2521 CAPUT
2928 2466 3058 2521 XLI.

2122 2558 2199 2611 De
2228 2556 2364 2610 villa
2398 2556 2684 2612 Waslicia.
2750 2555 2840 2610 Sic
2898 2555 2961 2614 Β.
2995 2556 3043 2611 Μ
3100 2564 3155 2611 et
3196 2556 3247 2625 J,
3316 2572 3438 2629 quae
3468 2556 3691 2613 videtur

2053 2663 2183 2703 vera
2213 2644 2396 2711 lectio,
2432 2663 2531 2717 pro
2582 2663 2693 2719 quo
2753 2648 2787 2702 S
2826 2650 3076 2704 Vassicia
3116 2667 3130 2715 ;
3175 2648 3444 2718 Cautem,
3478 2650 3692 2707 Wasti-

2053 2737 2158 2790 cia.
2223 2735 2285 2788 In
2339 2735 2545 2790 Gallico
2600 2743 2785 2790 autem
2852 2736 2956 2791 hoc
3014 2736 3136 2791 loco
3179 2744 3477 2809 utrumque
3519 2738 3691 2807 poni-

2056 2830 2165 2890 tur,
2197 2825 2484 2880 Wulstisce
2521 2839 2593 2879 ou
2640 2825 2903 2892 Valliche,
2964 2824 3063 2880 sed
3095 2824 3237 2879 infra
3267 2842 3490 2898 semper
3524 2829 3689 2883 Wal-

2059 2920 2208 2972 stice.
2294 2940 2301 2947 -

2132 3012 2205 3063 De
2234 3009 2356 3063 sede
2419 3009 2624 3064 scilicet
2683 3010 2835 3065 urbis
2904 3010 3253 3065 Virdunensis
3285 3010 3343 3067 S.
3383 3011 3618 3067 Vitonus
3644 3017 3692 3067 et

2061 3102 2120 3157 S.
2152 3102 2442 3169 Agericus.
2469 3103 2707 3176 Uterque
2748 3103 2850 3159 fuit
2887 3104 3184 3175 episcopus
3216 3104 3366 3159 illius
3396 3106 3568 3171 sedis,
3597 3106 3691 3160 ille

2063 3203 2309 3263 octavus,
2334 3196 2426 3251 hic
2450 3197 2701 3252 decimus
2740 3198 2795 3252 in
2830 3198 3034 3252 tabulis
3070 3198 3444 3255 Democharis.
3480 3199 3555 3255 De
3580 3199 3694 3253 illis

403 3276 722 3344 Winefrcdo
754 3273 1069 3329 Morincnsi-
1106 3270 1183 3325 Ita
1214 3270 1335 3364 M3,,
1373 3270 1477 3325 ιιοο
1517 3268 1660 3334 loco.
1693 3268 1791 3324 sed
1821 3266 1961 3364 ῑηῖττξ
1985 3340 2028 3364 η
2065 3288 2212 3343 enim
2244 3288 2324 3343 sic
2355 3289 2557 3343 habet:
2602 3310 2631 3340 α
2657 3290 2691 3347 8
2721 3290 2777 3344 s.
2812 3290 3073 3356 Videnus,
3106 3306 3205 3344 seu
3235 3290 3485 3356 Vitonus,
3528 3291 3694 3364 eligi-

328 3340 681 3440 Huicfrettus.
714 3367 751 3423 C
808 3367 864 3421 in
897 3364 1099 3420 Gallico
1156 3363 1452 3435 utrobique
1492 3363 1824 3430 Winefredc,
1858 3377 1937 3415 set

2661 3340 2688 3347 τ
2722 3340 2776 3344 ην
2828 3340 3073 3356 --η--ην
3108 3340 3205 3344 -ρ-
3253 3340 3485 3356 --------.
3534 3340 3663 3364 νηη-

2126 3379 2283 3435 ι502
2350 3380 2403 3434 in
2464 3381 2700 3437 concilio
2763 3382 3145 3437 Aurelianensi
3204 3383 3405 3454 primo,
3439 3389 3695 3454 tempore

327 3463 383 3516 in
419 3459 613 3515 Latino
660 3457 966 3526 Wifredus,
987 3455 1131 3510 sicut
1154 3462 1211 3509 et
1241 3452 1286 3508 .1Δ
1323 3453 1382 3507 Ιιι
1415 3452 1686 3508 Chronico
1718 3452 1961 3507 auctoris

327 3553 529 3625 duplex
561 3567 781 3625 quoque
823 3550 988 3607 lectio
1016 3559 1118 3617 est,
1158 3548 1488 3604 Vincfredus
1542 3557 1597 3604 et
1622 3548 1955 3603 Wiel’redus.

326 3650 387 3704 In
438 3647 707 3705 Chronico
753 3663 857 3702 ms.
914 3646 1176 3702 Moriensi
1236 3644 1571 3715 Wycfridus,
1625 3644 1956 3715 appellatur.

333 3742 552 3816 Integra
579 3739 748 3795 dictio
771 3739 990 3794 videtur
1020 3754 1143 3792 esse
1200 3736 1571 3803 Wincfredus,
1629 3753 1694 3792 ex
1723 3753 1832 3808 qua
1860 3752 1961 3806 per

328 3836 763 3894 contractionem
794 3833 996 3890 factum
1059 3842 1142 3888 est
1168 3831 1502 3888 Vincfredus
1533 3838 1587 3886 et
1615 3830 1956 3887 Wicfredus.

329 3928 443 3995 Quo
466 3926 774 3999 posteriore
801 3927 1029 3981 nomine
1057 3924 1277 3981 vivebat
1296 3924 1493 3979 eodem
1519 3933 1767 3995 tempore
1797 3922 1958 3979 Colo-

327 4020 537 4075 niensis
574 4018 1047 4090 archiepiscopus,
1085 4017 1178 4089 qui
1211 4025 1267 4072 et
1303 4015 1604 4072 Wicfridus
1636 4015 1960 4071 nominatur

328 4110 469 4166 infra
497 4126 617 4181 cap.
652 4109 741 4177 42,
771 4109 863 4164 ubi
893 4108 943 4162 M
975 4107 1112 4183 legit
1158 4108 1536 4176 Hincfridum,
1577 4108 1727 4179 quod
1759 4107 1793 4163 S
1826 4123 1954 4162 mu-

328 4204 463 4259 tavit
484 4203 541 4258 in
571 4202 950 4269 Huicfridum.

897 4289 1107 4346 CAPUT
1139 4289 1389 4344 XXXVII.

396 4384 678 4438 Insistente
697 4382 972 4451 pracipue
1010 4379 1294 4445 Luitdulfo
1323 4378 1601 4448 capellano
1627 4380 1768 4444 regis
1799 4379 1957 4435 Otho-

326 4481 434 4534 nis.
476 4476 598 4531 Iiaec
628 4492 756 4531 vera
788 4483 844 4530 et
875 4474 1092 4547 integra
1147 4472 1314 4529 lectio
1372 4472 1620 4528 omnium
1672 4473 1953 4544 exempla-

329 4563 495 4629 rium,
527 4563 627 4618 sed
694 4562 837 4617 infra
902 4562 1135 4619 variant.
1205 4561 1339 4616 Nam
1409 4560 1466 4629 C,
1499 4562 1798 4630 Lindulfus
1832 4579 1846 4627 ;
1880 4563 1950 4629 Μ,

2065 3472 2319 3528 Clodovei
2354 3494 2365 3537 ;
2404 3473 2541 3528 108.
2575 3474 3077 3549 Agericuseligitur
3105 3475 3211 3529 554
3262 3495 3291 3525 υ
3325 3473 3695 3531 Videndusde

2064 3564 2155 3619 his
2196 3565 2501 3621 Ricliardus
2527 3566 2596 3621 de
2614 3566 2990 3643 Wassebourg
3027 3567 3452 3623 archidiaconus
3479 3565 3693 3623 Virdu-

2061 3655 2251 3709 nensis
2292 3654 2391 3710 lib.
2424 3673 2461 3709 ιι
2528 3655 2931 3728 Antiquitatum
3000 3656 3186 3712 Gallia)
3245 3656 3496 3730 Belgicae,
3538 3656 3695 3727 quod

2060 3759 2201 3813 opus
2255 3743 2459 3800 Gallice
2504 3745 2860 3816 conscripsit,
2916 3762 3025 3817 qua
3081 3745 3270 3820 lingua
3332 3743 3696 3801 nominantur

2061 3835 2254 3890 Saint-
2268 3837 2467 3901 Venne,
2499 3843 2553 3890 et
2570 3836 2641 3891 Sa
2651 3836 2937 3904 int-Agry.

2130 3928 2202 3981 Et
2227 3930 2446 3980 sanctus
2500 3926 2771 3981 Roduicus
2810 3925 2877 3980 de
2933 3925 3182 3982 Wassoio
3216 3921 3273 3991 C,
3312 3922 3583 3979 Rodincus
3630 3923 3698 3977 de

2065 4020 2305 4075 Vassoio.

2130 4110 2234 4163 Pro
2259 4108 2396 4162 uilla
2408 4108 2827 4173 Gerlanimonte,
2859 4122 3022 4178 super
3050 4106 3324 4163 Mosellam
3353 4103 3681 4174 conjacente.

2059 4200 2149 4254 Sic
2190 4199 2250 4264 Β,
2282 4198 2318 4253 C
2341 4209 2396 4255 et
2421 4198 2444 4253 J
2473 4216 2488 4265 ;
2519 4198 2617 4253 sed
2670 4198 2760 4253 MS
2813 4200 3022 4257 Gelani.
3065 4197 3344 4270 quomodo
3373 4202 3427 4251 et
3446 4211 3568 4267 cap.
3593 4211 3685 4250 se-

2057 4289 2273 4362 quenti,
2308 4298 2444 4356 tum,
2486 4290 2541 4344 in
2574 4289 2734 4345 titulo
2762 4296 2875 4344 tum
2906 4289 2964 4343 in
2997 4296 3167 4356 textu,
3199 4287 3401 4362 legitur
3428 4285 3593 4341 etiam
3627 4285 3683 4339 in

2059 4380 2095 4438 C
2128 4382 2260 4437 :sed
2288 4382 2336 4436 M
2365 4382 2442 4437 ibi
2474 4383 2703 4449 Gelani;
2740 4381 2775 4436 C
2806 4388 2860 4437 et
2889 4381 2924 4436 S
2956 4381 3186 4438 Gellani.

2123 4472 2218 4527 Ad
2246 4487 2411 4542 quam
2438 4473 2629 4526 villam
2658 4472 2788 4526 dum
2826 4471 3104 4526 sanciendi
3159 4470 3267 4525 sibi
3310 4483 3474 4524 causa
3524 4466 3614 4523 Sic
3645 4466 3681 4521 C

2059 4572 2115 4620 et
2144 4564 2265 4631 J,at
2286 4563 2374 4617 MS
2439 4564 2703 4631 faciendi.
2770 4563 2975 4618 Gallice
3036 4563 3292 4629 vertitur,
3331 4576 3500 4616 causa
3526 4562 3678 4616 acci-

326 4657 621 4724 Ludul/‘us.
655 4656 715 4710 In
745 4654 1016 4711 Chronico
1073 4655 1372 4723 Luidul/‘us
1397 4662 1452 4709 et
1497 4656 1830 4723 Landulfus.
1863 4656 1952 4711 Est
1972 4671 2028 4737 Β
2055 4658 2250 4725 pien-ti
2272 4658 2688 4725 possessionem,
2730 4654 2879 4726 quod
2922 4654 3122 4709 Gallice
3147 4654 3404 4720 dicimus,
3431 4654 3598 4707 saisir
3628 4658 3683 4706 et

328 4757 510 4804 autem
540 4764 722 4804 sermo
751 4748 818 4803 de
848 4748 1061 4803 Othone
1094 4749 1113 4802 Ι
1145 4747 1265 4817 ejus
1321 4747 1567 4803 nominis
1600 4748 1954 4819 imperatore,

330 4842 424 4915 qui
446 4848 501 4896 et
532 4841 653 4897 Otto
676 4840 905 4916 Magnus
949 4840 1131 4896 dictus
1159 4847 1264 4907 est,
1296 4846 1525 4912 propter
1552 4840 1804 4896 celebres
1835 4840 1956 4896 bel-

329 4933 511 4988 lorum
539 4933 662 5001 ejus
683 4933 959 4996 victorias,
993 4940 1052 4987 ut
1080 4932 1157 4987 ait
1202 4931 1485 5002 Lupoldus
1541 4931 1956 5006 Bebenbergius

325 5025 422 5080 lib.
457 5026 532 5079 De
564 5024 683 5079 zelo
729 5030 975 5079 veterum
1008 5023 1322 5094 principum
1375 5022 1701 5090 Germaniae,
1733 5039 1859 5094 cap.
1893 5023 1949 5080 2.

330 5113 366 5168 C
406 5113 549 5168 infra
614 5114 814 5170 Odonis
879 5111 1031 5186 legit.
1104 5111 1236 5166 Nam
1299 5112 1575 5167 interdum
1636 5114 1952 5183 promiscuo

328 5225 430 5280 pro
489 5209 687 5265 eodem
749 5216 1088 5280 usurpantur
1145 5208 1324 5277 Ottho,
1358 5208 1514 5278 Otho,
1547 5209 1681 5276 Odo,
1723 5212 1864 5278 Ado,
1898 5216 1955 5265 et

337 5298 474 5353 Udo.

396 5388 627 5443 Nomine
680 5388 976 5443 Adelonus.
1023 5387 1159 5442 ltaC
1190 5393 1244 5442 et
1271 5387 1318 5450 J,
1351 5387 1451 5442 sed
1478 5387 1583 5455 MS,
1640 5387 1952 5443 Adelonius.

331 5474 389 5527 In
431 5473 701 5529 Chronico
766 5476 1077 5539 Adelomus,
1142 5475 1344 5530 Gallice
1411 5476 1642 5532 vertitur
1708 5477 1951 5531 Adeloin.

330 5566 459 5619 Acta
486 5564 682 5635 synodi
716 5566 1237 5639 lnghelheimensis,
1287 5566 1355 5622 de
1387 5584 1493 5639 qua
1511 5585 1678 5638 supra
1709 5585 1757 5624 c.
1782 5568 1871 5636 35,
1902 5575 1956 5622 et

330 5655 690 5717 Trevirensis,
725 5658 791 5710 (lc
819 5675 925 5727 qua
956 5659 1061 5714 hoc
1091 5678 1211 5731 cap.
1256 5667 1309 5714 et
1363 5660 1721 5730 pracedenti,
1754 5676 1955 5732 appro-

331 5744 482 5801 bavit
511 5746 775 5818 Agapitus
807 5763 948 5816 papa
978 5750 1043 5814 lI,
1075 5751 1264 5804 habito
1318 5750 1502 5807 Romae
1530 5752 1766 5807 concilio
1796 5753 1863 5806 ad
1895 5752 1949 5810 S.

330 5832 569 5901 Petrum,
605 5833 939 5889 confirmans
987 5839 1401 5894 damnationem
1431 5842 1677 5915 [Iugonis
1704 5842 1953 5912 epiSCOpi

327 5929 383 5975 et
440 5922 1069 5985 excommunicationem
1135 5928 1382 6000 [lagonis
1446 5931 1718 6000 principis
1774 5932 1955 5989 donec

2058 4751 2279 4815 saisine,
2312 4747 2364 4801 id
2409 4754 2493 4802 est
2524 4748 2826 4818 possessio.
2879 4747 3035 4812 Quod
3084 4755 3232 4802 recte
3260 4745 3450 4801 Latine
3477 4744 3676 4800 dixerit

2057 4847 2289 4911 sancire,
2324 4843 2478 4897 idest
2519 4842 2870 4910 conﬁrmare,
2904 4844 3032 4915 quia
3087 4840 3366 4915 possessio
3396 4837 3685 4897 conﬁrmat

2056 4953 2172 4991 rem
2197 4934 2544 5007 acquisitam.

2670 5022 2877 5079 CAPUT
2904 5022 3079 5079 XLIV.

2127 5117 2450 5173 Sanctarum
2489 5114 2645 5169 Βουω
2693 5130 2756 5169 ac
2786 5115 2969 5170 Dodaa.
3026 5113 3149 5188 Agit
3205 5113 3274 5169 de
3304 5113 3393 5168 his
3437 5113 3681 5169 Joannes

2056 5205 2302 5260 Molanus
2330 5206 2386 5259 in
2426 5205 2810 5262 additionibus
2831 5207 2902 5262 ad
2932 5204 3238 5261 Usuardum
3265 5206 3357 5260 die
3380 5204 3449 5260 2i
3479 5204 3681 5276 Aprilis

2055 5297 2145 5353 his
2171 5298 2402 5354 verbis:
2446 5319 2476 5350 (ε
2515 5299 2703 5354 Remis
2755 5299 3023 5366 civitate,‘
3068 5307 3381 5355 sanctorum
3442 5298 3603 5352 Bona:
3630 5306 3685 5352 et

2056 5390 2241 5445 Deda).
2269 5410 2297 5441 η
2321 5390 2395 5445 Ex
2425 5407 2555 5463 quo,
2589 5399 2649 5447 ut
2706 5399 2957 5463 apparet,
3018 5391 3287 5447 Baronius
3343 5389 3682 5460 transeripsit

2056 5482 2113 5537 in
2153 5482 2459 5539 Romanum
2518 5484 2965 5559 Martyrologium
2998 5484 3068 5539 ad
3121 5484 3378 5539 eumdem
3402 5484 3572 5537 diem.
3605 5481 3678 5535 De

2059 5574 2253 5629 iisdem
2287 5575 2480 5630 Petrus
2538 5575 2869 5644 Galesinius,
2940 5576 3088 5630 Felix
3137 5583 3191 5630 et
3228 5574 3502 5630 Arnoldus
3523 5573 3681 5629 Wion

2058 5668 2113 5722 in
2144 5669 2259 5723 suis
2287 5668 2709 5743 Martyr010giis,
2741 5684 2936 5724 omnes
2963 5668 3020 5723 in
3047 5683 3113 5724 eo
3162 5668 3501 5742 corrigendi,
3535 5665 3679 5739 quod

2058 5756 2243 5828 legant
2262 5759 2413 5811 Bona
2451 5772 2549 5828 pro
2577 5760 2738 5812 Bova.
2773 5757 2902 5811 Nam
2937 5757 3080 5812 hanc
3111 5773 3232 5811 esse
3259 5773 3444 5811 veram
3490 5755 3683 5811 lectio-

2058 5858 2184 5898 nem
2217 5845 2403 5900 omnia
2431 5852 2617 5899 nostra
2668 5845 2907 5915 probant
2970 5845 3329 5916 exemplaria,
3378 5852 3490 5900 tam
3521 5859 3682 5915 supra

2056 5950 2179 6004 cap.
2212 5937 2281 5991 38
2312 5952 2475 6007 quam
2519 5936 2626 5992 hoc
2672 5953 2795 6007 cap.
2862 5938 2952 5993 Sic
2980 5944 3036 5993 et
3064 5937 3324 6007 superius
3351 5954 3402 5994 c.
3449 5935 3521 5991 20
3548 5935 3684 6009 legi-
