3874 6404
207 422 309 480 397

1635 424 1698 478 IN
1740 422 1991 478 LIBRUM
2036 423 2127 477 III.

3448 418 3551 473 398

206 576 327 613 mus
377 559 656 614 Bovonem
717 557 1227 614 Catalaunicensem
1285 560 1632 631 episcOpum,
1685 560 1834 631 quod
1862 558 2140 629 Alocum,
2187 558 2404 625 fredum
2456 556 2666 630 legunt.
2730 554 2995 608 Similiter
3045 568 3266 624 semper
3321 569 3553 607 numero

207 665 317 705 non
350 657 497 705 recte
522 651 557 704 S
589 650 822 705 mutavit
874 650 929 704 in
968 652 1254 718 Bavonem,
1302 658 1355 705 et
1386 651 1420 705 C
1453 652 1507 704 in
1548 654 1834 706 Bononem.

206 738 355 792 Adde
402 738 552 808 quod
600 738 720 791 haec
750 737 945 792 eadem
987 748 1176 794 sancta
1226 740 1323 793 lib.
1359 757 1415 806 ιι,
1476 756 1523 807 c.
1570 739 1656 806 10,
1692 739 1839 793 Boba

207 829 526 884 nominatur
581 829 638 883 in
678 829 942 884 omnibus
979 830 1403 900 exemplaribus.
1453 830 1604 885 Solet
1654 837 1836 884 autem

209 917 238 971 b
269 917 323 970 in
348 934 380 971 υ
420 917 642 981 mutari,
675 928 772 972 aut
807 924 1017 985 contra,
1068 927 1129 973 ut
1169 918 1420 986 Bibiana,
1464 919 1712 985 Viviana,
1745 918 1837 973 Jo-

207 1007 341 1077 bita,
372 1009 571 1065 Jovita.

673 1101 858 1158 CAPP.
894 1102 1044 1157 XLVI
1079 1110 1134 1158 et
1173 1103 1369 1159 XLVII.

275 1195 351 1247 De
390 1192 587 1247 domno
632 1192 903 1249 Gunthero
932 1199 982 1249 et
1011 1197 1186 1265 ipsius
1237 1210 1408 1248 umore
1434 1197 1615 1249 Berta.
1681 1194 1838 1249 Varie

207 1282 469 1337 scribitur
516 1282 622 1338 hoc
648 1298 852 1338 nomen
888 1284 942 1338 in
988 1285 1420 1356 exemplaribus,
1453 1286 1550 1340 sed
1586 1286 1701 1340 haec
1731 1285 1840 1339 fre-

209 1372 471 1445 quentior
499 1378 602 1439 est,
634 1373 721 1428 vel
753 1390 852 1445 per
889 1390 918 1430 ο
959 1377 1298 1432 Gontbertus.
1331 1378 1547 1448 Integra
1587 1393 1839 1448 pronun-

210 1470 365 1528 tiatio
398 1475 482 1523 est
512 1469 905 1537 Gondebertus,
937 1471 1216 1542 quomodo
1249 1472 1450 1546 legitur
1481 1489 1647 1542 supra
1676 1472 1774 1526 lib.
1799 1490 1834 1535 ι,

210 1580 334 1635 cap.
360 1564 416 1630 4,
458 1563 513 1617 in
547 1561 681 1629 ﬁne,
711 1563 797 1618 vcl
830 1566 1200 1621 Gundebertus
1232 1575 1290 1620 ut
1318 1565 1415 1621 lib.
1450 1583 1507 1632 ιι,
1540 1582 1588 1621 c.
1619 1548 1710 1621 ’10,
1746 1566 1840 1620 Hic

209 1671 343 1711 vero
385 1654 500 1710 fere
544 1655 872 1710 Guntbertus
919 1658 1004 1712 vel
1039 1657 1384 1721 Gontbertus,
1417 1657 1515 1712 sed
1565 1657 1651 1711 MS
1682 1657 1737 1710 in
1779 1657 1845 1711 ti-

1940 651 2136 722 plurali
2168 650 2366 722 legitur
2410 651 2572 717 freda
2600 648 2655 702 in
2686 648 2853 701 variis
2883 646 3276 716 diplomatibus
3307 662 3431 716 qua:
3460 662 3556 700 ex-

1940 746 2087 794 stant
2119 740 2171 793 in
2203 739 2471 795 Chronico
2501 736 2885 792 Cameracensi
2928 736 3023 790 lib.
3060 753 3098 800 1,
3130 751 3179 789 c.
3229 735 3318 799 37,
3348 735 3437 800 62,
3491 735 3558 789 76

1941 843 1995 890 et
2024 835 2146 899 107,
2182 840 2235 888 et
2272 833 2325 887 in
2360 833 2556 887 litteris
2588 831 2928 887 fundationis
2958 831 3233 901 prioratus
3258 830 3311 883 S.
3345 828 3559 883 Martini

1940 941 1970 979 a
2015 924 2231 995 Campis
2257 923 2405 994 apud
2449 922 2704 988 Parisios,
2743 920 2887 974 datis
2937 935 3083 973 anno
3127 917 3282 973 1060.
3317 917 3386 972 ab
3420 919 3562 973 Hen-

1940 1018 2055 1072 rico
2087 1018 2105 1070 I
2139 1017 2467 1071 Francorum
2516 1031 2666 1088 rege,
2709 1017 2769 1067 in
2797 1014 2988 1079 fredis.
3041 1012 3264 1066 Exstant
3294 1012 3349 1065 in
3380 1011 3564 1066 Marti-

1939 1109 2140 1163 nianis.
2200 1108 2259 1163 In
2311 1108 2549 1178 epitome
2617 1114 2800 1160 tamen
2870 1103 3324 1159 constitutionum
3386 1101 3561 1156 Caroli

1939 1199 2280 1273 Magnifreta
2313 1212 2412 1267 pro
2442 1197 2605 1263 {reda
2653 1194 2873 1266 legitur,
2929 1194 2983 1247 in
3016 1208 3082 1247 eo
3130 1192 3372 1263 capitulo
3413 1192 3562 1262 quod

1940 1294 1995 1347 in
2030 1293 2185 1347 libris
2213 1291 2585 1361 Capitulorum
2616 1305 2647 1342 a
2690 1288 2902 1343 Pithmo
2933 1286 3098 1341 editis
3128 1293 3211 1339 est
3251 1285 3565 1341 tricesimus

1940 1384 2067 1438 libri
2098 1402 2175 1450 ιιι,
2217 1383 2312 1437 ubi
2344 1383 2547 1438 dicitur
2583 1403 2602 1432 ι
2639 1390 2865 1451 excepta
2891 1380 3025 1434 freta
3055 1394 3176 1450 quae
3206 1378 3261 1431 in
3295 1378 3414 1452 lege
3461 1378 3563 1432 Sa-

1940 1473 2047 1527 lica
2090 1472 2404 1542 conscripta
2431 1478 2531 1526 est.
2579 1491 2603 1521 »
2653 1471 2729 1524 Ad
2761 1486 2923 1540 quem
2972 1469 3151 1523 locum
3184 1467 3337 1521 Vitus
3367 1470 3563 1521 Amer-

1946 1564 2204 1635 pacllius:
2236 1586 2263 1614 α
2298 1564 2455 1617 Freta
2483 1571 2586 1630 est,
2615 1578 2778 1633 quam
2801 1560 3007 1631 alioqui
3033 1560 3251 1628 fretlam
3278 1568 3331 1612 et
3348 1559 3567 1626 fredum

1946 1664 2143 1712 vocant
2175 1657 2264 1711 illa
2296 1656 2515 1720 saicula,
2554 1676 2573 1705 ι
2613 1664 2700 1708 etc
2753 1654 2861 1708 Sed
2890 1669 3013 1706 cum
3050 1650 3332 1722 exemplar
3361 1667 3423 1704 ex
3457 1665 3566 1721 quo

211 1748 327 1802 tulo
361 1763 484 1818 cap.
527 1748 620 1810 47,
683 1748 1022 1816 Gombertus,
1069 1764 1179 1820 quo
1233 1750 1458 1804 nomine
1498 1756 1673 1804 exstat
1709 1748 1845 1804 Vitaa
1948 1748 2234 1819 impressa}
2286 1756 2414 1802 sunt
2442 1747 2554 1801 ista:
2606 1744 3031 1801 constitutiones
3067 1744 3226 1798 valde
3284 1742 3450 1798 fuerit
3476 1743 3566 1797 in-

213 1834 393 1906 ipsius
421 1835 656 1892 historia
706 1836 763 1890 in
789 1837 926 1891 Vitis
955 1838 1278 1894 Sanctorum
1316 1837 1519 1893 Gallice
1551 1838 1715 1893 editis
1752 1855 1849 1909 per
1876 1881 1923 1909 η
1948 1848 2278 1905 correctum,
2308 1840 2396 1893 vix
2427 1838 2655 1893 dubium
2695 1838 2830 1909 quin
2872 1838 2943 1891 sit
2978 1851 3130 1892 error
3167 1836 3395 1889 librarii.
3427 1834 3565 1899 Quid

210 1927 558 1984 Parisienses
589 1931 680 1985 die
704 1930 774 1985 29
812 1931 1034 2001 Aprilis,
1065 1930 1161 1986 ubi
1194 1938 1447 1986 narratur
1483 1931 1651 1986 fuisse
1683 1931 1851 1985 frater
1877 1927 1926 1948 υ
1951 1943 2130 1989 autem
2161 1934 2231 1987 sit
2261 1932 2474 1987 fredum
2510 1932 2598 1986 hic
2627 1930 2920 1998 indicatur,
2953 1939 3145 2001 estque
3163 1929 3331 1984 dictio
3362 1929 3569 1983 Teuto-

211 2017 435 2072 Nivardi
470 2019 767 2074 Remensis
795 2020 1065 2091 episc0pi,
1099 2022 1248 2093 quod
1287 2022 1400 2093 jam
1435 2022 1580 2077 dicto
1628 2037 1748 2093 cap.
1782 2021 1850 2078 iO
1951 2024 2088 2077 uicae
2114 2023 2343 2094 originis
2371 2038 2561 2092 pacem
2616 2019 2957 2093 significans,
2991 2035 3153 2090 quam
3212 2017 3463 2071 Germani
3490 2017 3571 2069 di-

217 2115 455 2165 testatur
482 2111 648 2166 etiam
680 2111 1042 2167 Flodoardus.
1092 2113 1241 2166 Idem
1275 2120 1455 2167 autem
1484 2113 1703 2168 videtur
1729 2130 1850 2168 esse
1950 2120 2102 2180 cunt,
2133 2113 2259 2180 fred
2287 2119 2340 2166 et
2391 2112 2540 2179 frid,
2570 2118 2625 2165 et
2676 2125 2778 2164 nos
2808 2108 3083 2164 Teutones
3133 2109 3308 2161 crede.
3371 2106 3569 2160 Fredas

210 2199 280 2256 de
312 2217 426 2273 quo
480 2202 730 2258 Molanus
788 2204 843 2258 in
883 2203 1263 2258 additionibus
1319 2204 1387 2257 ad
1431 2204 1739 2259 Usuardum
1782 2204 1850 2258 23
1952 2204 2154 2277 legitur
2184 2212 2296 2259 tum
2337 2204 2490 2264 alibi.
2544 2209 2658 2257 tum
2720 2201 2776 2254 in
2824 2200 3117 2275 privilegio
3180 2198 3351 2253 Caroli
3400 2198 3566 2265 Calvi,

211 2292 587 2348 Novembris:
633 2313 658 2344 ι
702 2293 762 2348 In
796 2294 1071 2349 territorio
1113 2296 1393 2363 Remensi,
1426 2297 1597 2351 sancti
1630 2296 1850 2351 Goberti
1950 2296 2098 2366 quod
2129 2300 2305 2350 exstat
2330 2293 2384 2347 in
2414 2292 2793 2364 Promptuario
2826 2292 3155 2355 Tricassino,
3187 2290 3279 2346 fol.
3312 2290 3399 2344 84.

210 2384 575 2440 confessoris.
602 2406 629 2437 ι)
669 2385 777 2441 Sed
809 2386 992 2441 obstat
1022 2388 1168 2459 quod
1200 2388 1252 2442 S.
1284 2388 1619 2443 Gontbertus
1650 2396 1853 2460 martyr

209 2476 441 2542 obierit,
495 2477 643 2533 sicut
695 2486 749 2533 et
794 2478 850 2532 S.
898 2480 1076 2534 Berta.
1132 2480 1208 2533 De
1256 2495 1366 2550 qua
1420 2478 1743 2554 Sigebertus
1794 2480 1848 2533 in

209 2563 415 2619 Chron.
447 2580 595 2620 anno
626 2564 753 2621 661.
787 2585 817 2617 (ι
852 2565 1051 2621 Bertha
1080 2573 1287 2637 martyr
1320 2575 1372 2621 et
1404 2567 1685 2622 abbatissa
1712 2584 1849 2647 san.-

209 2656 403 2711 ctitate
466 2656 634 2712 claret
666 2658 720 2711 in
772 2657 962 2712 Gallia.
1008 2682 1035 2705 »ι
1081 2659 1262 2713 Exstat
1317 2659 1436 2728 ejus
1468 2660 1584 2713 Vita
1631 2660 1687 2713 in
1719 2659 1852 2714 Vitis

209 2748 307 2804 SS.
369 2748 576 2806 Gallice
634 2751 800 2806 editis
847 2768 878 2805 a
927 2752 1265 2817 doctoribus,
1313 2752 1484 2821 Paris,
1517 2754 1586 2808 ad
1628 2755 1774 2809 diem
1818 2755 1843 2808 1

209 2840 361 2895 Maii.

794 2914 1007 2969 CAPUT
1047 2915 1274 2970 XLVIII.

284 3029 363 3082 De
394 3026 614 3082 duabus
641 3027 875 3082 ecclesiis
917 3031 1096 3082 sancti
1130 3028 1338 3083 Hilarii
1366 3030 1561 3084 Remis.
1609 3028 1733 3083 Hazc
1768 3036 1851 3084 est

214 3114 534 3170 communis
591 3123 649 3170 et
692 3115 1040 3187 frequentior
1083 3115 1287 3182 lectio;
1338 3117 1433 3170 sed
1483 3117 1530 3170 Μ
1578 3118 1683 3171 hoc
1731 3117 1853 3172 Ioco

213 3205 446 3270 Hillari,
480 3209 535 3258 et
580 3202 637 3257 in
672 3204 855 3259 indice
910 3204 1276 3274 capitulorum
1308 3206 1511 3259 Hilari.
1569 3205 1853 3270 Quomodo

217 3293 496 3349 Baronius
562 3294 870 3350 Romanum
930 3294 1250 3367 pontificem
1312 3295 1367 3350 S.
1418 3296 1620 3351 Leonis
1672 3296 1851 3370 Magni

2592 2384 2799 2441 CAPUT
2839 2386 2922 2439 LI.

2023 2484 2190 2537 Beata
2234 2483 2420 2535 Macra
2466 2480 2621 2546 virgo
2676 2479 2777 2532 sub
2808 2479 3117 2533 Rictiovaro
3163 2477 3433 2545 prcefecto.
3482 2474 3573 2528 Sic

1952 2574 2154 2648 legitur
2197 2572 2253 2625 in
2285 2571 2321 2625 C
2360 2570 2466 2626 etJ
2512 2571 2617 2624 hoc
2645 2569 2768 2624 loco
2823 2576 2879 2623 et
2919 2568 2974 2622 in
3024 2568 3134 2633 MS,
3167 2583 3288 2637 cap.
3323 2584 3466 2637 seq.,
3516 2573 3575 2619 ut

1952 2667 2024 2721 sit
2062 2682 2171 2720 una
2197 2664 2385 2718 dictio.
2421 2663 2485 2716 At
2523 2662 2609 2716 MS
2638 2663 2743 2716 hoc
2767 2661 2889 2716 loco
2918 2663 3096 2717 Rictio
3133 2662 3279 2714 Varo
3308 2658 3576 2728 separatis

1953 2754 2312 2817 dictionibus,
2346 2752 2497 2823 quod
2524 2750 2700 2822 magis
2724 2751 2921 2821 probat
2951 2749 3219 2804 Baronius
3249 2749 3305 2802 in
3330 2747 3477 2802 notis
3506 2746 3575 2800 ad

1952 2846 2110 2901 Ro'm.
2145 2842 2589 2915 Martyrologium
2618 2840 2651 2896 6
2680 2840 2948 2895 Januarii.
2982 2840 3099 2905 Quo
3120 2837 3210 2893 die
3239 2838 3351 2910 agit
3375 2837 3443 2891 de
3474 2837 3577 2889 hac

1949 2935 2167 3009 virgine
2212 2934 2374 2987 etiam
2418 2931 2719 2986 Usnardus.
2764 2930 2930 2984 Porro
2965 2929 3306 2984 Iiictiovarus
3337 2926 3578 2981 smvissi-

1951 3042 2074 3079 mus
2104 3024 2206 3079 fuit
2238 3023 2533 3077 Galliarum
2556 3020 2854 3093 praefectus
2879 3036 2978 3074 seu
3012 3035 3218 3090 praeses
3243 3018 3345 3072 sub
3370 3016 3580 3071 Diocle-

1954 3118 2104 3173 tiano
2134 3125 2187 3170 et
2216 3114 2565 3179 Maximiano,
2601 3112 2702 3167 sub
2734 3128 2938 3166 annum
2970 3110 3189 3164 Domini
3218 3108 3343 3164 300.
3378 3107 3579 3177 Marty-

1954 3223 2041 3261 res
2063 3205 2167 3260 sub
2197 3220 2263 3258 eo
2283 3218 2479 3273 passos
2509 3200 2824 3270 complures
2856 3206 3108 3253 recenset
3139 3198 3335 3252 Baron.
3360 3202 3494 3249 tom.
3530 3195 3576 3248 II

1953 3293 2149 3362 Annal,
2175 3307 2322 3347 anno
2344 3289 2473 3357 303,
2493 3288 2588 3343 ubi
2609 3287 2981 3343 miserandum
3009 3286 3129 3355 ejus
3154 3300 3378 3357 quoque
3407 3283 3599 3338 refert-

213 3397 629 3451 successorem,
662 3383 903 3439 Hilarum
949 3392 1130 3452 vocat,
1172 3386 1270 3457 qui
1301 3384 1649 3456 frequentius
1703 3386 1852 3440 Hila-
1879 3396 1928 3463 ρ
1951 3385 2255 3442 interitum.

215 3474 334 3530 rius
366 3474 711 3531 nominatur.

287 3568 450 3635 Quod
473 3572 760 3623 vacaretur
780 3569 1155 3625 Merolilanus.
1191 3569 1247 3624 S.
1280 3568 1634 3624 Merolilanus
1662 3569 1855 3625 Scotus

220 3674 373 3716 nunc
423 3659 653 3715 Rhcmis
682 3659 740 3714 in
791 3660 1028 3716 ecclesia
1057 3660 1111 3716 S.
1165 3660 1552 3732 Symplioriani
1594 3661 1851 3733 quiescit.

832 3771 1042 3827 CAPUT
1073 3771 1253 3827 XLIX.

295 3868 442 3937 Ejus
462 3866 725 3922 labuntur
747 3866 904 3922 humo
925 3868 1198 3923 intranea.
1238 3866 1295 3921 Id
1323 3874 1407 3922 est
1435 3867 1716 3931 intestina,
1747 3882 1856 3937 quo

219 3959 393 4015 modo
447 3958 584 4033 legit
634 3958 723 4012 MS
773 3958 999 4025 Gallice,
1058 3960 1357 4026 entrailles,
1401 3959 1476 4025 C;
1534 3960 1706 4021 humi.
1758 3958 1857 4012 sed

215 4047 399 4104 altera
427 4050 589 4104 lectio
618 4049 824 4117 verior,
871 4057 932 4105 ut
968 4049 1178 4104 dictum
1207 4050 1282 4103 sit
1310 4049 1490 4117 humo,
1530 4064 1631 4120 pro
1664 4049 1719 4103 in
1752 4049 1858 4103 hu-

219 4159 335 4199 mo.
366 4142 497 4198 IIzec
529 4151 710 4200 autem
738 4159 905 4216 paena
946 4143 1210 4199 adulterae
1245 4143 1542 4201 constituta
1572 4151 1656 4199 est
1684 4161 1716 4198 a
1745 4143 1857 4199 Deo

216 4234 387 4290 Num.
420 4248 483 4287 v.

895 4301 1103 4360 CAPUT
1132 4304 1190 4358 L.

293 4395 755 4465 Compositionem.
806 4397 935 4463 ﬁsco
992 4394 1250 4462 debitam,
1291 4408 1457 4463 quam
1511 4394 1600 4448 illi
1642 4394 1861 4461 fredum

218 4492 440 4555 vocant,
473 4503 508 4541 a
553 4502 608 4541 se
655 4487 829 4554 fuisse
877 4488 987 4541 reis
1026 4487 1315 4543 indultum.
1372 4486 1604 4541 Restitui
1642 4487 1862 4555 fredum

218 4595 321 4651 pro
350 4582 586 4648 fretum,
629 4579 732 4634 etsi
763 4579 872 4635 hoc
910 4579 1074 4634 etiam
1106 4579 1273 4634 modo
1318 4580 1531 4654 legatur
1558 4578 1613 4633 in
1652 4592 1853 4633 excuso
1876 4569 1932 4639 D

220 4670 495 4746 Gregorio
526 4668 855 4737 Turonensi,
889 4670 1050 4741 cujus
1085 4669 1354 4745 allegatur
1379 4671 1554 4734 locus,
1587 4670 1685 4725 sed
1718 4670 1853 4726 etin

220 4762 417 4818 multis
447 4760 572 4816 aliis
602 4761 989 4834 corrigendus,
1019 4769 1081 4817 ut
1109 4762 1340 4834 patebit,
1389 4762 1434 4817 si
1466 4761 1591 4834 quis
1622 4777 1686 4817 ea
1733 4777 1856 4834 qum

221 4850 314 4907 hic
352 4849 530 4907 refert
579 4850 944 4919 Flodoardus,
993 4851 1242 4908 conferat
1269 4868 1393 4907 cum
1454 4853 1574 4908 loco
1606 4852 1854 4921 ejusdem

223 4941 504 5018 Gregorii.
553 4942 709 4997 Certe
750 4942 998 4998 Pithoeus
1037 4942 1094 4996 in
1144 4941 1420 4998 Glossario
1462 4941 1856 5012 Capitulorum,

221 5033 400 5090 verbo
458 5034 659 5102 Freda,
711 5033 1026 5090 ctJacobus
1064 5033 1138 5088 du
1192 5032 1353 5089 Breul
1396 5033 1453 5088 in
1503 5032 1747 5087 adnotat.
1790 5031 1858 5085 ad

221 5136 345 5193 cap.
413 5121 478 5178 I7
509 5121 609 5177 lib.
642 5137 673 5176 v
719 5121 980 5190 Aimoini,
1023 5122 1261 5178 citantes
1307 5127 1565 5178 eumdem
1612 5120 1859 5194 Gregorii

2588 3450 2798 3507 CAPUT
2833 3450 2941 3505 LII.

2023 3552 2098 3605 De
2141 3548 2345 3603 sanctis
2397 3547 2588 3615 Ruﬁno
2618 3549 2668 3598 et
2728 3544 2946 3598 Valerio
2983 3543 3339 3611 martyribus.
3385 3541 3459 3596 De
3491 3540 3581 3595 bis

1957 3636 2263 3702 Baronius,
2309 3632 2589 3689 Usuardus
2646 3638 2703 3687 et
2758 3632 2849 3686 alii
2904 3631 2958 3685 in
3010 3629 3438 3703 Martyrologiis,
3490 3628 3580 3683 die

1958 3728 2024 3782 14
2048 3724 2220 3781 Junii.

2567 3791 2774 3848 CAPUT
2828 3791 2943 3845 LIII

2029 3887 2218 3942 Subito
2240 3888 2527 3940 cernuatus
2557 3882 2766 3937 cecidit.
2792 3880 2918 3935 llaec
2944 3888 3026 3933 est
3052 3892 3180 3932 vera
3205 3876 3393 3942 lectio,
3416 3891 3581 3947 quam

1957 3975 2166 4031 habent
2209 3975 2244 4031 (Σ
2277 3983 2332 4030 et
2357 3974 2408 4029 .I.
2453 3973 2564 4027 Sed
2605 3971 2753 4047 quia.
2784 3985 2895 4024 non
2930 3967 3231 4035 intellecta,
3286 3966 3493 4021 idcirco
3526 3966 3583 4020 in

1958 4070 2079 4125 aliis
2110 4069 2517 4140 exemplaribus
2543 4074 2627 4122 est
2657 4072 2886 4121 mutata.
2918 4065 3095 4120 Unum
3127 4062 3274 4116 enim
3304 4059 3441 4131 legit
3467 4075 3586 4113 cer-

1957 4161 2148 4214 nutiis.
2186 4159 2243 4212 In
2274 4157 2320 4210 M
2343 4157 2637 4229 legebatur
2667 4155 3066 4219 consternatiis,
3100 4157 3154 4205 at
3182 4147 3391 4203 recenti
3417 4160 3585 4200 manu

1961 4259 2268 4308 correctum
2297 4253 2698 4313 consternatus,
2727 4246 3006 4319 quomodo
3033 4242 3252 4314 scripsit
3283 4240 3338 4294 S.
3369 4238 3462 4292 Est
3488 4252 3587 4291 au-

1960 4350 2071 4398 tem
2128 4356 2375 4406 cernuus,
2408 4340 2463 4393 id
2505 4348 2607 4406 est,
2640 4338 2697 4391 in
2737 4344 2945 4408 partem
2994 4332 3322 4388 anteriorem
3355 4327 3586 4383 inclina-

1965 4446 2094 4502 tus,
2148 4435 2236 4489 vel
2288 4434 2343 4488 in
2398 4439 2564 4503 caput
2620 4446 2806 4484 ruens.
2853 4428 2999 4482 .Ilinc
3052 4425 3121 4479 ad
3177 4423 3311 4477 illud
3374 4419 3585 4495 Virgilii

1962 4526 2178 4582 Aineid.
2212 4543 2245 4579 Χ
2274 4542 2287 4579 :

2112 4636 2381 4698 Erectoquc
2398 4631 2647 4682 incumbit
2664 4644 2877 4681 cernuus
2905 4642 3042 4678 arvo.

1956 4743 2044 4798 Ait
2073 4742 2296 4797 Servius
2328 4758 2339 4794 :
2389 4761 2409 4789 α
2456 4739 2704 4794 Cernuus
2742 4754 2917 4810 equus
2944 4737 3169 4803 dicitur,
3212 4734 3305 4807 qui
3350 4732 3500 4788 cadit
3531 4730 3587 4785 in

1960 4831 2181 4897 faciem,
2214 4829 2371 4902 quasi
2395 4829 2451 4882 in
2475 4845 2596 4883 eam
2629 4835 2839 4899 partem
2876 4842 3037 4898 quam
3061 4824 3354 4880 cernimus.
3391 4842 3421 4873 ι)
3453 4822 3591 4875 Hinc

1960 4935 2015 4983 et
2042 4926 2178 4982 illud
2208 4926 2264 4980 in
2298 4925 2502 4996 hymno
2528 4921 2785 4979 Ecclesiae
2821 4941 2834 4978 :

2114 5043 2331 5092 Tantum
2354 5056 2467 5105 ergo
2500 5047 2867 5090 sacramentum

2117 5125 2430 5179 Veneremur
2455 5124 2642 5175 cernui.
