3874 6438
181 372 294 431 405

186 494 394 566 librum
425 494 719 566 antiquum
750 491 946 566 lingua
974 491 1242 566 Saxonica
1271 489 1821 566 conscriptuquuze
1849 497 1897 563 Α

187 565 399 620 ibidem
417 561 647 620 vocatur
673 561 960 636 Tendi'sca,
984 569 1036 616 et
1059 562 1263 636 legitur
1303 561 1622 636 adverbium
1659 563 1824 636 Theo-

186 639 321 692 tisce
377 638 511 709 Item
541 636 870 709 Theudiscaa
916 632 1466 709 linguae—exemplum
1500 640 1675 686 exstat
1725 633 1819 687 lib.

185 725 250 763 ιη
280 709 419 762 Hist.
450 707 722 763 Nithardi.

264 781 530 844 Titulare,
565 777 891 844 inscribere,
935 775 1228 849 insignire.

257 851 287 883 “
321 851 690 906 Turriculum.
725 849 860 905 Vide
890 846 1075 904 schol?
1099 847 1168 902 ad
1199 864 1248 904 c.
1283 847 1351 902 18
1383 846 1419 901 l.
1451 864 1485 902 ι.

261 1016 511 1087 Unguem,
541 1010 1110 1087 unguentum,_lib.i,
1139 1025 1187 1065 c.
1219 1010 1308 1080 11,
1339 1027 1406 1066 ex
1434 1009 1725 1066 IIincmaro
1759 1009 1813 1063 in

186 1084 308 1138 Vita
339 1087 396 1159 8.
428 1082 896 1159 Remigi'i:_Ut_itur
917 1082 1159 1138 Persius.

263 1157 564 1224 Utilltmus,
588 1155 935 1212 utilissimus.
987 1225 1028 1280 ν

263 1299 536 1366 Vadatus,
573 1298 669 1353 lib.
701 1313 776 1363 1v,
814 1313 860 1350 c.
896 1297 985 1360 12,
1019 1313 1050 1352 a
1086 1297 1253 1351 verbo
1290 1296 1482 1358 vador,
1514 1298 1622 1361 ari,
1661 1309 1816 1350 eom-

179 1385 382 1435 mune,
416 1371 471 1425 id
504 1377 587 1424 cst
614 1367 919 1436 ﬁdejubere
951 1384 1049 1440 pro
1081 1367 1209 1422 alio.
1253 1367 1386 1422 Vide
1419 1367 1658 1422 indicem
1689 1383 1809 1422 voc.

175 1441 336 1496 obsc.
371 1443 441 1495 ad
459 1441 662 1496 Chron.
694 1440 844 1495 Cam.

259 1513 496 1579 Vadius,
524 1511 563 1566 l.
591 1529 672 1576 Ill,
705 1529 754 1566 c.
785 1511 855 1564 28
886 1528 899 1564 :
959 1529 984 1561 (‹
1015 1511 1127 1565 Hoc
1156 1509 1235 1564 illi
1264 1509 1560 1564 emendare
1590 1526 1690 1580 per
1713 1525 1810 1564 va-

178 1583 334 1638 dium
366 1583 548 1638 faciat.
575 1600 613 1653 ί»
644 1583 872 1637 Videtur
900 1580 1387 1653 significareidern
1421 1582 1568 1652 quod
1598 1597 1694 1635 ras
1715 1597 1813 1635 va-

175 1656 287 1720 dis,
331 1655 389 1709 id
421 1671 504 1720 es,
559 1652 871 1723 tidejussor.
922 1651 980 1708 Et
1029 1660 1170 1706 teste
1205 1651 1410 1706 Iacobo
1440 1651 1718 1722 Spiegelio
1753 1668 1809 1706 in

179 1725 381 1782 Lexico
405 1725 548 1794 juris
587 1725 824 1796 primum
867 1725 1072 1778 dictum
1115 1729 1198 1777 est
1242 1725 1420 1796 uadis,
1466 1724 1670 1796 deinde
1714 1739 1812 1796 per

177 1813 467 1868 syncopen
497 1794 613 1851 vos.
647 1795 1032 1868 Vadimonium
1061 1795 1291 1868 sponsio
1321 1801 1406 1849 est
1436 1795 1618 1868 standi
1649 1794 1713 1868 in
1721 1795 1808 1868 ju-

175 1845 502 1924 diciofAlii
547 1867 797 1922 scribunt
836 1884 933 1937 per
972 1845 1202 1937 duplex
1233 1882 1303 1928 w,
1341 1865 1574 1930 wadius,
1618 1873 1676 1920 ut
1707 1845 1801 1919 lib.

173 1956 209 1993 ιι
243 1939 445 2010 Capit.,
495 1954 615 2010 cap.
649 1939 754 1994 38:
811 1936 1062 2010 «iAbhis
1114 1936 1209 2008 qui
1249 1937 1498 2010 decimas
1523 1953 1633 1992 non
1677 1938 1809 1990 dant

169 2009 389 2064 wadiOs
439 2009 734 2080 accipiant.
767 2029 797 2058 ι)
852 2009 912 2062 Et
940 2009 1032 2063 lib.
1066 2026 1146 2071 Ill,
1179 2025 1302 2078 cap.
1330 2009 1421 2072 29,
1465 2009 1547 2080 tit.
1579 2015 1702 2080 est:
1735 2011 1809 2062 De

168 2082 341 2136 libero
373 2079 590 2136 homine
615 2083 713 2151 qui
739 2095 796 2135 se
823 2083 932 2136 loco
972 2082 1144 2135 wadii
1172 2080 1433 2135 tradidit.
1465 2079 1525 2134 In
1565 2079 1806 2149 epitome

1065 369 1150 423 AD
1191 365 1549 422 HISTORIAM
1592 365 1920 422 REMENSIS
1961 366 2296 422 ECCLESIAS
2333 367 2686 424 APPENDIX.

3439 373 3546 430 406

1926 489 2218 564 constitut.
2266 489 2440 545 Caroli
2491 489 2670 564 Magni
2693 490 2780 564 _de
2823 489 2945 564 lege
3002 490 3342 564 Ripuarense
3393 509 3440 548 c.
3471 495 3543 549 3:

1928 584 1958 613 «ι
1984 563 2152 616 llomo
2176 563 2452 633 ingenuus
2479 560 2824 632 qui'multam
2853 560 3160 633 quamlibet
3193 564 3406 618 solvere
3435 582 3544 620 non

1927 635 2183 704 potuerit,
2233 632 2287 687 et
2316 632 2675 700 tideju-ssores
2726 649 2837 686 non
2870 632 3143 699 habuerit,
3200 634 3329 688 licet
3358 635 3410 689 ei
3456 653 3546 691 se-

1924 705 2220 774 metipsum
2268 705 2324 758 in
2373 705 2612 758 wadium
2651 709 2706 757 et
2769 704 2856 758 cui
2906 704 3125 760 debitor
3173 712 3257 759 est
3305 707 3544 772 mittere,

1922 792 2097 847 usque
2150 776 2278 829 dum
2337 777 2560 847 multam
2601 791 2764 846 quam
2821 775 3012 829 debuit
3051 777 3345 846 persolvet.
3395 801 3420 824 ι»
3466 781 3542 834 Ad

1961 845 2081 900 uem
2113 847 2292 902 locum
2326 853 2477 902 notat
2497 845 2648 900 Vitus
2679 845 3113 916 Amerpachius:
3149 869 3177 898 ‹ι
3205 847 3269 902 In
3297 849 3544 904 wadium

1956 934 2069 990 are,
2112 919 2348 990 hociest
2393 918 2610 990 pignori
2664 917 2841 990 dare,
2865 916 3272 990 autgaddicere.
3320 941 3347 968 ιι
3406 921 3542 976 Vide

1918 935 2069 982 dare,
2115 935 2218 972 noc
2265 935 2348 973 es:
2393 935 2610 1042 gignori
2664 935 2841 984 (lafo
2865 935 2957 972 aut
2995 935 3272 973 addicere.
3320 941 3347 968 ιι
3413 935 3542 976 Viae

1918 989 2056 1062 But).
2105 1005 2132 1042 s
2165 1032 2202 1062 ,ί
2231 989 2268 1044 l.
2317 1008 2354 1044 ιι
2445 1005 2530 1062 eg.
2571 989 2895 1062 Longobard
2973 988 3283 1062 Pluragloca
3336 991 3543 1060 profert

1916 1061 2162 1118 Pithoeus
2193 1061 2248 1114 in
2297 1062 2446 1116 Glos.
2480 1059 2647 1114 verbo
2698 1060 2905 1125 Wadti,
2945 1066 2998 1113 et
3040 1060 3270 1114 verbum
3300 1064 3544 1118 wadt'are

1915 1131 2177 1202 frequens
2209 1139 2292 1186 est
2317 1133 2372 1186 in
2396 1131 2613 1204 legibus
2647 1129 3150 1204 Longoliardorum.

1993 1201 2224 1266 Vusulli,
2273 1211 2364 1257 aut
2392 1201 2638 1268 ra‘ssatli,
2671 1201 2922 1258 clientes.
2955 1201 3090 1255 Vide
3121 1201 3268 1256 idem
3297 1203 3539 1260 Glossar.

1917 1274 1972 1328 in
2001 1275 2243 1328 dictione
2284 1276 2449 1328 Vassi.

1993 1347 2089 1400 Vel
2119 1362 2268 1414 saepe
2299 1346 2521 1416 ponitur
2558 1359 2656 1415 pro
2685 1343 3088 1416 et,ipraasertim
3122 1343 3176 1398 in
3224 1347 3540 1402 summariis

1915 1417 2080 1486 capit.
2115 1415 2402 1481 Quomoilo
2449 1417 2614 1471 etiam
2643 1415 2804 1470 vertit
2851 1416 3122 1485 interpres
3163 1416 3422 1483 Gallicus,
3481 1427 3539 1474 ut

1913 1487 2007 1540 lib.
2043 1505 2112 1554 iv,
2147 1504 2194 1541 c.
2233 1490 2317 1553 19,
2347 1490 2416 1544 36
2446 1495 2499 1542 et
2526 1487 2594 1540 38

1990 1561 2339 1624 Vicaricatio,
2372 1560 2540 1614 vices.
2577 1557 2712 1612 Vide
2744 1556 2955 1611 scholia
2979 1556 3045 1611 ad
3077 1573 3123 1612 c.
3161 1560 3210 1613 1.
3236 1558 3272 1612 l.
3305 1576 3378 1616 IV.

1989 1632 2387 1698 Vicedominus,
2421 1631 2496 1684 lib
2561 1646 2596 1696 ι,
2641 1646 2764 1700 cap.
2799 1629 2885 1683 17.
2919 1629 3050 1683 Vide
3079 1630 3306 1685 scholia.
3361 1631 3536 1688 Utitur

1913 1709 1965 1757 et
1993 1703 2116 1756 aliis
2148 1703 2308 1757 locis.

1989 1775 2134 1846 Yi'lta
2167 1787 2434 1846 propago
2466 1771 2806 1846 autcivitate
2837 1787 2984 1842 saepe
3025 1771 3310 1846 accipitur,
3353 1775 3536 1844 phrasi

1834 1825 1884 1892 Β
1913 1825 2136 1910 Gallica,
2167 1825 2310 1898 ἱπῖιῖ
2341 1825 2491 1910 νιῗνοέ
2523 1844 2590 1897 14
2615 1860 2628 1896 :
2654 1825 2687 1892 γε
2740 1825 3080 1913 Sparnacum
3122 1825 3310 1898 villain

1910 1916 1966 1970 id
1997 1923 2081 1969 est
2120 1915 2418 1970 civitatem.
2464 1935 2488 1963 ι
2532 1913 2736 1970 Gallice
2765 1916 2908 1969 ville.
2943 1915 3076 1968 Nam
3109 1915 3245 1970 alias
3275 1917 3533 1972 eumdem

1911 1988 2090 2043 locum
2119 1987 2387 2057 Oppidum
2415 1993 2590 2051 vocat.

1987 2080 2237 2146 νέηαι-εδ,
2268 2078 2578 2134 masculino
2606 2093 2832 2154 genere,
2857 2077 2932 2132 lib
2987 2095 3046 2145 ιι,
3075 2094 3121 2134 c.
3151 2079 3186 2134 2
3213 2085 3266 2134 et
3291 2081 3344 2134 5.
3379 2081 3528 2136 villa.

795 2492 938 2640 ΑΙ]
1046 2489 1627 2642 HISTORIAM
1746 2491 2264 2642 BEMENS‘S
2395 2490 2928 2642 ECCLESl/ll

1419 2782 2310 2909 APPENDIX

645 3155 1097 3239 STATUTA
1214 3153 1787 3238 SYNODALIA
1903 3152 2414 3236 ECCLESl/E
2528 3151 3058 3236 REMENSIS.

237 3515 366 3571 Haec
393 3521 598 3571 statuta
625 3520 854 3585 accepta
882 3529 951 3570 ex
981 3513 1169 3582 Majori
1199 3511 1532 3568 Monasterio
1563 3511 1786 3578 (Gallice
1835 3512 2236 3585 Marmpustier)
2267 3527 2300 3585 a
2338 3518 2527 3566 sancto
2565 3510 2798 3585 Martino
2818 3509 3091 3585 aaditicato
3124 3513 3179 3568 in
3216 3514 3521 3582 subnrbiis,

162 3587 406 3643 civitatis
445 3583 804 3648 Turonensis,
838 3603 961 3641 cum
998 3585 1176 3640 serius
1205 3585 1272 3638 ad
1306 3601 1502 3638 manus
1551 3591 1766 3638 nostras
1795 3583 2195 3652 pervenissent,
2239 3583 2415 3637 visum
2447 3590 2531 3636 est
2560 3583 2887 3654 appendicis
2917 3584 3040 3639 loco
3089 3585 3352 3654 adjicere.
3387 3587 3516 3640 Etsi.

162 3661 316 3737 enim
348 3659 463 3712 sint
487 3659 544 3737 in
569 3658 658 3712 his
685 3657 935 3737 quaedam
957 3673 1090 3737 qua:
1115 3672 1225 3711 non
1249 3655 1780 3737 videnturredolere
1807 3653 2210 3737 antiquitatem,
2243 3664 2302 3708 ut
2327 3654 2474 3737 quod
2495 3653 3211 3737 titulumopastori_s.tribuat
3239 3658 3518 3737 parochis,

163 3731 260 3802 qui
292 3737 459 3802 aetate
485 3726 748 3802 Sonuacii
776 3738 833 3802 et
860 3726 1038 3802 multo
1063 3737 1186 3797 post
1216 3727 1524 3802 presbyteri
1552 3733 1765 3780 tantum
1795 3733 1887 3780 aut
1917 3726 2233 3802 sacerdotes
2263 3728 2443 3802 solent
2472 3726 2772 3802 appellari;
2807 3727 2956 3796 quod
2982 3727 3115 3802 item
3141 3726 3346 3802 festum
3371 3729 3520 3802 Nati-

162 3796 357 3856 vitatis
405 3801 582 3854 beatae
616 3799 794 3853 Mariae
822 3800 966 3854 inter
1014 3796 1155 3852 festa
1181 3796 1516 3854 celebranda
1541 3804 1794 3868 reponat,
1823 3797 1968 3868 quod
1998 3797 2054 3869 in
2089 3797 2174 3851 his
2203 3797 2593 3869 partibusinon
2618 3796 2840 3869 videtur
2863 3802 2971 3850 tam
3005 3797 3289 3869 antiquum
3323 3797 3514 3864 fuisse,

159 3872 623 3944 quandoquidem
650 3870 937 3944 Fulbertus
965 3869 1349 3944 Cgrnotensis,
1369 3869 1464 3944 qui
1494 3867 1627 3944 vixit
1655 3884 1800 3923 anno
1831 3868 2078 3944 1017,7id
2107 3869 2343 3944 primum
2372 3868 2427 3944 in
2451 3868 2624 3944 Gallia
2653 3867 2964 3944 celebrasse
2991 3867 3226 3935 dicatur,
3244 3871 3291 3925 si
3323 3873 3518 3926 Demo-

161 3938 318 3999 chari
352 3938 653 3998 credimus.
687 3941 886 3997 Verum
914 3941 1073 4012 facile
1105 3941 1282 4012 potuit
1321 3938 1439 3996 fieri
1469 3948 1530 3996 ut
1559 3941 1680 3996 loco
1703 3941 2012 4010 presbyteri
2049 3957 2080 3994 a
2106 3938 2412 4012 recentiori
2429 3939 2614 4010 aliquo
2647 3939 2891 4012 positum
2911 3938 2983 3994 sit
3023 3956 3222 3995 nomen
3249 3945 3513 4011 pastoris.

161 4023 219 4070 et
262 4015 473 4070 festum
507 4013 644 4085 illud
674 4013 743 4067 ab
776 4009 1134 4085 aliquogforte
1163 4011 1458 4080 adjectum.
1487 4011 2160 4085 Scribit_tamen_sanctus
2200 4009 2626 4085 llildcphonsus,
2650 4009 2753 4082 qui
2793 4009 2988 4085 eadem
3027 4018 3185 4085 aetate
3228 4009 3514 4085 vixitcum

159 4085 448 4159 Sonnacio
477 4085 532 4139 in
571 4084 712 4140 libro
745 4086 818 4159 De
849 4082 1165 4159 virginitate
1203 4093 1260 4138 et
1289 4083 1658 4159 parturitione
1691 4083 1748 4136 Β.
1801 4083 2004 4159 Mariae,
2052 4083 2396 4159 nativitatem
2414 4083 2550 4159 .ejus
2596 4098 2662 4159 ex
2691 4082 3017 4159 auctoritate
3053 4083 3518 4159 totiusEcclcsize

157 4155 439 4213 celebrari
469 4163 525 4210 et
567 4156 840 4211 venerari.
874 4153 1011 4210 Su'nt
1039 4154 1127 4210 his
1177 4153 1394 4210 statutis
1418 4153 1643 4226 similia;
1670 4169 1793 4226 qua
1824 4153 2016 4226 scribit
2061 4155 2220 4210 .lesse
2271 4153 2658 4226 Ambianensis
2699 4153 3000 4226 episc0pus
3053 4155 3106 4208 in
3159 4155 3396 4226 epistola
3449 4155 3518 4208 ad

157 4229 495 4356 gacerdottés
523 4243 657 4353 55133.
681 4227 962 4292 dimcesis,
995 4235 1052 4282 et
1099 4225 1423 4282 constitutio
1454 4224 1649 4282 Riculﬁ
1691 4224 2050 4280 Suessionum
2101 4224 2373 4296 episcopi,
2399 4241 2522 4297 quae
2553 4242 2678 4282 cum
2723 4225 2996 4280 Hincmari
3037 4224 3318 4298 Opusculis
3346 4225 3525 4280 edidit;

190 4315 416 4356 oanncs
475 4315 540 4354 or
579 4314 745 4353 esnus.

190 4315 416 4356 oanncs
438 4314 745 4356 υοῐαρειιιε.

232 4372 369 4437 Quae
402 4377 723 4442 sequuntur
742 4369 973 4442 editioni
1007 4385 1122 4426 suae
1151 4369 1355 4439 adjecit
1387 4367 1449 4424 Β.
1499 4369 1556 4427 Ρ.
1587 4368 1828 4424 Iacobus
1857 4366 2208 4436 Sirmundus,
2263 4383 2386 4441 quae
2415 4385 2520 4424 nec
2562 4369 2618 4424 in
2651 4375 2838 4428 nostra
2867 4371 3062 4426 deesse
3092 4370 3391 4438 voluimus,
3422 4369 3520 4425 sed

158 4444 364 4500 ordine
397 4441 666 4514 temporis
699 4441 990 4514 disposita.

227 4609 360 4668 CAP.
402 4611 442 4666 Ι.
468 4610 598 4666 Sine
627 4609 758 4677 fide,
791 4616 931 4666 teste
961 4610 1224 4682 Apostolo
1256 4611 1440 4682 (Hebr.
1473 4611 1546 4682 v1)
1576 4610 1787 4683 impos-
1812 4609 2117 4682 Cexpleat,
2149 4607 2318 4662 verba
2347 4615 2553 4664 attente
2585 4607 2846 4681 proferat,
2879 4617 2932 4664 et
2961 4581 3188 4679 debite,
3213 4611 3284 4666 dc
3315 4621 3516 4683 paren-

157 4703 322 4758 sibile
351 4709 442 4757 est
468 4701 580 4758 Deo
611 4701 852 4774 placere,
882 4703 1122 4776 ideoque
1153 4704 1480 4759 mandamus
1508 4705 1790 4774 omnibus,
1893 4697 2042 4752 tibus
2073 4696 2350 4752 informet.

156 4798 216 4847 ut
243 4797 447 4847 exacte
477 4791 784 4848 doctrinam
824 4790 954 4848 fidei
975 4793 1129 4861 juxta
1167 4793 1396 4848 verbum
1433 4793 1550 4862 Dei,
1583 4802 1636 4850 et
1663 4811 1792 4850 san-
1965 4789 2087 4845 Car.
2113 4789 2174 4844 V.
2201 4787 2650 4846 Conﬁrmationis
2676 4797 3084 4846 sacramentum
3116 4791 3280 4848 habet
3308 4793 3516 4848 donum

158 4894 258 4942 ctze
287 4885 560 4941 Ecclesia;
590 4886 851 4942 Romanae
881 4887 1234 4943 traditionem
1270 4894 1517 4955 teneant,
1550 4905 1792 4960 sequan-

158 4982 380 5048 turque.
421 4975 486 5030 Et
515 4975 834 5047 quicunque
861 4981 1113 5047 pastores
1141 4983 1287 5041 sunt,
1321 4993 1444 5048 quae
1485 4978 1553 5032 ad
1583 4978 1793 5033 instru-

159 5064 368 5118 endum
421 5063 715 5134 papulum,
761 5071 816 5119 et
860 5081 1088 5139 gregem
1137 5065 1436 5136 pertinent,
1479 5067 1696 5122 discant
1739 5075 1794 5124 et

161 5153 361 5221 sciant,
389 5161 447 5208 et
485 5168 619 5208 suos
643 5153 713 5208 ad
743 5152 929 5210 officia
952 5155 1211 5211 virtutum
1241 5155 1500 5212 excitent.

230 5242 340 5297 Cn
397 5243 466 5296 Il.
491 5241 774 5298 Fidelibus
800 5243 890 5315 pie
911 5251 1254 5299 sacramenta
1280 5244 1618 5316 ministrent,
1643 5264 1792 5303 scm-

159 5351 374 5408 perque
429 5334 662 5392 afferant
725 5338 875 5410 quod
927 5339 996 5394 ad
1064 5339 1448 5412 explicandam
1502 5343 1789 5400 utilitatem

161 5429 532 5494 Sacramenti,
564 5435 620 5484 et
645 5429 1047 5488 institutionem
1080 5433 1334 5505 pertinet.

229 5518 360 5574 CAP.
388 5518 483 5574 lIl.
519 5517 824 5574 Mercedem
856 5535 968 5576 non
997 5523 1292 5594 accipiant,
1313 5525 1411 5580 sed
1435 5525 1490 5580 in
1513 5526 1626 5582 Deo
1657 5543 1792 5582 con-

161 5607 354 5676 ﬁdant,
403 5610 500 5682 qui
531 5609 624 5665 dat
651 5627 836 5666 escam
867 5614 1034 5684 pullis
1063 5631 1350 5672 corvorum
1407 5619 1790 5675 invocantibus

161 5713 283 5753 eum
316 5700 428 5771 (Ps.
456 5704 662 5769 exui).

231 5786 360 5846 CAP.
397 5787 490 5844 IV.
519 5789 896 5861 Baptizaturus
944 5793 1016 5849 sit
1059 5795 1299 5862 sobrius,
1342 5796 1511 5870 idque
1557 5798 1788 5854 honeste

1892 4878 2206 4934 roborantis
2268 4878 2506 4948 Spiritus
2556 4879 2756 4946 sancti,
2811 4885 2867 4934 et
2926 4879 3236 4934 uberiorem
3286 4881 3514 4956 gratiam

1895 4971 2120 5044 profert,
2147 4971 2385 5042 ideoque
2415 4986 2528 5026 non
2557 4971 2887 5046 negligatur.

1967 5063 2091 5118 CAP.
2125 5063 2209 5117 Vl.
2268 5062 2542 5118 Remissio
2584 5070 2962 5134 peccatorum,
3010 5068 3065 5116 et
3091 5062 3331 5133 expiatio
3368 5062 3517 5118 San-

1891 5157 2047 5234 guini
2101 5157 2318 5214 Domini
2359 5157 2532 5214 nostri
2571 5157 2700 5212 Jesu
2741 5155 2936 5212 Christi
2978 5155 3168 5211 nititur
3213 5159 3515 5232 praecipue,

1890 5253 2033 5326 etjab
2070 5269 2138 5309 eo
2167 5254 2390 5325 pendet.

1965 5345 2088 5401 CAP.
2125 5347 2236 5401 VII.
2282 5347 2442 5403 Curet
2469 5353 2655 5418 pastor
2683 5360 2839 5402 ovem
2879 5361 3057 5414 suam,
3101 5351 3156 5401 et
3185 5362 3294 5403 non
3327 5349 3516 5424 negli-

1892 5445 2026 5512 gat:
2060 5445 2114 5492 et
2151 5437 2404 5513 injungat
2453 5439 2721 5492 interesse
2773 5436 2956 5492 missa:
2997 5438 3268 5496 sacrificio
3319 5441 3517 5497 diebus

1891 5528 2234 5584 solemnibus
2301 5535 2355 5582 et
2413 5529 2734 5596 Dominicis,
2807 5538 3072 5602 agnoscat
3137 5532 3258 5601 ejus
3321 5533 3516 5588 faciem

1891 5621 2048 5673 Prov.
2092 5619 2293 5688 xxvn);
2327 5627 2383 5672 et
2426 5618 2472 5673 si
2519 5619 2604 5672 bis
2657 5618 2799 5673 absit
2831 5620 2886 5673 in
2940 5637 3110 5688 anno,
3163 5623 3518 5694 prohibeatur

1889 5709 2071 5764 eidem
2103 5709 2357 5764 Ecclesiae
2397 5710 2700 5783 ingressus,
2731 5716 2786 5766 et
2828 5719 3014 5768 careat
3043 5713 3298 5787 pastorali
3326 5712 3514 5786 sepul-

1891 5806 2016 5857 tura
2045 5808 2100 5856 et
2129 5801 2534 5860 consolatione.
