3874 6464
311 421 414 478 407

1364 413 1448 466 AD
1490 410 1852 467 HISTORIAM
1894 412 2220 468 REMENSIS
2261 413 2610 470 ECCLESIZE.

3554 423 3658 476 408

387 547 509 602 CAP.
541 547 680 603 Vlll.
714 545 886 600 Nemo
917 549 1164 614 tempore
1193 539 1636 615 Quadragcsimae
1659 541 1940 611 poeniten~
1965 547 2017 616 Α
2041 545 2272 615 petenti,
2293 561 2536 617 eumque
2566 553 2755 616 pastor
2776 547 2832 602 in
2860 547 3081 620 propria
3111 547 3320 620 saepius
3348 548 3572 620 inviset,
3602 560 3659 608 et

315 643 451 697 tium
501 639 882 695 confessiones
921 635 1109 691 audiat
1153 641 1350 704 praeter
1406 639 1702 704 pastorem.
1767 634 1938 704 Hujus

317 730 465 787 enim
497 730 726 784 interest
747 743 906 784 ovem
929 739 1348 800 recognoscere,
1375 739 1474 794 pro
1506 741 1615 796 qua
1639 741 1795 780 suam
1815 725 1940 781 ani-

316 835 462 874 mam
490 819 722 874 temerat
751 815 1000 872 Domino.

391 909 516 966 CAP.
547 909 633 964 IX.
687 908 1100 963 Sacrosanctam
1143 903 1534 960 eucharistiam
1566 907 1825 962 sacerdos
1855 902 1941 963 ce-

317 1005 626 1060 lebraturus
672 1018 730 1056 se
781 1005 1070 1072 praeparet,
1111 1004 1166 1052 et
1204 998 1417 1068 probet,
1457 1005 1514 1054 et
1542 1008 1602 1054 ut
1646 999 1938 1056 minimum

317 1100 403 1154 bis
433 1100 489 1153 in
518 1113 710 1152 mense
739 1096 792 1150 id
832 1095 1013 1150 faciat.

389 1193 514 1248 CAP.
547 1191 628 1247 X.
663 1191 888 1246 Feratur
935 1187 1158 1263 aegrotis
1190 1201 1318 1242 vase
1346 1186 1604 1254 honesto,
1647 1193 1701 1242 et
1733 1187 1942 1242 lumine

317 1285 704 1351 antecedente,
737 1289 792 1338 et
820 1291 1102 1354 praeeunte
1133 1300 1148 1348 ;
1181 1287 1236 1336 et
1263 1281 1583 1352 quicunque
1603 1281 1946 1355 peregrinari

317 1381 531 1446 volunt,
558 1379 698 1434 illud
726 1377 796 1432 ad
826 1377 1086 1432 viaticum
1127 1375 1450 1446 suscipiant.

393 1477 517 1532 CAP.
551 1475 638 1530 XI.
674 1474 737 1529 Et
765 1489 864 1528 cur
894 1473 964 1527 ad
994 1479 1230 1528 mortem
1269 1471 1651 1528 condemnatis
1677 1469 1947 1538 renuitur,

318 1589 448 1628 cum
499 1572 566 1625 iis
598 1569 834 1624 maxime
887 1569 1162 1624 conducat
1211 1569 1279 1622 ad
1327 1583 1484 1638 spem
1525 1575 1581 1623 et
1621 1581 1946 1623 securamen

319 1667 454 1722 certi
483 1667 767 1732 decessus,
810 1670 863 1718 et
883 1663 1175 1736 prtesentis
1205 1662 1416 1734 agonis.

393 1760 517 1816 CAP.
550 1759 665 1814 Xll.
713 1757 814 1823 Qui
863 1757 932 1812 ad
965 1757 1191 1812 ordines
1220 1756 1530 1828 promoveri
1582 1755 1796 1822 volunt,
1847 1755 1947 1809 ha—

319 1853 490 1908 beant
520 1847 855 1907 beneﬁcium
887 1849 956 1904 ad
987 1846 1305 1902 alimoniam
1337 1845 1640 1913 sufﬁciens,
1669 1846 1837 1918 idque
1877 1849 1946 1902 ad

320 1945 786 2001 examinationem
817 1943 1060 1999 virorum
1091 1940 1391 2011 proborum
1423 1948 1480 1995 et
1503 1941 1836 2009 juratorum.

396 2038 520 2092 CAP.
553 2037 693 2093 Xlll.
735 2036 876 2092 Nulli
911 2042 1135 2091 tonsura
1165 2035 1347 2102 detur,
1396 2033 1504 2088 nisi
1533 2034 1758 2102 idoneo,
1793 2043 1848 2090 et
1877 2035 1946 2089 ad

323 2146 509 2187 sacros
554 2130 778 2184 ordines
814 2134 1006 2200 postea
1053 2126 1412 2198 probabiliter
1455 2141 1773 2182 ascensuro.
1807 2127 1946 2192 Quid

325 2242 467 2296 opus
495 2225 644 2280 enim
690 2223 912 2279 mittere
943 2239 1143 2292 panem
1184 2221 1418 2276 filiorum
1465 2221 1697 2276 canibus
1727 2221 1947 2293 (Matth.

325 2317 475 2386 xxv),
508 2323 561 2371 et
587 2314 854 2385 spiritalia
883 2313 1076 2368 mundi
1113 2313 1450 2368 amatoribus
1485 2311 1514 2365 ’ἲ

397 2409 525 2463 CAP.
557 2407 687 2462 XlV.
718 2407 776 2460 In
811 2405 1161 2461 matrimonio
1195 2405 1376 2480 imago
1409 2410 1582 2459 exstat
1612 2404 1948 2460 sacrosancti

324 2498 570 2574 conjugii
596 2498 737 2554 inter
757 2497 1028 2554 Christum
1049 2504 1104 2551 et
1123 2495 1424 2552 Ecclesiam
1449 2495 1596 2550 enati
1613 2497 1828 2566 (Ephes.
1865 2496 1947 2566 v);

277 2619 284 2626 ι
325 2595 566 2666 ideoque
583 2595 865 2649 vinculum
889 2599 974 2648 est
1001 2591 1270 2647 divinitus
1298 2589 1594 2657 firmatum,
1625 2591 1774 2662 quod
1806 2589 1950 2645 mul-

324 2695 440 2746 tum
471 2688 683 2744 confert
710 2689 777 2744 ad
825 2688 1144 2743 felicitatem
1190 2685 1268 2740 rei
1303 2683 1610 2750 familiaris,
1658 2685 1724 2738 ad
1758 2701 1950 2756 pacem

325 2784 467 2839 inter
497 2790 700 2854 partes,
733 2789 787 2837 et
817 2781 887 2836 ad
918 2781 1102 2852 proles
1129 2779 1538 2850 suscipiendas.

398 2873 524 2930 CAP.
583 2873 690 2928 XV.
721 2873 971 2928 Extrema
1002 2871 1194 2926 unctio
1251 2870 1534 2926 deferatur
1577 2870 1844 2926 laboranti
1901 2877 1956 2926 et

2037 639 2129 712 pie
2159 637 2361 707 visitet,
2393 653 2520 692 eum
2571 639 2640 693 ad
2669 638 2905 695 futuram
2936 641 3170 714 gloriam
3224 641 3548 711 animaudo,
3605 651 3660 699 et

2039 729 2222 784 debite
2255 729 2635 799 praeparando.

2113 817 2238 874 CAP.
2272 818 2402 872 XVI.
2435 817 2508 871 De
2541 816 2777 872 clericis.
2809 817 3047 874 Luceant
3073 817 3216 874 sicut
3245 820 3418 876 stellae
3445 828 3502 876 et
3523 837 3658 892 per-

2043 919 2222 984 petuae
2267 913 2544 968 claritates
2593 913 2650 966 in
2697 911 3043 970 firmamento
3076 915 3331 970 Ecclesiae
3377 918 3536 986 (Dan.
3589 917 3660 987 1).

2043 1003 2160 1058 Non
2187 1002 2298 1057 sint
2322 1001 2484 1070 ebrii,
2518 1019 2779 1077 nugaces,
2813 1011 2868 1059 et
2890 1005 3247 1062 saecularibus
3277 1005 3531 1062 immixti.

2115 1090 2244 1146 CAP.
2297 1090 2454 1148 XVII.
2496 1092 2608 1148 Nec
2646 1093 2906 1149 mulieres
2953 1093 3322 1167 alloquantur,
3362 1101 3456 1150 aut
3509 1095 3663 1152 domi

2045 1187 2323 1243 retineant
2357 1206 2371 1253 ;
2401 1188 2588 1243 vivant
2612 1189 2668 1243 in
2697 1190 2998 1256 communi,
3031 1198 3088 1246 et
3116 1191 3266 1247 aedes
3295 1193 3522 1264 pauperi
3554 1208 3664 1264 pa-

2047 1284 2228 1332 tentes
2255 1277 2582 1332 inhabitent.

2121 1366 2240 1424 CAP.
2277 1367 2460 1422 XVIII.
2493 1365 2764 1442 Suﬂragia
2789 1367 3173 1427 defunctorum
3203 1371 3430 1428 omnino
3459 1373 3670 1428 servari

2049 1458 2422 1529 praecipimus,
2455 1469 2511 1514 et
2551 1475 2622 1514 ne
2652 1461 2941 1516 missarum
2979 1461 3276 1530 solemnia,
3313 1469 3511 1534 praeter
3539 1463 3676 1518 fun-

2050 1551 2299 1605 datorum
2333 1557 2596 1616 mentem,
2627 1550 2735 1606 alio
2767 1552 2934 1608 modo
2973 1560 3380 1609 convertantur.

2121 1642 2248 1698 CAP.
2282 1643 2415 1699 XIX.
2463 1643 2583 1698 Sint
2622 1645 2869 1716 episcOpi
2926 1645 3122 1704 fideles
3153 1654 3207 1702 et
3255 1647 3468 1702 assidui
3515 1647 3674 1702 verbi

2049 1739 2143 1793 Dei
2177 1738 2609 1810 dispensatores.
2653 1741 2714 1795 In
2745 1741 2850 1798 hoc
2891 1742 3054 1798 etiam
3100 1757 3290 1798 eorum
3317 1742 3556 1798 charitas
3585 1740 3680 1796 di-

2047 1834 2351 1909 gnoscitur,
2381 1835 2427 1888 si
2453 1852 2676 1909 gregem
2711 1843 2936 1908 pascant
2963 1838 3215 1909 exemplo
3243 1844 3298 1892 et
3323 1837 3516 1894 verbo.

1970 1931 2022 1998 Β
2121 1927 2246 1984 CAP.
2278 1929 2386 1985 XX.
2434 1930 2591 1986 Festa
2629 1933 2837 2006 absque
2867 1933 3018 1988 omni
3059 1948 3224 2004 Opere
3265 1932 3470 1989 forensi
3511 1949 3681 1990 exco-

2049 2017 2234 2083 lenda,
2285 2028 2339 2075 et
2381 2039 2506 2078 cum
2549 2023 2739 2080 debita
2783 2027 3140 2082 veneratione
3183 2025 3514 2082 celebranda
3558 2026 3685 2082 hac

2049 2117 2216 2166 sunt:
2274 2112 2538 2170 Nativitas
2593 2117 2830 2188 Domini,
2879 2117 3273 2184 Circumcisio,
3335 2118 3680 2190 Epiphania,

2049 2201 2406 2259 Annuntiatio
2439 2204 2476 2257 B
2532 2205 2744 2275 Mariae,
2779 2209 3128 2264 Resurrectio
3159 2209 3374 2264 Domini
3414 2225 3538 2264 cum
3580 2209 3684 2264 die

2052 2295 2330 2365 sequenti,
2360 2297 2624 2354 Ascensio
2648 2299 2890 2367 Domini,
2920 2301 3042 2356 dies
3065 2301 3436 2366 Pentecostes,
3471 2300 3685 2355 Nativi-

2050 2393 2132 2442 tas
2181 2388 2327 2444 beati
2378 2389 2609 2446 Joannis
2673 2393 2950 2463 Baptistae,
3011 2394 3390 2466 apostolorum
3423 2393 3566 2450 Petri
3624 2403 3686 2450 et

2051 2481 2226 2548 Pauli,
2269 2484 2587 2556 Assumptio
2617 2485 2792 2541 beatae
2839 2486 3040 2550 Maria),
3088 2487 3339 2556 ejusdem
3386 2489 3684 2557 Nativitas,

2051 2573 2282 2629 Andrem
2311 2576 2570 2646 apostoli,
2604 2585 2660 2633 et
2689 2577 2809 2633 dies
2835 2595 3031 2634 omnes
3072 2579 3460 2636 Dominicales.

2124 2688 2250 2743 CAP.
2283 2690 2414 2746 XXI.
2460 2691 2720 2747 Ecclesia:
2753 2693 2938 2748 debite
2967 2695 3228 2750 dotentur
3257 2694 3324 2749 ad
3357 2693 3686 2750 alimoniam

2054 2783 2288 2854 pastoris
2315 2791 2368 2839 et
2389 2783 2546 2850 cleri,
2571 2793 2630 2841 ut
2650 2785 2899 2840 securius
2920 2786 3210 2861 invigilent
3241 2805 3410 2860 super
3429 2806 3688 2866 gregem,

2055 2881 2110 2928 et
2136 2873 2204 2928 de
2236 2874 2356 2944 ejus
2382 2875 2558 2931 salute
2589 2875 2701 2930 sint
2731 2876 2878 2930 anxii
2904 2881 2958 2931 et
2983 2876 3223 2932 solliciti.

872 3149 1029 3236 DE
1092 3148 1698 3238 MINISTRIS
1764 3150 2462 3240 REMENSIUM
2526 3150 3119 3242 ECCLESIZE

440 3335 594 3406 Quos
647 3333 995 3396 inordinate
1044 3333 1161 3392 Ebo
1205 3334 1514 3412 episcopus
1567 3336 1825 3476 ingenii,
1876 3337 2614 3476 ethperddeprecationem
2661 3355 2892 3413 eorum,
2965 3340 3308 3417 inspirante
3350 3346 3560 3400 sancto

1683 3419 1902 3476 mritu.
1973 3435 2057 3476 acc
2139 3420 2370 3476 ictavit.

1682 3419 1902 3494 piritu,
1937 3419 2057 3477 haec
2093 3419 2370 3479 dictavit.

1813 3589 2178 3598 _——-——_—

406 3703 761 3774 Praepositum
794 3704 956 3760 decet
985 3719 1115 3760 cura
1155 3703 1384 3760 interior
1411 3720 1474 3760 ac
1505 3705 1759 3760 exterior.
1791 3705 1959 3761 Exte-
1985 3711 2036 3780 ο
2066 3707 2310 3779 loquium
2339 3705 2570 3766 secretis
2598 3705 2653 3760 in
2682 3705 2818 3761 locis
2850 3712 2904 3760 et
2935 3705 3084 3761 horis
3111 3720 3212 3762 suo
3245 3705 3425 3782 rigore
3455 3705 3692 3763 omnino

334 3798 446 3854 rior
475 3797 531 3852 in
563 3797 728 3852 rebus
767 3803 821 3853 et
848 3797 1056 3853 familia
1103 3796 1405 3863 salvandis,
1439 3803 1608 3868 atque
1653 3798 1962 3854 secundum

335 3895 506 3949 Deum
536 3891 938 3968 gubernandis,
989 3908 1203 3948 summa
1233 3907 1360 3947 cum
1391 3891 1724 3961 intentione,
1756 3901 1811 3948 et
1841 3893 1965 3964 pie-

337 3991 466 4051 tate,
495 3991 552 4040 et
587 3983 978 4039 benevolentia
1035 3983 1111 4036 lbi
1143 3983 1310 4038 etiam
1353 3983 1608 4038 consistit
1633 3985 1818 4038 omnis
1859 4000 1966 4038 nu-

337 4075 540 4131 triendi
573 4075 866 4141 industria,
897 4081 1092 4130 cuncta
1147 4073 1393 4146 proﬁcua
1427 4075 1649 4150 ingenia
1677 4077 1963 4132 lahorandi

337 4167 393 4222 in
421 4165 586 4240 agris,
623 4164 678 4218 in
716 4164 914 4230 vineis,
953 4163 1008 4217 in
1065 4163 1238 4231 silvis,
1273 4164 1330 4218 in
1383 4165 1576 4234 hortis,
1622 4166 1676 4220 in
1731 4165 1966 4221 diversis

341 4259 684 4330 emptionum
716 4256 1019 4330 generibus
1057 4257 1287 4328 provide
1329 4261 1710 4329 procurandis.
1737 4262 1968 4332 Insuper

340 4358 395 4407 et
423 4351 494 4405 de
525 4349 787 4421 qualitate
835 4349 1152 4404 necessaria
1183 4347 1566 4420 aedificiorum,
1597 4352 1710 4407 sive
1749 4353 1968 4426 quanti-

341 4449 470 4497 tate.
503 4439 734 4494 Iuterior
759 4455 886 4494 vero
917 4438 1234 4495 sollicitudo
1263 4441 1383 4510 ejus
1408 4457 1534 4495 esse
1566 4441 1772 4497 debere
1795 4443 1967 4497 mani-

339 4535 540 4590 festum
573 4541 656 4588 est
685 4532 1032 4604 dispensatio
1057 4533 1280 4589 fratrum
1316 4535 1552 4606 publica,
1579 4535 1814 4591 honeste
1841 4537 1964 4590 dis-

342 4629 522 4700 posita
552 4627 608 4682 in
629 4627 776 4684 victu
807 4637 862 4682 et
890 4633 1041 4698 potu,
1075 4627 1190 4682 sive
1221 4629 1374 4683 omni
1414 4629 1666 4684 subsidio
1693 4629 1969 4700 corporali

341 4719 491 4792 quod
521 4717 869 4774 administrat
896 4717 1082 4772 divina
1111 4716 1307 4788 pietas,
1341 4719 1457 4773 sive
1483 4730 1582 4790 per
1613 4719 1858 4774 studium
1890 4719 1972 4774 la-

339 4812 492 4868 boris
520 4812 663 4882 ejus,
696 4810 813 4865 sive
852 4810 920 4864 de
951 4810 1324 4882 eleemosynis
1355 4809 1624 4878 fidelium,
1665 4828 1881 4868 necnon
1914 4819 1969 4868 et

328 4901 411 4968 de
442 4901 589 4957 dono
616 4899 854 4970 preprize
881 4899 1286 4969 procurationis
1315 4901 1550 4971 publicae
1608 4901 1702 4956 Cni
1731 4917 1839 4956 non
1863 4902 1967 4958 mi-

345 5011 449 5050 nor
479 4999 630 5066 patet
663 4991 830 5046 etiam
863 4991 970 5044 alia
999 4991 1344 5061 dispensatio
1373 4995 1686 5053 necessaria
1717 4995 1773 5048 in
1804 4993 1964 5048 infir-

346 5085 451 5140 mis
477 5092 532 5139 ct
551 5081 802 5148 senibus,
837 5096 934 5150 pro
961 5079 1280 5136 diversitate
1305 5083 1741 5155 uniuscujusque
1773 5100 1970 5140 neces-

349 5176 527 5231 sitatis
574 5173 836 5245 Sequitur
851 5179 1035 5227 autem
1065 5172 1194 5228 hinc
1212 5174 1455 5228 studium
1474 5191 1695 5230 omnem
1711 5184 1967 5232 ornatum

351 5266 690 5336 corporalem
721 5281 784 5318 ac
835 5263 1140 5335 spiritalem
1203 5266 1497 5321 continens
1552 5267 1817 5323 fratium:
1848 5285 1972 5324 cor-

352 5354 600 5425 poralem
635 5353 871 5424 primum
906 5351 962 5405 in
991 5351 1264 5421 clausura,
1297 5353 1425 5410 inde
1467 5355 1521 5410 in
1570 5356 1884 5426 refectorio,
1916 5363 1972 5412 et

351 5446 408 5499 in
436 5443 780 5510 dormitorio,
810 5443 865 5496 in
885 5443 1134 5511 cellario,
1160 5445 1216 5500 in
1241 5449 1502 5520 coquina,
1536 5451 1652 5505 sive
1678 5451 1734 5504 in
1763 5449 1976 5506 cunctis

351 5536 751 5592 habitatoribus
783 5537 1132 5604 necessariis,
1169 5557 1388 5598 necnon
1419 5545 1474 5598 in
1505 5545 1744 5601 vasculis
1787 5545 1972 5602 omni-

352 5627 473 5679 bus.
507 5623 822 5694 Spiritalem
853 5638 984 5676 vero
1017 5627 1194 5681 zelum
1228 5631 1355 5685 talis
1389 5633 1644 5688 minister
1678 5650 1820 5688 vera:
1846 5627 1975 5689 reli-

349 5717 532 5794 gionis
559 5717 763 5771 habere
795 5716 962 5770 debet
1005 5728 1208 5776 sancta:
1250 5725 1693 5782 conversationis
1721 5733 1881 5782 nocte
1908 5742 1971 5780 ac

351 5812 442 5866 die
478 5810 765 5868 canonicis
789 5807 1005 5880 partitis
1034 5808 1090 5864 in
1117 5814 1286 5871 horis.
1317 5815 1725 5880 Correctionem
1757 5833 1970 5873 morum

349 5919 450 5974 per
477 5903 798 5980 gravitatem
823 5903 1064 5962 levitatis
1083 5913 1292 5963 motum
1316 5907 1742 5978 deprehendens
1769 5925 1782 5963 :
1811 5909 1972 5965 vani-

2065 3800 2356 3873 depellens
2382 3817 2394 3854 :
2427 3815 2623 3856 omnes
2654 3797 3027 3874 negligentias
3057 3798 3306 3855 omnium
3337 3798 3557 3870 publice
3587 3800 3689 3854 de-

2065 3896 2368 3967 prehensas
2415 3893 2471 3948 in
2502 3891 2744 3964 capitulo
2797 3893 3046 3947 omnium
3076 3891 3301 3948 fratrum
3337 3891 3552 3962 judicio
3584 3909 3695 3964 pu-

2065 3985 2228 4040 niens
2259 3984 2348 4039 his
2371 3983 2571 4051 modis,
2604 3983 2658 4037 id
2689 3991 2792 4051 est,
2825 3991 2919 4038 aut
2941 3999 3178 4049 carcere,
3213 3989 3307 4038 aut
3333 3983 3693 4055 separatione

2067 4099 2294 4146 mensae,
2331 4082 2446 4137 sive
2475 4081 2530 4136 in
2563 4080 2810 4136 omnium
2829 4081 3121 4136 verborum
3151 4081 3494 4137 diversitate.
3528 4079 3702 4150 Cujus

2067 4175 2233 4230 etiam
2265 4173 2694 4246 prudentissima
2718 4172 3142 4242 circumspectio
3174 4169 3404 4227 decanis
3427 4171 3536 4225 sibi
3562 4187 3705 4242 sup-

2070 4263 2266 4336 positis
2297 4263 2587 4338 invigilare
2619 4261 2804 4328 debet,
2838 4277 2908 4316 ne
2939 4278 3083 4316 unus
3110 4260 3358 4332 quidem,
3390 4277 3421 4315 a
3451 4261 3700 4316 maximo

2069 4374 2241 4430 usque
2281 4359 2349 4412 ad
2396 4357 2706 4422 minimum,
2739 4356 2950 4426 absque
3002 4355 3122 4425 ejus
3147 4353 3488 4410 conscientia
3538 4359 3594 4408 et
3623 4353 3700 4410 li-

2068 4448 2251 4503 centia
2270 4447 2434 4502 unius
2467 4446 2576 4502 diei
2602 4444 2781 4516 spatio
2805 4461 3155 4517 nequaquam
3184 4443 3250 4499 ab
3270 4441 3438 4498 officii
3462 4443 3549 4498 sui
3570 4442 3698 4499 loco

2071 4537 2232 4592 desit.

2139 4623 2528 4682 Archidiaconi
2577 4622 2820 4679 officium
2869 4629 2972 4690 est,
3025 4623 3228 4698 gradus
3285 4623 3697 4680 ecclesiasticos

2069 4732 2284 4772 summa
2315 4731 2436 4770 cum
2465 4712 2814 4785 providentia
2845 4719 3062 4768 attatum
3096 4721 3152 4768 et
3183 4713 3503 4768 meritorum
3534 4713 3696 4768 ordi-

2071 4827 2240 4866 nare:
2293 4809 2362 4864 de
2414 4817 2665 4879 tempore
2727 4807 2782 4861 iu
2849 4816 3094 4878 tempore
3161 4807 3481 4862 nominibus
3530 4807 3700 4862 certis

2069 4899 2509 4970 uniuscujusque
2539 4897 2785 4952 officium
2814 4897 2882 4952 de
2922 4897 3073 4953 omni
3116 4897 3343 4970 regione
3385 4896 3696 4972 praefigere,

2075 4986 2649 5056 subtilitervelmerito
2679 4986 2937 5057 probare,
2970 4994 3026 5042 et
3050 4987 3282 5060 gratiam
3314 4987 3490 5041 sancti
3521 4987 3698 5058 Spiri-

2076 5093 2160 5140 tus
2191 5083 2492 5154 unicuique
2525 5081 2906 5154 investigando
2941 5080 3257 5134 ministrare
3288 5097 3300 5134 :
3350 5079 3404 5134 in
3435 5081 3699 5136 omnibus

2072 5177 2276 5230 divinis
2307 5173 2510 5232 officiis
2541 5181 2742 5228 sancta:
2772 5173 2868 5228 Dei
2903 5172 3162 5228 Ecclesim
3193 5171 3388 5228 fideles
3414 5172 3700 5229 ministros

2071 5265 2378 5322 erudiendo
2397 5273 2453 5318 et
2473 5262 2778 5318 excolendo
2795 5261 3047 5318 efficere:
3074 5260 3430 5317 festivitatum
3447 5263 3694 5318 omnium

2071 5374 2136 5413 ac
2168 5356 2448 5420 feriarum,
2482 5369 2701 5409 necnon
2729 5351 2900 5408 totius
2927 5352 3059 5406 anni
3091 5352 3274 5408 officia
3300 5351 3354 5405 in
3385 5352 3616 5408 canticis
3645 5363 3701 5410 et

2078 5447 2432 5513 lectionibus,
2485 5461 2596 5501 non
2629 5445 2806 5501 solum
2851 5445 3212 5501 litteraturam
3245 5445 3547 5520 corrigere,
3597 5447 3697 5500 sed

2077 5539 2380 5611 spiritalem
2413 5534 2844 5610 intelligentiam
2874 5535 3024 5591 omni
3050 5535 3204 5591 ‘clero
3235 5535 3292 5590 in
3317 5535 3559 5608 capitulo
3587 5543 3699 5592 tra-

2079 5636 2232 5702 dere,
2256 5633 2541 5688 libertates
2562 5630 2861 5686 liberorum
2889 5646 3010 5686 cum
3031 5631 3264 5687 testibus
3285 5631 3542 5702 probare,
3561 5632 3701 5688 alie-

2074 5745 2269 5784 norum
2307 5740 2591 5780 servorum
2623 5724 2692 5778 ad
2739 5723 2942 5797 gradus
2989 5724 3178 5780 venire
3225 5723 3526 5780 volentium
3580 5725 3698 5780 exi-

2073 5833 2228 5889 gere,
2262 5821 2596 5885 potestatem
2629 5813 2794 5868 etiam
2851 5813 3061 5868 habens
3089 5813 3393 5870 libertatem
3425 5811 3698 5868 ecclesia-

2073 5908 2210 5964 stica
2261 5892 2487 5978 prepria
2518 5907 2586 5963 de
2634 5906 2841 5962 familia
2873 5905 3074 5974 facere,
3105 5911 3160 5962 et
3203 5904 3399 5961 alienis
3449 5905 3696 5980 exigere.
