3874 6422
167 402 277 461 409

1668 407 2016 463 APPENDIX.

3396 408 3502 467 410

155 536 261 591 Pro
292 534 542 609 neglecta
559 533 799 590 lectione
830 531 1128 589 autofﬁcio
1156 534 1363 609 gradus
1390 534 1475 589 sui
1504 534 1782 592 adiacono
1807 540 1857 608 Α
1885 543 1986 592 οίεε
2024 535 2303 591 unctionis
2358 535 2581 590 inferre.
2653 534 3040 590 Communioni
3070 542 3275 592 sanctae
3300 536 3503 611 dignos

156 624 419 696 usquead
451 622 702 679 inﬁmum
735 612 1220 678 excommunicare
1258 641 1272 688 ;
1306 623 1468 678 etiam
1502 631 1559 679 et
1581 624 1784 693 juven-

157 718 317 773 culos
348 717 550 772 talibus
580 732 679 787 pro
698 716 1024 771 excessibus
1053 715 1380 772 verberibus
1405 733 1596 772 arcere
1622 735 1636 772 :
1665 734 1785 774 vcr-

160 809 292 865 bum
322 809 487 864 etiam
518 808 756 864 faciendi
788 807 858 863 ad
896 808 1163 880 populum
1195 808 1250 863 in
1269 808 1469 865 diebus
1501 810 1655 865 festis
1685 826 1783 881 pro

156 904 348 959 videre
374 904 641 959 etfacere
673 921 686 958 :
730 911 785 958 et
822 904 902 959 sic
953 903 1141 959 omnia
1183 920 1284 974 per
1332 904 1587 959 ordinem
1614 904 1780 979 digne

155 1008 337 1065 usque
367 993 435 1048 ad
464 992 958 1064 (consecrationem
1029 992 1333 1063 presbyteri
1379 993 1783 1049 studiosissima

154 1082 468 1137 intentione
530 1097 675 1135 verre
730 1080 1018 1155 religionis
1094 1081 1420 1151 perducere.
1463 1082 1779 1137 Vinctorum

153 1173 326 1229 etiam
356 1173 588 1243 publicae
617 1172 851 1226 civitatis
892 1188 956 1226 ex
1009 1187 1229 1227 carcere
1259 1188 1447 1227 curam
1476 1173 1531 1227 in
1564 1172 1780 1228 festivi-

154 1262 369 1318 tatibus
388 1261 735 1316 solemnibus
762 1260 978 1315 Domini
1009 1277 1228 1335 gerere,
1255 1262 1310 1317 id
1341 1273 1446 1330 est,
1480 1263 1538 1318 in
1594 1264 1783 1319 Natale

151 1353 405 1422 Domini,
435 1353 491 1407 in
521 1353 849 1424 Epiphania,
881 1352 937 1407 in
970 1353 1127 1409 initio
1168 1354 1635 1430 Quadragesimte,
1667 1372 1783 1411 me-

152 1447 252 1501 dia
292 1445 744 1517 Quadragesima,
786 1445 841 1498 in
870 1444 1091 1514 Palmis,
1122 1446 1178 1500 in
1218 1446 1457 1502 Sabbato
1491 1457 1704 1515 sancto,
1731 1456 1785 1504 et

153 1539 211 1592 in
234 1537 332 1592 die
358 1542 547 1591 sancto
589 1535 834 1603 Paschm,
885 1536 1141 1590 similiter
1197 1537 1253 1591 in
1307 1538 1643 1593 Ascensione
1678 1539 1784 1593 Do-

154 1628 324 1695 mini,
350 1634 407 1681 et
461 1628 517 1682 in
568 1627 893 1682 Pentecoste
948 1643 1163 1682 summa
1210 1644 1334 1683 cum
1380 1629 1666 1703 diligentia
1690 1646 1787 1685 eos

155 1717 443 1788 excipere,
486 1716 642 1772 eteis
678 1716 948 1787 obsequia
978 1716 1338 1791 benignitatis
1354 1719 1785 1789 corporalisspi-

152 1808 476 1880 ritaliaque,
512 1823 576 1863 ex
609 1807 809 1862 divinis
830 1815 884 1863 et
916 1808 1172 1863 humanis
1211 1807 1499 1864 beneﬁciis
1531 1808 1787 1865 refectio—

155 1915 291 1953 nem
320 1896 730 1952 benedictionis
780 1912 996 1968 parare.

232 1988 638 2061 ChorepiscOpi
670 2003 798 2044 vero
818 1987 1187 2043 ministerium
1215 1996 1319 2055 est,
1352 2003 1573 2043 omnem
1599 2004 1785 2044 sacer-

149 2079 401 2136 dotalem
434 2078 607 2134 totius
639 2079 884 2151 regionis
913 2078 1021 2133 sibi
1055 2078 1368 2134 commissae
1408 2079 1783 2135 conversatio-

149 2191 282 2230 nem
317 2173 594 2249 corrigere
625 2180 791 2246 atque
831 2173 1093 2247 dirigere,
1127 2173 1182 2226 id
1214 2179 1321 2239 est,
1345 2172 1398 2227 in
1419 2173 1784 2229 conﬁciendis

146 2264 361 2319 divinis
384 2263 743 2319 sacramentis
799 2269 854 2318 et
905 2262 1227 2334 baptisterio
1267 2263 1516 2319 omnium
1559 2264 1779 2319 intelle-

145 2361 301 2410 ctum
331 2353 589 2424 aperiens
602 2353 862 2418 excitare,
888 2353 1152 2425 populum
1183 2354 1425 2428 regionis
1455 2355 1775 2427 praedicare,

142 2449 533 2505 confessiones
564 2448 809 2524 exigere,
876 2448 1256 2519 paenitentiam
1287 2465 1409 2504 cum
1441 2448 1779 2505 discretione

143 2553 312 2603 caute
343 2546 653 2616 imponere,
676 2543 1100 2614 h05pitalitatem
1124 2545 1343 2612 sectari,
1379 2544 1626 2602 inﬁrmos
1658 2546 1783 2602 visi-

146 2635 322 2691 tando
346 2634 621 2706 obsequia
645 2632 1009 2709 benignitatis
1037 2642 1095 2689 et
1112 2633 1543 2703 benedictionis,
1573 2642 1629 2690 et
1653 2651 1780 2689 san-

219 2792 300 2864 (‘lt
329 2791 485 2864 Quod
515 2792 797 2862 praecessit
850 2792 1179 2864 opusculum
1238 2794 1461 2858 Ebonis,
1494 2809 1558 2848 ex
1599 2794 1771 2849 sancti

146 2863 392 2933 Remigii
424 2864 762 2919 bibliotheca
784 2863 971 2919 Remis
1000 2864 1412 2935 exscripsimus,
1445 2882 1568 2920 cum
1607 2866 1777 2920 Joan-

148 2936 235 2989 nis
267 2934 638 3005 Vlllepistola
695 2943 752 2991 et
780 2936 1006 2992 decreto
1049 2934 1342 2992 electionis
1370 2937 1773 3000 Laudunensis,

151 3024 279 3078 quae
320 3006 464 3061 infra
524 3015 850 3078 sequentur.
902 3008 1215 3063 Proximam
1259 3024 1391 3064 vero
1424 3009 1682 3065 Notitiam
1705 3008 1775 3064 de

1887 624 2006 680 ﬁeri
2041 626 2276 697 populos
2314 626 2535 680 assidua
2563 624 2997 680 commonitione
3039 640 3319 693 exercere,
3348 642 3502 682 mor-

1885 724 2009 771 tuos
2038 733 2160 773 cum
2195 716 2774 772 commendationibus
2794 716 3013 783 animae,
3047 723 3102 771 et
3154 717 3505 775 orationibus

1884 811 2068 885 dignis
2087 811 2373 882 obsequiis
2402 811 2701 881 sepulturae
2728 809 3125 865 venerabiliter
3141 812 3380 878 tradere,
3405 828 3504 883 pro

1884 901 2023 955 vivis
2051 901 2216 956 etiam
2244 918 2307 956 ac
2334 900 2613 956 defunctis
2638 901 2808 955 totius
2863 901 3119 956 Ecclesia:
3177 901 3307 957 ﬁliis
3336 902 3503 959 ratio-

1884 994 2052 1048 nabili
2084 994 2409 1049 assiduitate
2436 1009 2685 1049 exorare.
2721 995 2959 1064 Insuper
2982 1009 3114 1049 vero
3146 994 3333 1049 omnia
3358 1011 3508 1066 quae-

1883 1099 2102 1155 cunque
2134 1084 2277 1139 intra
2304 1083 2597 1138 ecclesiam
2657 1090 2712 1137 et
2766 1089 2918 1137 extra
2949 1083 3242 1138 ecclesiam
3274 1084 3329 1138 in
3353 1084 3505 1139 clau-

1882 1179 2018 1239 stro,
2068 1180 2122 1227 et
2170 1173 2224 1227 in
2289 1173 2546 1227 omnibus
2593 1171 3027 1226 habitationibus
3055 1189 3086 1226 a
3117 1172 3356 1229 maximo
3406 1190 3506 1228 us-

1884 1278 1992 1334 que
2026 1262 2095 1316 ad
2159 1261 2448 1317 minimum
2512 1277 2902 1333 quemcunque
2964 1261 3168 1316 viderit
3198 1262 3503 1337 negligere,

1885 1354 2194 1409 secundum
2230 1354 2666 1409 ecclesiasticum
2697 1354 3067 1424 correptionis
3086 1353 3313 1409 modum
3352 1369 3503 1408 sem-

1887 1460 1988 1513 per
2018 1442 2299 1513 corripiat,
2353 1449 2407 1497 et
2459 1459 2681 1500 omnem
2729 1458 2911 1498 veram
2964 1442 3311 1515 religionem,
3356 1442 3507 1513 prior

1888 1540 2005 1610 ipse
2032 1539 2308 1604 faciendo,
2341 1554 2536 1594 omnes
2565 1538 2749 1593 facere
2793 1538 3007 1593 doceat.
3068 1538 3130 1593 Et
3185 1538 3332 1593 hunc
3374 1553 3503 1593 mo-

1888 1628 2020 1683 dum
2054 1644 2425 1699 nequaquam,
2467 1627 2571 1683 nisi
2593 1628 2957 1698 .przecipiente
2972 1627 3259 1698 episcopo,
3283 1627 3352 1681 de
3370 1642 3506 1683 can-

1886 1717 1964 1772 sis
1986 1718 2458 1789 subsequentibus
2488 1718 2718 1773 excedat
2772 1718 2842 1773 de
2870 1717 3020 1774 omni
3055 1718 3181 1787 jure
3212 1731 3507 1773 consecra-

1887 1810 2072 1866 tionis.

1810 1860 1862 1929 Β
1962 1903 2291 1974 Episcopum
2314 1916 2447 1957 vero
2479 1902 2714 1957 civitatis
2753 1902 2991 1974 prepriae
3014 1902 3316 1973 disponere
3340 1916 3508 1974 Opor-

1885 1999 1960 2048 tet
1986 1993 2054 2047 de
2086 1992 2529 2057 consecratione,
2562 1992 2632 2046 de
2671 1992 3209 2060 conﬁrmationc,de
3251 1992 3507 2049 reconci-

1883 2082 2132 2149 liatione,
2163 2089 2217 2135 et
2261 2082 2330 2136 de
2361 2082 2587 2152 publico
2633 2082 2936 2139 indicendo
2958 2082 3201 2152 jejunio,
3241 2082 3503 2138 autaliud

1883 2174 2093 2245 aliquid
2121 2173 2326 2244 publici
2344 2173 2485 2241 juris
2513 2189 2611 2244 pro
2645 2180 2895 2244 tempore
2948 2175 3118 2249 digno
3150 2174 3261 2229 Deo
3294 2174 3503 2229 debito.

1881 2270 2045 2337 Cujus
2076 2268 2244 2325 ofﬁcii
2274 2285 2489 2324 summa
2510 2269 3042 2340 speculationishaec
3071 2276 3177 2335 est,
3208 2278 3270 2323 ut
3299 2276 3354 2324 et
3373 2268 3505 2324 sub-

1880 2363 2134 2418 tilissime
2169 2362 2515 2432 providendo
2543 2362 2759 2418 insistat
2781 2362 3022 2435 qualiter
3050 2362 3298 2417 omnium
3326 2361 3510 2418 ofﬁcia

1880 2452 2286 2507 studiosissime
2323 2452 2686 2525 gubernando
2735 2453 2803 2507 ad
2873 2458 3091 2523 portum
3152 2450 3511 2522 perfectionis

1883 2547 2083 2618 dirigat
2116 2563 2129 2600 :
2154 2546 2358 2617 quibus
2389 2547 2445 2600 in
2475 2546 2676 2614 causis,
2706 2546 2812 2601 nisi
2848 2547 3057 2615 jussus,
3077 2546 3511 2616 chorepiscopus

1883 2639 2199 2694 nullatenus
2225 2639 2455 2694 excedat
2488 2640 2581 2710 (1).

1879 2796 2006 2851 villa
2046 2794 2370 2859 Novilliaco,
2414 2794 2572 2863 cujus
2624 2801 2817 2850 auctor
2858 2793 3184 2849 Hincmarus
3212 2794 3335 2865 ipse
3362 2793 3512 2849 vide-

1881 2874 1990 2929 tur,
2041 2867 2204 2922 nobis
2251 2866 2681 2922 communicavit
2750 2866 3183 2920 humanissimus
3247 2866 3505 2921 Nicolaus

1879 2938 2057 2992 Faber
2094 2954 2161 2991 ex
2185 2937 2544 3000 bibliotheca,
2606 2943 2665 2991 ut
2719 2936 2903 2991 aiebat
2955 2937 3018 2991 V.
3069 2935 3127 3004 C,
3162 2936 3374 2991 Claudii
3407 2936 3512 2991 Pu-

1878 3010 2024 3064 teani
2057 3010 2333 3065 senatoris
2362 3008 2703 3064 Parisiensis.

1257 3303 1979 3417 SEQUUNTUR
2038 3228 2432 3395 (GESTA

158 3516 462 3587 Quomodo
511 3518 579 3578 D.
638 3518 1011 3580 Hincmarus
1060 3520 1275 3581 villam
1326 3520 1749 3581 Novilliacum
1814 3519 1979 3597 apud
2030 3520 2094 3578 D.
2163 3518 2448 3581 Carolum
2506 3520 2927 3596 imperatorem
2976 3522 3183 3599 ﬁlium
3231 3522 3516 3584 Ludovici

1429 3601 1810 3678 imperatoris
1861 3602 2230 3677 impetravit.

1664 3790 2032 3803 *-

216 3907 495 3963 Defuncto
527 3906 763 3979 Pippino
793 3923 924 3982 rege
962 3923 1057 3962 vm
1108 3907 1338 3962 Kalend.
1373 3906 1624 3963 Octobris
1649 3908 1786 3978 (765)
1820 3908 1941 3981 Cin
1983 3907 2259 3964 beneﬁcio
2292 3910 2570 3966 Auschero
2606 3909 2826 3975 Saxoni,
2856 3910 2950 3982 qui
2983 3925 3160 3967 nonas
3181 3917 3236 3968 et
3266 3912 3516 3970 declmas

147 3999 202 4053 in
245 3996 589 4053 monasterio
629 3996 805 4052 sancti
838 3997 1104 4068 Dionysii,
1145 3994 1243 4050 ﬁlii
1274 3996 1394 4065 ejus
1426 3995 1783 4052 Caroloman-

143 4109 251 4146 nus
282 4098 337 4146 et
361 4089 587 4145 Carolus
609 4088 915 4143 secundum
946 4087 1371 4158 dispositionem
1423 4086 1596 4157 patris
1623 4086 1707 4140 sui
1733 4094 1786 4142 et

144 4182 443 4238 consilium
477 4180 633 4253 regni
656 4179 960 4252 primorum
974 4178 1286 4233 diviserunt
1318 4178 1463 4233 inter
1479 4194 1537 4232 se
1554 4193 1781 4250 regnum

148 4272 763 4347 paternum,etelevati
802 4278 932 4327 sunt
983 4271 1040 4325 in
1092 4286 1250 4343 reges
1294 4286 1368 4323 vn
1394 4270 1475 4324 Id.
1509 4268 1780 4335 Octobris,

149 4369 552 4424 Carlomannus
579 4366 633 4420 in
663 4364 1000 4430 Suessionis,
1064 4369 1118 4417 et
1149 4361 1374 4418 Carolus
1405 4362 1463 4416 in
1494 4361 1778 4424 Noviomo,

148 4464 299 4519 sicut
330 4462 388 4515 in
411 4459 608 4514 Annali
643 4476 835 4533 regum
870 4459 1140 4529 scriptum
1174 4456 1467 4512 habemus.

218 4554 384 4608 Anno
415 4569 467 4606 IV
487 4550 642 4625 regni
673 4550 758 4605 sui
792 4548 1102 4604 inﬁrmatus
1132 4555 1218 4603 est
1248 4547 1642 4603 Carlomannus
1688 4546 1779 4600 ἰη-

146 4649 415 4704 ﬁrmitate
458 4661 567 4717 qua
597 4652 651 4700 et
676 4652 924 4699 mortuus
965 4654 1048 4700 est
1074 4643 1535 4709 inSalmuntiaco,
1569 4652 1624 4698 et
1654 4649 1783 4697 ante

144 4742 365 4796 obitum
397 4754 557 4793 suum
586 4753 685 4808 per
712 4742 1046 4807 praeceptum
1079 4735 1243 4806 regite
1271 4750 1384 4789 suae
1414 4734 1781 4799 auctoritatis,

146 4834 300 4906 quod
336 4832 625 4897 habemus,
658 4837 908 4899 tempore
974 4826 1174 4898 'l‘ilpini
1205 4826 1630 4898 archiepiscopi,
1674 4834 1785 4881 tra-

145 4924 293 4978 didit
325 4921 509 4976 villam
540 4917 898 4974 Novilliacum
939 4932 1064 4971 cum
1106 4915 1368 4970 omnibus
1411 4915 1477 4969 ad
1509 4931 1570 4969 se
1603 4914 1780 4986 perti-

146 5017 435 5081 nentibus,
471 5030 571 5086 pro
618 5013 816 5068 animae
884 5028 1000 5067 suze
1036 5011 1308 5077 remedio,
1341 5016 1397 5066 et
1436 5010 1558 5065 loco
1587 5010 1783 5081 sepul-

152 5117 316 5174 turae,
374 5104 443 5159 ad
486 5102 776 5158 ecclesiam
843 5102 1172 5157 Remensem
1228 5100 1278 5154 S.
1315 5099 1519 5167 Mariae,
1546 5106 1601 5154 et
1630 5098 1781 5153 basi-

152 5197 318 5251 licam
365 5192 542 5248 sancti
602 5190 855 5264 Remigii,
920 5191 975 5244 in
1009 5207 1117 5263 qua
1145 5198 1199 5244 et
1241 5190 1497 5260 sepultus
1525 5197 1626 5245 est.
1659 5189 1786 5244 Post

1887 3997 1957 4051 ad
1998 4005 2206 4068 partem
2232 3997 2521 4053 Remensis
2548 3998 2808 4053 Ecclesiae
2832 3999 2900 4052 de
2930 3998 3049 4069 ipsa
3077 3998 3208 4053 villa
3238 4015 3415 4072 usque
3444 4003 3514 4057 ad

1886 4094 2115 4142 mortem
2148 4104 2302 4142 suam
2334 4087 2601 4159 persolvit
2634 4106 2646 4141 :
2680 4087 3010 4143 etdefuncto
3039 4087 3267 4143 domino
3295 4088 3513 4158 Carolo,

1887 4176 1983 4231 sed
2018 4183 2073 4231 et
2104 4176 2226 4248 ipso
2257 4177 2561 4242 Anschero,
2597 4184 2888 4248 postquam
2943 4175 3341 4233 Carlomannus
3372 4195 3514 4250 pra:-

1886 4268 2051 4325 fatam
2088 4270 2272 4324 villam
2305 4285 2429 4325 cum
2462 4269 2612 4324 omni
2640 4269 3233 4341 integritaleRemensi
3255 4269 3514 4327 Ecclesia:

1888 4364 2379 4437 tradidit,semper
2408 4365 2527 4436 ipsa
2558 4365 2804 4420 Ecclesia
2831 4365 2961 4427 inde
2993 4364 3342 4433 vestituram,
3373 4365 3518 4421 sicut

1884 4454 2209 4525 prazdictum
2252 4462 2357 4521 est,
2383 4471 2482 4525 per
2501 4470 2678 4510 annos
2698 4471 2890 4509 xxxvn
2910 4452 3123 4509 habuit.
3141 4454 3268 4509 Post
3299 4453 3513 4511 obitum

1884 4546 2072 4603 domui
2106 4546 2307 4614 Caroli,
2359 4556 2415 4601 et
2453 4545 2717 4602 defuncto
2766 4545 2886 4617 ipso
2940 4546 3242 4612 Anschero,
3277 4544 3516 4601 domnus

1887 4641 2195 4696 Ludovicus
2228 4641 2530 4712 imperator
2555 4642 2781 4697 donavit
2812 4642 2989 4712 ipsam
3038 4641 3220 4697 villam
3255 4640 3514 4696 Novillia-

1883 4750 2008 4789 cum
2040 4735 2252 4789 Donato
2275 4733 2329 4788 in
2348 4732 2648 4789 beneﬁcio.
2670 4733 2772 4799 Qui
2807 4734 3070 4798 Donatus,
3105 4733 3515 4789 interveniente

1884 4823 2117 4896 Bigone,
2140 4839 2237 4894 per
2263 4823 2704 4894 subreptionem,
2733 4823 2891 4894 quasi
2919 4822 2988 4877 de
3024 4822 3157 4878 ﬁsco
3190 4823 3516 4897 regisquas-

1882 4909 2007 4967 dain
2037 4911 2286 4967 colonias
2325 4911 2395 4966 de
2428 4912 2552 4982 ipsa
2589 4910 2720 4966 villa
2748 4911 3071 4967 obtinuitin
3116 4911 3511 4982 proprietatem

1886 4998 1983 5076 per
2046 5012 2387 5077 praeceptum
2448 5004 2637 5061 domni
2701 5003 2960 5060 Ludovici
3031 5004 3398 5075 imperatoris.
3454 5004 3516 5059 Et

1886 5095 2111 5167 quando
2134 5095 2422 5151 Lotharius
2452 5094 2597 5149 ﬁlius
2621 5094 2810 5150 domni
2844 5093 3107 5149 Ludovici
3163 5093 3514 5164 imperatoris

1888 5184 2223 5241 Ca‘villonem
2250 5184 2504 5253 veniens,
2547 5199 2667 5239 eam
2689 5182 3305 5259 expugnavit,Donatus
3334 5183 3514 5239 avilla

152 5291 315 5358 cujus
363 5287 575 5344 obitum
633 5285 853 5341 Carolus
919 5283 1085 5339 frater
1113 5284 1233 5355 ejus
1290 5292 1591 5356 praecepto,
1626 5284 1774 5356 quod
1797 5294 1858 5363 D
1886 5292 2052 5349 supra
2079 5276 2401 5342 Matronam,
2436 5290 2558 5347 quae
2619 5272 2907 5363 Pomarins
2944 5282 3189 5339 vocatur,
3231 5274 3300 5328 ab
3333 5274 3514 5363 impe-

152 5381 446 5445 habemus,
478 5392 593 5432 suae
626 5375 966 5431 auctoritatis
985 5374 1159 5447 ipsam
1192 5374 1547 5430 traditionem
1580 5371 1784 5429 conﬁr-

150 5469 342 5525 mavit.

220 5557 494 5615 Defuncto
530 5553 747 5625 Tilpino
804 5552 1224 5624 archiepisc0po
1263 5568 1410 5607 anno
1468 5568 1600 5606 xxm
1630 5558 1782 5623 post-

148 5669 318 5725 quam
352 5649 750 5705 Carlomannus
789 5646 1049 5701 Remensi
1095 5645 1345 5700 ecclesiae
1375 5643 1560 5699 villam
1596 5643 1785 5700 Novil-

149 5741 357 5795 liacum
387 5735 638 5802 tradidit,
669 5734 927 5790 tenuitD.
980 5750 1073 5789 rex
1104 5733 1629 5791 CarolusRemense
1661 5732 1785 5803 epi-

152 5832 405 5906 scopium
430 5830 488 5884 in
509 5843 611 5884 suo
640 5826 950 5894 dominatu,
982 5825 1398 5883 etdeditvillam
1423 5823 1784 5881 Novilliacum

187 5911 200 5941 ἱ

1886 5370 2067 5421 ratore
2097 5363 2389 5431 defecit,et
2421 5364 2499 5418 illi
2528 5363 2790 5417 mentitus
2810 5362 2878 5416 ad
2894 5362 3207 5418 Lotharium
3238 5362 3510 5439 confugit,

1884 5450 2228 5515 etfveniente
2257 5455 2533 5512 hostiliter
2560 5455 2892 5527 imperatore
2919 5454 3196 5512 Ludovico
3226 5455 3293 5511 ad
3324 5455 3509 5511 villam

1885 5562 2008 5619 quae
2039 5545 2319 5601 Calciacus
2357 5544 2576 5612 dicitur,
2628 5541 2919 5599 Lotharius
2957 5544 3027 5598 ad
3067 5560 3193 5599 eum
3239 5560 3363 5599 cum
3392 5545 3509 5599 suis

1885 5642 2218 5699 constrictus
2247 5640 2414 5703 venit,
2475 5645 2530 5693 et
2578 5647 2984 5696 sacramentum
3041 5640 3185 5711 ipse,
3232 5647 3288 5695 et
3324 5639 3411 5694 sui
3438 5638 3505 5692 ab

1887 5732 2220 5802 imperatore
2270 5728 2563 5800 qutesitum
2620 5727 2698 5782 illi
2725 5728 3070 5799 juraverunt.
3107 5729 3253 5784 Inter
3282 5741 3421 5798 quos
3450 5732 3505 5779 et

1887 5823 2135 5880 Donatus
2164 5820 2235 5877 de
2273 5819 2595 5878 inﬁdelitate
2623 5819 2745 5890 ejus
2765 5820 3177 5892 comprobatus,
3204 5817 3310 5891 ipsi
3333 5817 3503 5888 impe-
