3874 6464
354 433 453 490 Illi

1401 435 1485 488 Al)
1527 434 1883 489 HISTORIAM
1925 435 2252 490 REMENSIS
2295 435 2654 493 ECCLESIA‘I.

3596 442 3701 496 412

351 572 521 627 ratori
561 574 852 645 quaesitum
869 579 1272 628 sacramentum
1299 570 1526 639 juravit,
1576 579 1630 624 et
1652 570 1977 626 comitatum
2009 579 2048 646 Α
2082 571 2281 637 fuerat,
2312 572 2552 640 inventa,
2596 572 2857 646 quoniam
2910 573 3155 644 pnedicti
3188 574 3256 628 ad
3287 574 3557 629 rationem
3592 590 3704 632 non

352 663 809 731 Miriduncnsem,
844 672 898 719 et
954 664 1133 719 villam
1167 662 1528 718 Novilliacum
1561 679 1685 718 cum
1725 665 1841 719 suis
1879 682 1977 737 ap-

354 756 629 826 pendieiis
669 758 966 847 impe‘rator
1016 757 1083 810 ab
1130 771 1195 811 eo
1250 755 1497 821 abstulit,
1531 763 1586 809 et
1627 756 1849 822 Athoni,
1880 760 1974 831 qui

313 843 537 913 .fuerat
581 842 842 900 ostiarius
888 844 1061 899 Caroli
1117 843 1465 913 imperatoris
1519 842 1574 897 in
1635 844 1972 904 beneﬁcium

356 935 528 991 dedit.
571 938 814 991 Donatus
870 943 1050 990 autem
1084 936 1138 989 in
1170 936 1279 989 vita
1311 936 1659 1006 imperatoris
1706 938 1972 996 Ludovici

356 1046 459 1085 nec
490 1030 808 1085 comitatum
833 1028 1061 1099 recepit,
1092 1044 1195 1082 nec
1215 1028 1284 1083 de
1315 1027 1651 1099 preprietate
1678 1046 1777 1085 sua
1806 1032 1971 1087 ullam

355 1120 667 1175 ﬁrmitatem
695 1120 1000 1192 promeruit
1048 1120 1176 1175 Post
1236 1119 1447 1175 obitum
1487 1120 1677 1176 domni
1713 1121 1971 1179 Ludovici

355 1215 719 1285 imperatoris,
764 1212 941 1268 diviso
970 1228 1143 1287 regno
1173 1213 1320 1268 inter
1347 1212 1564 1281 fratres,
1592 1221 1646 1269 et
1674 1231 1809 1285 pace
1834 1216 1975 1271 facta

352 1306 499 1361 inter
528 1322 647 1370 eos,
682 1313 735 1360 et
762 1314 981 1360 mortuo
1018 1307 1253 1370 Athone,
1287 1305 1440 1360 dedit
1463 1306 1686 1363 Carolus
1743 1306 1973 1375 (Calvus)

354 1400 564 1454 Donato
580 1398 636 1453 in
667 1396 1003 1453 beneﬁcium
1030 1398 1411 1455 Novilliacum.
1448 1398 1714 1453 Processu
1734 1400 1977 1472 denique

351 1493 618 1563 temporis
649 1492 1080 1549 commendavit.
1139 1494 1384 1547 Donatus
1416 1491 1588 1547 ﬁlium
1614 1509 1775 1547 suum
1797 1494 1976 1548 Goze-

352 1583 462 1637 lum
491 1582 683 1636 Carolo
717 1581 854 1655 regi,
901 1580 988 1635 cui
1040 1581 1096 1635 in
1147 1580 1479 1635 beneﬁcium
1538 1582 1693 1637 dedit
1754 1581 1979 1637 Carolus

352 1675 535 1728 villam
587 1673 945 1729 Novilliacum
1001 1688 1126 1728 cum
1178 1672 1527 1743 appendiciis
1571 1674 1705 1727 suis.
1769 1674 1978 1729 Deinde

351 1764 637 1818 Landrada
668 1780 803 1818 uxor
835 1763 1051 1828 Donati,
1084 1763 1179 1818 sed
1240 1770 1295 1818 et
1326 1762 1426 1818 ﬁlii
1458 1780 1671 1828 eorum,
1707 1774 1977 1837 pergente

354 1852 545 1907 Carolo
577 1868 706 1925 rege
730 1852 796 1906 ad
825 1852 1167 1907 obsidendos
1198 1853 1563 1921 Normannos,
1586 1854 1681 1925 qui
1714 1855 1767 1909 in
1796 1856 1979 1910 insula

351 1958 475 2013 qua:
502 1941 758 1995 Oscelsus
790 1940 1014 2009 dicitur,
1077 1941 1414 2007 residebant,
1456 1959 1580 1997 cum
1606 1944 1728 1998 aliis
1751 1944 1978 2000 defece-
2004 1913 2051 1978 Β

351 2038 496 2085 runt.
521 2030 762 2095 Quorum
800 2030 1043 2085 honores
1075 2037 1129 2084 et
1160 2030 1527 2100 proprietates
1557 2047 1587 2085 a
1620 2032 1849 2088 Francis
1878 2050 1980 2089 au-

352 2118 504 2183 ferri,
538 2125 592 2172 et
617 2116 811 2173 ﬁscum
846 2118 1021 2191 redigi
1043 2117 1304 2185 judicatus
1323 2126 1471 2173 sunt.
1496 2119 1651 2174 Unde
1673 2120 1980 2188 Landrada,

353 2216 409 2263 et
438 2206 537 2262 ﬁlii
576 2208 697 2276 ejus
723 2214 952 2263 eatenus
1009 2207 1392 2263 auctoritatem
1445 2206 1621 2263 Caroli
1682 2208 1832 2282 regis
1872 2224 1983 2265 non

351 2297 735 2353 obtinuerunt.
770 2298 843 2352 De
874 2297 1076 2369 quibus
1108 2297 1276 2353 rebus
1301 2312 1448 2353 anno
1475 2314 1542 2352 xx
1576 2299 1733 2372 regni
1764 2300 1849 2354 sui
1881 2299 1981 2354 Ca-

355 2389 508 2444 rolus
530 2388 713 2443 villam
746 2388 989 2444 ﬁscalem
1051 2396 1325 2462 praecepto
1376 2405 1500 2457 suo,
1530 2391 1682 2462 quod
1713 2391 1982 2447 habemus

355 2479 651 2535 (trbaecnsi
684 2480 1221 2557 monasteriodedit.

427 2570 583 2625 Anno
612 2586 756 2625 xxxii
788 2570 943 2643 regni
1002 2569 1086 2624 sui
1118 2570 1267 2625 venit
1315 2571 1373 2624 D.
1401 2570 1626 2627 Carolus
1652 2586 1743 2627 rex
1766 2572 1979 2646 glorio-

356 2678 451 2717 sus
489 2662 543 2716 in
576 2662 861 2717 basilicam
892 2662 1065 2716 sancti
1108 2661 1366 2733 Remigii,
1391 2662 1487 2716 ubi
1538 2663 1781 2718 ostendit
1810 2663 1860 2717 ei
1893 2663 1978 2719 lo-

355 2768 481 2806 cum
511 2751 751 2822 sepulcri
803 2749 1152 2805 Carlomanni
1203 2749 1351 2822 regis
1392 2756 1448 2804 et
1504 2757 1780 2821 praecepta
1804 2750 1981 2821 ipsius

358 2840 703 2895 Carlomanni
725 2847 781 2895 et
811 2839 987 2895 Caroli
1010 2841 1095 2896 avi
1126 2841 1196 2895 de
1225 2840 1354 2894 villa
1404 2840 1725 2908 Novilliaco,
1776 2850 1830 2897 et
1867 2859 1975 2898 au-

355 2937 536 2985 ctores
563 2945 845 2986 sacrorum
868 2944 1165 2996 canonum,
1199 2929 1439 3000 qualiter
1482 2930 1746 2985 damnent
1802 2931 1979 3003 Spiri-

356 3028 443 3076 tus
471 3022 645 3076 sancti
680 3019 894 3089 judicio
920 3036 1017 3076 eos
1056 3022 1151 3092 qui
1178 3021 1562 3093 eleemosynas
1592 3022 1976 3081 defunctorum

360 3111 621 3178 retinent,
656 3122 710 3166 et
736 3111 989 3167 ecclesiis
1010 3112 1224 3167 tradere
1241 3113 1623 3180 demorantur,
1650 3115 1743 3186 qui
1774 3121 1831 3169 ut
1863 3113 1981 3168 inﬁ-

357 3201 511 3256 deles
540 3200 609 3256 ab
638 3202 879 3256 Ecclesia
904 3200 1228 3269 abjiciendi,
1252 3210 1307 3256 et
1331 3202 1489 3273 quasi
1523 3209 1783 3277 cgentum
1800 3220 1983 3277 peca-

360 3300 527 3360 tores,
569 3308 674 3347 nec
700 3292 993 3347 credentes
1019 3291 1290 3361 judicium
1309 3291 1426 3357 Dei,
1453 3291 1696 3346 habendi
1718 3291 1977 3360 judican-

359 3393 462 3440 tur.
525 3385 586 3439 Et
639 3386 841 3439 redidit
889 3393 1167 3457 praecepto
1230 3400 1344 3439 suae
1392 3382 1756 3451 auctoritatis,
1826 3384 1977 3455 quod

355 3480 646 3547 habemus,
677 3480 934 3535 Remensi
968 3479 1225 3535 Ecclesiae
1275 3479 1448 3551 ipsam
1479 3478 1662 3533 villam
1696 3496 1820 3535 cum
1853 3495 1976 3534 om-

354 3570 538 3636 nibus,
568 3572 636 3624 ad
667 3587 727 3626 se
754 3570 1181 3640 pertinentibus,
1215 3587 1379 3642 quam
1411 3568 1541 3625 tunc
1568 3571 1810 3625 Dernaus
1852 3577 1977 3642 post

353 3661 570 3717 fratrem
595 3680 753 3717 suum
785 3664 1090 3718 Rothanum
1120 3663 1176 3717 in
1200 3662 1473 3717 beneﬁcio
1493 3662 1756 3717 habebat.

424 3755 617 3809 Postea
649 3755 899 3826 pervenit
938 3756 1005 3809 ad
1054 3756 1175 3823 ejus
1242 3756 1490 3810 notitiam
1551 3756 1699 3827 quod
1753 3755 1975 3826 quidam

357 3845 611 3901 homines
632 3846 701 3899 de
732 3845 849 3917 ipsa
887 3846 1014 3900 villa
1044 3846 1342 3901 Novilliaco
1394 3864 1493 3918 per
1533 3846 1976 3918 subreptionem,

359 3941 465 3988 tam
496 3935 644 4005 apud
679 3942 884 4005 patrem
929 3952 1112 4003 suum,
1171 3952 1335 4007 quam
1366 3944 1422 3991 et
1468 3938 1615 4008 apud
1647 3953 1772 3992 eum
1811 3953 1897 3991 res
1926 3945 1982 3993 et

358 4027 636 4097 mancipia
698 4026 760 4082 in'
789 4028 1178 4099 proprietatem
1236 4030 1461 4084 obtenta
1518 4038 1795 4097 tenerent,
1832 4032 1978 4085 Lan-

358 4115 529 4170 drada
557 4116 768 4171 scilicet
823 4134 960 4171 uxor
1012 4117 1292 4187 quondam
1350 4119 1545 4173 Donati
1602 4119 1977 4187 Cuntbarinis,

360 4206 514 4281 llugo
539 4217 595 4264 et
621 4209 937 4275 Waltrudis,
970 4217 1024 4264 et
1056 4209 1387 4280 Elampodus
1417 4208 1563 4265 ﬁlius
1582 4211 1723 4281 ejus,
1746 4212 1979 4266 Rotber—

358 4305 465 4366 tus,
497 4307 551 4354 et
575 4301 732 4367 Doso,
774 4302 924 4355 misit
954 4318 1086 4357 suos
1115 4303 1312 4356 missos
1342 4303 1407 4356 ad
1439 4304 1541 4358 hoc
1560 4302 1975 4374 inquirendum,

359 4397 414 4445 et
443 4390 497 4443 in
529 4390 835 4461 quaestione
892 4390 1053 4456 facta,
1114 4398 1169 4445 et
1208 4390 1460 4457 veritate,
1493 4391 1632 4447 sicut
1684 4392 1734 4446 ei
1768 4392 1975 4447 dictum

2079 673 2371 730 venerunt,
2401 664 2483 719 sic
2514 672 2574 719 ut
2599 665 2811 720 banniti
2845 664 3088 728 fuerunt,
3116 666 3283 734 jussit
3315 675 3375 721 ut
3430 677 3705 740 przecepta

2079 752 2424 809 Carlomanni
2455 763 2511 809 et
2542 754 2740 819 Caroli,
2764 755 2863 810 sed
2891 762 2945 810 et
2966 772 3123 809 suum
3161 764 3494 826 praeceptum
3520 773 3702 812 coram

2076 850 2193 904 suis
2225 847 2480 905 ﬁdelibus
2506 851 2560 905 in
2590 851 2834 923 generali
2864 852 3066 921 placito
3095 867 3196 907 suo
3223 852 3372 922 apud
3408 852 3699 907 Duziacum

2074 940 2132 995 in
2158 940 2337 995 causis
2368 940 2629 1011 palatinis
2656 940 2978 1015 legerentur
3028 940 3181 995 Unde
3215 940 3408 996 lideles
3438 943 3695 1010 ejus,tani

2075 1036 2308 1091 comites
2337 1053 2500 1109 quam
2521 1038 2664 1091 vassi
2688 1037 2955 1092 dominici
2983 1053 3217 1108 quorum
3243 1037 3468 1093 no‘nina
3492 1038 3702 1109 scripta

2076 1130 2363 1197 habemus,
2413 1130 2510 1185 sed
2539 1139 2591 1185 et
2623 1128 2806 1184 caeteri
2834 1144 3050 1193 omnes,
3092 1129 3185 1200 qui
3220 1128 3537 1194 adfuerunt,
3571 1130 3703 1184 reli-

2076 1220 2179 1275 ctis
2218 1220 2426 1275 eisdem
2450 1219 2741 1291 praeceptis
2762 1218 3171 1287 judicaverunt,
3198 1225 3255 1272 ut
3277 1218 3600 1289 quicunque
3630 1218 3702 1272 de

2077 1309 2242 1363 rebus
2271 1318 2325 1363 et
2352 1307 2648 1378 mancipiis
2681 1307 2855 1378 ipsius
2888 1307 3029 1361 villze
3057 1306 3364 1372 Novilliaci,
3396 1322 3495 1377 per
3519 1306 3705 1375 cujus-

2079 1418 2296 1474 cunque
2337 1410 2697 1473 praeceptum,
2730 1402 2814 1456 vel
2847 1417 3185 1473 quocunque
3219 1401 3408 1466 modo,
3443 1408 3567 1472 post
3592 1402 3701 1457 do-

2081 1494 2365 1549 nationem
2397 1492 2770 1559 Carlomanni,
2802 1508 3048 1563 quacum
3078 1492 3710 1563 omnibusappendiciis

2079 1583 2222 1650 suis,
2254 1582 2340 1636 vel
2372 1597 2495 1636 cum
2522 1580 3038 1652 omniintcgritate,
3080 1579 3253 1651 ipsam
3288 1581 3470 1635 villam
3503 1582 3705 1637 Novit-

2080 1676 2300 1739 liacum,
2332 1675 2475 1729 sicut
2506 1685 2639 1729 tunc
2666 1674 2721 1727 in
2751 1672 2885 1728 ﬁsco
2908 1673 3129 1739 erat,ad
3145 1673 3439 1728 Ecclesiam
3474 1674 3707 1730 Remen-

2079 1782 2194 1820 sem
2220 1765 2466 1831 tradidit,
2530 1770 2743 1835 etpost
2799 1762 3279 1818 conﬁrmationem
3343 1763 3525 1819 fratris
3583 1765 3707 1836 ejus

2081 1860 2254 1916 Caroli
2285 1860 2340 1914 in
2386 1859 2776 1932 proprietatem
2832 1858 3090 1925 obtinuit,
3132 1858 3177 1911 si
3209 1860 3701 1914 commutationem

2081 1953 2376 2007 ostendere
2405 1967 2514 2007 non
2567 1957 2774 2021 posset,
2832 1949 3070 2020 qualiter
3115 1966 3223 2016 res,
3253 1957 3306 2004 et
3336 1951 3613 2021 mancipia
3637 1952 3706 2005 de

2082 2041 2200 2112 ipsa
2229 2056 2354 2095 casa
2386 2040 2477 2095 Dei
2500 2040 2649 2108 juste
2683 2046 2736 2093 et
2767 2038 3173 2093 rationabiliter
3202 2047 3537 2095 commutata
3567 2039 3708 2095 fuis-

2083 2142 2227 2203 sent,
2262 2135 2393 2207 quia
2424 2150 2535 2189 non
2594 2134 2665 2189 de
2694 2132 2826 2188 ﬁsco
2888 2134 3054 2207 regis,
3086 2133 3183 2188 sed
3213 2134 3283 2189 de
3313 2135 3712 2191 ecclesiasticis

2087 2231 2271 2299 rebus,
2305 2239 2358 2285 et
2389 2229 2683 2301 mancipiis
2705 2246 2805 2302 per
2827 2229 3186 2285 donationem
3218 2229 3477 2298 obtinuit,
3505 2230 3712 2303 utipsa

2083 2340 2171 2379 res
2225 2330 2279 2379 et
2334 2324 2633 2395 mancipia,
2667 2340 2790 2397 quae
2838 2324 2908 2379 de
2965 2322 3092 2378 villa
3135 2322 3437 2379 Novilliaco
3476 2324 3708 2379 obtenta

2081 2416 2324 2483 fuerunt,
2366 2416 2434 2471 ad
2466 2416 2640 2487 ipsam
2665 2432 2847 2471 casam
2868 2416 2962 2471 Dei
2996 2415 3437 2483 restituerentur,
3478 2415 3627 2471 sicut
3658 2417 3711 2471 in

2081 2516 2358 2581 praecepto
2390 2509 2753 2565 restitutionis
2782 2508 2957 2579 ipsius
3008 2508 3071 2562 D.
3129 2507 3323 2575 Caron,
3353 2507 3501 2579 quod
3532 2507 3712 2564 habe-

2081 2615 2223 2667 mus,
2258 2600 2479 2671 plenius
2508 2600 2844 2655 continetur.

2150 2695 2256 2750 Sed
2290 2694 2513 2766 quando
2544 2694 2603 2748 D.
2675 2692 2894 2748 Carolus
2951 2693 3177 2748 Romam
3240 2693 3503 2763 porrexit,
3532 2700 3585 2748 et
3648 2695 3706 2747 D.

2080 2785 2391 2841 Ludovicus
2451 2784 2619 2842 frater
2674 2785 2796 2854 ejus
2855 2784 2925 2839 ad
2992 2784 3325 2840 Attiniacum
3392 2785 3564 2852 venit,
3612 2802 3713 2857 per

2079 2876 2347 2948 quosdam
2380 2894 2443 2931 ex
2472 2876 2678 2932 nostris
2737 2874 2886 2945 apud
2932 2874 3193 2932 domnam
3223 2875 3532 2930 Ricbildem
3567 2877 3719 2951 regi-

2081 2984 2229 3034 nam,
2265 2974 2320 3022 et
2344 2967 2493 3039 apud
2546 2968 2608 3021 D.
2668 2966 3007 3022 Ludovicum
3063 2966 3236 3021 ﬁlium
3271 2968 3331 3020 D.
3365 2967 3543 3023 Caroli
3566 2970 3719 3043 regis

2081 3062 2441 3119 obtinuerunt
2471 3062 2663 3117 Donati
2710 3070 2764 3118 et
2818 3061 3118 3117 Landradae
3175 3060 3297 3125 ﬁlii,
3333 3070 3393 3117 ut
3431 3063 3561 3118 villa
3596 3064 3714 3120 No-

2081 3154 2357 3210 villiacum
2387 3170 2511 3210 cum
2533 3154 2649 3209 suis
2669 3153 3017 3225 appendiciis
3041 3154 3121 3208 eis
3143 3155 3710 3228 consignaretur,non

2010 3235 2432 3303 Cattendentes
2488 3245 2619 3316 quia
2683 3245 2830 3299 sicut
2896 3244 2951 3297 in
3014 3244 3271 3315 capitulis
3338 3245 3711 3319 Augustorum

2078 3339 2343 3411 scriptum
2379 3338 2631 3404 habetur,
2664 3338 2803 3393 tales
2830 3338 2898 3392 de
2925 3337 3073 3412 regis
3102 3339 3463 3409 proprietate,
3490 3347 3550 3395 ut
3581 3339 3715 3395 inﬁ-

2080 3429 2234 3484 deles
2263 3429 2551 3498 judicandi
2598 3436 2745 3494 sunt,
2774 3436 2829 3484 et
2858 3429 3164 3483 secundum
3199 3428 3351 3504 leges
3368 3430 3711 3486 ecclesiasti-

2082 3536 2173 3575 cas
2203 3521 2272 3574 de
2291 3521 2455 3574 rebus
2476 3518 2873 3574 ecclesiasticis
2894 3520 3171 3593 sacrilegii
3196 3521 3533 3591 judicantur.

2154 3611 2424 3665 chcrsus
2454 3619 2636 3666 autem
2672 3609 2731 3663 D.
2785 3610 3009 3664 Carolus
3050 3610 3346 3679 imperator
3379 3610 3581 3666 Remos
3613 3630 3711 3667 ve-

2080 3702 2265 3768 niens,
2301 3718 2425 3757 cum
2462 3702 2569 3756 tale
2604 3701 2807 3756 factum
2867 3700 3098 3765 audivit,
3130 3702 3263 3755 satis
3290 3701 3531 3775 graviter
3561 3704 3711 3768 tulit,

2080 3805 2134 3851 et
2165 3796 2313 3850 misit
2340 3811 2469 3851 suos
2492 3796 2691 3849 missos
2723 3794 2849 3865 :qui
2904 3794 3115 3849 scilicet
3149 3795 3350 3850 dictam
3384 3795 3568 3849 villam
3608 3797 3713 3850 Rc—

2085 3888 2258 3943 mensi
2290 3889 2545 3944 Ecclesize
2570 3895 2623 3942 et
2661 3888 2925 3943 advocato
2959 3894 3146 3943 nostro
3171 3887 3712 3953 restituerunt,sicut

2084 3978 2301 4049 plenius
2326 3978 2592 4049 scriptum
2621 3977 2916 4032 habemus.

2152 4110 2253 4162 Hic
2284 4108 2608 4177 sequebatur
2662 4108 2892 4176 epistola
2936 4108 3031 4161 hoc
3070 4106 3229 4161 titulo
3260 4122 3272 4158 :
3302 4104 3552 4177 WJoannis
3582 4107 3696 4161 Vlll

2082 4195 2238 4249 papze
2264 4176 2442 4247 jussio
2466 4178 2535 4232 de
2566 4178 2875 4233 ordinando
2909 4178 3172 4248 episcOpo
3200 4177 3254 4230 in
3297 4176 3538 4231 Ecclesia
3568 4178 3706 4233 Lau-

2082 4250 2318 4304 dunensi
2348 4256 2594 4303 vacante.
2625 4251 2797 4316 Quam
2826 4252 2957 4320 quia
3016 4250 3233 4302 schoh'is
3264 4251 3464 4301 nostris
3505 4250 3579 4302 ml
3607 4266 3701 4303 ca-

2079 4326 2175 4388 put
2204 4325 2513 4375 vicesimum
2539 4322 2849 4390 secundum,
2885 4322 3020 4374 libro
3041 4322 3219 4386 tertio,
3253 4321 3703 4388 inscrm’mus,hoc

2080 4395 2189 4447 loco
2216 4395 2704 4463 prmtcrmittimus.

1033 4685 1681 4775 DECRETUM
1773 4686 2123 4776 CLERI
2217 4687 3040 4778 LAUDUNENSIS

1530 4868 1609 4927 De
1650 4868 1984 4946 Hcdcnulfo
2028 4868 2205 4927 electo
2248 4870 2538 4947 episcopo.

1836 5057 2200 5066 .——————.

430 5174 661 5229 Domino
688 5174 1150 5230 reverendissimo
1191 5180 1245 5227 et
1295 5172 1643 5227 sanctissimo
1694 5171 2049 5246 lliscuaaoD
2081 5179 2298 5243 pastore
2330 5175 2623 5234 vacaverit.
2660 5190 2783 5229 cum
2840 5174 3064 5230 decreto
3107 5175 3418 5241 electionis,
3452 5173 3700 5249 singulo-

358 5264 797 5336 archiepiscopo,
830 5266 1157 5337 caeterisque
1207 5271 1405 5319 nostrm
1435 5263 1741 5319 tlltBCCSOOS
1771 5264 1979 5318 sanctis

365 5359 616 5415 Pata-ibus
645 5370 697 5416 et
727 5361 1030 5433 episcopis,
1063 5361 1241 5416 clerus
1259 5358 1637 5414 Laudunensis
1670 5375 1792 5413 cum
1813 5359 1980 5414 totius

367 5455 622 5524 parrecite
690 5457 944 5526 plebibus
1007 5464 1061 5511 et
1112 5457 1220 5511 sibi
1278 5455 1592 5523 conjunctis
1647 5454 1981 5525 praesulibus

365 5549 625 5595 aeternam
659 5542 712 5596 in
745 5543 974 5598 Domino
1001 5545 1128 5599 .lesu
1163 5544 1376 5601 Christo
1399 5544 1657 5607 salutem,
1679 5549 1732 5597 et
1763 5558 1975 5612 pacem.

436 5631 727 5688 Canonicis
758 5634 963 5706 regulis
984 5644 1038 5691 et
1063 5636 1381 5705 apostolicis
1401 5635 1841 5691 institutionibus
1873 5644 1984 5689 sta-

368 5729 543 5778 tutum
576 5740 697 5779 esse
754 5724 1070 5791 recolimus,
1114 5734 1171 5781 ut
1209 5727 1428 5798 quoties
1468 5726 1728 5798 quaelibet
1791 5726 1984 5780 civitas

367 5811 672 5868 ministerio
695 5810 1024 5882 pOntiﬁcalis
1051 5814 1333 5885 dignitatis
1355 5814 1613 5880 caruerit.
1647 5814 1984 5887 preprioque

2081 5281 2199 5318 rum
2234 5264 2535 5335 petentium
2594 5264 2854 5320 manibus
2904 5266 3188 5331 roborato,
3217 5266 3695 5336 metrOpolitanum

2080 5356 2233 5410 adire
2266 5356 2587 5426 pontiﬁcem
2620 5356 2881 5422 debeant,
2913 5371 2977 5409 ac
2996 5356 3065 5409 de
3088 5355 3473 5409 substituendo
3503 5354 3556 5407 in
3582 5354 3696 5407 loco

2081 5444 2201 5511 ejus
2235 5444 2328 5515 qui
2362 5445 2601 5498 decessit
2624 5452 2843 5515 pastore
2879 5443 3149 5515 petitione
3180 5443 3417 5514 supplici
3448 5457 3695 5498 commo-

2084 5551 2218 5589 nerc
2253 5552 2266 5591 :
2299 5542 2572 5606 quatenus
2599 5540 2651 5589 et
2680 5533 2873 5587 civitas
2920 5532 3293 5587 sollicitudine
3327 5532 3589 5602 pastorali
3612 5530 3698 5584 dc-

2084 5627 2272 5683 stituta
2308 5627 2532 5699 preprio
2564 5632 2924 5697 recuperetur
2954 5622 3235 5695 pontiﬁce,
3298 5631 3351 5677 et
3409 5624 3503 5695 qui
3554 5621 3698 5678 ordi-

2086 5721 2303 5775 nandus
2332 5727 2415 5774 est
2441 5718 2736 5793 gratiosius
2765 5717 2938 5788 possit
2964 5714 3404 5780 accedereﬂuia
3419 5716 3507 5770 cui
3541 5713 3699 5768 debet

2084 5809 2430 5867 abomnibus
2459 5809 2699 5881 obcdiri,
2743 5807 2933 5880 utique
2987 5807 3155 5863 debet
3209 5813 3261 5861 ct
3324 5805 3393 5860 ab
3448 5806 3698 5861 omnibus
