3874 6402
124 380 260 433 413
1658 386 2008 441 APPENDIX.

1948 387 2008 441 X.
3404 385 3510 438 414

125 505 287 581 eligi
318 523 332 561 :
375 522 443 562 ne
471 508 669 563 civitas
692 523 800 564 non
840 515 1085 579 Optatum
1128 511 1473 581 episc0pum,
1520 522 1614 568 aut
1646 528 1782 568 con-
1802 517 1858 585 Α
1879 512 2081 587 gimus,
2108 528 2207 582 per
2238 526 2433 565 manus
2460 518 2689 577 vestras,
2713 526 2777 565 ac
2807 517 3129 564 czeterorum
3150 514 3344 563 vestrae
3371 506 3512 563 dice’
3542 579 3552 589 .

131 607 390 669 temnat,
452 610 546 657 aut
585 603 785 667 oderit,
840 615 896 660 et
945 604 1037 660 ﬁat
1067 606 1248 661 minus
1303 608 1561 683 religiosa
1616 625 1780 682 quam

131 696 440 762 convenit,
475 696 562 750 cui
588 712 698 751 non
732 697 883 752 licuit
915 699 1120 755 habere
1151 716 1314 773 quem
1340 702 1534 758 voluit.
1571 702 1630 756 Hi
1653 719 1783 759 vero

131 791 251 862 qui
282 791 588 845 ordinaturi
620 801 770 859 sunt,
805 794 859 848 in
888 810 1052 866 quem
1085 796 1344 863 viderint,
1377 798 1627 853 omnium
1658 805 1784 853 vota

136 897 181 949 p
194 880 495 950 repensius
522 883 883 949 concordare,
912 885 1163 954 protinus
1193 885 1534 958 liberiusque
1563 887 1640 941 illi
1664 903 1787 942 ma-

135 986 265 1025 nus
293 970 583 1041 imponere
616 972 848 1042 possint.

227 1062 578 1133 Quapropter
614 1080 739 1118 cum
781 1065 1003 1121 decreto
1046 1073 1245 1122 nostrae
1284 1067 1576 1122 electionis
1612 1069 1790 1124 mani-

136 1155 265 1209 bus
304 1155 649 1231 singulorum
681 1165 865 1213 nostro
898 1157 1253 1213 corroborato
1285 1158 1353 1213 ad
1404 1158 1785 1230 paternitatem

137 1251 399 1299 vestram
443 1246 809 1313 accedentes,
861 1246 1228 1302 Hedenulfum
1286 1248 1541 1303 Ecclesiae
1589 1256 1790 1303 nostrm

136 1336 359 1404 ﬁlium,
399 1346 454 1392 et
500 1338 555 1392 in
603 1339 846 1395 Ecclesia
884 1347 1069 1396 nostra
1118 1339 1547 1412 suffragantibus
1578 1340 1791 1411 stipen—

136 1426 376 1480 diorum
408 1427 625 1482 meritis
650 1429 716 1483 ad
740 1445 882 1485 onus
905 1446 1079 1501 usque
1106 1430 1449 1485 sacerdotale
1475 1437 1785 1501 promotum

135 1517 268 1571 vita
306 1523 364 1589 et
402 1518 674 1585 moribus,
717 1534 782 1573 ac
829 1524 1017 1572 sancta
1050 1519 1471 1574 conversatione
1523 1519 1786 1573 idoneum

136 1609 546 1679 approlatum,
596 1626 760 1681 quem
796 1627 895 1680 per
942 1610 1219 1664 licentiam
1262 1617 1520 1676 vestram,
1573 1610 1789 1664 favente

143 1700 629 1756 Cluistianissimo
676 1702 1010 1773 imperatore
1069 1702 1284 1769 Carolo,
1338 1703 1456 1773 pari
1513 1716 1790 1758 consensu

1884 618 2077 659 ceseos
2104 609 2420 657 sanctorum
2450 602 2840 672 episcOporum
2869 605 3204 669 consecrari,
3238 603 3511 673 nobisque

1885 706 1939 753 et
1970 699 2218 753 ecclesiae
2247 704 2447 752 nostra:
2484 698 2768 752 doctorem
2802 705 2966 769 atque
3000 697 3317 770 pontiﬁcem
3351 695 3509 752 insti-

1886 788 1962 843 tui
2004 787 2385 858 imploramus,
2447 803 2759 855 precamur,
2819 778 2884 841 ac
2932 786 3192 857 petimus.
3249 785 3515 861 Eligimus

1888 889 2072 936 autem
2112 894 2237 933 eum
2281 878 2442 931 nobis
2490 878 2607 932 fore
2654 884 2952 948 pastorem,
2997 894 3162 948 quem
3194 877 3513 949 apostolicae

1890 968 2098 1035 formae,
2132 982 2241 1037 qua
2275 967 2600 1037 episcOpum
2632 973 2886 1021 ornatum
2938 967 2990 1019 Β.
3031 967 3230 1021 Paulus
3260 982 3383 1020 esse
3410 966 3512 1021 de-

1891 1063 2021 1118 bere
2073 1063 2435 1129 demonstrat,
2469 1076 2797 1134 congruerc,
2839 1066 2892 1114 et
2937 1059 3108 1113 sacris
3139 1075 3249 1113 non
3290 1058 3513 1113 obviare

1892 1156 2219 1222 canonibus,
2271 1156 2468 1211 Christi
2527 1154 2699 1229 gratia
2761 1158 3099 1224 coeperante
3162 1149 3511 1206 conﬁdimus.

1892 1247 2120 1303 Oramus
2173 1257 2416 1304 sanctam
2485 1247 2868 1319 paternitatem
2934 1252 3167 1299 vestram
3232 1259 3381 1298 nunc
3459 1249 3516 1297 ct

1892 1359 2115 1413 semper
2144 1344 2199 1398 in
2240 1343 2453 1399 Christo
2478 1343 2620 1397 bene
2648 1341 2849 1396 valere.

1962 1434 2151 1488 Actum
2198 1449 2229 1484 v
2280 1431 2506 1489 Kalend.
2541 1429 2763 1501 Aprilis,
2797 1428 2853 1483 in
2898 1426 3126 1482 basilica
3155 1432 3357 1481 sanctae
3400 1424 3513 1480 Ma-

1893 1522 2008 1589 rize,
2060 1522 2347 1597 genitricis
2389 1521 2483 1575 Dei
2540 1528 2595 1574 et
2644 1519 2860 1574 Domini
2901 1518 3070 1573 nostri
3108 1517 3238 1572 Jesu
3290 1514 3512 1581 Christi,

1892 1628 2038 1665 anno
2090 1611 2485 1665 incarnationis
2530 1609 2747 1663 Domini
2782 1609 2953 1663 nestri
2983 1608 3112 1662 Jesu
3160 1606 3355 1660 Christi
3383 1604 3510 1669 8'77,

1895 1702 2051 1776 regni
2080 1702 2268 1756 domni
2297 1701 2470 1757 Caroli
2511 1698 2861 1772 imperatoris
2891 1715 3090 1765 xxxvii,
3132 1714 3193 1752 ac
3225 1697 3441 1769 imperii
3473 1715 3511 1765 ι,

142 1811 220 1849 ac
246 1796 513 1851 concordi
549 1797 869 1864 devotione,
898 1804 1062 1869 atque
1092 1797 1356 1852 unanima
1378 1797 1657 1853 voluntate
1693 1796 1794 1851 eli-
1822 1776 1866 1842 Β
1897 1796 2201 1852 indictione
2230 1814 2298 1851 ix.

1059 2074 1440 2150 INCERTI,
1487 2074 1647 2138 SED
1690 2074 2060 2149 ANTIQUI
2105 2074 2617 2139 SCRIPTORIS

652 2238 937 2316 Ejusdem
994 2239 1267 2300 Ecclesiae
1313 2240 1617 2300 Remensis
1673 2242 1982 2314 canonici,
2034 2243 2145 2318 qui
2198 2240 2599 2302 Flodoardum
2652 2242 3029 2304 breviavemt

742 2395 1563 2491 APPENDICULA
1600 2396 2200 2486 HISTORI/E
2235 2372 2961 2487 FLODOARDI'

221 2747 504 2802 Hactenus
524 2745 594 2800 de
617 2744 988 2801 Remensibus
1016 2745 1455 2817 archiepiscOpis
1474 2745 1780 2800 secundum

149 2842 513 2898 traditionem
573 2840 887 2896 Flodoardi.
945 2843 1226 2914 quomodo
1271 2858 1414 2896 unus
1454 2848 1576 2913 post
1614 2844 1779 2898 alium

142 2936 414 3003 surrexit,
448 2936 821 2992 narrationem
845 2937 1197 3009 digessimus.
1231 2938 1388 2994 Nunc
1417 2955 1547 2994 vero
1579 2939 1646 2996 de
1669 2955 1783 2995 cte-

1883 2747 1952 2801 de
1983 2747 2153 2819 stirpe
2183 2747 2307 2815 ejus
2337 2748 2485 2803 illam
2520 2756 2896 2820 pervaserant,
2926 2755 2980 2805 et
3012 2748 3354 2805 hiereditatis
3387 2750 3515 2820 jure

1884 2840 2033 2895 illam
2064 2840 2168 2896 sibi
2201 2840 2488 2896 vindicare
2518 2842 2793 2897 volebant.
2829 2844 3065 2906 Quorum
3099 2840 3246 2896 nisui
3278 2856 3515 2896 venera-

1882 2931 2011 2985 bilis
2044 2932 2402 3002 archiprzesul
2435 2931 2741 2999 Odalricus,
2775 2939 2835 2986 ut
2864 2933 2947 2987 vir
2976 2933 3176 2988 nobilis
3203 2938 3257 2987 et
3288 2940 3511 3005 potens,

143 3030 286 3085 teris
329 3028 426 3100 qui
472 3036 599 3099 post
631 3028 918 3084 Flodoardi
974 3030 1270 3085 decessum
1302 3030 1651 3094 exstiterunt,
1692 3047 1778 3085 se-
1808 3044 1856 3111 C
1882 3026 2115 3081 viriliter
2146 3027 2368 3094 restitit,
2400 3034 2455 3082 et
2473 3029 2789 3099 praedictam
2817 3028 3018 3082 vallem
3051 3028 3118 3082 ad
3135 3028 3227 3096 jus
3257 3027 3515 3083 Ecclesia:

142 3118 397 3173 cundum
429 3118 582 3189 quod
628 3134 658 3172 a
688 3119 992 3187 majoribus
1022 3120 1356 3187 audivimus,
1390 3137 1489 3175 seu
1539 3121 1689 3193 quod
1725 3122 1780 3175 in

141 3208 399 3280 antiquis
431 3204 976 3279 chartisreperimus.
1000 3210 1311 3281 epitulante
1333 3210 1468 3279 Deo,
1494 3212 1781 3283 prazlibato

140 3301 307 3371 Operi
336 3301 721 3356 adnectemus.
774 3300 1040 3356 Praefatus
1083 3302 1360 3369 Artoldus,
1395 3303 1464 3357 de
1509 3303 1667 3372 cujus
1692 3304 1782 3358 de-

142 3409 314 3448 cessu
358 3392 415 3446 in
466 3391 611 3447 libro
656 3392 945 3448 Flodoardi
993 3393 1133 3447 nihil
1191 3394 1445 3460 habetur,
1502 3394 1777 3449 abbatiam

141 3484 325 3539 sancti
353 3484 650 3550 Timothei,
682 3499 804 3555 quae
832 3499 1009 3555 usque
1039 3485 1107 3539 ad
1138 3485 1273 3541 illud
1295 3493 1515 3558 tempus
1550 3488 1781 3542 Remen-

141 3581 291 3634 sium
348 3579 738 3651 episcoporum
785 3579 1091 3646 exstiterat,
1146 3588 1338 3635 sancto
1387 3580 1657 3654 Remigio,
1708 3581 1776 3635 de

144 3679 314 3747 cujus
349 3676 608 3732 coenobio
634 3674 949 3746 assumptus
969 3674 1167 3739 fuerat,
1200 3676 1451 3731 contulit.
1475 3676 1571 3730 Hic
1591 3684 1775 3730 autem

144 3789 273 3827 cum
326 3788 429 3843 per
454 3770 678 3847 triginta
707 3786 886 3826 annos
912 3770 967 3824 in
1006 3770 1177 3825 multa
1206 3771 1556 3837 adversitate,
1602 3777 1656 3825 et
1683 3770 1782 3824 ali-

145 3863 382 3937 quando
429 3863 483 3916 in
516 3861 936 3933 tranquillitate,
968 3861 1299 3916 Remensem
1331 3861 1615 3917 dimccsim
1671 3878 1781 3936 gu-

146 3958 466 4021 bernasset,
498 3955 769 4009 universae
789 3955 971 4009 carnis
996 3954 1137 4008 viam
1170 3953 1281 4009 ﬁne
1314 3954 1463 4009 bono
1496 3954 1783 4028 ingressus

145 4059 252 4106 est.
289 4050 407 4115 Quo
438 4049 723 4115 defuncto,
763 4049 1002 4104 domnus
1034 4048 1340 4114 Odalricus,
1373 4049 1455 4103 vir
1487 4048 1687 4103 nobilis
1730 4056 1785 4104 et

146 4145 426 4198 honestus
467 4140 783 4212 pontiﬁcale
799 4156 944 4195 onus
958 4139 1230 4210 suscepit;
1257 4140 1325 4193 de
1346 4140 1505 4208 cujus
1521 4140 1785 4210 Operibus

151 4254 334 4311 pauca
363 4237 510 4309 apud
544 4254 647 4292 nos
668 4242 1027 4291 monumenta
1059 4235 1345 4290 habentur.
1380 4235 1575 4306 Liquet
1601 4242 1784 4290 tamen

1885 3116 2177 3171 Remensis
2223 3117 2451 3172 liberam
2506 3118 2800 3173 revocavit.
2854 3117 3009 3182 Quod
3061 3123 3119 3171 ut
3162 3126 3511 3188 posterorum

1884 3208 2096 3262 notitia:
2128 3208 2476 3262 manifestius
2508 3206 2622 3273 ﬁat,
2656 3208 2932 3279 pra-dicite
2950 3207 3107 3262 vallis
3128 3208 3510 3276 donationem,

1884 3304 1938 3351 et
1969 3298 2045 3352 rei
2079 3306 2250 3369 gestae
2304 3299 2567 3370 scriptum
2599 3298 2923 3355 memoriale
2980 3299 3107 3354 huic
3138 3300 3355 3374 paginae
3382 3299 3515 3354 assi-

1886 3384 2140 3442 gnemus.

1955 3548 1983 3573 α
2025 3524 2307 3599 ῐηίγρι-δὶξ
2327 3542 2468 3599 pene
2490 3526 2660 3581 totius
2686 3527 2928 3583 Francize
2958 3528 3286 3599 primatibus
3318 3527 3513 3599 liquet,

1880 3597 2167 3670 Hugonem
2182 3597 2355 3670 nobili
2372 3598 2628 3668 prosapia
2642 3597 2971 3669 genitum,in
2988 3600 3166 3670 primo
3182 3597 3518 3665 ﬁorcjuvcn-

1883 3669 2034 3735 tutis,
2055 3684 2183 3740 cum,
2201 3669 2369 3723 sciret
2388 3670 2492 3723 sibi
2514 3670 2903 3740 supervenisse
2917 3669 2998 3724 ab
3012 3671 3119 3725 hoc
3138 3671 3340 3725 saeculo
3366 3670 3515 3724 diem

1883 3739 2241 3811 egressionis,
2278 3740 2405 3794 licet
2436 3756 2549 3796 suae
2580 3739 2921 3795 Conditionis
2956 3741 3229 3810 plurimos
3261 3741 3515 3796 invenire

1885 3818 2073 3882 posset
2127 3812 2499 3881 heredipetas,
2557 3812 2728 3866 Deum
2780 3819 2893 3866 toto
2949 3812 3152 3866 mentis
3197 3812 3513 3877 conamine,

1884 3883 2120 3963 ejusque
2150 3888 2465 3963 sanctosex
2499 3882 2829 3963 patrimonio
2879 3882 3078 3963 fecisse
3109 3883 3382 3963 haeredes.
3413 3884 3513 3963 Qui

1885 3954 1947 4027 in
1966 3953 2145 4027 primo
2171 3969 2284 4008 suae
2333 3953 2975 4027 dispositionisiexordio
3022 3954 3196 4027 beatae
3228 3953 3320 4007 Dei
3352 3954 3513 4027 geni-

1886 4024 2687 4099 tricis,‘semperquevirginis
2727 4025 2925 4099 Mariae,
2962 4025 3206 4079 Dominae
3233 4040 3296 4099 ac
3322 4024 3516 4099 domi:

1885 4096 2109 4150 natricis
2160 4103 2361 4167 nostrae
2434 4096 2756 4167 praesidium
2808 4097 3096 4156 invocans.
3155 4096 3384 4150 tradidit
3445 4096 3513 4150 ad

1887 4182 2134 4239 mensam
2180 4166 2445 4233 fratrum,
2486 4170 2595 4222 Deo
2623 4168 2855 4239 ejusque
2897 4170 3235 4223 intemeratae
3273 4167 3426 4221 Matri
3458 4168 3515 4223 in

1890 4234 2135 4292 Ecclesia
2182 4239 2438 4293 Remensi
2485 4234 2680 4293 devote
2722 4234 3124 4302 famulantium,
3187 4245 3514 4309 potestatem

145 4309 284 4401 quia
312 4328 455 4399 ipse,
490 4327 745 4382 Ecclesiae
780 4328 1034 4382 Remensi
1069 4327 1251 4381 villam
1279 4327 1661 4382 Vindenissam
1689 4328 1785 4381 de-
1816 4309 2185 4435 Dﬂuamdam
2239 4310 2395 4365 vanis
2436 4310 2764 4384 Βοάίὲξίοηίδ
2813 4326 2843 4363 ³
2898 4310 3073 4392 ΓίΥῑΠο
3130 4326 3227 4379 Per
3267 4310 3514 4391 ῐηθάίιιεη

285 4421 323 4435 ..
511 4420 520 4429 .
623 4419 636 4435 .
966 4420 978 4435 .
1119 4418 1145 4435 ,.
1189 4420 1220 4429 ..
1258 4421 1267 4430 .
1591 4429 1600 4435 ,
1676 4421 1711 4435 ..
1927 4387 2215 4434 ecurrente
2244 4381 2409 4435 vulgo
2440 4389 2835 4435 nuncunatam.
2860 4390 2918 4435 ut
2950 4397 3003 4435 in
3035 4382 3231 4435 eadem
3264 4380 3514 4435 Ecclesia

146 4422 250 4475 dit.
285 4421 389 4475 Pro
436 4420 595 4487 cujus
623 4418 916 4493 largitione
966 4418 1224 4474 beneﬁcii
1256 4421 1310 4474 in
1368 4429 1645 4477 conventu
1676 4421 1782 4476 Re-

146 4512 333 4568 mensi
365 4512 635 4567 memoria
662 4512 782 4580 ejus
811 4513 1095 4566 annuatim
1129 4513 1406 4568 recolitur.
1445 4516 1567 4585 Ipso
1613 4515 1779 4571 etiam

148 4605 268 4667 die,
315 4619 417 4673 pro
447 4603 646 4657 animae
679 4603 801 4672 ejus
828 4604 1099 4673 remedio,
1141 4605 1332 4680 viginti
1366 4615 1602 4678 quatuor
1645 4626 1778 4680 pau—

150 4693 383 4766 peribus
435 4691 638 4767 singuli
698 4709 889 4762 panes,
943 4695 1283 4767 totidemque
1339 4697 1454 4752 vini
1510 4707 1781 4767 metretas,

148 4788 359 4862 singnli
419 4788 585 4842 etiam
618 4788 831 4842 denarii
878 4789 1306 4845 distribuuntur.
1340 4790 1603 4847 Przedicta
1651 4810 1783 4850 vero

147 4885 281 4939 villa
314 4884 369 4938 in
422 4890 567 4937 terra
598 4882 816 4937 comitis
864 4883 1294 4956 Registestensis
1323 4886 1424 4941 sita
1483 4893 1586 4954 est,
1619 4904 1782 4959 quam

150 4980 320 5034 modo
352 4994 544 5033 comes
575 4977 831 5032 Guiterus
864 4978 1113 5047 nomine,
1143 4980 1245 5034 sub
1275 4964 1532 5036 trecensu
1563 4982 1785 5057 triginta

149 5070 457 5125 solidorum
493 5075 663 5123 tenet.
708 5068 877 5124 Porro
904 5076 1323 5125 antecessorum
1368 5088 1592 5128 suorum
1647 5082 1784 5129 tem-

152 5176 308 5231 pore,
342 5173 444 5231 pro
467 5158 901 5214 commutatione
922 5159 1172 5227 ejusdem
1200 5161 1363 5226 villae,
1389 5163 1624 5233 plurima
1642 5164 1787 5220 bona

152 5251 413 5307 Ecclesia;
445 5249 709 5304 Remensi
762 5250 959 5305 collata
1008 5250 1265 5321 fuerunt;
1318 5255 1468 5326 quod
1505 5255 1561 5309 in
1591 5256 1784 5312 subse-

150 5348 453 5421 quentibus
481 5347 701 5418 plenius
730 5348 1112 5419 exponemus!
1138 5349 1202 5402 At
1228 5364 1359 5404 vero
1398 5349 1658 5420 praefatus
1685 5366 1784 5406 an-

151 5446 304 5501 tistes
334 5443 627 5500 Odalricus
656 5459 755 5514 pro
784 5444 1017 5499 utilitate
1048 5445 1360 5501 commissze
1391 5445 1495 5500 sibi
1527 5445 1783 5502 Ecclesiae

150 5538 393 5592 ﬁdeliter
413 5536 708 5602 laboravit,
740 5537 1089 5608 maximeque
1113 5552 1212 5608 pro
1244 5537 1594 5593 restitutione
1627 5537 1785 5592 vallis

153 5631 501 5705 Rodigionis,
536 5647 703 5701 qnam
738 5632 891 5707 llugo
932 5632 1080 5687 ﬁlius
1124 5633 1323 5708 Rogeri
1356 5634 1573 5689 comitis
1603 5632 1785 5689 Eccle-

153 5722 245 5781 sia:
293 5721 561 5779 Remcnsi
611 5722 932 5791 donaverat,
974 5725 1071 5779 sed
1111 5725 1337 5797 quidam
1397 5726 1783 5783 malefactores

1927 4387 2215 4434 ecurrente
2244 4381 2409 4446 vulgo
2440 4380 2835 4446 nuncupatam,
2860 4390 2918 4436 ut
2950 4382 3003 4435 in
3035 4382 3231 4435 eadem
3264 4380 3514 4436 Ecclesia

1888 4399 2215 4434 uecurrente
2244 4399 2334 4435 Vlll
2377 4399 2409 4435 o
2440 4399 2625 4435 nuncu
2670 4399 2835 4446 aram,
2860 4399 2918 4436 ιιι
2950 4399 3003 4435 ιη
3035 4399 3231 4435 eadem
3264 4399 3514 4436 Ecclesia

1886 4451 2061 4521 ipsius
2092 4452 2252 4506 bona:
2284 4399 2488 4507 inﬁolis
2513 4452 2614 4506 viri
2632 4400 2936 4506 haberetur
2964 4451 3234 4507 memoria
3281 4452 3433 4507 Unde
3461 4458 3517 4507 et

1885 4529 2010 4602 post
2053 4521 2174 4590 ejus
2205 4523 2411 4602 exitum
2441 4522 2669 4602 grandis
2710 4523 3212 4602 altercationhabita
3257 4530 3341 4602 est
3371 4522 3518 4602 inter

1886 4593 2062 4662 ipsam
2118 4593 2411 4648 ecclesiam
2445 4593 2499 4648 et
2552 4594 2822 4664 quosdam
2876 4594 3087 4664 praefati
3141 4594 3371 4648 illustris
3414 4594 3514 4648 viri

1887 4670 2198 4734 parentum.
2234 4665 2443 4728 Quibus
2470 4665 2831 4719 vehementer
2862 4664 3150 4719 resistente
3191 4665 3420 4719 domino
3450 4681 3516 4719 ac

1886 4734 2193 4789 venerabili
2230 4736 2483 4791 Odalrico
2514 4736 2781 4802 antistite,
2814 4751 3007 4791 eorum
3034 4736 3413 4791 controversia
3445 4736 3512 4789 ad

1886 4806 2119 4878 nihilum
2148 4808 2368 4878 redacta
2392 4807 2447 4860 in
2470 4808 2622 4861 nullo
2653 4808 2830 4877 potuit
2860 4805 3153 4878 proﬁcere.
3172 4808 3517 4878 Quapropter

1886 4892 1996 4931 non
2021 4877 2298 4948 immerito
2321 4877 2439 4933 ﬁeri
2469 4878 2635 4933 debet
2662 4877 2900 4944 censeri,
2932 4895 2976 4932 SI
3007 4878 3156 4933 illius
3187 4877 3514 4948 cujusquam

1889 4947 2212 5020 prepaginis
2243 4949 2603 5019 petitionibus
2633 4951 3087 5006 accommodatur
3106 4949 3255 5003 auris
3302 4947 3512 5004 Idcirco

1889 5025 2079 5073 notum
2121 5020 2191 5073 sit
2231 5021 2492 5075 omnibus
2540 5022 2927 5086 praesentibus,
2980 5020 3189 5075 scilicet
3230 5036 3295 5075 ac
3320 5020 3516 5074 futuris

1888 5096 2090 5144 sanctas
2121 5090 2411 5147 Remensis
2441 5090 2698 5149 Ecclesia:
2738 5092 3041 5153 canonicis,
3073 5092 3381 5157 monachis,
3414 5091 3513 5145 lai-

1889 5160 1990 5225 cis,
2022 5162 2109 5234 vel
2173 5162 2477 5229 nobilibus,
2510 5163 2656 5234 ‘quia
2702 5164 2876 5234 ipsius
2928 5163 3232 5217 venerandi
3261 5162 3510 5233 episcopi

1889 5232 2093 5305 neptis,
2127 5234 2351 5288 nomine
2385 5232 2592 5296 Emma,
2615 5232 2809 5289 adiens
2840 5235 3190 5304 praesentiam
3225 5232 3517 5305 praedicto—

1890 5319 2011 5357 rum
2041 5302 2291 5373 fratrum,
2320 5306 2475 5375 petiit
2504 5306 2607 5359 sibi
2640 5306 2757 5359 dari
2780 5302 3030 5359 eamdem
3052 5302 3381 5375 potestatem
3409 5306 3513 5360 sub

1888 5389 2061 5448 censu
2094 5375 2286 5448 decem
2320 5376 2623 5448 solidorum
2650 5377 3004 5448 denariorum
3034 5377 3090 5430 in
3122 5376 3513 5448 Assnmptione

1885 5444 1940 5498 S.
1985 5444 2163 5499 Mariae
2206 5447 2695 5515 persolvendorum
2743 5447 2966 5502 duobus
2994 5464 3171 5503 necne
3225 5444 3355 5503 ﬁliis
3413 5451 3510 5502 Ar-

1886 5515 2048 5589 nulfog
2095 5517 2467 5589 etOdalrico,
2513 5524 2571 5571 ut
2599 5518 2853 5589 quisquis
2884 5535 3074 5574 eorum
3115 5518 3315 5574 aﬁ'ectu
3369 5520 3508 5574 dile-

1885 5586 2083 5660 ctionis
2109 5587 2188 5660 illi
2238 5588 2588 5660 amicabilius
2618 5586 3095 5660 ‘0btemperaverit
3140 5591 3341 5646 diebus
3382 5591 3507 5647 vitae

1885 5673 2021 5724 sute,
2054 5658 2109 5712 in
2140 5658 2456 5713 haereditate
2485 5662 2787 5716 succedere
2808 5658 3030 5727 debeat,
3059 5664 3146 5718 his
3170 5663 3238 5717 ad
3266 5661 3508 5717 indomi-

1884 5735 2070 5784 natum
2122 5730 2509 5801 praedictorum
2582 5731 2809 5788 fratrum
2865 5735 3117 5801 retentis,
3176 5731 3503 5790 mansiomle
