3874 6464
361 510 468 565 415
506 512 527 524 ⁵

1226 511 1310 564 ΑΙ)
1355 507 1718 564 HISTORIAM
1758 507 2089 564 REMENSIS
2130 507 2461 564 ECCLESUE
2498 508 2846 564 APPENDIX.

140 47 2820 153 —.———————~——-—~—~_

3614 511 3722 567 416

366 637 642 711 Seviv'aldi
681 638 851 711 curtis
895 644 1243 711 nuncupato,
1281 653 1406 711 cum
1431 636 1600 711 _silva
1659 643 1715 691 et
1767 636 1996 711 dimidio
2022 640 2073 709 Α
2101 617 2527 711 adhaerentibus.
2561 637 2619 692 in
2675 652 2888 711 manus
2909 650 3102 711 eorum
3134 652 3235 708 pro
3289 637 3483 711 debito
3507 638 3724 711 legibus

366 709 547 766 brolio
587 711 657 765 ad
697 710 880 780 ipsum
910 707 1253 779 aspiciente:
1298 708 1371 762 ita
1414 708 1723 780 duntaxat"
1754 715 1815 762 ut
1844 707 1998 778 porci

370 780 426 835 in
455 780 654 836 eodem
684 778 1019 836 mansionile
1043 780 1381 852 degentium,
1416 786 1470 852 et
1491 779 1569 833 illi
1600 778 1694 850 qui
1717 794 2003 852 cumpor-

372 852 455 906 cis
484 853 879 908 canonicorum
923 849 1428 921 Itemensium,qui
1460 856 1587 904 sunt
1623 849 1808 905 tamen
1842 849 2002 903 fami-

372 922 588 978 liarium
646 939 856 987 eorum,
906 922 1037 975 illuc
1092 922 1238 975 ducti
1301 920 1524 987 fuerint,
1583 921 1790 976 fructus
1834 921 2001 992 sylvas

371 993 695 1065 depaseant,
737 993 1058 1065 hominibus
1091 1007 1313 1065 quoque
1352 999 1503 1047 extra
1542 999 1870 1065 potestatem
1903 993 2003 1048 de-

369 1063 631 1148 gentibus
665 1082 697 1148 ε.
729 1065 798 1148 de
840 1064 1053 1148 reliquo
1097 1063 1238 1143 vero
1256 1063 1489 1148 licenter
1535 1063 1688 1148 salva
1729 1070 1999 1143 potestate

371 1134 577 1192 faceret
615 1135 780 1206 veluti
811 1135 897 1206 de
954 1134 1197 1206 proprio.
1257 1134 1422 1203 Cujus
1463 1134 1720 1190 voluntas
1769 1134 1997 1206 cumtin

366 1207 520 1287 nullo
549 1204 1240 1287 rationabiliter'refragari
1270 1213 1478 1277 posset,
1506 1206 1655 1287 quod
1686 1205 2000 1287 postulabat

367 1278 608 1334 obtinuit
659 1278 861 1331 factum
896 1292 1025 1332 vero
1076 1276 1277 1331 litteris
1302 1276 1586 1332 memorim
1622 1277 1866 1332 tradidit.
1897 1276 1997 1330 Ac-

370 1357 486 1423 tum
544 1347 737 1423 Remis
776 1364 931 1423 anno
972 1364 1072 1423 _X_IV
1111 1349 1385 1423 _Lothario
1435 1365 1587 1423 rege,
1645 1348 2000 1423 episcopatus

370 1420 562 1475 domni
608 1419 845 1491 Odalriei
877 1419 1283 1491 archiepiscopi
1343 1418 1525 1475 sexto?
1552 1420 1734 1473 Sancti
1766 1418 1999 1491 Odalrici

374 1490 824 1562 archiepiscopi,
893 1491 1051 1557 cujus
1090 1491 1314 1545 licentia
1368 1498 1531 1562 atque
1575 1506 1848 1545 consensu
1898 1490 2003 1562 hoc

371 1560 637 1633 scriptum
690 1560 894 1616 factum
948 1569 1051 1627 est,
1102 1577 1211 1632 quo
1269 1567 1323 1616 et
1372 1560 1493 1633 ipse
1550 1578 1717 1616 manu
1778 1561 1999 1633 propria

370 1632 637 1759 tirmavit,
687 1633 1054 1704 manibusque
1085 1632 1353 1689 nobilium
1383 1632 1623 1689 virorum
1654 1632 1998 1689 corroborari

392 1713 520 1759 CCII.
568 1726 588 1754 ι

392 1705 520 1760 'ccit.
568 1726 588 1754 ι

439 1832 667 1887 Ριιαδΐδίο
718 1832 971 1888 Odalrico
1004 1840 1130 1904 post
1181 1838 1393 1903 septem
1427 1833 1671 1904 suscepti
1711 1833 2000 1908 regiminis

2102 709 2170 764 ad
2198 709 2595 781 possidendum
2624 709 2833 781 redeat.
2866 708 2921 781 Si
2947 708 3072 780 quis
3100 724 3251 772 vero,
3283 710 3430 781 quod
3462 708 3592 764 fore
3612 725 3721 765 non

2100 780 2364 843 creditur,
2422 780 2703 851 precariae,
2741 780 2832 835 isti
2872 780 2929 835 in
2966 787 3247 850 posterum
3304 780 3587 836 ullatenus
3617 782 3721 836 ad-

2097 851 2304 906 versari
2329 850 2643 917 tentaverit,
2672 850 2751 904 illi
2782 851 3062 906 temeritas
3085 851 3248 905 stulta
3270 867 3495 921 prorsus
3524 852 3725 906 existat

2100 922 2283 977 inanis
2313 929 2368 976 et
2397 922 2570 987 irrita,
2593 929 2648 976 et
2672 922 2752 976 sic
2781 922 2899 977 haec
2929 922 3123 977 eadem
3152 923 3417 992 precaria,
3452 923 3723 990 majorum

2100 994 2427 1067 auctoritate
2473 993 2775 1067 constituta
2822 993 3093 1067 legaliter,
3153 1004 3376 1067 maneat
3420 994 3636 1067 stabilis
3673 1001 3726 1048 et

2101 1062 2278 1131 ﬁrma,
2338 1064 2430 1118 tali
2489 1064 2747 1119 videlicet
2795 1062 3141 1127 conditione,
3199 1065 3244 1119 si
3299 1064 3391 1118 ille
3446 1065 3728 1119 Manasses

2102 1150 2297 1191 omnes
2324 1151 2413 1189 res
2443 1135 2566 1207 illas
2604 1151 2634 1189 e
2662 1142 2871 1207 contra
2923 1135 3167 1207 redditas
3186 1135 3310 1207 jure
3342 1136 3529 1207 quieto
3560 1135 3729 1190 stabi-

2104 1207 2228 1261 liter
2268 1206 2552 1261 canonicis
2592 1206 2946 1260 solidaverit:
3004 1206 3249 1277 alioquin
3281 1214 3373 1260 aut
3408 1207 3494 1260 his
3525 1206 3728 1261 similia

2101 1278 2316 1338 reddat.
2349 1286 2444 1333 aut
2484 1278 2769 1332 Remensis
2808 1277 3052 1332 Ecclesia
3090 1279 3237 1348 quod
3268 1293 3426 1331 suum
3470 1284 3555 1332 est
3578 1278 3728 1345 juste

2104 1349 2347 1420 recipiat.
2382 1350 2570 1403 Actum
2605 1348 2787 1403 Remis
2830 1349 2887 1404 in
2918 1349 3050 1403 sede
3078 1366 3172 1402 VIII
3223 1348 3352 1403 ldus
3375 1349 3726 1413 Novembris,

2102 1436 2249 1475 anno
2279 1436 2350 1474 xx
2391 1427 2657 1492 regnante
2687 1420 2893 1474 domno
2937 1420 3363 1492 Lethariorege
3393 1420 3727 1492 Francorum

2104 1508 2183 1559 1).,
2213 1490 2566 1562 episcOpatus
2616 1498 2801 1545 autem
2846 1491 3035 1546 domni
3073 1490 3435 1562 Adalberonis
3486 1507 3561 1546 IV.
3617 1491 3728 1562 D_o-

2101 1560 2266 1643 mnus
2337 1560 2608 1617 Adalbero
2664 1562 3021 1633 archiprzesul
3089 1561 3417 1632 subscripsit
3449 1603 3463 1629 ,
3520 1568 3576 1616 et
3636 1560 3730 1616 ﬁr-

2099 1642 2283 1689 mavit.
2332 1656 2358 1680 »ι

2172 1746 2289 1801 Alia
2321 1761 2547 1817 quoque
2584 1745 2878 1801 conventio
2910 1746 2979 1799 de
3009 1744 3138 1800 villa
3182 1743 3412 1799 Virtutis
3454 1744 3599 1798 inter
3628 1743 3730 1798 He-

2100 1837 2365 1892 ribertum
2408 1836 2665 1891 comitem
2719 1842 2773 1890 et
2810 1836 3110 1891 canonicos
3140 1834 3443 1889 Remenses
3472 1840 3727 1905 tempore

367 1938 547 1977 annos
577 1922 646 1975 ad
687 1929 873 1993 patres
918 1937 1050 1976 suos
1101 1921 1378 1991 apposilO,
1425 1921 1661 1975 domnus
1705 1922 1995 1989 AdelberO,
2022 1961 2072 2028 Β
2102 1928 2314 1999 praifati
2345 1927 2711 1982 Adalberonis
2762 1927 3007 1982 stabilita
3059 1926 3380 1997 fuit.}§cujus
3436 1926 3725 1993 memoria,

368 2011 585 2066 Henriei
615 2011 835 2066 comitis
881 2009 1047 2065 frater
1104 2011 1172 2065 de
1213 2019 1356 2064 terra
1415 2010 1878 2073 Lothariensium,
1927 2011 1994 2064 ad

367 2103 745 2176 pontiﬁcalem
788 2102 1127 2169 cathedram,
1183 2102 1372 2157 favore
1413 2108 1467 2156 et
1518 2102 1865 2174 providentia
1894 2103 1999 2158 Lo-

369 2196 533 2250 tharii
566 2195 734 2270 regis,
754 2201 1067 2266 assumptus
1090 2200 1189 2249 est.
1223 2193 1323 2258 Qui
1350 2193 1628 2265 siquidem
1658 2194 1743 2248 vir
1772 2194 1996 2262 nobilis,

367 2291 659 2345 honestate
689 2303 906 2342 morum
938 2287 1294 2357 conspicuus,
1327 2294 1381 2341 et
1412 2286 1802 2343 ecclesiasticis
1831 2287 1998 2341 disci-

369 2377 538 2448 plinis
560 2376 861 2443 institutus,
881 2377 1205 2452 religionem
1230 2376 1520 2431 Remensis
1550 2376 1812 2431 Ecclesiae
1831 2376 1997 2431 nimis

370 2475 701 2547 tepefactam
727 2476 781 2529 in
810 2475 1018 2531 bonum
1041 2475 1314 2545 reparavit
1344 2481 1569 2540 statum,
1588 2480 1641 2528 et
1667 2472 2000 2530 utilitatibus

371 2566 509 2622 inibi
543 2567 651 2621 Deo
705 2566 1065 2621 servientium
1123 2566 1417 2620 instantem
1459 2579 1685 2635 operam
1745 2562 1900 2617 dedit
1946 2567 2001 2616 et

371 2660 699 2729 impensam.
731 2659 824 2714 llic
846 2659 1011 2713 etiam
1046 2658 1393 2713 Mosomense
1423 2655 1739 2711 czenobium
1772 2670 1802 2708 a
1831 2652 1999 2724 priori

374 2750 640 2826 dignitate
673 2750 989 2821 prolapsum
1022 2750 1078 2804 in
1117 2748 1483 2803 monasticum
1524 2746 1776 2802 ordinem
1827 2742 2001 2799 refor-

375 2847 564 2913 mavit,
615 2845 977 2916 ejusdemque
1018 2841 1428 2898 reformationis
1469 2850 1738 2903 tenorem,
1779 2853 1849 2892 ne
1905 2852 2005 2907 per

375 2935 733 2992 succedentia
760 2942 1005 3005 tempora
1026 2934 1429 2999 immutaretur,
1460 2929 1781 3001 hujusmodi
1811 2937 2004 2984 aucto-

378 3029 558 3083 ritatis
580 3042 695 3082 suae
724 3026 1015 3099 privilegio
1043 3023 1409 3080 conﬁrmavit.

447 3119 723 3175 Adalbero
798 3118 986 3172 divina
1051 3116 1387 3189 propitiante
1444 3113 1741 3170 clementia
1804 3121 2008 3168 sanctis

378 3212 667 3269 Bernensis
698 3211 957 3266 Ecclesiae
999 3209 1475 3281 archiepiscopus.
1524 3207 1723 3263 Notum
1752 3204 1866 3272 fiat,
1900 3211 2004 3260 etc.

377 3307 611 3375 Reliqua
636 3305 761 3359 uide
790 3306 849 3358 in
879 3304 1222 3359 Adalberone
1281 3302 1430 3357 EDIT.
1465 3301 1697 3356 Pnaou.

451 3395 621 3465 Hujus
647 3396 810 3451 etiam
851 3395 1216 3451 Adalberonis
1257 3402 1507 3466 tempore
1539 3392 1609 3447 de
1639 3390 1770 3448 villa
1795 3390 2005 3445 Vinde-

376 3484 529 3540 nissa
558 3484 702 3538 inter
731 3483 1019 3539 Manassen
1050 3484 1309 3539 comitem
1351 3489 1405 3537 et
1435 3480 1733 3538 canonicos
1763 3478 2004 3534 Remen-

380 3594 471 3634 ses
497 3578 791 3635 conventio
822 3577 947 3633 talis
987 3577 1126 3633 facta
1167 3577 1286 3632 fuit.

451 3732 478 3763 (ι
522 3715 583 3768 In
630 3715 856 3769 nomine
900 3713 1093 3783 patris,
1154 3719 1209 3768 et
1254 3713 1396 3777 Filii,
1441 3720 1496 3768 et
1539 3712 1772 3783 Spiritus
1803 3712 1997 3767 sancti.

381 3784 579 3856 Notum
628 3785 722 3856 ﬁat
752 3784 1011 3841 omnibus
1064 3793 1172 3840 tam
1207 3784 1599 3856 praesentibus,
1642 3800 1806 3855 quam
1840 3784 2004 3839 etiam

383 3855 581 3911 futuris
622 3855 901 3924 fidelibus,
958 3856 1104 3924 quod
1149 3855 1428 3910 manasses
1472 3856 1633 3909 miles
1672 3862 2007 3924 potestatem

385 3928 557 3993 illam,
587 3945 712 3999 quae
752 3928 952 3983 dicitur
977 3925 1335 3989 Vindenissa.
1377 3925 1735 3999 ateauonicis
1758 3927 2003 3999 Remen-

387 3999 467 4053 sis
524 3996 805 4065 Ecclesiae,
856 3999 1073 4054 favente
1128 4015 1353 4070 quoque
1401 3998 1606 4054 domno
1639 3996 2010 4070 tAdalherone

387 4070 825 4151 archipontiﬁee,
865 4077 1035 4151 totam
1075 4069 1208 4151 sibi,
1259 4069 1487 4151 Sumque
1526 4069 1747 4151 conjugi
1786 4069 2010 4151 Oidclae,

391 4140 636 4212 exceptis
686 4142 851 4197 etiam
896 4141 1153 4197 ecclesiis
1208 4140 1600 4197 canonicorum
1644 4140 1839 4195 usibus
1888 4140 2013 4209 jure

390 4212 622 4267 dominii
654 4213 968 4276 reservatis,
1010 4213 1159 4268 salva
1196 4228 1375 4267 rerum
1416 4212 1871 4278 commutatione,
1914 4229 2015 4282 per

389 4284 690 4364 precariam
724 4283 1023 4339 efﬁcaciter
1060 4283 1381 4364 obtinuerit:
1418 4283 1579 4338 Dedit
1606 4283 1793 4363 itaque
1821 4290 2011 4364 contra

389 4354 536 4409 idem
570 4355 852 4410 Manasses
881 4355 1219 4424 competenti
1251 4355 1417 4409 modo
1446 4354 1837 4408 canonicorum
1869 4355 2011 4424 parti

388 4426 650 4498 quicquid
709 4426 1033 4498 possidebat
1080 4426 1135 4479 in
1188 4426 1318 4498 villa
1381 4424 1700 4498 Iencauda,
1771 4425 1875 4481 hoc
1929 4432 2011 4480 est

386 4496 613 4553 mansos
636 4514 689 4552 IX
711 4496 775 4552 et
794 4497 1198 4562 molendinum,
1228 4503 1281 4551 et
1303 4496 1359 4550 in
1381 4496 1645 4550 Verniaco
1673 4511 1897 4551 mansos
1913 4514 2009 4550 vm

390 4575 444 4623 et
472 4569 788 4633 dimidium,
822 4577 876 4623 et
906 4568 961 4622 in
990 4568 1118 4622 villa
1165 4567 1465 4624 Colummis
1492 4567 1629 4621 alias
1669 4567 1808 4622 duas
1840 4568 1894 4621 in
1927 4583 2011 4623 co-

391 4639 582 4694 mitatu
610 4639 866 4694 Remensi
917 4639 1089 4694 Aliam
1108 4647 1293 4695 autem
1309 4638 1493 4694 villam
1515 4637 1742 4693 nomine
1759 4638 2008 4707 Loeium,

390 4709 447 4764 in
488 4727 595 4782 qua
626 4712 981 4766 continentur
1009 4711 1187 4766 mansi
1220 4729 1295 4766 vn
1326 4718 1382 4766 et
1411 4710 1696 4775 dimidius,
1730 4717 1785 4764 et
1814 4716 2005 4781 quarta

390 4798 520 4854 una,
574 4792 804 4854 excepto
853 4782 1250 4839 indominicato
1294 4797 1511 4848 manso,
1545 4788 1607 4854 et
1642 4788 1835 4853 quarta
1885 4797 2009 4851 pars

391 4853 676 4920 Ecclesize,
712 4852 949 4924 pratum,
996 4854 1373 4919 molendinus,
1413 4861 1469 4909 et
1513 4852 1647 4907 silva
1668 4852 1801 4907 cum
1841 4869 2006 4906 man-

390 4924 553 4996 cipiis
608 4932 897 4996 utriusque
957 4941 1120 4996 sexus
1173 4940 1409 4996 numero
1462 4941 1581 4978 LXXI
1631 4924 1688 4996 in
1746 4924 2008 4996 comitatu

392 4994 696 5051 Gatricensi
745 4994 914 5065 super
943 4995 1171 5051 fluvium
1203 4996 1339 5050 Bair.
1389 4995 1497 5049 Sed
1531 5002 1584 5049 et
1628 4994 1684 5049 in
1713 4995 1844 5049 villa
1887 5010 2008 5066 quae

391 5066 594 5122 dicitur
621 5067 851 5132 Eccleis,
880 5066 1019 5122 duas
1048 5074 1231 5137 partes
1261 5067 1330 5121 de
1354 5066 1626 5137 ecclesia,
1659 5073 1712 5119 et
1738 5065 2008 5137 quidquid

383 5137 529 5205 juris
560 5138 793 5193 habetur
842 5140 895 5194 in
929 5155 1015 5205 ea,
1043 5136 1222 5191 mansi
1267 5136 1479 5192 scilicet
1506 5154 1538 5189 v
1568 5136 1782 5206 pratum
1814 5136 2009 5203 unum,

392 5225 516 5280 cum
546 5210 706 5265 terris
743 5216 800 5265 et
823 5209 1116 5280 mancipiis
1157 5208 1443 5280 utriusque
1474 5222 1637 5280 sexus
1664 5208 1719 5261 in
1752 5208 2011 5280 comitatu

394 5278 652 5334 Porcensi
684 5299 697 5335 :
753 5298 819 5337 ea
843 5278 1103 5337 videlicet
1157 5278 1367 5335 ratione
1398 5278 1726 5337 altrinsecus
1768 5278 2008 5334 stabilita

397 5348 712 5423 hujusmodi
742 5353 1013 5423 precaria,
1044 5358 1104 5406 ut
1129 5349 1580 5423 iidemcanonici
1612 5365 1709 5420 pro
1728 5358 2007 5422 respectu,

398 5428 454 5472 et
501 5421 761 5476 vestitura
812 5424 1155 5479 Tencaudam
1210 5428 1264 5477 et
1309 5422 1635 5477 Varniacum
1694 5421 1858 5476 manu
1912 5438 2011 5477 sua

400 5496 644 5568 teneant,
665 5500 870 5568 caetero
885 5510 1016 5549 vero
1038 5504 1148 5549 tam
1170 5496 1499 5568 ipse,_quam
1515 5509 1623 5568 _sua
1643 5493 1844 5568 conjux
1872 5509 2012 5564 prae-

400 5559 568 5623 dicta,
599 5576 720 5635 enm
769 5565 963 5635 eadem
996 5559 1266 5635 potestate
1293 5559 1643 5629 Vindenissa,
1677 5559 2012 5619 in‘sua'tan-

325 5692 335 5701 _
403 5632 688 5710 tummodo
730 5633 848 5710 vita
876 5632 1063 5710 libera
1106 5636 1361 5710 facultate
1417 5636 1521 5689 sibi
1562 5642 1799 5710 teneant
1849 5642 2014 5710 atque

404 5701 749 5774 possideant.
794 5704 891 5757 Ubi
944 5722 1078 5762 vero
1131 5708 1299 5761 rebus
1349 5707 1606 5761 humanis
1658 5701 2012 5774 excesserint,

404 5779 576 5848 totum
621 5772 755 5848 illud
778 5788 851 5848 _ex
874 5774 1093 5848 integro
1122 5778 1413 5847 praedium,
1456 5778 1705 5848 precario
1736 5778 1881 5833 datis
1907 5772 2018 5833 scii-

407 5842 536 5897 Iicet
563 5842 747 5907 rebus,
777 5842 1079 5901 inviolabili
1094 5842 1218 5916 jure
1242 5848 1377 5903 sorti
1401 5842 1796 5904 canonicorum
1815 5849 2020 5925 jugiter

2094 2512 2453 2578 industriam,
2479 2510 2743 2582 quoniam

2098 2037 2167 2075 ne
2187 2020 2346 2076 senio
2367 2027 2678 2091 temporum
2700 2019 3105 2086 obliteraretur,
3128 2018 3221 2073 tali
3243 2017 3449 2089 scripto
3470 2017 3727 2073 roborata

2096 2111 2217 2166 fuit.

2176 2250 2196 2276 ι
2241 2227 2301 2281 In
2341 2226 2567 2298 nomine
2600 2233 2803 2298 sanctae
2836 2232 2887 2298 et
2945 2224 3245 2298 individuae
3275 2223 3584 2298 Trinitatis,
3623 2239 3729 2298 ego

2098 2298 2287 2354 Leudo
2328 2298 2383 2351 S.
2423 2297 2717 2352 Remorum
2752 2296 3010 2352 Ecclesiae
3051 2295 3402 2367 praepositus,
3435 2294 3731 2367 omnisque

2099 2370 2352 2438 ejusdem
2414 2368 2518 2423 loci
2573 2369 2966 2423 canonicorum
3027 2366 3734 2440 congregatio.tNolumus

2101 2436 2270 2495 latere
2328 2440 2573 2495 omnium
2632 2449 2737 2494 tam
2797 2436 3165 2509 praesentium
3204 2436 3367 2509 quam
3424 2436 3733 2509 futurorum

2819 2511 3089 2565 eribertus
3109 2507 3297 2564 comes
3327 2516 3527 2563 nostrae
3550 2507 3736 2561 humi-

2100 2583 2272 2637 litatis
2301 2578 2902 2652 adiens'conspectum,
2925 2581 3083 2651 petiit
3106 2581 3223 2634 dari
3253 2596 3284 2634 a
3312 2579 3474 2634 nobis
3500 2578 3736 2652 sibitno—

2104 2655 2202 2709 stri
2227 2654 2366 2723 juris
2396 2669 2516 2707 eam
2568 2650 2691 2724 quae
2723 2650 2937 2724 dicitur:
2951 2652 3080 2706 villa
3109 2652 3369 2724 Virtutis,
3390 2666 3553 2721 quam
3583 2650 3738 2724 _ipse

2103 2725 2207 2780 sibi
2229 2720 2302 2779 ex
2336 2720 2663 2795 pervasione
2704 2722 3022 2777 vindicabat
3052 2740 3065 2775 :
3110 2739 3177 2777 ea
3205 2722 3465 2795 videlicet
3494 2720 3736 2785 ratione,

2103 2804 2164 2851 ut
2192 2812 2290 2867 pro
2320 2792 2721 2867 vestitutnobis
2750 2795 2818 2867 _a_d
2851 2808 3098 2867 praesens
3128 2809 3194 2847 ex
3249 2808 3314 2847 ea
3365 2792 3738 2846 retineremus

2103 2864 2326 2921 mansos
2355 2866 2495 2919 duos
2536 2864 2852 2933 ingenuiles
2880 2871 2933 2917 et
2962 2864 3211 2925 vestitos,
3245 2872 3303 2917 et
3339 2878 3439 2933 pro
3473 2869 3740 2932 respectu

2107 2937 2392 2992 annuatim
2442 2933 2755 3004 persolvere
2790 2934 2984 2988 libram
3042 2950 3216 3004 unam,
3240 2933 3602 3004 denariorum
3634 2934 3742 2986 Re-

2106 3007 2320 3064 mensis
2366 3002 2604 3077 moneta:
2652 3004 2944 3060 festivitate
2994 3004 3167 3077 sancti
3210 3002 3446 3077 Remigii
3492 3003 3740 3077 tKalend.

2109 3078 2361 3134 Octobris
2393 3078 2450 3131 in
2479 3076 2682 3131 diebus
2722 3083 2928 3130 tantum
2961 3075 3086 3130 vitae
3133 3090 3267 3139 sure,
3300 3074 3539 3128 seclusis
3570 3090 3745 3129 uxore

2108 3167 2226 3211 sua,
2257 3159 2312 3203 et
2340 3147 2666 3214 infantibus,
2699 3146 3028 3217 cunctisque
3062 3145 3372 3217 haeredibus
3401 3145 3536 3200 suis.
3573 3145 3749 3215 Cujus

2110 3221 2365 3293 petitioni
2427 3219 2674 3293 faventes
2707 3260 2720 3285 ,
2780 3234 2902 3293 _cum
2953 3217 3107 3293 omni
3157 3216 3391 3271 consilio
3432 3224 3503 3293 _et
3556 3223 3689 3272 voto
3727 3258 3743 3282 ,

2112 3288 2498 3347 concessimus
2537 3290 2615 3344 illi
2658 3289 2935 3360 prmfatam
2988 3289 3195 3353 villam,
3237 3288 3543 3360 secundum
3593 3303 3747 3360 prece

2110 3365 2369 3435 scriptam
2403 3362 2472 3416 ab
2504 3357 2683 3435 eoque
2712 3360 3134 3435 determinatam
3181 3358 3470 3435 rationem.
3504 3357 3659 3422 Quod
3678 3359 3746 3435 _si

2106 3436 2175 3490 de
2203 3429 2375 3508 censu
2400 3429 2693 3508 negligens
2724 3431 3019 3508 exstiterit,
3053 3437 3108 3485 et
3137 3430 3432 3508 emendare
3465 3429 3742 3508 renucrit.

2105 3500 2512 3561 usumfructurn
2543 3500 2775 3559 amittat.
2827 3502 2889 3556 Et
2918 3508 2978 3556 ut
3005 3501 3257 3556 securius
3300 3501 3352 3554 in
3379 3500 3582 3555 diebus
3612 3500 3745 3555 vitaa

2105 3593 2218 3634 suae
2248 3576 2503 3648 praefatas
2554 3573 2978 3648 respossidere
2997 3574 3196 3637 valeat,
3247 3579 3395 3648 post_
3422 3570 3740 3648 discessum

2105 3666 2236 3705 vero
2248 3641 2382 3717 'ejus
2404 3641 2859 3718 praenominatam
2889 3644 3072 3718 villam
3106 3659 3227 3698 cum
3248 3641 3396 3718 omni
3422 3642 3742 3712 integritate

2108 3714 2313 3776 nostris
2355 3714 2550 3774 usibus
2578 3716 2825 3788 recipere
2865 3714 3468 3788 valeamus,_sancitum
3506 3720 3591 3766 est
3621 3728 3740 3788 non

2108 3792 2290 3848 solum
2334 3807 2365 3844 a
2392 3789 2579 3854 nobis,
2608 3784 2802 3842 verum
2859 3786 3025 3841 etiam
3063 3785 3133 3839 ab
3164 3785 3279 3845 illo.
3327 3791 3388 3839 ut
3416 3799 3587 3854 super
3629 3784 3739 3838 hoc

2109 3862 2333 3936 negotio
2364 3860 2699 3936 faceremus
2727 3874 2851 3913 cum
2894 3858 3261 3936 chirographo
3298 3854 3602 3936 mentionis
3631 3854 3737 3908 de-

2109 3927 2342 3999 crevtum,
2372 3932 2643 3987 addentes
2687 3927 3127 3999 insuper,rut'si
3183 3927 3739 3999 quazlibetpersona

2114 4015 2239 4077 post
2281 3996 2547 4077 vitaetsuae
2580 3996 2878 4077 terminum
2923 3998 3158 4077 aliquam
3191 3996 3351 4077 nobis
3398 3996 3606 4077 inferre
3641 4012 3739 4077 co-

2114 4068 2275 4132 natus
2290 4075 2458 4130 fuerit
2478 4071 2923 4143 inquietudinem
2946 4068 3032 4125 vel
3061 4069 3411 4143 injustitiam,
3432 4068 3541 4143 sub
3555 4068 3739 4143 mate-

2114 4147 2395 4211 dictionis,
2428 4154 2484 4200 et
2522 4138 2885 4199 ahathematis
2923 4140 3497 4211 excommunicatione
3531 4138 3741 4211 insolu-

2113 4220 2298 4275 biliter
2322 4210 2616 4271 adstrictus
2641 4214 2956 4279 damnetur,
2989 4211 3103 4279 ﬁat,
3136 4211 3249 4278 ﬁat,
3283 4210 3395 4282 ﬁat,
3428 4210 3482 4264 S.
3516 4210 3736 4282 signum

2113 4289 2330 4347 Domini
2387 4286 2747 4342 Adalberonis
2803 4283 3207 4355 archiepiscopi
3259 4280 3640 4338 conﬁrmantis
3682 4286 3736 4335 et

2111 4359 2510 4419 consentientis
2576 4380 2601 4405 η

2184 4479 2316 4535 Cum
2366 4475 2532 4551 igitur
2588 4478 3041 4545 prazmemoratus
3094 4469 3364 4526 Adalbero
3395 4468 3728 4523 Remensem

2112 4575 2395 4634 dimcesim
2425 4588 2525 4644 per
2552 4571 2743 4626 decem
2771 4576 2824 4625 et
2851 4585 3048 4625 novem
3081 4584 3260 4623 annos
3287 4565 3521 4621 viriliter
3535 4565 3735 4640 guber-

2115 4676 2323 4736 nasset,
2356 4674 2411 4723 et
2453 4667 2699 4722 honestae
2732 4662 3169 4719 conversationis
3199 4662 3319 4730 ejus
3358 4659 3511 4714 bona
3542 4659 3733 4730 Opinio

2027 4746 2087 4818 Ῑ)
2115 4767 2547 4836 circumquaque
2584 4758 3007 4826 diffunderetur,
3050 4756 3119 4812 ad
3161 4756 3414 4811 ultimum
3446 4754 3734 4809 confectus

2110 4859 2268 4915 senio
2309 4857 2417 4911 ﬁne
2466 4855 2615 4911 bono
2647 4854 2792 4908 diem
2850 4852 3103 4907 ultimum
3151 4850 3365 4917 clausit,
3417 4862 3731 4919 corpusque

2110 4951 2230 5020 ejus
2282 4947 2339 5003 in
2366 4946 2602 5003 ecclesia
2638 4944 2854 5015 majori,
2913 4943 3016 4998 sub
3046 4940 3203 4997 altari
3235 4939 3383 5012 quod
3429 4938 3486 4993 in
3518 4938 3729 4993 honore

2110 5049 2315 5097 sanctae
2344 5039 2523 5094 crucis
2576 5041 2955 5092 consecratum
3007 5040 3090 5089 est
3134 5030 3426 5102 sepulturae
3471 5027 3728 5082 traditum

2112 5138 2215 5194 fuit
2240 5155 2255 5204 ;
2298 5134 2454 5207 cujus
2479 5132 2827 5204 epitaphium
2854 5130 2910 5184 in
2942 5128 3131 5184 tabulo
3154 5142 3298 5183 aerea
3323 5123 3520 5180 litteris
3549 5121 3732 5178 aureis

2114 5233 2478 5304 descriptum,
2509 5229 2616 5284 tale
2639 5227 2819 5283 adhuc
2849 5230 3153 5298 permanet.

2171 5370 2461 5423 Contulerat
2494 5374 2676 5417 natura
2706 5376 2904 5428 parens,
2938 5371 3278 5428 quaatsnmnta
3298 5352 3512 5418 putavit.

2175 5420 2253 5484 Ᾰᾶ
2266 5420 2439 5481 ίπιιετὶιί
2460 5420 2725 5479 cumulum
2751 5425 2857 5482 tibi,
2885 5420 3066 5484 priesul
3098 5420 3364 5484 Adalbero,
3389 5430 3509 5484 _culn
3531 5422 3579 5465 te

2130 5494 2138 5502 ’
2173 5478 2497 5547 lines—tantem
2518 5490 2710 5541 cunctis
2733 5478 3028 5537 mortalibus
3057 5482 3262 5547 abstulit
3294 5478 3420 5530 orbi.

2173 5545 2357 5620 Quinta
2378 5556 2485 5607 dies
2507 5552 2762 5604 fundentis
2792 5564 2947 5615 aquas
2971 5562 3085 5598 cum
3111 5545 3331 5610 pondere
3360 5554 3545 5592 rerum.

2114 5664 2227 5719 Nec
2279 5656 2724 5733 prietereundum
2754 5669 2881 5710 reor
2931 5651 3080 5723 quod
3108 5648 3259 5704 omni
3290 5661 3437 5702 anno
3485 5643 3608 5698 dies
3628 5642 3727 5697 de-

2116 5755 2417 5812 functionis
2441 5756 2561 5825 ejus
2587 5748 2980 5808 venerabiliter
3000 5743 3277 5809 recolitur,
3301 5748 3357 5796 ct
3381 5739 3731 5809 eleemosyna

2120 5848 2301 5919 panis,
2332 5854 2388 5901 et
2417 5846 2529 5900 vini
2570 5843 2795 5914 cepiosa
2840 5836 3181 5911 pauperibus
3210 5831 3578 5898 distribuitur,
3612 5842 3729 5900 qua)
