3874 6456
170 476 285 531 417

902 477 1269 533 FLODOARDI
1310 477 1613 534 CANONICI
1655 479 1986 536 REMENSIS
2026 480 2345 538 ANNAIJES.
2379 512 2448 521 —
2487 480 2813 536 MONITUM.
2860 516 2865 523 -

3421 480 3528 535 418

169 603 533 675 eleemosyna
597 603 925 660 Mandatum
988 606 1353 663 Adalberom's
1415 616 1768 679 nuncupatur
1790 648 1802 663 .
1829 619 1883 686 Α
1909 627 2061 666 mera
2092 610 2350 666 frumenti
2381 629 2452 678 ιν,
2486 611 2554 666 de
2610 611 2811 667 horreo
2861 607 3259 663 indominicato
3288 623 3527 665 annonae

171 696 478 751 Sciendum
508 711 734 769 quoque
784 703 868 752 est
898 698 1180 769 quomodo
1239 698 1400 754 istius
1429 699 1801 771 eleemosynze

172 798 434 863 sumptus
464 800 812 863 praeparetur
843 809 857 846 :
890 793 1149 849 videlicet
1197 794 1266 849 de
1287 795 1453 850 domo
1485 811 1609 867 quae
1633 811 1805 851 voca-

174 890 260 938 tur
293 883 582 955 Hospitale
613 900 923 956 pauperum
966 901 1204 943 annona
1245 887 1464 943 sextarii
1510 904 1581 954 ιν,
1614 887 1686 943 de
1715 903 1811 943 cae

1910 700 2130 756 modius
2159 717 2324 767 unus,
2358 707 2412 755 et
2435 700 2622 755 vinum
2654 699 2805 771 quod
2835 697 3096 755 sufficiat.

1985 796 2151 851 Plura
2216 811 2323 849 non
2375 799 2529 849 erant
2584 796 2645 847 in
2672 794 2851 847 codice
2890 794 3216 860 Ignz’acensz',
3248 792 3389 848 unde
3423 794 3533 849 haec

2511 887 2764 953 emcerpta
2785 886 2930 937 sunt.

853 1212 1842 1357 FLODOARDI
1977 1212 2855 1355 ANNALES.

1350 1479 1581 1557 (Pertz,
1629 1480 1897 1540 Monum.
1949 1478 2143 1538 Germ.
2194 1475 2383 1555 Hist.)

509 1723 640 1805 DE
697 1724 998 1809 LIBRO
1059 1728 1744 1827 SUBSEQUENTI
1804 1730 2374 1814 ADMONITIO
2436 1730 2566 1811 AD
2629 1685 3199 1813 LECTOREM.

254 2075 553 2132 Remensis
582 2075 824 2131 Ecclesia
887 2078 1358 2149 quemadmodum
1414 2080 1617 2136 saeculo
1658 2094 1809 2135 nono
1838 2078 2208 2153 BRatherius
2252 2076 2587 2132 Veronensis
2641 2075 2938 2147 episcopus
2993 2074 3194 2129 librum
3244 2089 3409 2144 quem
3463 2073 3540 2133 De

178 2165 541 2220 Hincmarum
579 2164 1085 2239 arcliiepiscOpum,
1143 2168 1217 2222 ita
1266 2168 1484 2224 decimo
1544 2170 1809 2225 Flodoar-

176 2257 313 2313 dum
350 2258 428 2329 (1)
471 2258 854 2329 presbyterum
895 2265 949 2314 et
977 2260 1274 2316 Richerum
1318 2264 1649 2317 monachum
1678 2263 1817 2317 insi-

177 2362 325 2421 gnes
375 2346 735 2402 historiarum
791 2347 1091 2418 scriptores
1151 2350 1349 2405 edidit.
1416 2351 1655 2415 Quorum
1722 2351 1814 2406 ille

178 2453 334 2494 anno
363 2436 468 2493 793
498 2439 584 2493 vel
621 2438 729 2492 894
775 2438 851 2509 (2)
883 2438 1164 2509 Sparnaco
1220 2442 1287 2511 (3)
1346 2442 1476 2497 villa
1506 2443 1816 2499 diceceseos

180 2530 482 2587 Remensis
536 2536 720 2598 natus,
753 2537 809 2585 et
873 2530 929 2585 in
989 2532 1183 2587 schola
1221 2532 1479 2588 Remensi
1508 2550 1541 2589 a
1572 2534 1815 2590 Fulconc

177 2623 443 2679 restituta
466 2623 665 2678 litteris
694 2623 965 2689 imbutus,
997 2624 1067 2677 ab
1115 2625 1358 2681 Herivazo
1389 2626 1809 2697 archiepiscopo

177 2715 336 2771 clero
369 2715 630 2771 Ecclesiae
658 2715 947 2771 Remensis
976 2715 1266 2787 ascriptus,
1301 2716 1577 2789 bonisque
1608 2719 1813 2774 ditatus

178 2813 269 2863 est
299 2808 391 2875 (4).
435 2806 589 2863 Circa
633 2808 888 2880 quintum
949 2818 1005 2866 et
1046 2809 1368 2865 vicesimum
1401 2810 1576 2865 mtatis
1605 2826 1810 2865 annum

178 2893 356 2949 rebus
386 2895 630 2966 publicis
658 2897 907 2952 animum
936 2898 1225 2953 advertere
1267 2898 1434 2969 ciepit
1486 2900 1579 2967 (ὅ),
1631 2906 1692 2953 ιιι
1748 2914 1814 2953 ex

181 2986 484 3041 Annalium
516 2987 698 3055 initio,
740 3004 881 3061 quos
943 2989 1071 3045 inde
1129 2989 1199 3044 ab
1230 3005 1377 3045 anno
1406 2990 1512 3047 919
1551 3006 1729 3062 usque
1747 2991 1815 3045 ad

184 3095 280 3134 an.
311 3079 422 3135 966
449 3080 726 3150 produxit,
779 3082 1059 3151 conjicere
1090 3081 1236 3136 licet.
1296 3081 1450 3136 Certe
1481 3082 1550 3136 ab
1585 3097 1653 3137 eo
1686 3083 1817 3137 inde

185 3174 445 3239 tempore
464 3168 904 3241 archiepiscopis
921 3170 1286 3225 Remensibus
1326 3170 1594 3237 Herivmo,
1630 3170 1817 3225 Sculfo

184 3267 247 3315 et
275 3259 505 3317 Artoldo
534 3261 695 3317 valde
750 3270 1011 3334 acceptus
1050 3261 1155 3317 fuit
1210 3267 1264 3316 et
1317 3262 1486 3317 rebus
1503 3277 1694 3318 eorum
1724 3278 1821 3335 ge-

185 3354 385 3410 rendis
413 3354 697 3410 adhibitus
726 3360 829 3410 est.
864 3355 1021 3411 Anno
1046 3355 1152 3410 924
1216 3354 1462 3410 Seult‘um
1503 3354 1819 3424 comitatus,

186 3443 479 3515 colloquio
508 3442 727 3499 Rodulﬁ
758 3444 906 3519 regis
922 3451 979 3500 et
1006 3444 1247 3517 Hugonis
1277 3444 1576 3499 Provinciae
1604 3444 1821 3500 camitis

1917 2168 2112 2223 exsilio
2142 2182 2242 2222 suo
2273 2167 2591 2237 scripserat,
2615 2165 2666 2220 ei
2717 2179 2938 2236 quoque
2964 2163 3326 2232 judicandum
3358 2169 3538 2218 trans-

1915 2255 2161 2310 mitteret
2190 2256 2288 2326 (9).
2323 2256 2477 2309 Anno
2498 2254 2603 2308 936
2632 2254 2718 2309 vel
2751 2253 2998 2324 proxime
3022 2252 3387 2324 sequentibus
3408 2250 3539 2322 (10),

1916 2342 2147 2398 dubium
2179 2358 2249 2397 an
2281 2358 2380 2413 pro
2420 2341 2661 2415 negotiis
2705 2342 2820 2396 suis
2860 2341 3187 2396 Ecclesiaave
3227 2338 3539 2407 Remensis,

1916 2434 2144 2490 Romam
2175 2434 2332 2501 adiit,
2383 2434 2478 2488 ubi
2499 2450 2532 2489 a
2558 2434 2744 2489 Leone
2791 2432 2881 2488 Vll
2914 2448 3058 2504 papa
3103 2432 3347 2507 benigne
3379 2447 3543 2486 exce-

1918 2536 2043 2599 ptus
2068 2527 2294 2598 votique
2351 2526 2439 2581 sui
2470 2541 2700 2597 compos
2748 2524 2923 2580 factus
2962 2533 3130 2596 atque
3161 2524 3219 2578 in
3249 2523 3543 2594 presbyte-

1914 2637 2035 2676 rum
2057 2627 2343 2691 promotus
2368 2628 2454 2674 est
2480 2620 2613 2691 (11).
2649 2621 2709 2674 In
2738 2619 2967 2691 patriam
3015 2618 3190 2672 redux
3221 2616 3384 2687 operi
3433 2617 3543 2670 he-

1914 2713 2063 2768 roico
2093 2710 2259 2767 ﬁnem
2279 2712 2542 2782 imposuit
2564 2712 2697 2783 (12).
2731 2712 2888 2766 Anno
2928 2709 3035 2766 910
3086 2724 3280 2763 mense
3324 2707 3544 2763 Octobri

1914 2801 2185 2858 orationis
2242 2801 2421 2876 gratia
2475 2800 2790 2871 sepulcrum
2848 2797 3024 2853 sancti
3084 2796 3301 2851 Martini
3363 2796 3544 2851 visere

1917 2896 2215 2970 disposuit,
2230 2897 2332 2952 sed
2363 2896 2509 2968 apud
2542 2896 2889 2950 Heribertum
2915 2893 3175 2949 comitem
3212 2893 3352 2947 clam
3380 2907 3548 2947 accu—

1917 2997 2092 3056 satus,
2120 2990 2270 3062 quod
2298 2998 2490 3045 contra
2534 3004 2660 3043 eum
2690 2987 2776 3042 vel
2809 2985 2984 3041 filium
3016 2985 3138 3055 ejus
3176 2991 3325 3040 esset
3350 2983 3545 3055 profe-

1920 3086 2130 3148 cturus,
2162 3095 2287 3134 cum
2313 3078 2625 3153 Hugonisin
2657 3083 2838 3147 partes
2865 3076 3103 3130 transire
3131 3082 3391 3129 renueret
3414 3072 3545 3143 (13),

1919 3170 2122 3226 ablatis
2142 3171 2308 3225 rebus
2339 3185 2478 3241 quas
2510 3169 2578 3224 de
2608 3168 2933 3239 episcopatu
2966 3164 3223 3220 Remensi
3252 3164 3477 3219 tenebat
3493 3170 3549 3218 et

1921 3263 2158 3319 ecclesia
2185 3278 2284 3318 sua
2335 3262 2395 3316 in
2445 3260 2826 3326 Culmisciaco,
2875 3257 3142 3313 custodiae
3178 3256 3411 3311 traditus
3441 3263 3546 3311 est.

1922 3355 2033 3410 Nec
2054 3354 2162 3409 nisi
2194 3362 2318 3425 post
2335 3353 2584 3426 quinque
2615 3366 2860 3417 menses,
2902 3349 2994 3405 die
3022 3350 3093 3403 25
3118 3348 3294 3403 Martii
3312 3364 3402 3402 an.
3421 3349 3551 3415 941,

1919 3449 2231 3505 libertatem
2263 3447 2629 3519 recuperavit.
2660 3446 2793 3501 Tum
2830 3444 2885 3499 in
2908 3444 3122 3516 synodo
3152 3441 3545 3498 Suessionensi

190 3550 320 3589 cum
370 3534 668 3589 Wilhelmo
710 3534 1108 3605 Aquitanorum
1168 3533 1418 3605 principe
1457 3534 1514 3588 in
1544 3535 1819 3591 territorio
1842 3557 1891 3625 Ο
1920 3542 1988 3597 ab
2020 3542 2247 3615 Hugone
2288 3540 2538 3612 principe
2573 3538 2791 3613 Hugoni
2831 3537 3254 3609 archiepiscopo
3285 3535 3549 3592 commis-

186 3623 683 3695 Augustodunensi
714 3622 904 3678 habito
936 3621 1185 3677 interfuit
1230 3623 1325 3691 (6).
1382 3624 1538 3678 Anno
1559 3624 1817 3694 sequenti

2002 3650 2032 3701 ἱ,
2063 3632 2355 3689 ecclesiam
2385 3631 2549 3686 aliam
2587 3630 2799 3686 scilicet
2849 3637 3058 3685 sanctae
3110 3628 3290 3684 Mariae
3328 3628 3381 3683 in
3414 3628 3545 3683 Col-

191 3709 387 3767 Seulfo
434 3711 545 3767 vita
593 3709 880 3778 defuncto,
940 3711 1264 3768 Heribertus
1311 3712 1818 3769 Veromanduorum

191 3816 387 3857 comes
418 3800 707 3876 Hugonem
734 3799 966 3856 ﬁliolum
994 3816 1371 3857 successorem
1426 3802 1479 3856 ei
1535 3802 1819 3873 imposuit,

191 3908 509 3966 omnesque
534 3893 630 3965 qui
687 3893 981 3950 conatibus
1019 3894 1134 3949 suis
1173 3900 1383 3950 tantum
1415 3911 1526 3951 non
1556 3895 1822 3969 suffraga-

194 3995 392 4044 rentur
424 4028 439 4055 ,
504 3984 793 4042 beneficiis
845 3986 1259 4058 possessionum
1322 3987 1821 4043 ecclesiasticarum

193 4076 434 4148 privavit
459 4077 562 4147 (7).
586 4076 732 4141 Quos
762 4076 911 4131 inter
963 4084 1019 4132 et
1074 4077 1414 4133 Flodoardus
1458 4078 1659 4149 injuria
1691 4077 1826 4134 affe-

192 4173 338 4232 ctus,
409 4166 675 4220 adversas
731 4165 937 4221 deinde
990 4173 1177 4237 partes
1239 4174 1463 4223 secutus
1483 4176 1587 4232 est,
1655 4176 1822 4240 atque

192 4257 423 4313 Artoldo
489 4257 907 4329 archiepiscopo
971 4274 1002 4313 a
1068 4258 1306 4316 Rodulfo
1362 4276 1491 4336 rege
1544 4261 1599 4315 in
1643 4260 1824 4317 locum

195 4344 371 4402 Seulﬁ
426 4345 727 4420 subrogato
775 4346 1028 4402 adhaesit.
1085 4345 1356 4403 Proximis
1384 4348 1549 4403 annis
1579 4348 1825 4405 carmine

196 4439 428 4495 heroico
466 4438 597 4494 Jesu
629 4438 827 4495 Christi
885 4444 1314 4512 sanctorumque
1333 4447 1388 4496 et
1419 4440 1586 4497 Italiae
1617 4447 1825 4513 marty-

197 4548 321 4588 rum
342 4532 661 4603 triumphos
725 4530 1026 4586 celebravit
1086 4533 1177 4602 (8),
1232 4532 1440 4588 additis
1494 4532 1823 4604 pontificum

196 4623 577 4679 Romanorum
618 4637 795 4693 usque
844 4620 913 4675 ad
966 4637 1064 4676 sua
1122 4627 1371 4693 tempora
1419 4622 1611 4697 gestis,
1645 4638 1827 4695 eoque

198 4710 406 4767 famam
437 4709 546 4765 sibi
575 4710 724 4781 apud
763 4716 984 4766 exteros
1036 4711 1201 4767 etiam
1261 4712 1624 4783 comparavit,
1655 4713 1732 4768 ita
1769 4719 1831 4768 ut

268 4839 348 4910 (1)
384 4837 751 4910 Flodoardus,
793 4836 939 4892 haud
993 4836 1361 4910 Frodoardus,
1394 4838 1721 4893 scriben‘dus
1751 4847 1834 4895 est

1918 3723 2065 3789 rido,
2096 3729 2261 3793 atque
2292 3728 2494 3777 terram
2526 3720 2730 3789 injuste
2748 3718 3244 3790 ereptamrecepit
3273 3705 3411 3790 (1:1).
3436 3717 3543 3774 Sed

1922 3821 2117 3885 postea
2147 3813 2312 3868 etiam
2345 3810 2567 3867 Artoldo
2597 3810 2654 3864 in
2684 3809 2876 3865 sedem
2897 3825 3056 3864 suam
3087 3809 3345 3864 restituto
3387 3807 3553 3874 ﬁdus,

1926 3922 2053 3961 eum
2082 3904 2139 3959 in
2171 3904 2412 3979 negotiis
2439 3902 2691 3959 ecclesiae
2714 3901 2945 3976 agendis
2974 3906 3084 3955 tam
3111 3899 3261 3955 domi
3303 3915 3472 3972 qnam
3494 3899 3555 3953 in

1927 3997 2295 4054 conventibus
2335 3995 2645 4067 principum
2701 4000 2755 4049 et
2793 3992 3021 4065 synodis
3076 3992 3291 4061 adjuvit
3320 3991 3447 4061 ;cui
3475 3991 3557 4047 rei

1928 4101 1995 4142 eo
2025 4084 2204 4159 magis
2227 4085 2462 4140 idoneus
2498 4084 2812 4150 videbatur,
2868 4082 3020 4154 quod
3050 4080 3278 4137 archivo
3308 4080 3559 4137 ecclesiae

1929 4176 2261 4248 praepositus
2299 4182 2415 4231 erat
2470 4176 2602 4244 (15-.
2663 4176 2819 4230 Anno
2878 4173 2984 4229 918
3035 4173 3248 4245 synodo
3281 4172 3563 4247 lngclbei—

1926 4268 2106 4322 mensi
2142 4265 2410 4332 interfuit,
2446 4265 2540 4321 ubi
2576 4264 2882 4321 illustribus
2911 4264 3045 4319 viris
3076 4261 3560 4335 compluribusin-

1929 4360 2132 4427 notuit,
2160 4375 2337 4432 eaque
2360 4367 2602 4431 peracta,
2629 4360 2936 4416 exdecreto
2970 4374 3161 4432 regum
3183 4374 3310 4415 cum
3333 4357 3559 4414 Artoldo

1924 4452 2074 4522 apud
2124 4452 2447 4507 Rotbertum
2499 4451 2883 4507 'l‘revirensem
2946 4449 3427 4520 archiepiscopum
3458 4463 3559 4520 per

1926 4549 2166 4614 quatuor
2189 4542 2571 4598 hebdomadas
2626 4541 2852 4607 mansit,
2918 4556 3043 4596 cum
3100 4555 3246 4596 anno
3298 4540 3563 4612 proxime

1929 4634 2203 4706 praeterito
2233 4634 2302 4689 ab
2344 4634 2567 4690 Artoldo
2601 4634 2802 4689 missus
2861 4633 2995 4704 (16),
3030 4648 3153 4688 cum
3200 4632 3401 4689 Otloue
3431 4646 3563 4706 rege

1930 4739 1986 4786 et
2015 4729 2263 4786 Conrado
2294 4730 2435 4786 duce
2472 4730 2645 4803 Aquis
2675 4744 2774 4802 pro
2798 4728 2967 4784 rebus
2993 4728 3561 4786 EcclesireRemensis

2005 4840 2079 4907 (7)
2102 4841 2241 4895 Ann.
2278 4856 2367 4895 an.
2388 4840 2522 4895 925.

203 4883 612 4993 ex‘e’pitaphio,
815 4925 883 4993 ex
939 4908 1238 4993 codicibus.
1263 4883 1551 4993 nonnullis
1581 4910 1830 4991 Historiae
1855 4883 1911 4952 D
1966 4982 1977 4993 .
2003 4883 2374 4993 Codicem
2403 4910 2594 4993 operis
2624 4926 2796 4993 unum
2830 4914 3071 4993 Roberto
3117 4910 3430 4993 Trevirensi
3455 4925 3557 4993 ar-

203 4979 522 5047 Rem’ensis,
558 4979 653 5051 qui
678 4980 971 5052 Floardugm
1016 4980 1359 5052 abbreviant,
1392 4981 1583 5036 codice
1615 4982 1828 5052 optimo

203 5052 500 5107 Annalium
538 5050 607 5106 ad
636 5067 726 5105 an.
751 5050 878 5116 963,
902 5050 1163 5120 Richero,
1197 5060 1252 5106 et
1282 5051 1610 5106 Kalendario
1640 5050 1830 5107 vetere

204 5124 258 5177 S.
280 5124 467 5177 Maria:
488 5123 780 5178 Remensis
812 5139 827 5186 ;
859 5122 981 5192 ipse
1042 5121 1297 5178 avunculi
1357 5122 1547 5178 matris
1590 5139 1702 5178 suae
1732 5140 1833 5179 no-

202 5211 335 5249 men
367 5194 466 5248 lib.
512 5211 571 5262 n,
603 5210 652 5257 c,
680 5195 735 5259 3,
782 5193 1105 5248 Flavardum
1158 5194 1367 5249 scribit.
1409 5194 1672 5249 Caeterum
1700 5196 1833 5251 Fro-
1884 5228 1891 5233 ε

204 5266 450 5321 doardus
480 5267 643 5337 plane
678 5265 850 5332 idem,
880 5273 935 5319 et
964 5274 1264 5338 utrumque
1294 5281 1359 5320 ex
1387 5263 1830 5322 Chlodouvaldus

204 5345 529 5407 corruptum
570 5343 675 5390 est.

280 5409 354 5474 (2)
380 5406 461 5461 ’Ex
493 5408 689 5463 Annal.
724 5424 814 5463 an.
856 5407 984 5464 962.
1030 5406 1031 5409 “

280 5480 354 5549 (3)
386 5479 644 5549 Epitaph,
678 5479 964 5535 Gallicum.

302 5552 357 5620 4)
395 5550 531 5606 Hist.
566 5550 824 5607 Remens.
862 5566 936 5615 ιν,
960 5549 1050 5605 13.

302 5622 357 5685 5)
413 5622 495 5676 ita
544 5620 714 5676 fuisse
777 5621 1036 5690 conjicio,
1089 5635 1213 5675 cum
1254 5620 1299 5675 si
1354 5635 1465 5677 non
1523 5620 1839 5677 scribendis

206 5691 541 5766 Annalibus,
578 5698 635 5746 at
691 5701 840 5747 certe
898 5691 1410 5766 enotandis‘rebus
1460 5694 1636 5766 gestis
1690 5692 1840 5749 circa

210 5779 415 5817 annum
447 5763 556 5819 919
586 5779 813 5817 manum
845 5763 1157 5821 admovisse
1183 5763 1451 5819 videatur.

284 5835 360 5905 (6)
382 5836 525 5891 Ann.
564 5849 656 5888 an.
690 5834 815 5889 924.

1932 4981 2577 5059 ςὴὶςερ-ἱ-εοᾳρίζῐωάὶόίιχ
2605 4982 2837 5059 alterum
2871 4988 2990 5059 ipse
3006 4986 3246 5059 fortasse
3301 4981 3556 5059 ecclesiae

1932 5054 1986 5107 S.
2016 5054 2222 5109 Iuliani
2274 5054 2611 5109 Turonensis
2664 5054 2945 5120 intulerat,
3002 5058 3058 5112 in
3109 5055 3257 5110 Actis
3307 5054 3402 5111 SS.
3456 5054 3560 5110 Mai

1932 5124 2043 5196 Vll.
2069 5142 2123 5196 p.
2157 5126 2247 5188 69.
2283 5126 2430 5196 apud
2459 5126 2754 5194 Arvernos,
2787 5138 3000 5183 exstare
3031 5126 3252 5182 dicitur.

2006 5195 2074 5265 (9)
2105 5195 2352 5252 Folcuini
2381 5197 2540 5252 Gesta
2570 5198 2695 5251 abb.
2733 5198 3145 5264 Laubiensium,
3179 5214 3229 5251 c.
3263 5195 3355 5251 20.

2005 5268 2112 5340 (10)
2143 5267 2250 5323 Leo
2281 5267 2411 5340 inde
2442 5283 2474 5322 a
2503 5284 2693 5340 mense
2738 5270 2986 5326 Januarii
3014 5285 3105 5325 an.
3140 5268 3245 5324 936
3274 5284 3453 5340 usque
3489 5269 3555 5323 ad

1934 5336 2141 5392 Julium
2173 5338 2305 5393 anni
2331 5339 2437 5394 939
2465 5338 2629 5394 sedit.

2004 5410 2118 5479 (11)
2149 5410 2286 5465 Vide
2321 5409 2481 5464 infra.

2007 5478 2120 5551 (12)
2178 5481 2337 5551 Apud
2393 5478 2700 5548 Mabillon,
2748 5481 2882 5538 Acta
2930 5482 3025 5538 SS.
3057 5482 3118 5540 0.
3176 5483 3231 5539 S.
3284 5483 3340 5538 Β.
3376 5481 3554 5551 S.lll,

2487 5639 2560 5690 IV,
2588 5619 2681 5677 28.
2713 5622 2793 5680 CI.
2819 5624 3059 5681 Annales
3080 5640 3169 5747 an.
3202 5624 3331 5681 940.

2104 5746 2113 5761 ,
2144 5710 2227 5748 ιο.
2260 5710 2335 5759 Iv,
2360 5710 2452 5747 zu.
3108 5726 3121 5747 .

2018 5763 2124 5832 (15)
2156 5764 2288 5820 Hist.
2320 5764 2378 5820 R.
2415 5781 2474 5832 ιι,
2506 5765 2596 5820 19:

2013 5834 2127 5905 (16)
2199 5835 2334 5892 Hist.
2401 5835 2555 5893 Rem.
2590 5853 2627 5903 ι,
2656 5834 2774 5893 20:
2816 5858 2836 5888 ι
2874 5837 3105 5895 Easdem
3168 5855 3258 5895 res
3322 5838 3560 5895 domnus
