3874 6464
369 536 476 593 419

1484 526 1850 588 FLODOARDI
1893 525 2197 587 CANONlCl
2239 526 2592 587 REMENSIS.

3610 535 3713 592 420

368 662 424 715 in
447 660 684 735 Vosago,
717 674 746 712 a
778 656 1150 734 chembaldo
1196 656 1433 729 quodam
1470 656 1735 727 pervasis,
1780 655 1996 711 locatus
2023 657 2356 730 Aetstylus
2420 673 2612 727 purus,
2665 656 2921 728 simplex,
2979 657 3162 732 gravis
3219 667 3448 714 ornatus
3499 659 3713 716 fastidio

372 752 585 807 fuisset.
617 751 791 807 Media
822 752 966 806 inter
995 750 1218 831 negotia
1276 748 1567 803 historiam
1596 747 1852 802 Ecclesia
1887 748 1991 802 Re-

369 842 583 896 mensis
606 841 851 895 scribere
863 853 1175 912 aggressus,
1216 836 1480 891 subsidiis
1511 836 1761 906 undique
1785 851 1993 910 conge-

370 929 492 996 stis,
512 930 792 1000 praecipue
858 942 987 980 vero
1043 924 1251 979 chartis
1295 925 1351 978 in
1407 923 1908 994 archivolihrisque
1937 924 1995 977 in

372 1019 712 1074 bibliotheca
743 1015 993 1070 ecclesia
1024 1014 1339 1081 asservatis,
1402 1029 1542 1084 opus
1581 1020 1817 1085 quatuor
1842 1013 1996 1067 libris

373 1110 502 1166 inde
524 1109 591 1164 ab
625 1108 839 1181 origine
871 1107 1163 1161 Remorum
1194 1123 1369 1177 usque
1396 1106 1462 1160 ad
1505 1106 1708 1161 exitum
1741 1107 1871 1162 anni
1891 1107 1996 1161 948

374 1201 648 1274 perduxit,
685 1208 849 1271 atque
875 1198 1160 1273 ﬂagitante
1228 1199 1466 1253 Roberto
1529 1198 1849 1253 Treverensi
1907 1216 1997 1253 ar-

370 1292 726 1363 chiepiscopo
750 1291 1092 1365 recognitum
1123 1289 1226 1343 hac
1259 1289 1363 1360 ipsi
1385 1289 1595 1345 dicavit
1624 1290 1857 1361 cpistola
1889 1307 1902 1344 :

447 1408 470 1437 α
508 1385 738 1440 Domino
769 1380 1095 1449 venerabili,
1134 1407 1157 1429 ιι
1189 1390 1297 1448 etc,
1318 1385 1494 1451 (Hanc
1526 1385 1806 1453 epistolam
1836 1384 1998 1438 habes

370 1494 541 1548 supra
576 1479 834 1532 Historia
870 1476 1121 1531 Ecclesia
1151 1478 1423 1533 IlI-mensis
1451 1476 1786 1546 pra/imam.)

444 1570 604 1624 Libro
638 1568 813 1639 primo
843 1567 1125 1622 historiam
1188 1566 1448 1621 Ecclesia
1491 1583 1663 1638 usque
1687 1568 1755 1621 ad
1788 1566 2001 1621 obitum

370 1670 426 1718 et
452 1660 868 1717 translationem
914 1659 1088 1715 sancti
1145 1658 1401 1732 Remigii,
1434 1660 1681 1714 secundo
1709 1673 1997 1714 successo-

373 1770 463 1809 res
492 1752 667 1808 sancti
698 1750 934 1826 Remigii
987 1766 1165 1822 usque
1199 1749 1267 1804 ad
1302 1750 1674 1818 Hincmarum,
1708 1750 1867 1806 tertio
1910 1765 1997 1804 res

369 1850 556 1917 gestas
585 1850 640 1895 et
682 1841 888 1911 scripta
947 1840 1219 1897 llincmari
1261 1841 1666 1913 archiepiscOpi
1721 1849 1992 1907 recenset,

371 1940 572 2003 quarto
599 1930 919 1997 Fulconcm,
972 1930 1301 1997 llerivaum,
1342 1930 1584 1985 Sculfum
1628 1938 1682 1985 et
1711 1930 1990 1985 Artoldum

370 2038 550 2094 usque
578 2022 644 2076 ad
674 2022 948 2092 synodum
981 2021 1486 2096 lngelheimensem
1547 2028 1826 2092 peractam
1853 2020 1989 2076 scri-

2097 761 2216 801 com
2227 752 2370 817 ptus,
2395 746 2592 819 arguit.

2166 837 2399 893 Perfecit
2454 848 2636 893 tamen
2697 839 2936 894 Annales
2991 841 3044 895 in
3104 842 3462 901 monasterio.
3523 858 3632 914 quo
3658 858 3716 897 sc

2096 927 2370 983 beneficio
2393 929 2647 1000 deposito
2689 932 2995 986 monachus
3026 932 3129 1001 (20)
3152 949 3387 1004 moxque
3415 933 3716 1000 abbas(21)

2099 1018 2310 1074 futurus
2341 1020 2632 1076 detulerat.
2666 1021 2765 1076 Ubi
2804 1023 3081 1091 ejusmodi
3127 1024 3585 1096 occupationibus
3606 1040 3717 1079 scu-

2097 1109 2316 1181 diisque
2344 1110 2596 1166 deditum
2646 1128 2771 1168 cum
2825 1128 2973 1168 anno
3011 1113 3119 1168 952
3147 1121 3239 1169 aut
3262 1114 3367 1171 953
3395 1114 3502 1184 (22)
3535 1114 3717 1169 clerus

2097 1208 2153 1255 et
2196 1201 2434 1273 populus
2481 1203 2864 1260 Noviomensis
2893 1212 2949 1260 et
2994 1206 3357 1262 Tornacensis
3389 1206 3712 1277 episcopum

2097 1292 2204 1348 sibi
2234 1293 2553 1370 elegissent,
2584 1297 2771 1369 regius
2798 1306 2980 1353 tamen
3031 1297 3183 1354 favor
3212 1298 3440 1353 minime
3470 1307 3714 1363 secutus,

2101 1381 2303 1438 frustra
2333 1385 2608 1439 renitente
2650 1386 2958 1442 Flodoardo
3020 1387 3150 1459 (23),
3205 1388 3374 1441 alium
3441 1388 3716 1442 cathedra

2102 1473 2339 1542 pecunia
2369 1475 2550 1529 venali
2618 1474 2877 1547 imposuit
2910 1495 2922 1531 :
2956 1494 3064 1549 qua
3103 1478 3173 1532 de
3218 1495 3277 1534 re
3316 1478 3385 1533 ab
3438 1478 3717 1549 Adaldago

2105 1561 2522 1633 archiepisc0po
2557 1564 3051 1640 Hammaburgensi
3105 1567 3305 1621 litteris
3335 1567 3402 1622 ad
3434 1583 3560 1622 eum
3577 1566 3719 1621 datis

2097 1648 2351 1704 visitatus
2382 1661 2479 1705 est.
2516 1652 2749 1707 zEtatem
2780 1654 2950 1727 igitur
2981 1655 3238 1710 Ecclesiae
3272 1656 3561 1711 Remensis
3592 1670 3717 1726 pre-

2096 1739 2288 1810 sbyter
2314 1750 2370 1797 et
2392 1744 2650 1813 pralatus
2701 1762 2875 1816 penes
2930 1746 3210 1800 Artoldum
3248 1745 3448 1817 exegit,
3474 1760 3584 1816 quo
3615 1746 3717 1800 de-

2096 1827 2307 1898 functo,
2332 1837 2388 1885 et
2455 1834 2681 1906 liugone
2712 1836 2805 1908 qui
2860 1844 3147 1907 superstes
3184 1844 3302 1891 erat
3331 1836 3718 1891 excommuni-

2096 1931 2238 1993 cato,
2269 1942 2416 1983 anno
2445 1928 2551 1985 962
2582 1930 2702 2002 ipse
2732 1947 2856 1987 cum
2878 1933 3098 1987 caeteris
3134 1932 3384 1987 ecclesia
3410 1931 3716 1995 canonicis,

2096 2031 2224 2091 rege
2259 2020 2513 2077 Lothario
2543 2038 2668 2077 cum
2710 2022 2903 2096 regina
2931 2032 3106 2080 matre
3139 2032 3193 2079 et
3235 2018 3494 2078 Brunonc
3523 2022 3715 2076 archi-

367 2113 467 2168 bit.
502 2112 651 2183 Opus
680 2127 881 2187 magno
904 2112 1146 2168 historia
1205 2112 1413 2179 Gallia,
1467 2127 1577 2168 non
1603 2112 1782 2167 solum
1814 2113 1989 2167 eccle-

369 2203 607 2257 siastica
636 2202 738 2257 sed
773 2210 829 2256 et
867 2201 1046 2256 civilis
1092 2210 1147 2256 et
1195 2201 1496 2270 litteraria,
1551 2200 1845 2257 commodo
1875 2201 1990 2256 edi-

369 2305 510 2362 tum,
542 2310 690 2361 cum,
723 2293 965 2349 fontibus
994 2294 1197 2365 quibus
1252 2303 1444 2349 auctor
1494 2310 1629 2349 usus
1668 2300 1751 2348 est
1789 2293 1988 2364 deper-

2091 2110 2353 2180 episcopo
2382 2110 2697 2167 Coloniensi
2753 2112 3091 2181 faventibus,
3153 2112 3491 2179 Odelricum,
3526 2112 3719 2187 llugo-

2090 2200 2177 2255 nis
2209 2200 2493 2269 cujusdam
2536 2201 2754 2257 comitis
2785 2200 2983 2269 tilium,
3044 2202 3529 2273 archiepiscopum
3598 2204 3719 2257 ele-

2089 2294 2171 2369 git
2208 2295 2334 2365 (24).
2369 2297 2524 2352 Anno
2569 2297 2827 2368 sequenti
2881 2298 3037 2353 senio
3093 2305 3423 2367 occupatum
3481 2312 3542 2350 se
3574 2312 3719 2350 sen~

368 2384 525 2450 ditis,
557 2382 827 2454 plurimas
879 2382 1069 2457 magni
1102 2382 1370 2438 momenti
1425 2382 1650 2438 notitias
1671 2380 1746 2435 ibi
1781 2388 1991 2437 tantum

373 2475 616 2546 reperias
646 2492 661 2541 ;
694 2474 1029 2545 praecipuam
1072 2480 1256 2529 tamen
1294 2489 1361 2529 ea
1391 2473 1605 2528 ratione
1634 2473 1857 2528 laudem
1884 2471 1994 2526 sibi

373 2566 428 2620 in
458 2566 693 2622 historia
715 2565 990 2620 Hincmari
1030 2572 1083 2621 et
1110 2566 1369 2622 Fulconis
1425 2566 1533 2636 (17)
1566 2565 1831 2631 vindicat,
1856 2580 1996 2636 quo-

371 2672 494 2711 rum
518 2656 685 2711 rebus
712 2663 765 2711 et
822 2655 1045 2726 scriptis
1100 2656 1465 2711 recensendis
1490 2655 1828 2726 pracipuam
1861 2670 1995 2724 ope-

374 2766 490 2804 ram
521 2749 823 2821 impendit;
858 2749 1074 2820 reliqua
1129 2765 1386 2823 magnam
1444 2756 1652 2819 partem
1672 2755 1727 2803 et
1764 2746 1998 2802 Annali-

370 2842 477 2897 bus
497 2842 615 2896 suis
644 2840 880 2911 repetita
910 2839 1166 2911 legimus.
1222 2839 1432 2904 Quibus
1478 2839 1706 2910 quidem
1760 2838 1893 2893 inde
1925 2837 1995 2891 ab

360 2918 440 2988 _co
465 2938 714 3002 tempore
769 2930 915 2985 haud
982 2929 1353 2985 intermissam
1409 2945 1635 3002 operam
1695 2946 1998 3002 curamque

376 3023 631 3078 adhibuit
666 3022 823 3093 (18);
883 3021 1210 3092 mediasque
1275 3022 1418 3077 inter
1469 3038 1557 3077 res
1613 3031 1668 3077 et
1696 3022 1752 3076 in
1798 3038 1999 3095 magna

377 3130 562 3170 rerum
625 3129 723 3185 per
788 3112 986 3167 Gallias
1051 3112 1422 3169 commotione
1488 3114 1739 3169 oculatus
1799 3114 1996 3181 testis,

378 3221 633 3280 regnum,
676 3205 989 3276 principum
1038 3205 1393 3277 virorumque
1437 3214 1532 3261 aut
1589 3206 1842 3261 doctrina
1908 3213 2000 3261 aut

377 3307 650 3371 potestate
682 3314 782 3369 per
819 3298 1046 3353 Galliam
1079 3305 1134 3354 et
1181 3298 1528 3354 Germaniam
1563 3300 1671 3370 (19)
1704 3299 1997 3355 illustrium

378 3389 712 3446 commercio
768 3389 915 3443 haud
970 3389 1205 3457 alienus,
1257 3405 1381 3462 qua
1409 3406 1591 3445 veram
1621 3391 1704 3445 sui
1736 3390 1836 3445 avi
1870 3389 2003 3443 ima-

379 3482 566 3554 ginem
599 3481 834 3551 posteris
863 3482 1601 3557 redderentdiligentissime
1633 3482 1902 3549 enotavit,
1936 3498 2002 3537 ea

380 3569 597 3625 scilicet
628 3568 760 3636 fide,
793 3585 902 3640 qua
930 3570 1107 3626 virum
1164 3572 1338 3642 pium,
1384 3571 1684 3627 candidum
1742 3578 1798 3627 et
1827 3589 1858 3627 a
1883 3572 2004 3627 vio-

385 3657 534 3712 lento
562 3663 775 3727 partum
804 3657 988 3713 studio
1044 3658 1283 3714 alienum
1314 3660 1497 3725 decet,
1563 3659 1789 3732 qualem
1833 3659 2003 3715 fuisse

380 3769 636 3825 Artaldus
678 3770 975 3842 episcOpus
1005 3771 1212 3825 dudum
1256 3771 1507 3827 Conrado
1537 3772 1665 3827 duci
1706 3772 2005 3828 commise-

382 3848 503 3896 rat:
536 3858 674 3918 quas
702 3842 794 3918 ilie
861 3842 1218 3918 Ragenbaldo
1258 3843 1478 3918 cuidam
1526 3859 1750 3898 suorum
1778 3844 2005 3918 delega-

380 3921 551 3986 verat.
578 3914 677 3986 Qui
738 3914 1131 3986 Ragenbaldus
1182 3914 1507 3986 earumdem
1564 3931 1747 3986 rerum
1775 3914 2004 3971 colonos

380 3983 543 4066 valde
564 3983 902 4066 aiﬂige'lga‘t.‘
925 3986 1035 4066 Ipsi
1094 4000 1226 4066 vero
1258 4002 1356 4066 pro
1398 3984 1703 4066 afflictione
1730 4001 1829 4066 sua
1854 4002 2003 4058 sape

379 4054 450 4109 ad
468 4054 721 4130 sanctum
750 4054 1059 4130 Remigium
1102 4054 1433 4130 clamabant,
1468 4057 1652 4130 Remis
1691 4054 2001 4130 venientes,

381 4133 436 4180 et
466 4126 641 4197 ipsius
678 4126 1037 4197 patroni'sui
1099 4128 1406 4198 patrocinia
1463 4128 1841 4199 requirentes.
1901 4128 2002 4184 Pro

381 4213 583 4280 quanre
614 4212 970 4280 nuper‘anno
1023 4199 1322 4269 praterito,
1373 4198 1656 4280 cumrege
1696 4198 1910 4280 pthone
1950 4208 2006 4255 et

384 4267 612 4339 prafato
642 4267 783 4341 duce
799 4267 1194 4341 locutisumus,
1210 4269 1434 4341 quando
1462 4267 1632 4340 Aquis
1647 4269 1715 4341 ad
1745 4270 2003 4341 eumdem

383 4355 572 4415 regem
594 4339 752 4395 missi
788 4339 1017 4415 fuimus.
1060 4340 1167 4415 Sed
1224 4339 1285 4395 ut
1324 4340 1472 4415 idem
1515 4339 1905 4415 Ragenhaldus
1934 4340 2002 4397 ab

382 4408 626 4481 ipsarum
694 4427 877 4466 rerum
948 4411 1262 4481 direptione
1328 4408 1641 4479 desisteret,
1709 4412 2003 4481 impetrare

387 4483 757 4554 nequivimus.
799 4482 954 4537 Unde
993 4482 1418 4555 contigithorno
1461 4482 1692 4553 [cod.ap.
1722 4485 1865 4555 Colv.
1899 4485 2005 4540 hoc

382 4554 578 4625 anno],
619 4562 680 4609 ut
709 4555 839 4626 dum
873 4554 1115 4626 quodam
1141 4554 1374 4626 sabbato
1423 4555 1652 4608 eosdem
1683 4554 1911 4626 colonos
1934 4556 2002 4610 ad

381 4624 849 4699 opusiquoddam
892 4624 1295 4699 “peragendum
1337 4635 1703 4699 congregatos
1752 4624 1997 4699 haberet,

384 4696 823 4768 praciperetquc
880 4696 1226 4768 presbitero,
1279 4712 1349 4751 ne
1394 4696 1574 4765 signa"
1605 4696 1999 4767 vespertinalia

382 4781 562 4850 usque
586 4783 759 4850 prope
806 4775 1026 4850 noctem
1068 4768 1332 4838 pulsaret,
1385 4769 1657 4849 operique
1717 4769 2002 4850 implendo

382 4837 702 4902 insisteret,
723 4837 1103 4909 percuteretu’r
1130 4854 1454 4909 percussore
1503 4837 1699 4894 inviso.
1736 4837 1836 4904 Qui
1870 4840 2001 4896 dum

384 4911 694 4983 requireret
732 4910 857 4982 quis
906 4911 1448 4983 cumpercussisset,
1499 4926 1802 4981 omnesque
1833 4926 1897 4983 se
1914 4913 2003 4966 vi-

388 4978 536 5037 dls'se
567 4978 857 5053 negarent,
923 4978 1085 5035 furiis
1142 4981 1470 5053 exagitatus,
1510 4978 1754 5053 sensum
1796 4982 2003 5051 amisit,

271 5086 289 5095 ο
380 5051 730 5133 graviterque
759 5060 1005 5133 vexatus,
1074 5051 1330 5133 spiritum
1364 5051 1656 5133 exhalavit.
1694 5054 1811 5133 _Quo
1851 5068 2005 5108 com-

421 5132 561 5191 erto,
612 5122 723 5179 dux
774 5123 1057 5179 Conradus
1103 5122 1334 5177 nimium
1382 5123 1604 5177 territus
1641 5123 1709 5177 ad
1751 5130 2001 5180 sanctum

421 5146 561 5191 erto,
612 5146 723 5179 UUX
774 5146 1057 5179 υυητδαυδ
1104 5146 1334 5177 ιιιῐιιιυιιι
1383 5146 1604 5177 ιυιτιιυδ
1641 5146 1709 5177 au
1751 5146 2001 5180 sanetum

380 5146 690 5265 Remigium
721 5195 894 5261 venit,
928 5195 1093 5266 eique
1115 5193 1377 5266 resipsas
1400 5193 1662 5266 reddidit,
1696 5211 1833 5266 quas
1865 5210 2003 5266 pra-

383 5269 589 5325 missus
619 5267 821 5337 prasul
853 5265 1105 5320 Artaldus
1137 5265 1426 5320 Hincmaro
1469 5265 1653 5320 abbati
1680 5265 1743 5337 ac
1786 5267 2003 5322 cateris

382 5336 674 5394 monachis
700 5338 769 5408 ad
799 5337 1255 5408 supplementum
1291 5337 1472 5408 victus
1499 5336 1766 5408 attribuit.
1805 5362 1830 5384 η

457 5409 570 5480 (17)
597 5407 882 5480 [alitteris
916 5407 1180 5465 Fulconis
1237 5407 1304 5463 ad
1365 5407 1651 5480 Arnulfum
1710 5407 1845 5480 imp.
1903 5423 2003 5480 pro

387 5477 579 5553 Cagolo
612 5477 875 5553 simplice
919 5496 1052 5553 rege
1092 5481 1208 5535 hac
1249 5479 1417 5553 etiam
1475 5479 1678 5553 scripta
1733 5477 2003 5547 refert'tv,

385 5566 440 5627 c_._
460 5548 496 5604 5
525 5564 539 5603 :
577 5567 604 5599 α
628 5547 881 5627 Adnectit
901 5547 1089 5627 etiam,
1140 5550 1288 5622 quod
1320 5550 1379 5627 in
1411 5547 1671 5606 omnibus
1704 5567 1847 5621 pene
1867 5567 2006 5627 gen-

384 5620 531 5676 tibus
584 5624 783 5697 notun}
829 5618 1013 5697 fuerit,
1062 5618 1286 5697 gentem
1335 5621 1670 5697 Francorum
1705 5618 1914 5697 ’νεεοέ⁸
1941 5637 2006 5677 ex

384 5687 745 5763 successione
764 5686 1380 5763 haberepo'nsuevisse,
1405 5692 1694 5763 proferens
1710 5686 1877 5763 super
1901 5693 2009 5749 hoc

380 5757 766 5835 testimonium
783 5756 1219 5835 _beatiGregorii
1261 5756 1440 5835 papa.
1468 5763 1707 5832 Subjicit
1746 5756 1910 5820 etiam
1941 5780 2008 5819 ex

381 5832 542 5908 libris
562 5827 883 5908 Teutonicis
927 5831 998 5886 de
1052 5827 1198 5908 rage
1231 5827 1493 5904 quodam,
1528 5827 2009 5908 Hermenrico‘no-

380 5903 556 5982 mine,
585 5902 682 5982 qui
712 5911 937 5976 omnem
970 5902 1292 5982 prpgeniem
1343 5920 1495 5958 suam
1542 5904 1723 5982 monti
1762 5905 2009 5982 destina-

380 5972 525 6032 verit
583 5972 776 6037 impiis
835 5972 1100 6026 consiliis"
1147 5973 1468 6044 cujusquam
1528 5975 1830 6029 consiliarii
1896 5977 2007 6048 sui,

2095 2384 2239 2441 tiens
2265 2386 2398 2454 (25),
2431 2387 2895 2462 septuagenarius
2943 2403 3127 2443 coram
3182 2386 3379 2441 eodem
3411 2386 3722 2457 pralatura

2094 2476 2467 2533 ministerium
2548 2477 2843 2543 abdicavit,
2901 2484 2956 2532 et
3007 2474 3376 2532 Flodoardum
3451 2481 3716 2546 nepotem

2095 2584 2471 2625 successorem
2502 2569 2558 2624 in
2615 2586 2681 2624 ea
2710 2568 2942 2640 accepit.
2978 2567 3351 2633 Quadriennio
3383 2582 3493 2639 quo
3526 2582 3723 2637 super-

2095 2662 2253 2729 vixit,
2302 2670 2463 2717 atate
2513 2661 2717 2717 fractus
2759 2669 2814 2717 et
2868 2659 3188 2717 infirmitate
3248 2660 3467 2715 attritus
3492 2665 3553 2713 ut
3583 2666 3723 2723 erat,

2096 2753 2182 2808 vel
2210 2753 2505 2808 annalibus
2535 2753 2650 2808 suis
2702 2768 2907 2824 paucas
2956 2760 3168 2808 tantum
3202 2752 3379 2806 lineas
3408 2749 3640 2819 adjecit,
3675 2755 3728 2803 et

2099 2858 2246 2898 anno
2277 2844 2502 2898 demum
2530 2844 2636 2897 966
2665 2864 2692 2892 (ι
2733 2843 2816 2896 vir
2841 2843 2965 2898 vita
3020 2842 3384 2907 venerabilis,
3417 2839 3729 2895 sanctitatis

2099 2932 2313 2987 honore
2336 2931 2706 2997 venerandus,
2755 2929 3022 2985 castitatis
3068 2928 3370 2999 splendore
3409 2928 3727 3002 angelicas,

2100 3020 2315 3094 fulgore
2345 3019 2633 3091 sapientia
2663 3018 2905 3086 calicus,
2956 3027 3395 3088 caterarumque
3452 3016 3728 3071 virtutum

2101 3111 2411 3184 insignibus
2449 3109 2797 3165 abundanter
2843 3107 3120 3179 0ppletus,
3161 3106 3398 3160 dictator
3436 3104 3731 3180 egregius,

2098 3203 2430 3259 vKalendas
2481 3203 2679 3274 Aprilis
2735 3209 2967 3256 terrena
3024 3197 3495 3272 peregrinationis
3553 3199 3733 3252 relin-

2101 3312 2280 3367 quens
2300 3295 2515 3362 exsilia,
2543 3294 2717 3351 civica
2751 3300 2809 3348 ut
2840 3291 3121 3347 credimus
3142 3291 3379 3361 adeptus
3411 3295 3496 3344 est
3511 3288 3668 3357 jura,
3704 3308 3727 3339 υ

2104 3386 2455 3459 Epitaphium
2502 3386 2572 3440 ad
2629 3384 2798 3439 ﬁnem
2839 3383 3049 3439 codicis
3105 3381 3433 3444 carminum,
3494 3379 3565 3434 ab
3609 3379 3732 3450 ipso

2029 3457 2079 3525 Ο
2104 3457 2335 3540 fortasse
2353 3480 2745 3553 compositum,
2777 3479 2853 3534 ita
2881 3479 3081 3533 habet:

2165 3574 2256 3624 Hic
2271 3574 2652 3641 jacctindignns
2676 3572 2986 3623 Flodoardus
3016 3572 3205 3621 honore
3235 3567 3481 3628 sacerdos,

2228 3663 2427 3713 Arbiter
2444 3668 2734 3725 exspectans
2755 3660 2956 3710 calicus
2984 3666 3043 3708 ut
3065 3657 3256 3714 redeat.

2105 3775 2498 3850 supplicatque
2523 3789 2593 3829 ne
2623 3772 2908 3830 sceleratis
2940 3772 3047 3850 _hi_c
3089 3786 3190 3850 _rex
3242 3768 3568 3850 adquiescat
3598 3782 3733 3848 con:

2105 3843 2264 3919 siliis,
2298 3843 2760 3919 sed'misereatur
2804 3844 2985 3919 gentis
3008 3843 3199 3909 hujus,
3228 3849 3285 3919 et
3337 3843 3488 3919 regio
3527 3843 3728 3919 generi

2105 3910 2397 3975 subveniat
2434 3917 2738 3989 decidenti,
2802 3910 3086 3989 satagens,
3141 3923 3203 3968 ut
3250 3913 3307 3967 in
3355 3910 3559 3989 diebus
3619 3911 3734 3966 suis

2104 3989 2345 4072 dignitas
2382 3981 2756 4044 successionis
2799 3981 3270 4072 sua"roboretulr,
3313 3989 3397 4072 eti
3424 3981 3481 4036 hi
3530 3997 3729 4063 qunex

2104 4056 2287 4135 ξιιῆηο
2319 4075 2528 4135 genere
2577 4075 2736 4135 reges
2793 4058 3102 4123 exstabant,
3143 4056 3229 4110 vel
3263 4056 3497 4135 existere
3533 4056 3733 4123 cupie-

2105 4133 2263 4198 bant,
2296 4124 2405 4187 n‘on
2435 4124 2802 4202 pravalérent
2829 4136 3023 4185 contra
3054 4142 3168 4193 eos,
3187 4124 3390 4198 quibus
3421 4139 3490 4179 ex
3517 4139 3729 4199 genere

2107 4206 2286 4261 honor
2316 4203 2498 4273 regius
2525 4202 2851 4256 debebatur.
2868 4223 2909 4273 in

2177 4276 2194 4346 (
2208 4282 2219 4324 ι
2237 4274 2291 4346 8)
2311 4269 2595 4346 Pracipue
2622 4272 2882 4346 usquead
2904 4287 3111 4346 annum
3140 4269 3263 4325 954.

2177 4335 2293 4417 (19)
2326 4335 2779 4418 Exempligraiia
2799 4342 3037 4418 Rodulfo
3063 4335 3724 4418 Treverensi_,_Adald_ago

2107 4408 3332 4491 llammaburgénsivarchiepiscopo,_Annone
3350 4408 3551 4491 abbate
3585 4408 3726 4482 Mag-

2106 4480 2477 4561 deburgensev,
2520 4494 2709 4561 postea
2744 4480 3008 4561 episcopo
3062 4480 3476 4561 Wormaciensi.
3510 4480 3724 4561 Deque

2107 4561 2226 4615 Hist
2275 4550 2427 4615 Rem.
2458 4550 2497 4625 ἡ,
2520 4550 2583 4626 ’4,
2605 4559 2748 4631 ΔΙιξιεει
2777 4550 2990 4631 referti
3012 4579 3035 4603 ιι
3074 4554 3221 4631 Beati
3274 4552 3516 4631 denique
3535 4550 3726 4631 _Timo-

2106 4632 2219 4687 thei
2251 4647 2401 4698 ossa,
2436 4622 2533 4703 rex
2570 4622 2744 4703 Ὀι-ιο,
2783 4627 3124 4703 concedente
3187 4623 3407 4703 Artaldo
3438 4622 3722 4703 archiepi-

2105 4719 2292 4773 scopo,
2331 4697 2613 4773 transferri
2644 4699 2774 4773 fccit
2802 4699 2860 4773 in
2900 4697 3215 4773 Saxoniam,
3251 4697 3724 4773 etmonasterium

2107 4766 2500 4829 monaCliorum
2529 4771 2584 4825 in
2633 4772 2754 4839 ejus
2800 4769 3038 4825 instituit
3058 4768 3288 4823 honore.
3308 4766 3381 4839 _l_n
3412 4778 3520 4835 qua
3551 4772 3725 4839 trans-

2106 4844 2313 4901 latione
2339 4844 2508 4916 multa
2540 4836 2679 4897 mira
2719 4841 2971 4916 feruntur
3009 4848 3251 4916 ostensa.
3307 4837 3533 4916 Namnut
3571 4836 3723 4889 Anno

2106 4926 2237 4971 tunc
2291 4913 2482 4981 abbas,
2549 4929 2697 4986 nunc
2737 4913 3054 4986 cpiscolius,
3105 4909 3242 4965 mihi
3310 4908 3577 4972 retulit,a
3615 4920 3721 4986 quo

2106 4987 2301 5059 eadem
2333 4977 2499 5059 sacra
2543 4977 2785 5059 pignora
2840 4977 3102 5059 iranslata
3156 4987 3321 5059 sunt,_
3363 4987 3564 5059 prater
3620 4977 3722 5031 alia

2146 5058 2263 5113 Iura
2292 5051 2559 5130 remedia,
2604 5051 2912 5111 “duodecim
2972 5051 3392 5130 inter__claudos
3441 5055 3495 5130 et
3550 5062 3722 5127 caecos

2127 5131 2258 5202 uere
2286 5129 2459 5202 curati
2519 5119 2719 5183 Beatus
2734 5141 2955 5202 quoque
2986 5122 3318 5202 Apollinaris
3347 5119 3568 5176 ossibus
3612 5119 3721 5202 suis

2105 5200 2162 5256 in
2230 5199 2541 5255 Orbacensc
2599 5189 2995 5253 monasterium
3030 5189 3374 5257 'translatis,
3440 5189 3723 5245 nonnullis

2106 5271 2245 5327 inibi
2272 5272 2473 5343 ﬂorere
2493 5276 2774 5343 spectatur
2795 5264 3454 5343 gratiarum_insignibus.
3484 5281 3510 5343 ξ
3589 5330 3649 5343 m

2175 5342 2286 5412 (20)
2318 5330 2583 5416 Adaldagi
2641 5330 2835 5395 littera
2889 5338 3037 5411 apud
3087 5330 3468 5393 Colvénerium
3496 5332 3556 5386 in
3589 5330 3718 5386 Hist.

2106 5414 2384 5469 Remensi.

2176 5484 2287 5555 (21)
2345 5484 2531 5538 Abbas
2577 5482 2746 5539 fuisse
2792 5481 3032 5549 videtur,
3066 5494 3157 5535 an.
3199 5478 3305 5534 962
3335 5475 3404 5532 de
3436 5473 3720 5548 pralatura

2107 5555 2652 5626 depositascribens.
2755 5623 2774 5626 _
2855 5625 2862 5626 γ
3056 5623 3088 5626 __
3203 5621 3224 5626 Δ
3367 5620 3378 5626 _
3526 5618 3570 5626 __
3644 5616 3654 5626 ι

2183 5618 2294 5708 (22)
2360 5626 2495 5682 Vide
2546 5625 2681 5681 Gall.
2744 5623 2944 5680 Christ.
3004 5623 3137 5681 edit.
3197 5621 3232 5676 2
3291 5620 3466 5692 episc.
3526 5618 3719 5673 Novio-

2109 5714 2335 5754 mensns.

2181 5770 2294 5843 (23)
2329 5768 2401 5825 Ex
2429 5767 2938 5843 Adeldagiglitteris.

2182 5840 2293 5911 (24)
2327 5842 2464 5895 Ann.
2497 5856 2587 5896 an.
2620 5840 2746 5906 962,

2182 5912 2298 5980 (ea)
2328 5912 2405 5968 ιι).
2439 5927 2529 5967 an.
2561 5911 2687 5967 963.
