  <div class='ocr_page' id='page_1' title='image "/cluster/home/n/w/nwhite01/storage/ocr_20150623/134-135/uc1.31175013627537/731.png"; bbox 0 0 3874 6468; ppageno 0'>
   <div class='ocr_carea' id='block_1_1' title="bbox 341 443 447 500">
    <p class='ocr_par' dir='ltr' id='par_1_1' title="bbox 341 443 447 500">
     <span class='ocr_line' id='line_1_1' title="bbox 341 443 447 500; baseline 0.009 -1"><span class='ocrx_word' id='word_1_1' title='bbox 341 443 447 500; x_wconf 75' lang='grc'><strong>423</strong></span> 
     </span>
    </p>
   </div>
   <div class='ocr_carea' id='block_1_2' title="bbox 1473 433 2558 495">
    <p class='ocr_par' dir='ltr' id='par_1_2' title="bbox 1473 433 2558 495">
     <span class='ocr_line' id='line_1_2' title="bbox 1473 433 2558 495; baseline -0.005 -2"><span class='ocrx_word' id='word_1_2' title='bbox 1473 437 1838 495; x_wconf 80' lang='lat' dir='ltr'><strong>FLODOARDI</strong></span> <span class='ocrx_word' id='word_1_3' title='bbox 1880 435 2186 495; x_wconf 73' lang='lat' dir='ltr'><strong>CANONICI</strong></span> <span class='ocrx_word' id='word_1_4' title='bbox 2226 433 2558 492; x_wconf 76' lang='lat' dir='ltr'><strong>REMENSIS</strong></span> 
     </span>
    </p>
   </div>
   <div class='ocr_carea' id='block_1_3' title="bbox 3580 433 3679 488">
    <p class='ocr_par' dir='ltr' id='par_1_3' title="bbox 3580 433 3679 488">
     <span class='ocr_line' id='line_1_3' title="bbox 3580 433 3679 488; baseline 0 0"><span class='ocrx_word' id='word_1_5' title='bbox 3580 433 3679 488; x_wconf 68' lang='lat'><strong>424</strong></span> 
     </span>
    </p>
   </div>
   <div class='ocr_carea' id='block_1_4' title="bbox 409 564 3677 645">
    <p class='ocr_par' dir='ltr' id='par_1_4' title="bbox 409 564 3677 645">
     <span class='ocr_line' id='line_1_4' title="bbox 409 564 3677 645; baseline -0.003 -15"><span class='ocrx_word' id='word_1_6' title='bbox 409 574 487 645; x_wconf 79' lang='grc'><strong>3³)</strong></span> <span class='ocrx_word' id='word_1_7' title='bbox 518 573 853 630; x_wconf 90' lang='lat' dir='ltr'><strong>lectionibus</strong></span> <span class='ocrx_word' id='word_1_8' title='bbox 880 570 1088 627; x_wconf 86' lang='lat' dir='ltr'><strong>codicis</strong></span> <span class='ocrx_word' id='word_1_9' title='bbox 1139 568 1423 640; x_wconf 85' lang='lat' dir='ltr'><strong>cujusdam</strong></span> <span class='ocrx_word' id='word_1_10' title='bbox 1470 568 1526 622; x_wconf 90' lang='lat' dir='ltr'><strong>in</strong></span> <span class='ocrx_word' id='word_1_11' title='bbox 1556 568 1807 643; x_wconf 84' lang='lat' dir='ltr'><strong>margine</strong></span> <span class='ocrx_word' id='word_1_12' title='bbox 1838 567 1958 623; x_wconf 83' lang='lat' dir='ltr'><strong>edi-</strong></span> <span class='ocrx_word' id='word_1_13' title='bbox 1983 567 2187 641; x_wconf 77' lang='lat' dir='ltr'><strong>Adem</strong></span> <span class='ocrx_word' id='word_1_14' title='bbox 2239 565 2375 621; x_wconf 90' lang='lat' dir='ltr'><strong>illud</strong></span> <span class='ocrx_word' id='word_1_15' title='bbox 2431 564 2745 632; x_wconf 86' lang='lat' dir='ltr'><strong>Erlebaldo,</strong></span> <span class='ocrx_word' id='word_1_16' title='bbox 2797 565 3028 637; x_wconf 82' lang='lat' dir='ltr'><strong>recepit,</strong></span> <span class='ocrx_word' id='word_1_17' title='bbox 3085 572 3141 618; x_wconf 90' lang='lat' dir='ltr'><strong>et</strong></span> <span class='ocrx_word' id='word_1_18' title='bbox 3192 564 3484 637; x_wconf 77' lang='lat' dir='ltr'><strong>dispositis</strong></span> <span class='ocrx_word' id='word_1_19' title='bbox 3545 566 3677 621; x_wconf 89' lang='lat' dir='ltr'><strong>inibi</strong></span> 
     </span>
    </p>
   </div>
   <div class='ocr_carea' id='block_1_5' title="bbox 342 663 1402 738">
    <p class='ocr_par' dir='ltr' id='par_1_5' title="bbox 342 663 1402 738">
     <span class='ocr_line' id='line_1_5' title="bbox 342 663 1402 738; baseline -0.007 -15"><span class='ocrx_word' id='word_1_20' title='bbox 342 666 512 723; x_wconf 88' lang='lat' dir='ltr'><strong>tionis</strong></span> <span class='ocrx_word' id='word_1_21' title='bbox 533 666 824 724; x_wconf 71' lang='lat' dir='ltr'><strong>Pithmanae</strong></span> <span class='ocrx_word' id='word_1_22' title='bbox 853 665 991 738; x_wconf 87' lang='lat' dir='ltr'><strong>sigla</strong></span> <span class='ocrx_word' id='word_1_23' title='bbox 1020 663 1088 717; x_wconf 83' lang='lat' dir='ltr'><strong>M.</strong></span> <span class='ocrx_word' id='word_1_24' title='bbox 1120 663 1311 725; x_wconf 84' lang='lat' dir='ltr'><strong>notati,</strong></span> <span class='ocrx_word' id='word_1_25' title='bbox 1345 669 1402 717; x_wconf 92' lang='lat' dir='ltr'><strong>et</strong></span> 
     </span>
    </p>
   </div>
   <div class='ocr_carea' id='block_1_6' title="bbox 2061 654 3682 729">
    <p class='ocr_par' dir='ltr' id='par_1_6' title="bbox 2061 654 3682 729">
     <span class='ocr_line' id='line_1_6' title="bbox 2061 654 3682 729; baseline 0.001 -18"><span class='ocrx_word' id='word_1_26' title='bbox 2061 656 2351 719; x_wconf 85' lang='lat' dir='ltr'><strong>custodiis,</strong></span> <span class='ocrx_word' id='word_1_27' title='bbox 2375 669 2627 710; x_wconf 89' lang='lat' dir='ltr'><strong>reversus</strong></span> <span class='ocrx_word' id='word_1_28' title='bbox 2666 662 2750 710; x_wconf 90' lang='lat' dir='ltr'><strong>est</strong></span> <span class='ocrx_word' id='word_1_29' title='bbox 2774 654 2981 712; x_wconf 82' lang='lat' dir='ltr'><strong>Remis.</strong></span> <span class='ocrx_word' id='word_1_30' title='bbox 3033 656 3131 722; x_wconf 85' lang='lat' dir='ltr'><strong>Qui</strong></span> <span class='ocrx_word' id='word_1_31' title='bbox 3180 656 3505 712; x_wconf 86' lang='lat' dir='ltr'><strong>Erlebaldus</strong></span> <span class='ocrx_word' id='word_1_32' title='bbox 3556 673 3682 729; x_wconf 83' lang='lat' dir='ltr'><strong>pro-</strong></span> 
     </span>
    </p>
   </div>
   <div class='ocr_carea' id='block_1_7' title="bbox 415 747 3681 832">
    <p class='ocr_par' dir='ltr' id='par_1_7' title="bbox 415 747 3681 832">
     <span class='ocr_line' id='line_1_7' title="bbox 415 747 3681 832; baseline -0.005 -15"><span class='ocrx_word' id='word_1_33' title='bbox 415 760 499 832; x_wconf 83' lang='lat' dir='ltr'><strong>3b)</strong></span> <span class='ocrx_word' id='word_1_34' title='bbox 526 762 718 817; x_wconf 86' lang='lat' dir='ltr'><strong>codice</strong></span> <span class='ocrx_word' id='word_1_35' title='bbox 732 760 904 830; x_wconf 79' lang='lat' dir='ltr'><strong>sancti</strong></span> <span class='ocrx_word' id='word_1_36' title='bbox 935 756 1166 812; x_wconf 84' lang='lat' dir='ltr'><strong>Victoris</strong></span> <span class='ocrx_word' id='word_1_37' title='bbox 1195 753 1544 821; x_wconf 90' lang='lat' dir='ltr'><strong>Parisiensis,</strong></span> <span class='ocrx_word' id='word_1_38' title='bbox 1577 754 1738 823; x_wconf 90' lang='lat' dir='ltr'><strong>cujus</strong></span> <span class='ocrx_word' id='word_1_39' title='bbox 1768 753 1964 810; x_wconf 88' lang='lat' dir='ltr'><strong>lectio-</strong></span> <span class='ocrx_word' id='word_1_40' title='bbox 2065 750 2239 804; x_wconf 85' lang='lat' dir='ltr'><strong>fectus</strong></span> <span class='ocrx_word' id='word_1_41' title='bbox 2261 749 2330 803; x_wconf 90' lang='lat' dir='ltr'><strong>ad</strong></span> <span class='ocrx_word' id='word_1_42' title='bbox 2359 763 2566 820; x_wconf 88' lang='lat' dir='ltr'><strong>regem,</strong></span> <span class='ocrx_word' id='word_1_43' title='bbox 2618 747 2712 817; x_wconf 88' lang='lat' dir='ltr'><strong>qui</strong></span> <span class='ocrx_word' id='word_1_44' title='bbox 2755 753 2886 802; x_wconf 92' lang='lat' dir='ltr'><strong>tunc</strong></span> <span class='ocrx_word' id='word_1_45' title='bbox 2915 747 3233 802; x_wconf 87' lang='lat' dir='ltr'><strong>morabatur</strong></span> <span class='ocrx_word' id='word_1_46' title='bbox 3264 747 3320 800; x_wconf 95' lang='lat' dir='ltr'><strong>in</strong></span> <span class='ocrx_word' id='word_1_47' title='bbox 3362 763 3507 820; x_wconf 87' lang='lat' dir='ltr'><strong>pago</strong></span> <span class='ocrx_word' id='word_1_48' title='bbox 3533 747 3681 801; x_wconf 83' lang='lat' dir='ltr'><strong>War-</strong></span> 
     </span>
    </p>
   </div>
   <div class='ocr_carea' id='block_1_8' title="bbox 347 834 3683 925">
    <p class='ocr_par' dir='ltr' id='par_1_8' title="bbox 347 834 3683 925">
     <span class='ocr_line' id='line_1_8' title="bbox 347 834 3683 925; baseline -0.006 -15"><span class='ocrx_word' id='word_1_49' title='bbox 347 869 450 909; x_wconf 89' lang='lat' dir='ltr'><strong>nes</strong></span> <span class='ocrx_word' id='word_1_50' title='bbox 469 854 618 925; x_wconf 91' lang='lat' dir='ltr'><strong>apud</strong></span> <span class='ocrx_word' id='word_1_51' title='bbox 654 855 994 923; x_wconf 91' lang='lat' dir='ltr'><strong>Bouquctum</strong></span> <span class='ocrx_word' id='word_1_52' title='bbox 1023 847 1318 919; x_wconf 62' lang='lat' dir='ltr'><strong>propositae</strong></span> <span class='ocrx_word' id='word_1_53' title='bbox 1343 846 1493 902; x_wconf 88' lang='lat' dir='ltr'><strong>hunc</strong></span> <span class='ocrx_word' id='word_1_54' title='bbox 1513 847 1564 901; x_wconf 91' lang='lat' dir='ltr'><strong>ei</strong></span> <span class='ocrx_word' id='word_1_55' title='bbox 1601 845 1785 902; x_wconf 89' lang='lat' dir='ltr'><strong>locum</strong></span> <span class='ocrx_word' id='word_1_56' title='bbox 1815 846 1965 901; x_wconf 84' lang='lat' dir='ltr'><strong>adsi-</strong></span> <span class='ocrx_word' id='word_1_57' title='bbox 2064 839 2307 894; x_wconf 90' lang='lat' dir='ltr'><strong>macensi</strong></span> <span class='ocrx_word' id='word_1_58' title='bbox 2334 839 2537 893; x_wconf 89' lang='lat' dir='ltr'><strong>sedens</strong></span> <span class='ocrx_word' id='word_1_59' title='bbox 2558 844 2750 892; x_wconf 88' lang='lat' dir='ltr'><strong>contra</strong></span> <span class='ocrx_word' id='word_1_60' title='bbox 2773 835 3090 890; x_wconf 88' lang='lat' dir='ltr'><strong>Heinricum</strong></span> <span class='ocrx_word' id='word_1_61' title='bbox 3124 834 3477 906; x_wconf 71' lang='lat' dir='ltr'><strong>13principem</strong></span> <span class='ocrx_word' id='word_1_62' title='bbox 3490 835 3683 889; x_wconf 87' lang='lat' dir='ltr'><strong>Trans-</strong></span> 
     </span>
    </p>
   </div>
   <div class='ocr_carea' id='block_1_9' title="bbox 389 951 541 1000">
    <p class='ocr_par' dir='ltr' id='par_1_9' title="bbox 389 951 541 1000">
     <span class='ocr_line' id='line_1_9' title="bbox 389 951 541 1000; baseline 0.02 -3"><span class='ocrx_word' id='word_1_63' title='bbox 389 951 541 1000; x_wconf 90' lang='lat' dir='ltr'><strong>nant.</strong></span> 
     </span>
    </p>
   </div>
   <div class='ocr_carea' id='block_1_10' title="bbox 348 960 1970 1102">
    <p class='ocr_par' dir='ltr' id='par_1_10' title="bbox 348 960 1970 1102">
     <span class='ocr_line' id='line_1_10' title="bbox 389 960 541 1000; baseline 0.02 -3"><span class='ocrx_word' id='word_1_64' title='bbox 389 960 541 1000; x_wconf 70' lang='lat' dir='ltr'><strong>nanL</strong></span> 
     </span>
     <span class='ocr_line' id='line_1_11' title="bbox 348 960 1970 1102; baseline -0.007 -12"><span class='ocrx_word' id='word_1_65' title='bbox 348 960 384 1017; x_wconf 75' lang='lat' dir='ltr'>g</span> <span class='ocrx_word' id='word_1_66' title='bbox 421 1034 517 1090; x_wconf 91' lang='lat' dir='ltr'><strong>Usi</strong></span> <span class='ocrx_word' id='word_1_67' title='bbox 537 1049 730 1091; x_wconf 92' lang='lat' dir='ltr'><strong>sumus</strong></span> <span class='ocrx_word' id='word_1_68' title='bbox 760 1039 1028 1102; x_wconf 68' lang='lat' dir='ltr'><strong>praeterea</strong></span> <span class='ocrx_word' id='word_1_69' title='bbox 1045 1028 1431 1101; x_wconf 89' lang='lat' dir='ltr'><strong>scriptoribus,</strong></span> <span class='ocrx_word' id='word_1_70' title='bbox 1489 1025 1582 1099; x_wconf 90' lang='lat' dir='ltr'><strong>qui</strong></span> <span class='ocrx_word' id='word_1_71' title='bbox 1604 1025 1970 1083; x_wconf 85' lang='lat' dir='ltr'><strong>Flodoardum</strong></span> 
     </span>
    </p>
   </div>
   <div class='ocr_carea' id='block_1_11' title="bbox 349 1118 2882 1197">
    <p class='ocr_par' dir='ltr' id='par_1_11' title="bbox 349 1118 2882 1197">
     <span class='ocr_line' id='line_1_12' title="bbox 349 1118 2882 1197; baseline -0.004 -13"><span class='ocrx_word' id='word_1_72' title='bbox 349 1127 553 1184; x_wconf 79' lang='lat' dir='ltr'><strong>saeculo</strong></span> <span class='ocrx_word' id='word_1_73' title='bbox 613 1127 810 1183; x_wconf 88' lang='lat' dir='ltr'><strong>eodem</strong></span> <span class='ocrx_word' id='word_1_74' title='bbox 845 1132 900 1180; x_wconf 93' lang='lat' dir='ltr'><strong>et</strong></span> <span class='ocrx_word' id='word_1_75' title='bbox 941 1123 1191 1196; x_wconf 86' lang='lat' dir='ltr'><strong>proxime</strong></span> <span class='ocrx_word' id='word_1_76' title='bbox 1244 1119 1609 1193; x_wconf 89' lang='lat' dir='ltr'><strong>sequentibus</strong></span> <span class='ocrx_word' id='word_1_77' title='bbox 1660 1118 1816 1174; x_wconf 87' lang='lat' dir='ltr'><strong>libris</strong></span> <span class='ocrx_word' id='word_1_78' title='bbox 1846 1118 1964 1173; x_wconf 91' lang='lat' dir='ltr'><strong>suis</strong></span> <span class='ocrx_word' id='word_1_79' title='bbox 2068 1130 2100 1162; x_wconf 64' lang='grc' dir='ltr'><strong>ιι</strong></span> <span class='ocrx_word' id='word_1_80' title='bbox 2138 1133 2280 1186; x_wconf 66' lang='lat' dir='ltr'><strong>Hist,</strong></span> <span class='ocrx_word' id='word_1_81' title='bbox 2313 1133 2460 1186; x_wconf 72' lang='lat' dir='ltr'><strong>Rem,</strong></span> <span class='ocrx_word' id='word_1_82' title='bbox 2495 1146 2568 1197; x_wconf 69' lang='grc' dir='ltr'><strong>ιν,</strong></span> <span class='ocrx_word' id='word_1_83' title='bbox 2610 1129 2698 1184; x_wconf 70' lang='lat'><strong>15,</strong></span> <span class='ocrx_word' id='word_1_84' title='bbox 2751 1130 2882 1184; x_wconf 80' lang='lat' dir='ltr'><strong>cum</strong></span> 
     </span>
    </p>
   </div>
   <div class='ocr_carea' id='block_1_12' title="bbox 348 1202 1966 1289">
    <p class='ocr_par' dir='ltr' id='par_1_12' title="bbox 348 1202 1966 1289">
     <span class='ocr_line' id='line_1_13' title="bbox 348 1202 1966 1289; baseline -0.007 -16"><span class='ocrx_word' id='word_1_85' title='bbox 348 1225 711 1289; x_wconf 85' lang='lat' dir='ltr'><strong>exceperunt,</strong></span> <span class='ocrx_word' id='word_1_86' title='bbox 743 1216 979 1272; x_wconf 91' lang='lat' dir='ltr'><strong>Richero</strong></span> <span class='ocrx_word' id='word_1_87' title='bbox 1009 1221 1064 1270; x_wconf 89' lang='lat' dir='ltr'><strong>et</strong></span> <span class='ocrx_word' id='word_1_88' title='bbox 1128 1214 1355 1287; x_wconf 79' lang='lat' dir='ltr'><strong>Hugonc</strong></span> <span class='ocrx_word' id='word_1_89' title='bbox 1400 1202 1798 1269; x_wconf 83' lang='lat' dir='ltr'><strong>Flaviniacensi</strong></span> <span class='ocrx_word' id='word_1_90' title='bbox 1830 1209 1966 1281; x_wconf 82' lang='lat'><strong>(30),</strong></span> 
     </span>
    </p>
   </div>
   <div class='ocr_carea' id='block_1_13' title="bbox 348 1303 1969 1382">
    <p class='ocr_par' dir='ltr' id='par_1_13' title="bbox 348 1303 1969 1382">
     <span class='ocr_line' id='line_1_14' title="bbox 348 1303 1969 1382; baseline -0.005 -17"><span class='ocrx_word' id='word_1_91' title='bbox 348 1309 445 1382; x_wconf 91' lang='lat' dir='ltr'><strong>qui</strong></span> <span class='ocrx_word' id='word_1_92' title='bbox 475 1326 598 1366; x_wconf 93' lang='lat' dir='ltr'><strong>cum</strong></span> <span class='ocrx_word' id='word_1_93' title='bbox 630 1309 821 1365; x_wconf 89' lang='lat' dir='ltr'><strong>codice</strong></span> <span class='ocrx_word' id='word_1_94' title='bbox 855 1314 1044 1365; x_wconf 91' lang='lat' dir='ltr'><strong>nostro</strong></span> <span class='ocrx_word' id='word_1_95' title='bbox 1076 1308 1097 1362; x_wconf 84' lang='grc' dir='ltr'><strong>Ι</strong></span> <span class='ocrx_word' id='word_1_96' title='bbox 1137 1305 1512 1373; x_wconf 88' lang='lat' dir='ltr'><strong>consentiunt,</strong></span> <span class='ocrx_word' id='word_1_97' title='bbox 1545 1311 1659 1360; x_wconf 89' lang='lat' dir='ltr'><strong>tum</strong></span> <span class='ocrx_word' id='word_1_98' title='bbox 1684 1303 1969 1359; x_wconf 86' lang='lat' dir='ltr'><strong>Balderico</strong></span> 
     </span>
    </p>
   </div>
   <div class='ocr_carea' id='block_1_14' title="bbox 346 1394 1973 1475">
    <p class='ocr_par' dir='ltr' id='par_1_14' title="bbox 346 1394 1973 1475">
     <span class='ocr_line' id='line_1_15' title="bbox 346 1394 1973 1475; baseline -0.004 -19"><span class='ocrx_word' id='word_1_99' title='bbox 346 1408 404 1457; x_wconf 91' lang='lat' dir='ltr'><strong>et</strong></span> <span class='ocrx_word' id='word_1_100' title='bbox 425 1401 652 1475; x_wconf 80' lang='lat' dir='ltr'><strong>Hugonc</strong></span> <span class='ocrx_word' id='word_1_101' title='bbox 680 1398 1037 1466; x_wconf 89' lang='lat' dir='ltr'><strong>Floriacensi,</strong></span> <span class='ocrx_word' id='word_1_102' title='bbox 1088 1413 1393 1469; x_wconf 89' lang='lat' dir='ltr'><strong>eorumque</strong></span> <span class='ocrx_word' id='word_1_103' title='bbox 1435 1396 1705 1455; x_wconf 87' lang='lat' dir='ltr'><strong>lectiones</strong></span> <span class='ocrx_word' id='word_1_104' title='bbox 1734 1394 1973 1450; x_wconf 83' lang='lat' dir='ltr'><strong>additio-</strong></span> 
     </span>
    </p>
   </div>
   <div class='ocr_carea' id='block_1_15' title="bbox 347 1486 1537 1546">
    <p class='ocr_par' dir='ltr' id='par_1_15' title="bbox 347 1486 1537 1546">
     <span class='ocr_line' id='line_1_16' title="bbox 347 1486 1537 1546; baseline -0.003 -1"><span class='ocrx_word' id='word_1_105' title='bbox 347 1505 522 1546; x_wconf 89' lang='lat' dir='ltr'><strong>nesve</strong></span> <span class='ocrx_word' id='word_1_106' title='bbox 550 1488 680 1544; x_wconf 88' lang='lat' dir='ltr'><strong>hinc</strong></span> <span class='ocrx_word' id='word_1_107' title='bbox 709 1488 837 1544; x_wconf 90' lang='lat' dir='ltr'><strong>inde</strong></span> <span class='ocrx_word' id='word_1_108' title='bbox 868 1487 1222 1543; x_wconf 82' lang='lat' dir='ltr'><strong>adducendas</strong></span> <span class='ocrx_word' id='word_1_109' title='bbox 1260 1486 1537 1542; x_wconf 86' lang='lat' dir='ltr'><strong>duximus.</strong></span> 
     </span>
    </p>
   </div>
   <div class='ocr_carea' id='block_1_16' title="bbox 417 1584 1899 1656">
    <p class='ocr_par' dir='ltr' id='par_1_16' title="bbox 417 1584 1899 1656">
     <span class='ocr_line' id='line_1_17' title="bbox 417 1584 1899 1656; baseline -0.005 -1"><span class='ocrx_word' id='word_1_110' title='bbox 417 1584 575 1656; x_wconf 57' lang='lat' dir='ltr'><strong>Anno</strong></span> <span class='ocrx_word' id='word_1_111' title='bbox 602 1598 1001 1655; x_wconf 88' lang='lat' dir='ltr'><strong>incarnationis</strong></span> <span class='ocrx_word' id='word_1_112' title='bbox 1030 1597 1242 1654; x_wconf 90' lang='lat' dir='ltr'><strong>domini</strong></span> <span class='ocrx_word' id='word_1_113' title='bbox 1263 1597 1439 1653; x_wconf 88' lang='lat' dir='ltr'><strong>nostri</strong></span> <span class='ocrx_word' id='word_1_114' title='bbox 1456 1596 1628 1653; x_wconf 87' lang='lat' dir='ltr'><strong>Jhesu</strong></span> <span class='ocrx_word' id='word_1_115' title='bbox 1674 1593 1899 1650; x_wconf 84' lang='lat' dir='ltr'><strong>Christi.</strong></span> 
     </span>
    </p>
   </div>
   <div class='ocr_carea' id='block_1_17' title="bbox 986 1711 1331 1768">
    <p class='ocr_par' dir='ltr' id='par_1_17' title="bbox 986 1711 1331 1768">
     <span class='ocr_line' id='line_1_18' title="bbox 986 1711 1331 1768; baseline 0 -1"><span class='ocrx_word' id='word_1_116' title='bbox 986 1711 1331 1768; x_wconf 81' lang='lat' dir='ltr'><strong>DCCCCXIX.</strong></span> 
     </span>
    </p>
   </div>
   <div class='ocr_carea' id='block_1_18' title="bbox 324 1799 1972 1885">
    <p class='ocr_par' dir='ltr' id='par_1_18' title="bbox 346 1799 1972 1878">
     <span class='ocr_line' id='line_1_19' title="bbox 346 1799 1972 1878; baseline -0.004 -19"><span class='ocrx_word' id='word_1_117' title='bbox 346 1803 549 1860; x_wconf 85' lang='lat' dir='ltr'><strong>cecidit</strong></span> <span class='ocrx_word' id='word_1_118' title='bbox 578 1803 767 1860; x_wconf 85' lang='lat' dir='ltr'><strong>Remis</strong></span> <span class='ocrx_word' id='word_1_119' title='bbox 792 1802 1004 1878; x_wconf 84' lang='lat' dir='ltr'><strong>grando</strong></span> <span class='ocrx_word' id='word_1_120' title='bbox 1026 1801 1319 1868; x_wconf 89' lang='lat' dir='ltr'><strong>mirabilis,</strong></span> <span class='ocrx_word' id='word_1_121' title='bbox 1361 1816 1526 1857; x_wconf 85' lang='lat' dir='ltr'><strong>ovum</strong></span> <span class='ocrx_word' id='word_1_122' title='bbox 1556 1799 1777 1872; x_wconf 77' lang='lat' dir='ltr'><strong>gallinae</strong></span> <span class='ocrx_word' id='word_1_123' title='bbox 1801 1813 1972 1870; x_wconf 87' lang='lat' dir='ltr'><strong>supe-</strong></span> 
     </span>
    </p>
   </div>
   <div class='ocr_carea' id='block_1_19' title="bbox 346 1892 2051 1971">
    <p class='ocr_par' dir='ltr' id='par_1_19' title="bbox 346 1892 2051 1971">
     <span class='ocr_line' id='line_1_20' title="bbox 346 1892 2051 1971; baseline -0.004 -19"><span class='ocrx_word' id='word_1_124' title='bbox 346 1913 477 1953; x_wconf 88' lang='lat' dir='ltr'><strong>rans</strong></span> <span class='ocrx_word' id='word_1_125' title='bbox 505 1896 887 1971; x_wconf 83' lang='lat' dir='ltr'><strong>magnitudine</strong></span> <span class='ocrx_word' id='word_1_126' title='bbox 917 1914 931 1963; x_wconf 92' lang='lat'><strong>;</strong></span> <span class='ocrx_word' id='word_1_127' title='bbox 965 1912 1086 1968; x_wconf 64' lang='lat' dir='ltr'><strong>qua:</strong></span> <span class='ocrx_word' id='word_1_128' title='bbox 1114 1910 1244 1951; x_wconf 90' lang='lat' dir='ltr'><strong>vero</strong></span> <span class='ocrx_word' id='word_1_129' title='bbox 1262 1892 1754 1950; x_wconf 90' lang='lat' dir='ltr'><strong>distendcbaturin</strong></span> <span class='ocrx_word' id='word_1_130' title='bbox 1786 1892 1971 1947; x_wconf 86' lang='lat' dir='ltr'><strong>latitu-</strong></span> <span class='ocrx_word' id='word_1_131' title='bbox 1998 1894 2051 1963; x_wconf 87' lang='grc' dir='ltr'><strong>Β</strong></span> 
     </span>
    </p>
   </div>
   <div class='ocr_carea' id='block_1_20' title="bbox 348 1981 1970 2057">
    <p class='ocr_par' dir='ltr' id='par_1_20' title="bbox 348 1981 1970 2057">
     <span class='ocr_line' id='line_1_21' title="bbox 348 1981 1970 2057; baseline -0.004 -16"><span class='ocrx_word' id='word_1_132' title='bbox 348 1986 504 2054; x_wconf 89' lang='lat' dir='ltr'><strong>diue,</strong></span> <span class='ocrx_word' id='word_1_133' title='bbox 536 1986 844 2057; x_wconf 85' lang='lat' dir='ltr'><strong>occupabat</strong></span> <span class='ocrx_word' id='word_1_134' title='bbox 889 1984 1134 2040; x_wconf 90' lang='lat' dir='ltr'><strong>medium</strong></span> <span class='ocrx_word' id='word_1_135' title='bbox 1184 1983 1399 2054; x_wconf 60' lang='lat' dir='ltr'><strong>palma}.</strong></span> <span class='ocrx_word' id='word_1_136' title='bbox 1457 1982 1566 2037; x_wconf 89' lang='lat' dir='ltr'><strong>Sed</strong></span> <span class='ocrx_word' id='word_1_137' title='bbox 1621 1988 1678 2037; x_wconf 91' lang='lat' dir='ltr'><strong>et</strong></span> <span class='ocrx_word' id='word_1_138' title='bbox 1704 1981 1970 2055; x_wconf 88' lang='lat' dir='ltr'><strong>grandior</strong></span> 
     </span>
    </p>
   </div>
   <div class='ocr_carea' id='block_1_21' title="bbox 349 2070 1968 2148">
    <p class='ocr_par' dir='ltr' id='par_1_21' title="bbox 349 2070 1968 2148">
     <span class='ocr_line' id='line_1_22' title="bbox 349 2070 1968 2148; baseline -0.004 -17"><span class='ocrx_word' id='word_1_139' title='bbox 349 2092 453 2147; x_wconf 93' lang='lat' dir='ltr'><strong>per</strong></span> <span class='ocrx_word' id='word_1_140' title='bbox 480 2074 589 2130; x_wconf 90' lang='lat' dir='ltr'><strong>alia</strong></span> <span class='ocrx_word' id='word_1_141' title='bbox 615 2074 867 2148; x_wconf 66' lang='lat' dir='ltr'><strong>quaedam</strong></span> <span class='ocrx_word' id='word_1_142' title='bbox 894 2074 1014 2129; x_wconf 91' lang='lat' dir='ltr'><strong>loca</strong></span> <span class='ocrx_word' id='word_1_143' title='bbox 1044 2074 1165 2128; x_wconf 90' lang='lat' dir='ltr'><strong>visa</strong></span> <span class='ocrx_word' id='word_1_144' title='bbox 1211 2080 1294 2127; x_wconf 92' lang='lat' dir='ltr'><strong>est</strong></span> <span class='ocrx_word' id='word_1_145' title='bbox 1349 2071 1643 2127; x_wconf 90' lang='lat' dir='ltr'><strong>cecidisse.</strong></span> <span class='ocrx_word' id='word_1_146' title='bbox 1679 2070 1792 2127; x_wconf 81' lang='lat' dir='ltr'><strong>Hoc</strong></span> <span class='ocrx_word' id='word_1_147' title='bbox 1823 2085 1968 2125; x_wconf 88' lang='lat' dir='ltr'><strong>anno</strong></span> 
     </span>
    </p>
   </div>
   <div class='ocr_carea' id='block_1_22' title="bbox 351 2161 1969 2239">
    <p class='ocr_par' dir='ltr' id='par_1_22' title="bbox 351 2161 1969 2239">
     <span class='ocr_line' id='line_1_23' title="bbox 351 2161 1969 2239; baseline -0.004 -19"><span class='ocrx_word' id='word_1_148' title='bbox 351 2165 494 2219; x_wconf 89' lang='lat' dir='ltr'><strong>nihil</strong></span> <span class='ocrx_word' id='word_1_149' title='bbox 517 2165 630 2220; x_wconf 91' lang='lat' dir='ltr'><strong>vini</strong></span> <span class='ocrx_word' id='word_1_150' title='bbox 660 2165 716 2219; x_wconf 93' lang='lat' dir='ltr'><strong>iu</strong></span> <span class='ocrx_word' id='word_1_151' title='bbox 777 2179 919 2239; x_wconf 88' lang='lat' dir='ltr'><strong>pago</strong></span> <span class='ocrx_word' id='word_1_152' title='bbox 952 2164 1224 2218; x_wconf 88' lang='lat' dir='ltr'><strong>Remense</strong></span> <span class='ocrx_word' id='word_1_153' title='bbox 1250 2164 1265 2197; x_wconf 83' lang='grc'>¹</span> <span class='ocrx_word' id='word_1_154' title='bbox 1314 2161 1421 2217; x_wconf 87' lang='lat' dir='ltr'><strong>nisi</strong></span> <span class='ocrx_word' id='word_1_155' title='bbox 1451 2178 1645 2232; x_wconf 91' lang='lat' dir='ltr'><strong>parum</strong></span> <span class='ocrx_word' id='word_1_156' title='bbox 1672 2161 1969 2216; x_wconf 91' lang='lat' dir='ltr'><strong>admodum</strong></span> 
     </span>
    </p>
   </div>
   <div class='ocr_carea' id='block_1_23' title="bbox 351 2252 1978 2312">
    <p class='ocr_par' dir='ltr' id='par_1_23' title="bbox 351 2252 1978 2312">
     <span class='ocr_line' id='line_1_24' title="bbox 351 2252 1978 2312; baseline -0.002 -1"><span class='ocrx_word' id='word_1_157' title='bbox 351 2256 476 2311; x_wconf 88' lang='lat' dir='ltr'><strong>fuit.</strong></span> <span class='ocrx_word' id='word_1_158' title='bbox 534 2256 854 2312; x_wconf 87' lang='lat' dir='ltr'><strong>Nortmanni</strong></span> <span class='ocrx_word' id='word_1_159' title='bbox 884 2257 906 2291; x_wconf 86' lang='grc'>²</span> <span class='ocrx_word' id='word_1_160' title='bbox 956 2271 1178 2311; x_wconf 91' lang='lat' dir='ltr'><strong>omnem</strong></span> <span class='ocrx_word' id='word_1_161' title='bbox 1240 2254 1622 2309; x_wconf 76' lang='lat' dir='ltr'><strong>Britanniam3</strong></span> <span class='ocrx_word' id='word_1_162' title='bbox 1667 2254 1723 2308; x_wconf 92' lang='lat' dir='ltr'><strong>in</strong></span> <span class='ocrx_word' id='word_1_163' title='bbox 1754 2252 1978 2309; x_wconf 88' lang='lat' dir='ltr'><strong>Cornu-</strong></span> 
     </span>
    </p>
   </div>
   <div class='ocr_carea' id='block_1_24' title="bbox 354 2343 1976 2417">
    <p class='ocr_par' dir='ltr' id='par_1_24' title="bbox 354 2343 1976 2417">
     <span class='ocr_line' id='line_1_25' title="bbox 354 2343 1976 2417; baseline -0.001 -18"><span class='ocrx_word' id='word_1_164' title='bbox 354 2344 543 2400; x_wconf 68' lang='lat' dir='ltr'><strong>Galliaa</strong></span> <span class='ocrx_word' id='word_1_165' title='bbox 573 2343 701 2417; x_wconf 75' lang='lat' dir='ltr'><strong>(3i),</strong></span> <span class='ocrx_word' id='word_1_166' title='bbox 734 2344 792 2400; x_wconf 94' lang='lat' dir='ltr'><strong>in</strong></span> <span class='ocrx_word' id='word_1_167' title='bbox 821 2360 919 2400; x_wconf 92' lang='lat' dir='ltr'><strong>ora</strong></span> <span class='ocrx_word' id='word_1_168' title='bbox 949 2345 1162 2401; x_wconf 89' lang='lat' dir='ltr'><strong>scilicet</strong></span> <span class='ocrx_word' id='word_1_169' title='bbox 1192 2344 1489 2406; x_wconf 85' lang='lat' dir='ltr'><strong>maritima,</strong></span> <span class='ocrx_word' id='word_1_170' title='bbox 1518 2344 1679 2399; x_wconf 86' lang='lat' dir='ltr'><strong>sitam</strong></span> <span class='ocrx_word' id='word_1_171' title='bbox 1712 2343 1976 2414; x_wconf 86' lang='lat' dir='ltr'><strong>depopu-</strong></span> 
     </span>
    </p>
   </div>
   <div class='ocr_carea' id='block_1_25' title="bbox 352 2432 1974 2507">
    <p class='ocr_par' dir='ltr' id='par_1_25' title="bbox 352 2432 1974 2507">
     <span class='ocr_line' id='line_1_26' title="bbox 352 2432 1974 2507; baseline -0.001 -18"><span class='ocrx_word' id='word_1_172' title='bbox 352 2434 558 2502; x_wconf 87' lang='lat' dir='ltr'><strong>lantur,</strong></span> <span class='ocrx_word' id='word_1_173' title='bbox 590 2442 881 2507; x_wconf 89' lang='lat' dir='ltr'><strong>proterunt</strong></span> <span class='ocrx_word' id='word_1_174' title='bbox 931 2441 1099 2506; x_wconf 90' lang='lat' dir='ltr'><strong>atqne</strong></span> <span class='ocrx_word' id='word_1_175' title='bbox 1144 2435 1356 2502; x_wconf 89' lang='lat' dir='ltr'><strong>delent,</strong></span> <span class='ocrx_word' id='word_1_176' title='bbox 1407 2433 1682 2500; x_wconf 89' lang='lat' dir='ltr'><strong>abductis,</strong></span> <span class='ocrx_word' id='word_1_177' title='bbox 1712 2432 1974 2499; x_wconf 89' lang='lat' dir='ltr'><strong>venditis,</strong></span> 
     </span>
    </p>
   </div>
   <div class='ocr_carea' id='block_1_26' title="bbox 350 2522 1978 2598">
    <p class='ocr_par' dir='ltr' id='par_1_26' title="bbox 350 2522 1978 2598">
     <span class='ocr_line' id='line_1_27' title="bbox 350 2522 1978 2598; baseline -0.002 -18"><span class='ocrx_word' id='word_1_178' title='bbox 350 2525 665 2597; x_wconf 89' lang='lat' dir='ltr'><strong>ceterisque</strong></span> <span class='ocrx_word' id='word_1_179' title='bbox 697 2525 1117 2594; x_wconf 85' lang='lat' dir='ltr'><strong>cuuctisejectis</strong></span> <span class='ocrx_word' id='word_1_180' title='bbox 1145 2524 1486 2581; x_wconf 90' lang='lat' dir='ltr'><strong>Brittonibus</strong></span> <span class='ocrx_word' id='word_1_181' title='bbox 1543 2522 1786 2598; x_wconf 87' lang='lat' dir='ltr'><strong>llungari</strong></span> <span class='ocrx_word' id='word_1_182' title='bbox 1815 2524 1836 2558; x_wconf 63' lang='grc' dir='ltr'><strong>δ</strong></span> <span class='ocrx_word' id='word_1_183' title='bbox 1869 2523 1978 2577; x_wconf 88' lang='lat' dir='ltr'><strong>Ita-</strong></span> 
     </span>
    </p>
   </div>
   <div class='ocr_carea' id='block_1_27' title="bbox 354 2614 1980 2689">
    <p class='ocr_par' dir='ltr' id='par_1_27' title="bbox 354 2614 1980 2689">
     <span class='ocr_line' id='line_1_28' title="bbox 354 2614 1980 2689; baseline -0.002 -19"><span class='ocrx_word' id='word_1_184' title='bbox 354 2615 484 2671; x_wconf 88' lang='lat' dir='ltr'><strong>liam</strong></span> <span class='ocrx_word' id='word_1_185' title='bbox 517 2625 843 2689; x_wconf 88' lang='lat' dir='ltr'><strong>partemquc</strong></span> <span class='ocrx_word' id='word_1_186' title='bbox 874 2619 895 2651; x_wconf 81' lang='grc'><strong>⁶</strong></span> <span class='ocrx_word' id='word_1_187' title='bbox 924 2617 1189 2683; x_wconf 67' lang='lat' dir='ltr'><strong>Franciie,</strong></span> <span class='ocrx_word' id='word_1_188' title='bbox 1247 2632 1481 2688; x_wconf 81' lang='lat' dir='ltr'><strong>regnum</strong></span> <span class='ocrx_word' id='word_1_189' title='bbox 1532 2615 1747 2671; x_wconf 88' lang='lat' dir='ltr'><strong>scilicet</strong></span> <span class='ocrx_word' id='word_1_190' title='bbox 1778 2614 1980 2668; x_wconf 85' lang='lat' dir='ltr'><strong>Lotha-</strong></span> 
     </span>
    </p>
   </div>
   <div class='ocr_carea' id='block_1_28' title="bbox 356 2704 1976 2780">
    <p class='ocr_par' dir='ltr' id='par_1_28' title="bbox 356 2704 1976 2780">
     <span class='ocr_line' id='line_1_29' title="bbox 356 2704 1976 2780; baseline -0.002 -18"><span class='ocrx_word' id='word_1_191' title='bbox 356 2708 425 2763; x_wconf 91' lang='lat' dir='ltr'><strong>rii</strong></span> <span class='ocrx_word' id='word_1_192' title='bbox 457 2709 478 2743; x_wconf 78' lang='grc'>⁸</span> <span class='ocrx_word' id='word_1_193' title='bbox 495 2708 633 2780; x_wconf 89' lang='lat'><strong>(32),</strong></span> <span class='ocrx_word' id='word_1_194' title='bbox 648 2708 1055 2779; x_wconf 66' lang='lat' dir='ltr'><strong>depraedantur.</strong></span> <span class='ocrx_word' id='word_1_195' title='bbox 1075 2710 1231 2763; x_wconf 81' lang='lat' dir='ltr'><strong>Anno</strong></span> <span class='ocrx_word' id='word_1_196' title='bbox 1251 2708 1552 2763; x_wconf 66' lang='lat' dir='ltr'><strong>Dominicaa</strong></span> <span class='ocrx_word' id='word_1_197' title='bbox 1570 2704 1976 2763; x_wconf 87' lang='lat' dir='ltr'><strong>incarnationis</strong></span> 
     </span>
    </p>
   </div>
   <div class='ocr_carea' id='block_1_29' title="bbox 1033 2798 1327 2854">
    <p class='ocr_par' dir='ltr' id='par_1_29' title="bbox 1033 2798 1327 2854">
     <span class='ocr_line' id='line_1_30' title="bbox 1033 2798 1327 2854; baseline -0.003 0"><span class='ocrx_word' id='word_1_198' title='bbox 1033 2798 1327 2854; x_wconf 84' lang='lat' dir='ltr'><strong>DCCCCXX</strong></span> 
     </span>
    </p>
   </div>
   <div class='ocr_carea' id='block_1_30' title="bbox 358 2886 1977 2963">
    <p class='ocr_par' dir='ltr' id='par_1_30' title="bbox 358 2886 1977 2963">
     <span class='ocr_line' id='line_1_31' title="bbox 358 2886 1977 2963; baseline -0.001 -20"><span class='ocrx_word' id='word_1_199' title='bbox 358 2903 506 2959; x_wconf 88' lang='lat' dir='ltr'><strong>pene</strong></span> <span class='ocrx_word' id='word_1_200' title='bbox 532 2889 780 2943; x_wconf 69' lang='lat' dir='ltr'><strong>*omnes</strong></span> <span class='ocrx_word' id='word_1_201' title='bbox 807 2887 1049 2943; x_wconf 68' lang='lat' dir='ltr'><strong>Francia:</strong></span> <span class='ocrx_word' id='word_1_202' title='bbox 1087 2888 1320 2943; x_wconf 90' lang='lat' dir='ltr'><strong>comites</strong></span> <span class='ocrx_word' id='word_1_203' title='bbox 1379 2903 1564 2963; x_wconf 87' lang='lat' dir='ltr'><strong>regem</strong></span> <span class='ocrx_word' id='word_1_204' title='bbox 1610 2902 1771 2942; x_wconf 92' lang='lat' dir='ltr'><strong>suum</strong></span> <span class='ocrx_word' id='word_1_205' title='bbox 1803 2886 1977 2941; x_wconf 87' lang='lat' dir='ltr'><strong>Karo-</strong></span> 
     </span>
    </p>
   </div>
   <div class='ocr_carea' id='block_1_31' title="bbox 362 2977 1981 3052">
    <p class='ocr_par' dir='ltr' id='par_1_31' title="bbox 362 2977 1981 3052">
     <span class='ocr_line' id='line_1_32' title="bbox 362 2977 1981 3052; baseline -0.001 -20"><span class='ocrx_word' id='word_1_206' title='bbox 362 2977 475 3032; x_wconf 93' lang='lat' dir='ltr'><strong>lum</strong></span> <span class='ocrx_word' id='word_1_207' title='bbox 504 2978 651 3050; x_wconf 91' lang='lat' dir='ltr'><strong>apud</strong></span> <span class='ocrx_word' id='word_1_208' title='bbox 695 2979 885 3033; x_wconf 88' lang='lat' dir='ltr'><strong>urbem</strong></span> <span class='ocrx_word' id='word_1_209' title='bbox 952 2977 1342 3034; x_wconf 87' lang='lat' dir='ltr'><strong>Suessonicam</strong></span> <span class='ocrx_word' id='word_1_210' title='bbox 1389 2979 1432 3043; x_wconf 82' lang='lat'><strong>7,</strong></span> <span class='ocrx_word' id='word_1_211' title='bbox 1466 2980 1595 3050; x_wconf 88' lang='lat' dir='ltr'><strong>quia</strong></span> <span class='ocrx_word' id='word_1_212' title='bbox 1621 2977 1981 3052; x_wconf 77' lang='lat' dir='ltr'><strong>Haganonem</strong></span> 
     </span>
    </p>
   </div>
   <div class='ocr_carea' id='block_1_32' title="bbox 359 3070 1981 3143">
    <p class='ocr_par' dir='ltr' id='par_1_32' title="bbox 359 3070 1981 3143">
     <span class='ocr_line' id='line_1_33' title="bbox 359 3070 1981 3143; baseline -0.004 -14"><span class='ocrx_word' id='word_1_213' title='bbox 359 3070 739 3129; x_wconf 83' lang='lat' dir='ltr'><strong>consiliarium</strong></span> <span class='ocrx_word' id='word_1_214' title='bbox 763 3085 944 3138; x_wconf 89' lang='lat' dir='ltr'><strong>suum,</strong></span> <span class='ocrx_word' id='word_1_215' title='bbox 1002 3086 1165 3142; x_wconf 90' lang='lat' dir='ltr'><strong>quem</strong></span> <span class='ocrx_word' id='word_1_216' title='bbox 1198 3071 1265 3126; x_wconf 93' lang='lat' dir='ltr'><strong>de</strong></span> <span class='ocrx_word' id='word_1_217' title='bbox 1293 3071 1668 3127; x_wconf 88' lang='lat' dir='ltr'><strong>mediocribus</strong></span> <span class='ocrx_word' id='word_1_218' title='bbox 1699 3077 1981 3143; x_wconf 89' lang='lat' dir='ltr'><strong>potentem</strong></span> 
     </span>
    </p>
   </div>
   <div class='ocr_carea' id='block_1_33' title="bbox 361 3150 1987 3235">
    <p class='ocr_par' dir='ltr' id='par_1_33' title="bbox 361 3150 1987 3235">
     <span class='ocr_line' id='line_1_34' title="bbox 361 3150 1987 3235; baseline -0.005 -17"><span class='ocrx_word' id='word_1_219' title='bbox 361 3162 588 3227; x_wconf 86' lang='lat' dir='ltr'><strong>fecerat,</strong></span> <span class='ocrx_word' id='word_1_220' title='bbox 614 3162 891 3217; x_wconf 87' lang='lat' dir='ltr'><strong>dimittere</strong></span> <span class='ocrx_word' id='word_1_221' title='bbox 918 3150 1167 3229; x_wconf 82' lang='lat' dir='ltr'><strong>nolebat,</strong></span> <span class='ocrx_word' id='word_1_222' title='bbox 1198 3162 1598 3235; x_wconf 60' lang='lat' dir='ltr'><strong>reliquerunt”.</strong></span> <span class='ocrx_word' id='word_1_223' title='bbox 1618 3160 1882 3215; x_wconf 84' lang='lat' dir='ltr'><strong>Heriveus</strong></span> <span class='ocrx_word' id='word_1_224' title='bbox 1895 3172 1987 3211; x_wconf 88' lang='lat' dir='ltr'><strong>au-</strong></span> 
     </span>
    </p>
   </div>
   <div class='ocr_carea' id='block_1_34' title="bbox 362 3249 1981 3324">
    <p class='ocr_par' dir='ltr' id='par_1_34' title="bbox 362 3249 1981 3324">
     <span class='ocr_line' id='line_1_35' title="bbox 362 3249 1981 3324; baseline -0.004 -17"><span class='ocrx_word' id='word_1_225' title='bbox 362 3260 494 3318; x_wconf 91' lang='lat' dir='ltr'><strong>tem,</strong></span> <span class='ocrx_word' id='word_1_226' title='bbox 520 3252 815 3307; x_wconf 89' lang='lat' dir='ltr'><strong>Remorum</strong></span> <span class='ocrx_word' id='word_1_227' title='bbox 837 3249 1312 3322; x_wconf 82' lang='lat' dir='ltr'><strong>archiepiscOpus,</strong></span> <span class='ocrx_word' id='word_1_228' title='bbox 1345 3250 1623 3321; x_wconf 91' lang='lat' dir='ltr'><strong>accipiens</strong></span> <span class='ocrx_word' id='word_1_229' title='bbox 1636 3264 1822 3324; x_wconf 90' lang='lat' dir='ltr'><strong>regem</strong></span> <span class='ocrx_word' id='word_1_230' title='bbox 1854 3261 1981 3302; x_wconf 91' lang='lat' dir='ltr'><strong>cum</strong></span> 
     </span>
    </p>
   </div>
   <div class='ocr_carea' id='block_1_35' title="bbox 363 3338 1986 3411">
    <p class='ocr_par' dir='ltr' id='par_1_35' title="bbox 363 3338 1986 3411">
     <span class='ocr_line' id='line_1_36' title="bbox 363 3338 1986 3411; baseline -0.005 -12"><span class='ocrx_word' id='word_1_231' title='bbox 363 3359 561 3399; x_wconf 88' lang='lat' dir='ltr'><strong>omnes</strong></span> <span class='ocrx_word' id='word_1_232' title='bbox 580 3359 707 3399; x_wconf 91' lang='lat' dir='ltr'><strong>eum</strong></span> <span class='ocrx_word' id='word_1_233' title='bbox 734 3342 1133 3411; x_wconf 88' lang='lat' dir='ltr'><strong>deseruissent,</strong></span> <span class='ocrx_word' id='word_1_234' title='bbox 1163 3342 1317 3397; x_wconf 85' lang='lat' dir='ltr'><strong>duxit</strong></span> <span class='ocrx_word' id='word_1_235' title='bbox 1352 3358 1478 3397; x_wconf 89' lang='lat' dir='ltr'><strong>eum</strong></span> <span class='ocrx_word' id='word_1_236' title='bbox 1508 3342 1578 3397; x_wconf 91' lang='lat' dir='ltr'><strong>ad</strong></span> <span class='ocrx_word' id='word_1_237' title='bbox 1610 3338 1850 3411; x_wconf 89' lang='lat' dir='ltr'><strong>hospitia</strong></span> <span class='ocrx_word' id='word_1_238' title='bbox 1886 3352 1986 3393; x_wconf 90' lang='lat' dir='ltr'><strong>sua</strong></span> 
     </span>
    </p>
   </div>
   <div class='ocr_carea' id='block_1_36' title="bbox 366 3431 1986 3505">
    <p class='ocr_par' dir='ltr' id='par_1_36' title="bbox 366 3431 1986 3505">
     <span class='ocr_line' id='line_1_37' title="bbox 366 3431 1986 3505; baseline -0.002 -17"><span class='ocrx_word' id='word_1_239' title='bbox 366 3434 424 3488; x_wconf 89' lang='lat' dir='ltr'><strong>in</strong></span> <span class='ocrx_word' id='word_1_240' title='bbox 452 3433 636 3489; x_wconf 90' lang='lat' dir='ltr'><strong>villam</strong></span> <span class='ocrx_word' id='word_1_241' title='bbox 651 3434 673 3468; x_wconf 67' lang='grc' dir='ltr'>θ</span> <span class='ocrx_word' id='word_1_242' title='bbox 702 3450 825 3505; x_wconf 67' lang='lat' dir='ltr'><strong>qua:</strong></span> <span class='ocrx_word' id='word_1_243' title='bbox 840 3434 1043 3490; x_wconf 91' lang='lat' dir='ltr'><strong>dicitur</strong></span> <span class='ocrx_word' id='word_1_244' title='bbox 1074 3432 1454 3501; x_wconf 66' lang='lat' dir='ltr'><strong>Carcarisia‘“,</strong></span> <span class='ocrx_word' id='word_1_245' title='bbox 1470 3434 1525 3487; x_wconf 90' lang='lat' dir='ltr'><strong>in</strong></span> <span class='ocrx_word' id='word_1_246' title='bbox 1542 3431 1842 3489; x_wconf 91' lang='lat' dir='ltr'><strong>crastinum</strong></span> <span class='ocrx_word' id='word_1_247' title='bbox 1855 3443 1986 3485; x_wconf 85' lang='lat' dir='ltr'><strong>vero</strong></span> 
     </span>
    </p>
   </div>
   <div class='ocr_carea' id='block_1_37' title="bbox 362 3518 1985 3593">
    <p class='ocr_par' dir='ltr' id='par_1_37' title="bbox 362 3518 1985 3593">
     <span class='ocr_line' id='line_1_38' title="bbox 362 3518 1985 3593; baseline -0.003 -16"><span class='ocrx_word' id='word_1_248' title='bbox 362 3529 635 3577; x_wconf 90' lang='lat' dir='ltr'><strong>venerunt</strong></span> <span class='ocrx_word' id='word_1_249' title='bbox 662 3523 718 3577; x_wconf 92' lang='lat' dir='ltr'><strong>in</strong></span> <span class='ocrx_word' id='word_1_250' title='bbox 734 3522 1089 3577; x_wconf 88' lang='lat' dir='ltr'><strong>Crusniacum</strong></span> <span class='ocrx_word' id='word_1_251' title='bbox 1106 3522 1471 3590; x_wconf 81' lang='lat' dir='ltr'><strong>“,Remeusis</strong></span> <span class='ocrx_word' id='word_1_252' title='bbox 1491 3520 1759 3593; x_wconf 81' lang='lat' dir='ltr'><strong>epiSCOpii</strong></span> <span class='ocrx_word' id='word_1_253' title='bbox 1777 3518 1985 3584; x_wconf 82' lang='lat' dir='ltr'><strong>villam,</strong></span> 
     </span>
    </p>
   </div>
   <div class='ocr_carea' id='block_1_38' title="bbox 363 3608 1987 3684">
    <p class='ocr_par' dir='ltr' id='par_1_38' title="bbox 363 3608 1987 3684">
     <span class='ocr_line' id='line_1_39' title="bbox 363 3608 1987 3684; baseline -0.002 -18"><span class='ocrx_word' id='word_1_254' title='bbox 363 3611 557 3684; x_wconf 86' lang='lat' dir='ltr'><strong>ibique</strong></span> <span class='ocrx_word' id='word_1_255' title='bbox 587 3618 931 3680; x_wconf 89' lang='lat' dir='ltr'><strong>manserunt,</strong></span> <span class='ocrx_word' id='word_1_256' title='bbox 960 3613 1139 3669; x_wconf 90' lang='lat' dir='ltr'><strong>donec</strong></span> <span class='ocrx_word' id='word_1_257' title='bbox 1168 3612 1354 3668; x_wconf 85' lang='lat' dir='ltr'><strong>Remis</strong></span> <span class='ocrx_word' id='word_1_258' title='bbox 1367 3609 1851 3681; x_wconf 89' lang='lat' dir='ltr'><strong>venirent.Sicque</strong></span> <span class='ocrx_word' id='word_1_259' title='bbox 1884 3608 1987 3662; x_wconf 88' lang='lat' dir='ltr'><strong>de-</strong></span> 
     </span>
    </p>
   </div>
   <div class='ocr_carea' id='block_1_39' title="bbox 363 3698 1987 3772">
    <p class='ocr_par' dir='ltr' id='par_1_39' title="bbox 363 3698 1987 3772">
     <span class='ocr_line' id='line_1_40' title="bbox 363 3698 1987 3772; baseline -0.002 -17"><span class='ocrx_word' id='word_1_260' title='bbox 363 3700 520 3756; x_wconf 87' lang='lat' dir='ltr'><strong>duxit</strong></span> <span class='ocrx_word' id='word_1_261' title='bbox 548 3716 673 3755; x_wconf 92' lang='lat' dir='ltr'><strong>eum</strong></span> <span class='ocrx_word' id='word_1_262' title='bbox 706 3717 805 3772; x_wconf 87' lang='lat' dir='ltr'><strong>per</strong></span> <span class='ocrx_word' id='word_1_263' title='bbox 815 3708 1030 3771; x_wconf 88' lang='lat' dir='ltr'><strong>septem</strong></span> <span class='ocrx_word' id='word_1_264' title='bbox 1048 3699 1162 3756; x_wconf 89' lang='lat' dir='ltr'><strong>fere</strong></span> <span class='ocrx_word' id='word_1_265' title='bbox 1177 3714 1606 3770; x_wconf 90' lang='lat' dir='ltr'><strong>menses,usque</strong></span> <span class='ocrx_word' id='word_1_266' title='bbox 1623 3714 1734 3771; x_wconf 91' lang='lat' dir='ltr'><strong>quo</strong></span> <span class='ocrx_word' id='word_1_267' title='bbox 1755 3698 1832 3752; x_wconf 91' lang='lat' dir='ltr'><strong>illi</strong></span> <span class='ocrx_word' id='word_1_268' title='bbox 1855 3712 1987 3753; x_wconf 88' lang='lat' dir='ltr'><strong>suos</strong></span> 
     </span>
    </p>
   </div>
   <div class='ocr_carea' id='block_1_40' title="bbox 365 3791 1985 3866">
    <p class='ocr_par' dir='ltr' id='par_1_40' title="bbox 365 3791 1985 3866">
     <span class='ocr_line' id='line_1_41' title="bbox 365 3791 1985 3866; baseline -0.001 -19"><span class='ocrx_word' id='word_1_269' title='bbox 365 3792 667 3865; x_wconf 84' lang='lat' dir='ltr'><strong>principes,</strong></span> <span class='ocrx_word' id='word_1_270' title='bbox 692 3809 932 3865; x_wconf 85' lang='lat' dir='ltr'><strong>eumque.</strong></span> <span class='ocrx_word' id='word_1_271' title='bbox 944 3808 1047 3849; x_wconf 92' lang='lat' dir='ltr'><strong>suo</strong></span> <span class='ocrx_word' id='word_1_272' title='bbox 1065 3794 1383 3848; x_wconf 88' lang='lat' dir='ltr'><strong>restitueret</strong></span> <span class='ocrx_word' id='word_1_273' title='bbox 1414 3799 1607 3866; x_wconf 83' lang='lat' dir='ltr'><strong>regno.</strong></span> <span class='ocrx_word' id='word_1_274' title='bbox 1641 3791 1837 3847; x_wconf 87' lang='lat' dir='ltr'><strong>Postea</strong></span> <span class='ocrx_word' id='word_1_275' title='bbox 1856 3805 1985 3862; x_wconf 86' lang='lat' dir='ltr'><strong>pro-</strong></span> 
     </span>
    </p>
   </div>
   <div class='ocr_carea' id='block_1_41' title="bbox 365 3880 1987 3955">
    <p class='ocr_par' dir='ltr' id='par_1_41' title="bbox 365 3880 1987 3955">
     <span class='ocr_line' id='line_1_42' title="bbox 365 3880 1987 3955; baseline -0.002 -15"><span class='ocrx_word' id='word_1_276' title='bbox 365 3883 544 3940; x_wconf 90' lang='lat' dir='ltr'><strong>fectus</strong></span> <span class='ocrx_word' id='word_1_277' title='bbox 565 3890 647 3939; x_wconf 90' lang='lat' dir='ltr'><strong>est</strong></span> <span class='ocrx_word' id='word_1_278' title='bbox 664 3884 1117 3955; x_wconf 89' lang='lat' dir='ltr'><strong>archiepiscopus</strong></span> <span class='ocrx_word' id='word_1_279' title='bbox 1141 3882 1405 3939; x_wconf 88' lang='lat' dir='ltr'><strong>lleriveus</strong></span> <span class='ocrx_word' id='word_1_280' title='bbox 1416 3897 1586 3954; x_wconf 91' lang='lat' dir='ltr'><strong>super</strong></span> <span class='ocrx_word' id='word_1_281' title='bbox 1597 3880 1833 3948; x_wconf 85' lang='lat' dir='ltr'><strong>Mosam,</strong></span> <span class='ocrx_word' id='word_1_282' title='bbox 1854 3896 1987 3952; x_wconf 92' lang='lat' dir='ltr'><strong>pro-</strong></span> 
     </span>
    </p>
   </div>
   <div class='ocr_carea' id='block_1_42' title="bbox 367 3976 1985 4052">
    <p class='ocr_par' dir='ltr' id='par_1_42' title="bbox 367 3976 1985 4052">
     <span class='ocr_line' id='line_1_43' title="bbox 367 3976 1985 4052; baseline -0.002 -18"><span class='ocrx_word' id='word_1_283' title='bbox 367 3987 490 4051; x_wconf 91' lang='lat' dir='ltr'><strong>pter</strong></span> <span class='ocrx_word' id='word_1_284' title='bbox 509 3979 787 4052; x_wconf 88' lang='lat' dir='ltr'><strong>quoddam</strong></span> <span class='ocrx_word' id='word_1_285' title='bbox 818 3979 1102 4034; x_wconf 89' lang='lat' dir='ltr'><strong>castellum</strong></span> <span class='ocrx_word' id='word_1_286' title='bbox 1130 3978 1184 4032; x_wconf 88' lang='lat' dir='ltr'><strong>in</strong></span> <span class='ocrx_word' id='word_1_287' title='bbox 1206 3985 1356 4033; x_wconf 89' lang='lat' dir='ltr'><strong>terra</strong></span> <span class='ocrx_word' id='word_1_288' title='bbox 1379 3977 1465 4032; x_wconf 92' lang='lat' dir='ltr'><strong>sui</strong></span> <span class='ocrx_word' id='word_1_289' title='bbox 1497 3976 1772 4049; x_wconf 76' lang='lat' dir='ltr'><strong>epiSCOpii</strong></span> <span class='ocrx_word' id='word_1_290' title='bbox 1797 3977 1985 4043; x_wconf 90' lang='lat' dir='ltr'><strong>situm,</strong></span> 
     </span>
    </p>
   </div>
   <div class='ocr_carea' id='block_1_43' title="bbox 366 4068 1988 4142">
    <p class='ocr_par' dir='ltr' id='par_1_43' title="bbox 366 4068 1988 4142">
     <span class='ocr_line' id='line_1_44' title="bbox 366 4068 1988 4142; baseline -0.001 -18"><span class='ocrx_word' id='word_1_291' title='bbox 366 4070 516 4142; x_wconf 90' lang='lat' dir='ltr'><strong>quod</strong></span> <span class='ocrx_word' id='word_1_292' title='bbox 557 4070 848 4126; x_wconf 90' lang='lat' dir='ltr'><strong>nominant</strong></span> <span class='ocrx_word' id='word_1_293' title='bbox 878 4070 1216 4125; x_wconf 26' lang='lat' dir='ltr'><strong>‘Macerias&quot;</strong></span> <span class='ocrx_word' id='word_1_294' title='bbox 1247 4069 1383 4140; x_wconf 91' lang='lat'><strong>(33),</strong></span> <span class='ocrx_word' id='word_1_295' title='bbox 1411 4068 1815 4140; x_wconf 88' lang='lat' dir='ltr'><strong>recipiendum,</strong></span> <span class='ocrx_word' id='word_1_296' title='bbox 1838 4069 1988 4139; x_wconf 92' lang='lat' dir='ltr'><strong>quod</strong></span> 
     </span>
    </p>
   </div>
   <div class='ocr_carea' id='block_1_44' title="bbox 368 4159 1986 4233">
    <p class='ocr_par' dir='ltr' id='par_1_44' title="bbox 368 4159 1986 4233">
     <span class='ocr_line' id='line_1_45' title="bbox 368 4159 1986 4233; baseline -0.002 -16"><span class='ocrx_word' id='word_1_297' title='bbox 368 4163 593 4218; x_wconf 88' lang='lat' dir='ltr'><strong>tenebat</strong></span> <span class='ocrx_word' id='word_1_298' title='bbox 644 4160 988 4229; x_wconf 86' lang='lat' dir='ltr'><strong>Erlebaldus,</strong></span> <span class='ocrx_word' id='word_1_299' title='bbox 1040 4176 1228 4217; x_wconf 92' lang='lat' dir='ltr'><strong>comes</strong></span> <span class='ocrx_word' id='word_1_300' title='bbox 1280 4160 1408 4233; x_wconf 91' lang='lat' dir='ltr'><strong>pagi</strong></span> <span class='ocrx_word' id='word_1_301' title='bbox 1473 4159 1986 4231; x_wconf 68' lang='lat' dir='ltr'><strong>Castricensis(3l),</strong></span> 
     </span>
    </p>
   </div>
   <div class='ocr_carea' id='block_1_45' title="bbox 368 4248 1988 4323">
    <p class='ocr_par' dir='ltr' id='par_1_45' title="bbox 368 4248 1988 4323">
     <span class='ocr_line' id='line_1_46' title="bbox 368 4248 1988 4323; baseline -0.001 -17"><span class='ocrx_word' id='word_1_302' title='bbox 368 4258 563 4307; x_wconf 89' lang='lat' dir='ltr'><strong>contra</strong></span> <span class='ocrx_word' id='word_1_303' title='bbox 590 4251 776 4318; x_wconf 90' lang='lat' dir='ltr'><strong>illum;</strong></span> <span class='ocrx_word' id='word_1_304' title='bbox 808 4267 974 4323; x_wconf 88' lang='lat' dir='ltr'><strong>quem</strong></span> <span class='ocrx_word' id='word_1_305' title='bbox 1005 4255 1138 4305; x_wconf 88' lang='lat' dir='ltr'><strong>tunc</strong></span> <span class='ocrx_word' id='word_1_306' title='bbox 1162 4249 1327 4304; x_wconf 88' lang='lat' dir='ltr'><strong>etiam</strong></span> <span class='ocrx_word' id='word_1_307' title='bbox 1342 4248 1582 4304; x_wconf 86' lang='lat' dir='ltr'><strong>habebat</strong></span> <span class='ocrx_word' id='word_1_308' title='bbox 1610 4249 1988 4305; x_wconf 89' lang='lat' dir='ltr'><strong>excommuni-</strong></span> 
     </span>
    </p>
   </div>
   <div class='ocr_carea' id='block_1_46' title="bbox 367 4337 1989 4413">
    <p class='ocr_par' dir='ltr' id='par_1_46' title="bbox 367 4337 1989 4413">
     <span class='ocr_line' id='line_1_47' title="bbox 367 4337 1989 4413; baseline -0.001 -18"><span class='ocrx_word' id='word_1_309' title='bbox 367 4349 574 4410; x_wconf 88' lang='lat' dir='ltr'><strong>catum,</strong></span> <span class='ocrx_word' id='word_1_310' title='bbox 604 4348 831 4413; x_wconf 90' lang='lat' dir='ltr'><strong>propter</strong></span> <span class='ocrx_word' id='word_1_311' title='bbox 870 4340 962 4396; x_wconf 89' lang='lat' dir='ltr'><strong>illa</strong></span> <span class='ocrx_word' id='word_1_312' title='bbox 991 4356 1117 4412; x_wconf 65' lang='lat' dir='ltr'><strong>quae</strong></span> <span class='ocrx_word' id='word_1_313' title='bbox 1148 4339 1322 4411; x_wconf 86' lang='lat' dir='ltr'><strong>ipsius</strong></span> <span class='ocrx_word' id='word_1_314' title='bbox 1360 4338 1715 4410; x_wconf 88' lang='lat' dir='ltr'><strong>episcopatus</strong></span> <span class='ocrx_word' id='word_1_315' title='bbox 1767 4337 1989 4394; x_wconf 85' lang='lat' dir='ltr'><strong>familiae</strong></span> 
     </span>
    </p>
   </div>
   <div class='ocr_carea' id='block_1_47' title="bbox 367 4431 1984 4509">
    <p class='ocr_par' dir='ltr' id='par_1_47' title="bbox 367 4431 1984 4509">
     <span class='ocr_line' id='line_1_48' title="bbox 367 4431 1984 4509; baseline -0.001 -22"><span class='ocrx_word' id='word_1_316' title='bbox 367 4432 682 4506; x_wconf 82' lang='lat' dir='ltr'><strong>frequentia</strong></span> <span class='ocrx_word' id='word_1_317' title='bbox 743 4434 1034 4509; x_wconf 84' lang='lat' dir='ltr'><strong>ingerebat</strong></span> <span class='ocrx_word' id='word_1_318' title='bbox 1093 4431 1256 4499; x_wconf 90' lang='lat' dir='ltr'><strong>mala,</strong></span> <span class='ocrx_word' id='word_1_319' title='bbox 1326 4441 1666 4504; x_wconf 91' lang='lat' dir='ltr'><strong>propterque</strong></span> <span class='ocrx_word' id='word_1_320' title='bbox 1733 4432 1984 4488; x_wconf 87' lang='lat' dir='ltr'><strong>Altmon-</strong></span> 
     </span>
    </p>
   </div>
   <div class='ocr_carea' id='block_1_48' title="bbox 371 4523 1987 4597">
    <p class='ocr_par' dir='ltr' id='par_1_48' title="bbox 371 4523 1987 4597">
     <span class='ocr_line' id='line_1_49' title="bbox 371 4523 1987 4597; baseline -0.001 -16"><span class='ocrx_word' id='word_1_321' title='bbox 371 4534 479 4581; x_wconf 90' lang='lat' dir='ltr'><strong>tem</strong></span> <span class='ocrx_word' id='word_1_322' title='bbox 503 4525 630 4597; x_wconf 81' lang='lat'><strong>(35),</strong></span> <span class='ocrx_word' id='word_1_323' title='bbox 662 4527 913 4582; x_wconf 86' lang='lat' dir='ltr'><strong>ecclesiae</strong></span> <span class='ocrx_word' id='word_1_324' title='bbox 947 4524 1259 4592; x_wconf 90' lang='lat' dir='ltr'><strong>Remensis,</strong></span> <span class='ocrx_word' id='word_1_325' title='bbox 1289 4524 1440 4596; x_wconf 90' lang='lat' dir='ltr'><strong>quod</strong></span> <span class='ocrx_word' id='word_1_326' title='bbox 1478 4523 1663 4580; x_wconf 90' lang='lat' dir='ltr'><strong>furtim</strong></span> <span class='ocrx_word' id='word_1_327' title='bbox 1692 4524 1987 4596; x_wconf 88' lang='lat' dir='ltr'><strong>irruperat,</strong></span> 
     </span>
    </p>
   </div>
   <div class='ocr_carea' id='block_1_49' title="bbox 371 4617 1984 4690">
    <p class='ocr_par' dir='ltr' id='par_1_49' title="bbox 371 4617 1984 4690">
     <span class='ocr_line' id='line_1_50' title="bbox 371 4617 1984 4690; baseline -0.001 -17"><span class='ocrx_word' id='word_1_328' title='bbox 371 4625 630 4673; x_wconf 86' lang='lat' dir='ltr'><strong>castrum.</strong></span> <span class='ocrx_word' id='word_1_329' title='bbox 664 4618 1130 4690; x_wconf 85' lang='lat' dir='ltr'><strong>Archiepiscopus</strong></span> <span class='ocrx_word' id='word_1_330' title='bbox 1154 4623 1335 4673; x_wconf 87' lang='lat' dir='ltr'><strong>autem</strong></span> <span class='ocrx_word' id='word_1_331' title='bbox 1368 4624 1660 4689; x_wconf 90' lang='lat' dir='ltr'><strong>postquam</strong></span> <span class='ocrx_word' id='word_1_332' title='bbox 1700 4617 1984 4689; x_wconf 65' lang='lat' dir='ltr'><strong>praefatum</strong></span> 
     </span>
    </p>
   </div>
   <div class='ocr_carea' id='block_1_50' title="bbox 2064 925 3682 999">
    <p class='ocr_par' dir='ltr' id='par_1_50' title="bbox 2064 925 3682 999">
     <span class='ocr_line' id='line_1_51' title="bbox 2064 925 3682 999; baseline -0.003 -13"><span class='ocrx_word' id='word_1_333' title='bbox 2064 932 2398 986; x_wconf 90' lang='lat' dir='ltr'><strong>rhenensem</strong></span> <span class='ocrx_word' id='word_1_334' title='bbox 2425 929 2468 963; x_wconf 76' lang='lat'>“</span> <span class='ocrx_word' id='word_1_335' title='bbox 2500 927 2573 982; x_wconf 88' lang='lat' dir='ltr'><strong>ibi</strong></span> <span class='ocrx_word' id='word_1_336' title='bbox 2626 927 2695 982; x_wconf 88' lang='lat' dir='ltr'><strong>ab</strong></span> <span class='ocrx_word' id='word_1_337' title='bbox 2728 926 2980 983; x_wconf 89' lang='lat' dir='ltr'><strong>hostibus</strong></span> <span class='ocrx_word' id='word_1_338' title='bbox 3014 926 3159 999; x_wconf 86' lang='lat' dir='ltr'><strong>regis</strong></span> <span class='ocrx_word' id='word_1_339' title='bbox 3196 925 3305 981; x_wconf 89' lang='lat' dir='ltr'><strong>sibi</strong></span> <span class='ocrx_word' id='word_1_340' title='bbox 3348 926 3390 962; x_wconf 75' lang='grc'><strong>¹⁵</strong></span> <span class='ocrx_word' id='word_1_341' title='bbox 3420 942 3682 998; x_wconf 78' lang='lat' dir='ltr'><strong>superve-</strong></span> 
     </span>
    </p>
   </div>
   <div class='ocr_carea' id='block_1_51' title="bbox 2072 1016 2833 1075">
    <p class='ocr_par' dir='ltr' id='par_1_51' title="bbox 2072 1016 2833 1075">
     <span class='ocr_line' id='line_1_52' title="bbox 2072 1016 2833 1075; baseline -0.001 -1"><span class='ocrx_word' id='word_1_342' title='bbox 2072 1020 2356 1075; x_wconf 87' lang='lat' dir='ltr'><strong>nientibus</strong></span> <span class='ocrx_word' id='word_1_343' title='bbox 2387 1016 2710 1073; x_wconf 82' lang='lat' dir='ltr'><strong>interfectus</strong></span> <span class='ocrx_word' id='word_1_344' title='bbox 2728 1025 2833 1073; x_wconf 92' lang='lat' dir='ltr'><strong>est.</strong></span> 
     </span>
    </p>
   </div>
   <div class='ocr_carea' id='block_1_52' title="bbox 2968 1130 3683 1185">
    <p class='ocr_par' dir='ltr' id='par_1_52' title="bbox 2968 1130 3683 1185">
     <span class='ocr_line' id='line_1_53' title="bbox 2968 1130 3683 1185; baseline -0.001 -1"><span class='ocrx_word' id='word_1_345' title='bbox 2968 1144 3072 1184; x_wconf 91' lang='lat' dir='ltr'><strong>ene</strong></span> <span class='ocrx_word' id='word_1_346' title='bbox 3118 1130 3303 1185; x_wconf 91' lang='lat' dir='ltr'><strong>cuncti</strong></span> <span class='ocrx_word' id='word_1_347' title='bbox 3352 1130 3683 1184; x_wconf 85' lang='lat' dir='ltr'><strong>Francorum</strong></span> 
     </span>
    </p>
   </div>
   <div class='ocr_carea' id='block_1_53' title="bbox 2141 1201 3685 1274">
    <p class='ocr_par' dir='ltr' id='par_1_53' title="bbox 2141 1201 3685 1274">
     <span class='ocr_line' id='line_1_54' title="bbox 2141 1201 3685 1274; baseline -0.002 -17"><span class='ocrx_word' id='word_1_348' title='bbox 2141 1202 2435 1274; x_wconf 84' lang='lat' dir='ltr'><strong>optimates</strong></span> <span class='ocrx_word' id='word_1_349' title='bbox 2487 1201 2642 1274; x_wconf 83' lang='lat' dir='ltr'><strong>apud</strong></span> <span class='ocrx_word' id='word_1_350' title='bbox 2678 1201 2873 1274; x_wconf 86' lang='lat' dir='ltr'><strong>urbem</strong></span> <span class='ocrx_word' id='word_1_351' title='bbox 2918 1201 3303 1256; x_wconf 89' lang='lat' dir='ltr'><strong>Suessonicam</strong></span> <span class='ocrx_word' id='word_1_352' title='bbox 3336 1217 3367 1255; x_wconf 86' lang='lat' dir='ltr'><strong>a</strong></span> <span class='ocrx_word' id='word_1_353' title='bbox 3421 1217 3555 1274; x_wconf 79' lang='lat' dir='ltr'><strong>rege</strong></span> <span class='ocrx_word' id='word_1_354' title='bbox 3588 1216 3685 1255; x_wconf 90' lang='lat' dir='ltr'><strong>suo</strong></span> 
     </span>
    </p>
   </div>
   <div class='ocr_carea' id='block_1_54' title="bbox 2144 1271 3684 1346">
    <p class='ocr_par' dir='ltr' id='par_1_54' title="bbox 2144 1271 3684 1346">
     <span class='ocr_line' id='line_1_55' title="bbox 2144 1271 3684 1346; baseline 0 -19"><span class='ocrx_word' id='word_1_355' title='bbox 2144 1271 2340 1328; x_wconf 81' lang='lat' dir='ltr'><strong>Karolo</strong></span> <span class='ocrx_word' id='word_1_356' title='bbox 2376 1273 2554 1346; x_wconf 76' lang='lat' dir='ltr'><strong>[Karlo</strong></span> <span class='ocrx_word' id='word_1_357' title='bbox 2573 1272 2645 1346; x_wconf 88' lang='lat' dir='ltr'><strong>c.]</strong></span> <span class='ocrx_word' id='word_1_358' title='bbox 2706 1273 3103 1337; x_wconf 87' lang='lat' dir='ltr'><strong>desciscentes,</strong></span> <span class='ocrx_word' id='word_1_359' title='bbox 3159 1280 3390 1346; x_wconf 86' lang='lat' dir='ltr'><strong>propter</strong></span> <span class='ocrx_word' id='word_1_360' title='bbox 3423 1271 3684 1346; x_wconf 66' lang='lat' dir='ltr'><strong>ﬂagano-</strong></span> 
     </span>
    </p>
   </div>
   <div class='ocr_carea' id='block_1_55' title="bbox 2144 1344 3688 1415">
    <p class='ocr_par' dir='ltr' id='par_1_55' title="bbox 2144 1344 3688 1415">
     <span class='ocr_line' id='line_1_56' title="bbox 2144 1344 3688 1415; baseline -0.001 -16"><span class='ocrx_word' id='word_1_361' title='bbox 2144 1360 2271 1399; x_wconf 88' lang='lat' dir='ltr'><strong>nem</strong></span> <span class='ocrx_word' id='word_1_362' title='bbox 2313 1344 2690 1400; x_wconf 90' lang='lat' dir='ltr'><strong>consiliarium</strong></span> <span class='ocrx_word' id='word_1_363' title='bbox 2749 1359 2933 1409; x_wconf 91' lang='lat' dir='ltr'><strong>suum,</strong></span> <span class='ocrx_word' id='word_1_364' title='bbox 2982 1361 3147 1415; x_wconf 90' lang='lat' dir='ltr'><strong>quem</strong></span> <span class='ocrx_word' id='word_1_365' title='bbox 3214 1344 3282 1398; x_wconf 90' lang='lat' dir='ltr'><strong>de</strong></span> <span class='ocrx_word' id='word_1_366' title='bbox 3312 1344 3688 1399; x_wconf 82' lang='lat' dir='ltr'><strong>mediocribus</strong></span> 
     </span>
    </p>
   </div>
   <div class='ocr_carea' id='block_1_56' title="bbox 2146 1415 3688 1496">
    <p class='ocr_par' dir='ltr' id='par_1_56' title="bbox 2146 1415 3688 1496">
     <span class='ocr_line' id='line_1_57' title="bbox 2146 1415 3688 1496; baseline 0 -26"><span class='ocrx_word' id='word_1_367' title='bbox 2146 1416 2381 1496; x_wconf 79' lang='lat' dir='ltr'><strong>electum</strong></span> <span class='ocrx_word' id='word_1_368' title='bbox 2422 1432 2591 1486; x_wconf 90' lang='lat' dir='ltr'><strong>super</strong></span> <span class='ocrx_word' id='word_1_369' title='bbox 2618 1415 3108 1496; x_wconf 74' lang='lat' dir='ltr'><strong>omnesprincipes</strong></span> <span class='ocrx_word' id='word_1_370' title='bbox 3147 1415 3409 1496; x_wconf 73' lang='lat' dir='ltr'><strong>audiebat</strong></span> <span class='ocrx_word' id='word_1_371' title='bbox 3422 1425 3483 1496; x_wconf 62' lang='lat' dir='ltr'><strong>et</strong></span> <span class='ocrx_word' id='word_1_372' title='bbox 3512 1416 3688 1496; x_wconf 67' lang='lat' dir='ltr'><strong>hono-</strong></span> 
     </span>
    </p>
   </div>
   <div class='ocr_carea' id='block_1_57' title="bbox 2147 1486 3690 1558">
    <p class='ocr_par' dir='ltr' id='par_1_57' title="bbox 2147 1486 3690 1558">
     <span class='ocr_line' id='line_1_58' title="bbox 2147 1486 3690 1558; baseline 0 -17"><span class='ocrx_word' id='word_1_373' title='bbox 2147 1487 2324 1551; x_wconf 88' lang='lat' dir='ltr'><strong>rabat,</strong></span> <span class='ocrx_word' id='word_1_374' title='bbox 2358 1503 2483 1542; x_wconf 90' lang='lat' dir='ltr'><strong>eum</strong></span> <span class='ocrx_word' id='word_1_375' title='bbox 2506 1487 2726 1558; x_wconf 88' lang='lat' dir='ltr'><strong>penitus</strong></span> <span class='ocrx_word' id='word_1_376' title='bbox 2750 1486 3126 1558; x_wconf 87' lang='lat' dir='ltr'><strong>reliquissent,</strong></span> <span class='ocrx_word' id='word_1_377' title='bbox 3155 1486 3242 1542; x_wconf 90' lang='lat' dir='ltr'><strong>hic</strong></span> <span class='ocrx_word' id='word_1_378' title='bbox 3280 1486 3531 1557; x_wconf 87' lang='lat' dir='ltr'><strong>pontifex</strong></span> <span class='ocrx_word' id='word_1_379' title='bbox 3562 1486 3690 1541; x_wconf 88' lang='lat' dir='ltr'><strong>ﬁde-</strong></span> 
     </span>
    </p>
   </div>
   <div class='ocr_carea' id='block_1_58' title="bbox 2146 1558 3691 1629">
    <p class='ocr_par' dir='ltr' id='par_1_58' title="bbox 2146 1558 3691 1629">
     <span class='ocr_line' id='line_1_59' title="bbox 2146 1558 3691 1629; baseline -0.001 -17"><span class='ocrx_word' id='word_1_380' title='bbox 2146 1558 2214 1613; x_wconf 91' lang='lat' dir='ltr'><strong>lis</strong></span> <span class='ocrx_word' id='word_1_381' title='bbox 2246 1566 2302 1613; x_wconf 90' lang='lat' dir='ltr'><strong>et</strong></span> <span class='ocrx_word' id='word_1_382' title='bbox 2345 1559 2471 1629; x_wconf 90' lang='lat' dir='ltr'><strong>pius</strong></span> <span class='ocrx_word' id='word_1_383' title='bbox 2533 1565 2698 1629; x_wconf 87' lang='lat' dir='ltr'><strong>atque</strong></span> <span class='ocrx_word' id='word_1_384' title='bbox 2740 1559 3002 1613; x_wconf 91' lang='lat' dir='ltr'><strong>robustus</strong></span> <span class='ocrx_word' id='word_1_385' title='bbox 3030 1558 3095 1629; x_wconf 88' lang='lat' dir='ltr'><strong>in</strong></span> <span class='ocrx_word' id='word_1_386' title='bbox 3159 1558 3422 1628; x_wconf 89' lang='lat' dir='ltr'><strong>periculis</strong></span> <span class='ocrx_word' id='word_1_387' title='bbox 3472 1573 3691 1628; x_wconf 89' lang='lat' dir='ltr'><strong>semper</strong></span> 
     </span>
    </p>
   </div>
   <div class='ocr_carea' id='block_1_59' title="bbox 2148 1628 3693 1703">
    <p class='ocr_par' dir='ltr' id='par_1_59' title="bbox 2148 1628 3693 1703">
     <span class='ocr_line' id='line_1_60' title="bbox 2148 1628 3693 1703; baseline -0.002 -18"><span class='ocrx_word' id='word_1_388' title='bbox 2148 1628 2409 1703; x_wconf 55' lang='lat' dir='ltr'><strong>esistens,</strong></span> <span class='ocrx_word' id='word_1_389' title='bbox 2426 1628 2621 1703; x_wconf 80' lang='lat' dir='ltr'><strong>regem</strong></span> <span class='ocrx_word' id='word_1_390' title='bbox 2655 1630 2979 1703; x_wconf 79' lang='lat' dir='ltr'><strong>intrepidus</strong></span> <span class='ocrx_word' id='word_1_391' title='bbox 2995 1628 3062 1703; x_wconf 83' lang='lat' dir='ltr'><strong>ab</strong></span> <span class='ocrx_word' id='word_1_392' title='bbox 3123 1629 3322 1703; x_wconf 80' lang='lat' dir='ltr'><strong>eodem</strong></span> <span class='ocrx_word' id='word_1_393' title='bbox 3362 1629 3484 1684; x_wconf 92' lang='lat' dir='ltr'><strong>loco</strong></span> <span class='ocrx_word' id='word_1_394' title='bbox 3512 1629 3693 1683; x_wconf 87' lang='lat' dir='ltr'><strong>susci-</strong></span> 
     </span>
    </p>
   </div>
   <div class='ocr_carea' id='block_1_60' title="bbox 2147 1699 3689 1772">
    <p class='ocr_par' dir='ltr' id='par_1_60' title="bbox 2147 1699 3689 1772">
     <span class='ocr_line' id='line_1_61' title="bbox 2147 1699 3689 1772; baseline -0.001 -17"><span class='ocrx_word' id='word_1_395' title='bbox 2147 1701 2328 1772; x_wconf 86' lang='lat' dir='ltr'><strong>piens,</strong></span> <span class='ocrx_word' id='word_1_396' title='bbox 2371 1702 2438 1755; x_wconf 90' lang='lat' dir='ltr'><strong>ad</strong></span> <span class='ocrx_word' id='word_1_397' title='bbox 2470 1699 2730 1772; x_wconf 81' lang='lat' dir='ltr'><strong>metatum</strong></span> <span class='ocrx_word' id='word_1_398' title='bbox 2761 1716 2920 1754; x_wconf 91' lang='lat' dir='ltr'><strong>suum</strong></span> <span class='ocrx_word' id='word_1_399' title='bbox 2950 1700 3181 1772; x_wconf 87' lang='lat' dir='ltr'><strong>deduxit</strong></span> <span class='ocrx_word' id='word_1_400' title='bbox 3202 1699 3476 1771; x_wconf 89' lang='lat' dir='ltr'><strong>;indeque</strong></span> <span class='ocrx_word' id='word_1_401' title='bbox 3504 1716 3689 1772; x_wconf 88' lang='lat' dir='ltr'><strong>secum</strong></span> 
     </span>
    </p>
   </div>
   <div class='ocr_carea' id='block_1_61' title="bbox 2145 1771 3690 1853">
    <p class='ocr_par' dir='ltr' id='par_1_61' title="bbox 2145 1771 3690 1853">
     <span class='ocr_line' id='line_1_62' title="bbox 2145 1771 3690 1853; baseline -0.001 -27"><span class='ocrx_word' id='word_1_402' title='bbox 2145 1771 2213 1826; x_wconf 88' lang='lat' dir='ltr'><strong>ad</strong></span> <span class='ocrx_word' id='word_1_403' title='bbox 2246 1772 2438 1827; x_wconf 90' lang='lat' dir='ltr'><strong>urbem</strong></span> <span class='ocrx_word' id='word_1_404' title='bbox 2473 1771 2804 1853; x_wconf 86' lang='lat' dir='ltr'><strong>Rcmenscm</strong></span> <span class='ocrx_word' id='word_1_405' title='bbox 2835 1771 3113 1853; x_wconf 82' lang='lat' dir='ltr'><strong>perduxit,</strong></span> <span class='ocrx_word' id='word_1_406' title='bbox 3144 1779 3318 1853; x_wconf 82' lang='lat' dir='ltr'><strong>etper</strong></span> <span class='ocrx_word' id='word_1_407' title='bbox 3337 1781 3565 1853; x_wconf 33' lang='lat' dir='ltr'><strong>septem‘</strong></span> <span class='ocrx_word' id='word_1_408' title='bbox 3579 1771 3690 1853; x_wconf 81' lang='lat' dir='ltr'><strong>fere</strong></span> 
     </span>
    </p>
   </div>
   <div class='ocr_carea' id='block_1_62' title="bbox 2145 1842 3691 1924">
    <p class='ocr_par' dir='ltr' id='par_1_62' title="bbox 2145 1842 3691 1924">
     <span class='ocr_line' id='line_1_63' title="bbox 2145 1842 3691 1924; baseline -0.001 -27"><span class='ocrx_word' id='word_1_409' title='bbox 2145 1858 2370 1924; x_wconf 77' lang='lat' dir='ltr'><strong>menses</strong></span> <span class='ocrx_word' id='word_1_410' title='bbox 2399 1859 2526 1924; x_wconf 77' lang='lat' dir='ltr'><strong>eum</strong></span> <span class='ocrx_word' id='word_1_411' title='bbox 2547 1851 2874 1924; x_wconf 68' lang='lat' dir='ltr'><strong>prosecutus</strong></span> <span class='ocrx_word' id='word_1_412' title='bbox 2899 1850 3064 1924; x_wconf 85' lang='lat' dir='ltr'><strong>atque</strong></span> <span class='ocrx_word' id='word_1_413' title='bbox 3095 1842 3389 1898; x_wconf 86' lang='lat' dir='ltr'><strong>comitatus</strong></span> <span class='ocrx_word' id='word_1_414' title='bbox 3423 1842 3691 1924; x_wconf 74' lang='lat' dir='ltr'><strong>[contuta-</strong></span> 
     </span>
    </p>
   </div>
   <div class='ocr_carea' id='block_1_63' title="bbox 2145 1913 3691 1995">
    <p class='ocr_par' dir='ltr' id='par_1_63' title="bbox 2145 1913 3691 1995">
     <span class='ocr_line' id='line_1_64' title="bbox 2145 1913 3691 1995; baseline -0.001 -26"><span class='ocrx_word' id='word_1_415' title='bbox 2145 1921 2234 1969; x_wconf 90' lang='lat' dir='ltr'><strong>tus</strong></span> <span class='ocrx_word' id='word_1_416' title='bbox 2264 1914 2334 1985; x_wconf 91' lang='lat' dir='ltr'><strong>c.]</strong></span> <span class='ocrx_word' id='word_1_417' title='bbox 2363 1923 2468 1995; x_wconf 76' lang='lat' dir='ltr'><strong>est,</strong></span> <span class='ocrx_word' id='word_1_418' title='bbox 2495 1915 2677 1995; x_wconf 77' lang='lat' dir='ltr'><strong>donec</strong></span> <span class='ocrx_word' id='word_1_419' title='bbox 2704 1913 2784 1970; x_wconf 90' lang='lat' dir='ltr'><strong>illi</strong></span> <span class='ocrx_word' id='word_1_420' title='bbox 2842 1913 3077 1969; x_wconf 84' lang='lat' dir='ltr'><strong>comites</strong></span> <span class='ocrx_word' id='word_1_421' title='bbox 3107 1930 3259 1982; x_wconf 92' lang='lat' dir='ltr'><strong>suos,</strong></span> <span class='ocrx_word' id='word_1_422' title='bbox 3316 1914 3691 1985; x_wconf 87' lang='lat' dir='ltr'><strong>eumdemque</strong></span> 
     </span>
    </p>
   </div>
   <div class='ocr_carea' id='block_1_64' title="bbox 2243 1993 2553 2039">
    <p class='ocr_par' dir='ltr' id='par_1_64' title="bbox 2243 1993 2553 2039">
     <span class='ocr_line' id='line_1_65' title="bbox 2243 1993 2553 2039; baseline 0 0"><span class='ocrx_word' id='word_1_423' title='bbox 2243 2001 2312 2039; x_wconf 92' lang='lat' dir='ltr'><strong>n0</strong></span> <span class='ocrx_word' id='word_1_424' title='bbox 2342 1993 2553 2039; x_wconf 88' lang='lat' dir='ltr'><strong>restitui</strong></span> 
     </span>
    </p>
   </div>
   <div class='ocr_carea' id='block_1_65' title="bbox 2140 1986 3695 2127">
    <p class='ocr_par' dir='ltr' id='par_1_65' title="bbox 2140 1986 3695 2127">
     <span class='ocr_line' id='line_1_66' title="bbox 2140 1986 3695 2127; baseline -0.003 -15"><span class='ocrx_word' id='word_1_425' title='bbox 2140 1993 2579 2113; x_wconf 37' lang='lat' dir='ltr'><strong>ﬁggmmiuw.‘</strong></span> <span class='ocrx_word' id='word_1_426' title='bbox 2605 1986 2722 2113; x_wconf 59' lang='grc'><strong>116.</strong></span> <span class='ocrx_word' id='word_1_427' title='bbox 2785 2056 3290 2112; x_wconf 85' lang='lat' dir='ltr'><strong>Excommunicavit</strong></span> <span class='ocrx_word' id='word_1_428' title='bbox 3351 2056 3441 2112; x_wconf 88' lang='lat' dir='ltr'><strong>hic</strong></span> <span class='ocrx_word' id='word_1_429' title='bbox 3494 2054 3695 2127; x_wconf 59' lang='lat' dir='ltr'><strong>pracsul</strong></span> 
     </span>
    </p>
   </div>
   <div class='ocr_carea' id='block_1_66' title="bbox 2150 2128 3699 2201">
    <p class='ocr_par' dir='ltr' id='par_1_66' title="bbox 2150 2128 3699 2201">
     <span class='ocr_line' id='line_1_67' title="bbox 2150 2128 3699 2201; baseline -0.002 -19"><span class='ocrx_word' id='word_1_430' title='bbox 2150 2128 2501 2201; x_wconf 84' lang='lat' dir='ltr'><strong>Erlebaldum</strong></span> <span class='ocrx_word' id='word_1_431' title='bbox 2550 2128 2811 2201; x_wconf 86' lang='lat' dir='ltr'><strong>comitem</strong></span> <span class='ocrx_word' id='word_1_432' title='bbox 2871 2128 3233 2183; x_wconf 89' lang='lat' dir='ltr'><strong>Castricensis</strong></span> <span class='ocrx_word' id='word_1_433' title='bbox 3276 2128 3422 2201; x_wconf 87' lang='lat' dir='ltr'><strong>pagi,</strong></span> <span class='ocrx_word' id='word_1_434' title='bbox 3473 2133 3699 2201; x_wconf 77' lang='lat' dir='ltr'><strong>propter</strong></span> 
     </span>
    </p>
   </div>
   <div class='ocr_carea' id='block_1_67' title="bbox 2152 2197 3699 2270">
    <p class='ocr_par' dir='ltr' id='par_1_67' title="bbox 2152 2197 3699 2270">
     <span class='ocr_line' id='line_1_68' title="bbox 2152 2197 3699 2270; baseline -0.003 -16"><span class='ocrx_word' id='word_1_435' title='bbox 2152 2200 2442 2255; x_wconf 89' lang='lat' dir='ltr'><strong>Remensis</strong></span> <span class='ocrx_word' id='word_1_436' title='bbox 2473 2200 2740 2270; x_wconf 84' lang='lat' dir='ltr'><strong>episcopii</strong></span> <span class='ocrx_word' id='word_1_437' title='bbox 2768 2206 2994 2265; x_wconf 89' lang='lat' dir='ltr'><strong>terram,</strong></span> <span class='ocrx_word' id='word_1_438' title='bbox 3027 2216 3191 2270; x_wconf 90' lang='lat' dir='ltr'><strong>quam</strong></span> <span class='ocrx_word' id='word_1_439' title='bbox 3215 2197 3554 2270; x_wconf 74' lang='lat' dir='ltr'><strong>pervaserat,</strong></span> <span class='ocrx_word' id='word_1_440' title='bbox 3589 2197 3699 2251; x_wconf 88' lang='lat' dir='ltr'><strong>ibi-</strong></span> 
     </span>
    </p>
   </div>
   <div class='ocr_carea' id='block_1_68' title="bbox 2146 2271 3700 2343">
    <p class='ocr_par' dir='ltr' id='par_1_68' title="bbox 2146 2271 3700 2343">
     <span class='ocr_line' id='line_1_69' title="bbox 2146 2271 3700 2343; baseline -0.001 -18"><span class='ocrx_word' id='word_1_441' title='bbox 2146 2287 2254 2343; x_wconf 89' lang='lat' dir='ltr'><strong>que</strong></span> <span class='ocrx_word' id='word_1_442' title='bbox 2276 2271 2640 2343; x_wconf 81' lang='lat' dir='ltr'><strong>munitioncm</strong></span> <span class='ocrx_word' id='word_1_443' title='bbox 2705 2271 2982 2343; x_wconf 85' lang='lat' dir='ltr'><strong>quandam</strong></span> <span class='ocrx_word' id='word_1_444' title='bbox 3015 2287 3181 2343; x_wconf 87' lang='lat' dir='ltr'><strong>super</strong></span> <span class='ocrx_word' id='word_1_445' title='bbox 3207 2271 3411 2343; x_wconf 77' lang='lat' dir='ltr'><strong>Mosam</strong></span> <span class='ocrx_word' id='word_1_446' title='bbox 3442 2280 3700 2343; x_wconf 84' lang='lat' dir='ltr'><strong>constru-</strong></span> 
     </span>
    </p>
   </div>
   <div class='ocr_carea' id='block_1_69' title="bbox 2147 2341 3702 2415">
    <p class='ocr_par' dir='ltr' id='par_1_69' title="bbox 2147 2341 3702 2415">
     <span class='ocr_line' id='line_1_70' title="bbox 2147 2341 3702 2415; baseline -0.002 -18"><span class='ocrx_word' id='word_1_447' title='bbox 2147 2341 2318 2415; x_wconf 60' lang='lat' dir='ltr'><strong>xerat,</strong></span> <span class='ocrx_word' id='word_1_448' title='bbox 2354 2341 2597 2415; x_wconf 82' lang='lat' dir='ltr'><strong>indeque</strong></span> <span class='ocrx_word' id='word_1_449' title='bbox 2612 2341 2922 2414; x_wconf 87' lang='lat' dir='ltr'><strong>frequentia</strong></span> <span class='ocrx_word' id='word_1_450' title='bbox 2934 2342 3324 2415; x_wconf 68' lang='lat' dir='ltr'><strong>ecclesiastica:</strong></span> <span class='ocrx_word' id='word_1_451' title='bbox 3342 2341 3563 2415; x_wconf 55' lang='lat' dir='ltr'><strong>familiae</strong></span> <span class='ocrx_word' id='word_1_452' title='bbox 3582 2356 3702 2415; x_wconf 80' lang='lat' dir='ltr'><strong>ma-</strong></span> 
     </span>
    </p>
   </div>
   <div class='ocr_carea' id='block_1_70' title="bbox 2148 2411 3702 2487">
    <p class='ocr_par' dir='ltr' id='par_1_70' title="bbox 2148 2411 3702 2487">
     <span class='ocr_line' id='line_1_71' title="bbox 2148 2411 3702 2487; baseline -0.001 -20"><span class='ocrx_word' id='word_1_453' title='bbox 2148 2413 2201 2487; x_wconf 84' lang='lat' dir='ltr'><strong>la</strong></span> <span class='ocrx_word' id='word_1_454' title='bbox 2228 2411 2537 2487; x_wconf 71' lang='lat' dir='ltr'><strong>ingerebat.</strong></span> <span class='ocrx_word' id='word_1_455' title='bbox 2567 2411 2869 2487; x_wconf 74' lang='lat' dir='ltr'><strong>insuperet</strong></span> <span class='ocrx_word' id='word_1_456' title='bbox 2887 2420 3125 2487; x_wconf 83' lang='lat' dir='ltr'><strong>castrum</strong></span> <span class='ocrx_word' id='word_1_457' title='bbox 3142 2411 3702 2487; x_wconf 16' lang='lat' dir='ltr'><strong>Altimontem‘furtim</strong></span> 
     </span>
    </p>
   </div>
   <div class='ocr_carea' id='block_1_71' title="bbox 2150 2484 3703 2555">
    <p class='ocr_par' dir='ltr' id='par_1_71' title="bbox 2150 2484 3703 2555">
     <span class='ocr_line' id='line_1_72' title="bbox 2150 2484 3703 2555; baseline -0.001 -17"><span class='ocrx_word' id='word_1_458' title='bbox 2150 2484 2423 2555; x_wconf 83' lang='lat' dir='ltr'><strong>irruperat</strong></span> <span class='ocrx_word' id='word_1_459' title='bbox 2475 2484 2584 2539; x_wconf 92' lang='lat' dir='ltr'><strong>Sed</strong></span> <span class='ocrx_word' id='word_1_460' title='bbox 2614 2501 2738 2540; x_wconf 92' lang='lat' dir='ltr'><strong>cum</strong></span> <span class='ocrx_word' id='word_1_461' title='bbox 2800 2501 2905 2539; x_wconf 90' lang='lat' dir='ltr'><strong>nec</strong></span> <span class='ocrx_word' id='word_1_462' title='bbox 2937 2485 3009 2539; x_wconf 89' lang='lat' dir='ltr'><strong>ita</strong></span> <span class='ocrx_word' id='word_1_463' title='bbox 3058 2491 3301 2540; x_wconf 87' lang='lat' dir='ltr'><strong>cessaret</strong></span> <span class='ocrx_word' id='word_1_464' title='bbox 3330 2501 3359 2538; x_wconf 90' lang='lat' dir='ltr'><strong>a</strong></span> <span class='ocrx_word' id='word_1_465' title='bbox 3387 2484 3548 2538; x_wconf 89' lang='lat' dir='ltr'><strong>malis</strong></span> <span class='ocrx_word' id='word_1_466' title='bbox 3580 2498 3703 2554; x_wconf 79' lang='lat' dir='ltr'><strong>quae</strong></span> 
     </span>
    </p>
   </div>
   <div class='ocr_carea' id='block_1_72' title="bbox 2150 2555 3703 2629">
    <p class='ocr_par' dir='ltr' id='par_1_72' title="bbox 2150 2555 3703 2629">
     <span class='ocr_line' id='line_1_73' title="bbox 2150 2555 3703 2629; baseline -0.002 -18"><span class='ocrx_word' id='word_1_467' title='bbox 2150 2563 2414 2629; x_wconf 64' lang='lat' dir='ltr'><strong>eruperat,</strong></span> <span class='ocrx_word' id='word_1_468' title='bbox 2457 2557 2640 2629; x_wconf 82' lang='lat' dir='ltr'><strong>pergit</strong></span> <span class='ocrx_word' id='word_1_469' title='bbox 2675 2556 3132 2629; x_wconf 84' lang='lat' dir='ltr'><strong>archiepiscopus</strong></span> <span class='ocrx_word' id='word_1_470' title='bbox 3162 2572 3286 2611; x_wconf 92' lang='lat' dir='ltr'><strong>cum</strong></span> <span class='ocrx_word' id='word_1_471' title='bbox 3312 2556 3429 2610; x_wconf 91' lang='lat' dir='ltr'><strong>suis</strong></span> <span class='ocrx_word' id='word_1_472' title='bbox 3476 2555 3547 2609; x_wconf 90' lang='lat' dir='ltr'><strong>ad</strong></span> <span class='ocrx_word' id='word_1_473' title='bbox 3601 2571 3703 2629; x_wconf 86' lang='lat' dir='ltr'><strong>_c_a—</strong></span> 
     </span>
    </p>
   </div>
   <div class='ocr_carea' id='block_1_73' title="bbox 2152 2625 3709 2699">
    <p class='ocr_par' dir='ltr' id='par_1_73' title="bbox 2152 2625 3709 2699">
     <span class='ocr_line' id='line_1_74' title="bbox 2152 2625 3709 2699; baseline -0.001 -19"><span class='ocrx_word' id='word_1_474' title='bbox 2152 2625 2411 2699; x_wconf 81' lang='lat' dir='ltr'><strong>piendam</strong></span> <span class='ocrx_word' id='word_1_475' title='bbox 2446 2625 2837 2691; x_wconf 69' lang='lat' dir='ltr'><strong>munitionem,</strong></span> <span class='ocrx_word' id='word_1_476' title='bbox 2868 2625 3042 2699; x_wconf 77' lang='lat' dir='ltr'><strong>quam</strong></span> <span class='ocrx_word' id='word_1_477' title='bbox 3064 2627 3157 2682; x_wconf 91' lang='lat' dir='ltr'><strong>ille</strong></span> <span class='ocrx_word' id='word_1_478' title='bbox 3190 2634 3565 2683; x_wconf 83' lang='lat' dir='ltr'><strong>construxerat</strong></span> <span class='ocrx_word' id='word_1_479' title='bbox 3599 2625 3709 2679; x_wconf 78' lang='lat' dir='ltr'><strong>Illa-</strong></span> 
     </span>
    </p>
   </div>
   <div class='ocr_carea' id='block_1_74' title="bbox 2150 2698 3707 2769">
    <p class='ocr_par' dir='ltr' id='par_1_74' title="bbox 2150 2698 3707 2769">
     <span class='ocr_line' id='line_1_75' title="bbox 2150 2698 3707 2769; baseline -0.002 -16"><span class='ocrx_word' id='word_1_480' title='bbox 2150 2698 2439 2769; x_wconf 90' lang='lat' dir='ltr'><strong>ceriasque</strong></span> <span class='ocrx_word' id='word_1_481' title='bbox 2504 2698 2843 2753; x_wconf 88' lang='lat' dir='ltr'><strong>nominabat.</strong></span> <span class='ocrx_word' id='word_1_482' title='bbox 2888 2698 3057 2763; x_wconf 84' lang='lat' dir='ltr'><strong>Quam</strong></span> <span class='ocrx_word' id='word_1_483' title='bbox 3117 2714 3217 2769; x_wconf 92' lang='lat' dir='ltr'><strong>per</strong></span> <span class='ocrx_word' id='word_1_484' title='bbox 3276 2706 3513 2769; x_wconf 90' lang='lat' dir='ltr'><strong>quatuor</strong></span> <span class='ocrx_word' id='word_1_485' title='bbox 3555 2712 3707 2769; x_wconf 80' lang='lat' dir='ltr'><strong>pene</strong></span> 
     </span>
    </p>
   </div>
   <div class='ocr_carea' id='block_1_75' title="bbox 2149 2768 3710 2834">
    <p class='ocr_par' dir='ltr' id='par_1_75' title="bbox 2149 2768 3710 2834">
     <span class='ocr_line' id='line_1_76' title="bbox 2149 2768 3710 2834; baseline 0 -12"><span class='ocrx_word' id='word_1_486' title='bbox 2149 2768 2489 2823; x_wconf 85' lang='lat' dir='ltr'><strong>ebdomadas</strong></span> <span class='ocrx_word' id='word_1_487' title='bbox 2519 2768 3357 2834; x_wconf 34' lang='lat' dir='ltr'><strong>obsidens,deserentetande’m</strong></span> <span class='ocrx_word' id='word_1_488' title='bbox 3392 2768 3539 2823; x_wconf 88' lang='lat' dir='ltr'><strong>illam</strong></span> <span class='ocrx_word' id='word_1_489' title='bbox 3555 2768 3710 2822; x_wconf 81' lang='lat' dir='ltr'><strong>Eric-</strong></span> 
     </span>
    </p>
   </div>
   <div class='ocr_carea' id='block_1_76' title="bbox 2149 2839 3710 2909">
    <p class='ocr_par' dir='ltr' id='par_1_76' title="bbox 2149 2839 3710 2909">
     <span class='ocr_line' id='line_1_77' title="bbox 2149 2839 3710 2909; baseline 0 -16"><span class='ocrx_word' id='word_1_490' title='bbox 2149 2839 2334 2903; x_wconf 89' lang='lat' dir='ltr'><strong>baldo,</strong></span> <span class='ocrx_word' id='word_1_491' title='bbox 2376 2839 2542 2909; x_wconf 89' lang='lat' dir='ltr'><strong>cepit,</strong></span> <span class='ocrx_word' id='word_1_492' title='bbox 2567 2847 2621 2894; x_wconf 90' lang='lat' dir='ltr'><strong>et</strong></span> <span class='ocrx_word' id='word_1_493' title='bbox 2650 2839 2920 2909; x_wconf 89' lang='lat' dir='ltr'><strong>depositis</strong></span> <span class='ocrx_word' id='word_1_494' title='bbox 2938 2840 3075 2894; x_wconf 90' lang='lat' dir='ltr'><strong>inibi</strong></span> <span class='ocrx_word' id='word_1_495' title='bbox 3109 2841 3383 2894; x_wconf 86' lang='lat' dir='ltr'><strong>custodiis</strong></span> <span class='ocrx_word' id='word_1_496' title='bbox 3407 2839 3605 2894; x_wconf 84' lang='lat' dir='ltr'><strong>Remis</strong></span> <span class='ocrx_word' id='word_1_497' title='bbox 3626 2855 3710 2893; x_wconf 82' lang='lat' dir='ltr'><strong>re—</strong></span> 
     </span>
    </p>
   </div>
   <div class='ocr_carea' id='block_1_77' title="bbox 2153 2857 3710 2991">
    <p class='ocr_par' dir='ltr' id='par_1_77' title="bbox 2153 2857 3710 2991">
     <span class='ocr_line' id='line_1_78' title="bbox 2153 2857 3710 2909; baseline 0 -16"><span class='ocrx_word' id='word_1_498' title='bbox 2153 2857 2334 2903; x_wconf 82' lang='lat' dir='ltr'><strong>uaiao,</strong></span> <span class='ocrx_word' id='word_1_499' title='bbox 2376 2857 2438 2894; x_wconf 89' lang='lat' dir='ltr'><strong>ce</strong></span> <span class='ocrx_word' id='word_1_500' title='bbox 2484 2857 2542 2906; x_wconf 83' lang='lat' dir='ltr'><strong>it,</strong></span> <span class='ocrx_word' id='word_1_501' title='bbox 2567 2857 2621 2894; x_wconf 79' lang='lat' dir='ltr'><strong>et</strong></span> <span class='ocrx_word' id='word_1_502' title='bbox 2650 2857 3075 2909; x_wconf 72' lang='lat' dir='ltr'><strong>ueposmsmmn</strong></span> <span class='ocrx_word' id='word_1_503' title='bbox 3109 2857 3383 2894; x_wconf 81' lang='lat' dir='ltr'><strong>cuswaus</strong></span> <span class='ocrx_word' id='word_1_504' title='bbox 3407 2857 3605 2894; x_wconf 67' lang='lat' dir='ltr'><strong>nemus</strong></span> <span class='ocrx_word' id='word_1_505' title='bbox 3626 2857 3710 2893; x_wconf 82' lang='lat' dir='ltr'><strong>re—</strong></span> 
     </span>
     <span class='ocr_line' id='line_1_79' title="bbox 2153 2857 3710 2991; baseline 0 -27"><span class='ocrx_word' id='word_1_506' title='bbox 2153 2910 2272 2965; x_wconf 90' lang='lat' dir='ltr'><strong>diit.</strong></span> <span class='ocrx_word' id='word_1_507' title='bbox 2309 2910 2397 2991; x_wconf 45' lang='lat' dir='ltr'><strong>‘At</strong></span> <span class='ocrx_word' id='word_1_508' title='bbox 2420 2857 3062 2991; x_wconf 44' lang='lat' dir='ltr'><strong>lfrlgzbaldus&#39;profectus</strong></span> <span class='ocrx_word' id='word_1_509' title='bbox 3101 2910 3169 2990; x_wconf 81' lang='lat' dir='ltr'><strong>ad</strong></span> <span class='ocrx_word' id='word_1_510' title='bbox 3200 2911 3710 2991; x_wconf 35' lang='lat' dir='ltr'><strong>regem-agnitum</strong></span> 
     </span>
    </p>
   </div>
   <div class='ocr_carea' id='block_1_78' title="bbox 2155 2928 3706 3053">
    <p class='ocr_par' dir='ltr' id='par_1_78' title="bbox 2155 2928 3706 3053">
     <span class='ocr_line' id='line_1_80' title="bbox 2155 2928 3706 3033; baseline 0 -69"><span class='ocrx_word' id='word_1_511' title='bbox 2155 2928 2272 2965; x_wconf 83' lang='lat' dir='ltr'><strong>unt.</strong></span> <span class='ocrx_word' id='word_1_512' title='bbox 2325 2928 2390 2964; x_wconf 75' lang='lat' dir='ltr'><strong>At</strong></span> <span class='ocrx_word' id='word_1_513' title='bbox 2420 2928 3062 3033; x_wconf 50' lang='lat' dir='ltr'><strong>nrieuataus‘plrorectus</strong></span> <span class='ocrx_word' id='word_1_514' title='bbox 3101 2928 3169 2990; x_wconf 80' lang='lat' dir='ltr'><strong>au</strong></span> <span class='ocrx_word' id='word_1_515' title='bbox 3200 2928 3410 2983; x_wconf 81' lang='lat' dir='ltr'><strong>regem,</strong></span> <span class='ocrx_word' id='word_1_516' title='bbox 3447 2928 3550 2991; x_wconf 76' lang='lat' dir='ltr'><strong>qut</strong></span> <span class='ocrx_word' id='word_1_517' title='bbox 3588 2928 3706 2967; x_wconf 87' lang='lat' dir='ltr'><strong>tunc</strong></span> 
     </span>
     <span class='ocr_line' id='line_1_81' title="bbox 2155 2980 3706 3053; baseline -0.001 -18"><span class='ocrx_word' id='word_1_518' title='bbox 2155 2980 2473 3053; x_wconf 83' lang='lat' dir='ltr'><strong>morabatur</strong></span> <span class='ocrx_word' id='word_1_519' title='bbox 2512 2982 2567 3035; x_wconf 91' lang='lat' dir='ltr'><strong>in</strong></span> <span class='ocrx_word' id='word_1_520' title='bbox 2590 2997 2732 3053; x_wconf 87' lang='lat' dir='ltr'><strong>pago</strong></span> <span class='ocrx_word' id='word_1_521' title='bbox 2825 2996 3131 3053; x_wconf 68' lang='lat' dir='ltr'><strong>armacensi</strong></span> <span class='ocrx_word' id='word_1_522' title='bbox 3156 2989 3347 3053; x_wconf 85' lang='lat' dir='ltr'><strong>contra</strong></span> <span class='ocrx_word' id='word_1_523' title='bbox 3387 2981 3706 3053; x_wconf 79' lang='lat' dir='ltr'><strong>lleinricum</strong></span> 
     </span>
    </p>
   </div>
   <div class='ocr_carea' id='block_1_79' title="bbox 2158 3051 3712 3124">
    <p class='ocr_par' dir='ltr' id='par_1_79' title="bbox 2158 3051 3712 3124">
     <span class='ocr_line' id='line_1_82' title="bbox 2158 3051 3712 3124; baseline -0.001 -18"><span class='ocrx_word' id='word_1_524' title='bbox 2158 3052 2465 3124; x_wconf 86' lang='lat' dir='ltr'><strong>principem</strong></span> <span class='ocrx_word' id='word_1_525' title='bbox 2515 3051 3044 3124; x_wconf 82' lang='lat' dir='ltr'><strong>Transrhenensem,</strong></span> <span class='ocrx_word' id='word_1_526' title='bbox 3092 3051 3302 3106; x_wconf 91' lang='lat' dir='ltr'><strong>ibidem</strong></span> <span class='ocrx_word' id='word_1_527' title='bbox 3354 3051 3422 3105; x_wconf 90' lang='lat' dir='ltr'><strong>ab</strong></span> <span class='ocrx_word' id='word_1_528' title='bbox 3457 3051 3712 3108; x_wconf 88' lang='lat' dir='ltr'><strong>hostibus</strong></span> 
     </span>
    </p>
   </div>
   <div class='ocr_carea' id='block_1_80' title="bbox 2161 3122 3708 3196">
    <p class='ocr_par' dir='ltr' id='par_1_80' title="bbox 2161 3122 3708 3196">
     <span class='ocr_line' id='line_1_83' title="bbox 2161 3122 3708 3196; baseline -0.001 -17"><span class='ocrx_word' id='word_1_529' title='bbox 2161 3122 2307 3196; x_wconf 79' lang='lat' dir='ltr'><strong>regis</strong></span> <span class='ocrx_word' id='word_1_530' title='bbox 2334 3122 2440 3177; x_wconf 89' lang='lat' dir='ltr'><strong>sibi</strong></span> <span class='ocrx_word' id='word_1_531' title='bbox 2471 3124 2992 3196; x_wconf 83' lang='lat' dir='ltr'><strong>supervenientibus</strong></span> <span class='ocrx_word' id='word_1_532' title='bbox 3022 3123 3391 3196; x_wconf 80' lang='lat' dir='ltr'><strong>interemptus</strong></span> <span class='ocrx_word' id='word_1_533' title='bbox 3420 3125 3708 3196; x_wconf 82' lang='lat' dir='ltr'><strong>est.Quem</strong></span> 
     </span>
    </p>
   </div>
   <div class='ocr_carea' id='block_1_81' title="bbox 2159 3194 3714 3266">
    <p class='ocr_par' dir='ltr' id='par_1_81' title="bbox 2159 3194 3714 3266">
     <span class='ocr_line' id='line_1_84' title="bbox 2159 3194 3714 3266; baseline -0.001 -16"><span class='ocrx_word' id='word_1_534' title='bbox 2159 3194 2343 3250; x_wconf 87' lang='lat' dir='ltr'><strong>tamen</strong></span> <span class='ocrx_word' id='word_1_535' title='bbox 2379 3196 2733 3266; x_wconf 88' lang='lat' dir='ltr'><strong>postmodum</strong></span> <span class='ocrx_word' id='word_1_536' title='bbox 2763 3195 2817 3248; x_wconf 92' lang='lat' dir='ltr'><strong>in</strong></span> <span class='ocrx_word' id='word_1_537' title='bbox 2875 3194 3109 3264; x_wconf 87' lang='lat' dir='ltr'><strong>synodo,</strong></span> <span class='ocrx_word' id='word_1_538' title='bbox 3170 3211 3333 3265; x_wconf 89' lang='lat' dir='ltr'><strong>quam</strong></span> <span class='ocrx_word' id='word_1_539' title='bbox 3368 3195 3515 3265; x_wconf 89' lang='lat' dir='ltr'><strong>apud</strong></span> <span class='ocrx_word' id='word_1_540' title='bbox 3545 3196 3714 3250; x_wconf 86' lang='lat' dir='ltr'><strong>Tros-</strong></span> 
     </span>
    </p>
   </div>
   <div class='ocr_carea' id='block_1_82' title="bbox 2155 3265 3715 3337">
    <p class='ocr_par' dir='ltr' id='par_1_82' title="bbox 2155 3265 3715 3337">
     <span class='ocr_line' id='line_1_85' title="bbox 2155 3265 3715 3337; baseline -0.002 -16"><span class='ocrx_word' id='word_1_541' title='bbox 2155 3266 2323 3321; x_wconf 87' lang='lat' dir='ltr'><strong>leium</strong></span> <span class='ocrx_word' id='word_1_542' title='bbox 2337 3265 2484 3321; x_wconf 88' lang='lat' dir='ltr'><strong>idem</strong></span> <span class='ocrx_word' id='word_1_543' title='bbox 2499 3267 2735 3322; x_wconf 91' lang='lat' dir='ltr'><strong>domnus</strong></span> <span class='ocrx_word' id='word_1_544' title='bbox 2747 3265 3332 3337; x_wconf 85' lang='lat' dir='ltr'><strong>archiepiscopuscum</strong></span> <span class='ocrx_word' id='word_1_545' title='bbox 3346 3266 3715 3321; x_wconf 83' lang='lat' dir='ltr'><strong>dicecesaneis</strong></span> 
     </span>
    </p>
   </div>
   <div class='ocr_carea' id='block_1_83' title="bbox 2156 3336 3715 3418">
    <p class='ocr_par' dir='ltr' id='par_1_83' title="bbox 2156 3336 3715 3418">
     <span class='ocr_line' id='line_1_86' title="bbox 2156 3336 3715 3418; baseline -0.001 -25"><span class='ocrx_word' id='word_1_546' title='bbox 2156 3338 2274 3418; x_wconf 86' lang='lat' dir='ltr'><strong>suis</strong></span> <span class='ocrx_word' id='word_1_547' title='bbox 2302 3337 2512 3418; x_wconf 72' lang='lat' dir='ltr'><strong>habuit,</strong></span> <span class='ocrx_word' id='word_1_548' title='bbox 2545 3338 2926 3417; x_wconf 80' lang='lat' dir='ltr'><strong>intercedente</strong></span> <span class='ocrx_word' id='word_1_549' title='bbox 2958 3353 3086 3418; x_wconf 81' lang='lat' dir='ltr'><strong>rege</strong></span> <span class='ocrx_word' id='word_1_550' title='bbox 3121 3346 3186 3418; x_wconf 40' lang='lat' dir='ltr'><strong>.et</strong></span> <span class='ocrx_word' id='word_1_551' title='bbox 3224 3336 3427 3418; x_wconf 73' lang='lat' dir='ltr'><strong>obnixe</strong></span> <span class='ocrx_word' id='word_1_552' title='bbox 3454 3337 3715 3413; x_wconf 86' lang='lat' dir='ltr'><strong>ﬂagitan-</strong></span> 
     </span>
    </p>
   </div>
   <div class='ocr_carea' id='block_1_84' title="bbox 2155 3408 3456 3477">
    <p class='ocr_par' dir='ltr' id='par_1_84' title="bbox 2155 3408 3456 3477">
     <span class='ocr_line' id='line_1_87' title="bbox 2155 3408 3456 3477; baseline -0.004 -12"><span class='ocrx_word' id='word_1_553' title='bbox 2155 3416 2235 3477; x_wconf 88' lang='lat' dir='ltr'><strong>te,</strong></span> <span class='ocrx_word' id='word_1_554' title='bbox 2266 3425 2298 3464; x_wconf 87' lang='lat' dir='ltr'><strong>a</strong></span> <span class='ocrx_word' id='word_1_555' title='bbox 2322 3410 2546 3465; x_wconf 92' lang='lat' dir='ltr'><strong>vinculo</strong></span> <span class='ocrx_word' id='word_1_556' title='bbox 2578 3408 3167 3465; x_wconf 86' lang='lat' dir='ltr'><strong>excommunicationis</strong></span> <span class='ocrx_word' id='word_1_557' title='bbox 3198 3408 3456 3464; x_wconf 86' lang='lat' dir='ltr'><strong>absolvit.</strong></span> 
     </span>
    </p>
   </div>
   <div class='ocr_carea' id='block_1_85' title="bbox 2160 3513 3714 3588">
    <p class='ocr_par' dir='ltr' id='par_1_85' title="bbox 2160 3513 3714 3588">
     <span class='ocr_line' id='line_1_88' title="bbox 2160 3513 3714 3588; baseline -0.001 -18"><span class='ocrx_word' id='word_1_558' title='bbox 2160 3516 2274 3573; x_wconf 80' lang='lat' dir='ltr'><strong>Hoc</strong></span> <span class='ocrx_word' id='word_1_559' title='bbox 2301 3531 2469 3584; x_wconf 91' lang='lat' dir='ltr'><strong>anno,</strong></span> <span class='ocrx_word' id='word_1_560' title='bbox 2527 3515 2783 3588; x_wconf 89' lang='lat' dir='ltr'><strong>sequenti</strong></span> <span class='ocrx_word' id='word_1_561' title='bbox 2834 3531 3081 3588; x_wconf 89' lang='lat' dir='ltr'><strong>quoque,</strong></span> <span class='ocrx_word' id='word_1_562' title='bbox 3126 3514 3365 3587; x_wconf 82' lang='lat' dir='ltr'><strong>agitatur</strong></span> <span class='ocrx_word' id='word_1_563' title='bbox 3404 3514 3554 3569; x_wconf 90' lang='lat' dir='ltr'><strong>inter</strong></span> <span class='ocrx_word' id='word_1_564' title='bbox 3597 3513 3714 3570; x_wconf 83' lang='lat' dir='ltr'><strong>Hil-</strong></span> 
     </span>
    </p>
   </div>
   <div class='ocr_carea' id='block_1_86' title="bbox 2089 3606 3717 3680">
    <p class='ocr_par' dir='ltr' id='par_1_86' title="bbox 2089 3606 3717 3680">
     <span class='ocr_line' id='line_1_89' title="bbox 2089 3606 3717 3680; baseline -0.001 -17"><span class='ocrx_word' id='word_1_565' title='bbox 2089 3607 2319 3663; x_wconf 89' lang='lat' dir='ltr'><strong>duinum</strong></span> <span class='ocrx_word' id='word_1_566' title='bbox 2342 3608 2665 3680; x_wconf 92' lang='lat' dir='ltr'><strong>episcopum</strong></span> <span class='ocrx_word' id='word_1_567' title='bbox 2697 3614 2752 3662; x_wconf 91' lang='lat' dir='ltr'><strong>et</strong></span> <span class='ocrx_word' id='word_1_568' title='bbox 2779 3607 3094 3663; x_wconf 89' lang='lat' dir='ltr'><strong>Richarium</strong></span> <span class='ocrx_word' id='word_1_569' title='bbox 3117 3606 3372 3662; x_wconf 89' lang='lat' dir='ltr'><strong>abbatem</strong></span> <span class='ocrx_word' id='word_1_570' title='bbox 3396 3606 3717 3679; x_wconf 84' lang='lat' dir='ltr'><strong>deepisco-</strong></span> 
     </span>
    </p>
   </div>
   <div class='ocr_carea' id='block_1_87' title="bbox 2088 3698 3719 3777">
    <p class='ocr_par' dir='ltr' id='par_1_87' title="bbox 2088 3698 3719 3777">
     <span class='ocr_line' id='line_1_90' title="bbox 2088 3698 3719 3777; baseline -0.001 -21"><span class='ocrx_word' id='word_1_571' title='bbox 2088 3709 2218 3773; x_wconf 92' lang='lat' dir='ltr'><strong>patu</strong></span> <span class='ocrx_word' id='word_1_572' title='bbox 2244 3699 2552 3777; x_wconf 89' lang='lat' dir='ltr'><strong>Tungrensi</strong></span> <span class='ocrx_word' id='word_1_573' title='bbox 2585 3699 2892 3756; x_wconf 87' lang='lat' dir='ltr'><strong>contentio.</strong></span> <span class='ocrx_word' id='word_1_574' title='bbox 2917 3699 3202 3771; x_wconf 89' lang='lat' dir='ltr'><strong>Siquidem</strong></span> <span class='ocrx_word' id='word_1_575' title='bbox 3223 3715 3317 3755; x_wconf 83' lang='lat' dir='ltr'><strong>rex</strong></span> <span class='ocrx_word' id='word_1_576' title='bbox 3346 3698 3480 3754; x_wconf 92' lang='lat' dir='ltr'><strong>illud</strong></span> <span class='ocrx_word' id='word_1_577' title='bbox 3503 3699 3719 3771; x_wconf 88' lang='lat' dir='ltr'><strong>episco-</strong></span> 
     </span>
    </p>
   </div>
   <div class='ocr_carea' id='block_1_88' title="bbox 2088 3788 3717 3864">
    <p class='ocr_par' dir='ltr' id='par_1_88' title="bbox 2088 3788 3717 3864">
     <span class='ocr_line' id='line_1_91' title="bbox 2088 3788 3717 3864; baseline -0.001 -18"><span class='ocrx_word' id='word_1_578' title='bbox 2088 3791 2239 3863; x_wconf 89' lang='lat' dir='ltr'><strong>pium</strong></span> <span class='ocrx_word' id='word_1_579' title='bbox 2269 3792 2314 3826; x_wconf 82' lang='grc'>¹⁶</span> <span class='ocrx_word' id='word_1_580' title='bbox 2366 3790 2644 3859; x_wconf 86' lang='lat' dir='ltr'><strong>Richario,</strong></span> <span class='ocrx_word' id='word_1_581' title='bbox 2700 3790 2833 3864; x_wconf 87' lang='lat' dir='ltr'><strong>quia</strong></span> <span class='ocrx_word' id='word_1_582' title='bbox 2883 3789 3174 3846; x_wconf 86' lang='lat' dir='ltr'><strong>Hilduinus</strong></span> <span class='ocrx_word' id='word_1_583' title='bbox 3199 3807 3227 3846; x_wconf 89' lang='lat' dir='ltr'><strong>a</strong></span> <span class='ocrx_word' id='word_1_584' title='bbox 3255 3807 3315 3846; x_wconf 88' lang='lat' dir='ltr'><strong>se</strong></span> <span class='ocrx_word' id='word_1_585' title='bbox 3341 3788 3603 3859; x_wconf 90' lang='lat' dir='ltr'><strong>descivit,</strong></span> <span class='ocrx_word' id='word_1_586' title='bbox 3635 3791 3717 3847; x_wconf 90' lang='lat' dir='ltr'><strong>cui</strong></span> 
     </span>
    </p>
   </div>
   <div class='ocr_carea' id='block_1_89' title="bbox 2088 3883 3718 3954">
    <p class='ocr_par' dir='ltr' id='par_1_89' title="bbox 2088 3883 3718 3954">
     <span class='ocr_line' id='line_1_92' title="bbox 2088 3883 3718 3954; baseline 0.001 -18"><span class='ocrx_word' id='word_1_587' title='bbox 2088 3883 2243 3954; x_wconf 92' lang='lat' dir='ltr'><strong>prius</strong></span> <span class='ocrx_word' id='word_1_588' title='bbox 2272 3883 2454 3953; x_wconf 86' lang='lat' dir='ltr'><strong>ipsum</strong></span> <span class='ocrx_word' id='word_1_589' title='bbox 2513 3891 2887 3950; x_wconf 89' lang='lat' dir='ltr'><strong>concesserat,</strong></span> <span class='ocrx_word' id='word_1_590' title='bbox 2938 3883 3114 3940; x_wconf 91' lang='lat' dir='ltr'><strong>dedit.</strong></span> <span class='ocrx_word' id='word_1_591' title='bbox 3157 3883 3532 3939; x_wconf 88' lang='lat' dir='ltr'><strong>Herimannus</strong></span> <span class='ocrx_word' id='word_1_592' title='bbox 3588 3898 3718 3938; x_wconf 79' lang='lat' dir='ltr'><strong>vero</strong></span> 
     </span>
    </p>
   </div>
   <div class='ocr_carea' id='block_1_90' title="bbox 2089 3974 3717 4052">
    <p class='ocr_par' dir='ltr' id='par_1_90' title="bbox 2089 3974 3717 4052">
     <span class='ocr_line' id='line_1_93' title="bbox 2089 3974 3717 4052; baseline 0.001 -24"><span class='ocrx_word' id='word_1_593' title='bbox 2089 3974 2545 4046; x_wconf 87' lang='lat' dir='ltr'><strong>archiepiscopus</strong></span> <span class='ocrx_word' id='word_1_594' title='bbox 2576 3974 2893 4030; x_wconf 87' lang='lat' dir='ltr'><strong>Hilduinum</strong></span> <span class='ocrx_word' id='word_1_595' title='bbox 2926 3974 3004 4030; x_wconf 91' lang='lat' dir='ltr'><strong>ibi</strong></span> <span class='ocrx_word' id='word_1_596' title='bbox 3054 3975 3403 4047; x_wconf 91' lang='lat' dir='ltr'><strong>episcopum,</strong></span> <span class='ocrx_word' id='word_1_597' title='bbox 3470 3975 3717 4052; x_wconf 88' lang='lat' dir='ltr'><strong>eligente</strong></span> 
     </span>
    </p>
   </div>
   <div class='ocr_carea' id='block_1_91' title="bbox 2090 4063 3717 4138">
    <p class='ocr_par' dir='ltr' id='par_1_91' title="bbox 2090 4063 3717 4138">
     <span class='ocr_line' id='line_1_94' title="bbox 2090 4063 3717 4138; baseline -0.001 -18"><span class='ocrx_word' id='word_1_598' title='bbox 2090 4063 2260 4131; x_wconf 90' lang='lat' dir='ltr'><strong>clero,</strong></span> <span class='ocrx_word' id='word_1_599' title='bbox 2288 4081 2351 4120; x_wconf 89' lang='lat' dir='ltr'><strong>ac</strong></span> <span class='ocrx_word' id='word_1_600' title='bbox 2381 4064 2587 4136; x_wconf 83' lang='lat' dir='ltr'><strong>pepulo</strong></span> <span class='ocrx_word' id='word_1_601' title='bbox 2618 4064 2859 4132; x_wconf 80' lang='lat' dir='ltr'><strong>favente,</strong></span> <span class='ocrx_word' id='word_1_602' title='bbox 2910 4069 3154 4136; x_wconf 52' lang='lat' dir='ltr'><strong>necnon?</strong></span> <span class='ocrx_word' id='word_1_603' title='bbox 3182 4065 3505 4130; x_wconf 89' lang='lat' dir='ltr'><strong>Gisleberto,</strong></span> <span class='ocrx_word' id='word_1_604' title='bbox 3553 4082 3717 4138; x_wconf 90' lang='lat' dir='ltr'><strong>quem</strong></span> 
     </span>
    </p>
   </div>
   <div class='ocr_carea' id='block_1_92' title="bbox 2090 4151 3715 4228">
    <p class='ocr_par' dir='ltr' id='par_1_92' title="bbox 2090 4151 3715 4228">
     <span class='ocr_line' id='line_1_95' title="bbox 2090 4151 3715 4228; baseline 0.002 -23"><span class='ocrx_word' id='word_1_605' title='bbox 2090 4151 2314 4223; x_wconf 92' lang='lat' dir='ltr'><strong>plurimi</strong></span> <span class='ocrx_word' id='word_1_606' title='bbox 2337 4151 2725 4208; x_wconf 84' lang='lat' dir='ltr'><strong>Lotharienses</strong></span> <span class='ocrx_word' id='word_1_607' title='bbox 2750 4152 3082 4225; x_wconf 89' lang='lat' dir='ltr'><strong>principem,</strong></span> <span class='ocrx_word' id='word_1_608' title='bbox 3133 4154 3326 4209; x_wconf 90' lang='lat' dir='ltr'><strong>relicto</strong></span> <span class='ocrx_word' id='word_1_609' title='bbox 3343 4153 3547 4209; x_wconf 88' lang='lat' dir='ltr'><strong>Karolo</strong></span> <span class='ocrx_word' id='word_1_610' title='bbox 3568 4170 3715 4228; x_wconf 83' lang='lat' dir='ltr'><strong>rege,</strong></span> 
     </span>
    </p>
   </div>
   <div class='ocr_carea' id='block_1_93' title="bbox 2091 4246 3711 4322">
    <p class='ocr_par' dir='ltr' id='par_1_93' title="bbox 2091 4246 3711 4322">
     <span class='ocr_line' id='line_1_96' title="bbox 2091 4246 3711 4322; baseline 0.001 -21"><span class='ocrx_word' id='word_1_611' title='bbox 2091 4246 2415 4322; x_wconf 87' lang='lat' dir='ltr'><strong>delegerant</strong></span> <span class='ocrx_word' id='word_1_612' title='bbox 2445 4248 2487 4283; x_wconf 83' lang='grc'>¹⁷</span> <span class='ocrx_word' id='word_1_613' title='bbox 2513 4248 2804 4304; x_wconf 77' lang='lat' dir='ltr'><strong>ordinavit.</strong></span> <span class='ocrx_word' id='word_1_614' title='bbox 2840 4248 3068 4306; x_wconf 85' lang='lat' dir='ltr'><strong>Karolus</strong></span> <span class='ocrx_word' id='word_1_615' title='bbox 3097 4265 3228 4306; x_wconf 77' lang='lat' dir='ltr'><strong>vero</strong></span> <span class='ocrx_word' id='word_1_616' title='bbox 3296 4249 3531 4306; x_wconf 85' lang='lat' dir='ltr'><strong>reversis</strong></span> <span class='ocrx_word' id='word_1_617' title='bbox 3552 4250 3626 4305; x_wconf 89' lang='lat' dir='ltr'><strong>ad</strong></span> <span class='ocrx_word' id='word_1_618' title='bbox 3656 4265 3711 4303; x_wconf 89' lang='lat' dir='ltr'><strong>se</strong></span> 
     </span>
    </p>
   </div>
   <div class='ocr_carea' id='block_1_94' title="bbox 2090 4342 3708 4416">
    <p class='ocr_par' dir='ltr' id='par_1_94' title="bbox 2090 4342 3708 4416">
     <span class='ocr_line' id='line_1_97' title="bbox 2090 4342 3708 4416; baseline 0 -19"><span class='ocrx_word' id='word_1_619' title='bbox 2090 4342 2542 4400; x_wconf 89' lang='lat' dir='ltr'><strong>Lothariensibus</strong></span> <span class='ocrx_word' id='word_1_620' title='bbox 2580 4352 2635 4400; x_wconf 89' lang='lat' dir='ltr'><strong>et</strong></span> <span class='ocrx_word' id='word_1_621' title='bbox 2691 4345 2812 4416; x_wconf 90' lang='lat' dir='ltr'><strong>ipso</strong></span> <span class='ocrx_word' id='word_1_622' title='bbox 2837 4344 3165 4411; x_wconf 88' lang='lat' dir='ltr'><strong>Gisleberto,</strong></span> <span class='ocrx_word' id='word_1_623' title='bbox 3207 4344 3469 4402; x_wconf 88' lang='lat' dir='ltr'><strong>Richario</strong></span> <span class='ocrx_word' id='word_1_624' title='bbox 3500 4343 3708 4409; x_wconf 89' lang='lat' dir='ltr'><strong>abbati,</strong></span> 
     </span>
    </p>
   </div>
   <div class='ocr_carea' id='block_1_95' title="bbox 2090 4434 3712 4508">
    <p class='ocr_par' dir='ltr' id='par_1_95' title="bbox 2090 4434 3712 4508">
     <span class='ocr_line' id='line_1_98' title="bbox 2090 4434 3712 4508; baseline 0.001 -21"><span class='ocrx_word' id='word_1_625' title='bbox 2090 4448 2200 4489; x_wconf 93' lang='lat' dir='ltr'><strong>non</strong></span> <span class='ocrx_word' id='word_1_626' title='bbox 2232 4434 2491 4490; x_wconf 82' lang='lat' dir='ltr'><strong>Hilduino</strong></span> <span class='ocrx_word' id='word_1_627' title='bbox 2528 4435 2813 4506; x_wconf 89' lang='lat' dir='ltr'><strong>episcopo,</strong></span> <span class='ocrx_word' id='word_1_628' title='bbox 2860 4434 3043 4508; x_wconf 90' lang='lat' dir='ltr'><strong>ipsum</strong></span> <span class='ocrx_word' id='word_1_629' title='bbox 3067 4436 3449 4507; x_wconf 87' lang='lat' dir='ltr'><strong>episcopatum</strong></span> <span class='ocrx_word' id='word_1_630' title='bbox 3473 4450 3712 4491; x_wconf 88' lang='lat' dir='ltr'><strong>consen-</strong></span> 
     </span>
    </p>
   </div>
   <div class='ocr_carea' id='block_1_96' title="bbox 2088 4522 3715 4605">
    <p class='ocr_par' dir='ltr' id='par_1_96' title="bbox 2088 4522 3715 4605">
     <span class='ocr_line' id='line_1_99' title="bbox 2088 4522 3715 4605; baseline 0 -26"><span class='ocrx_word' id='word_1_631' title='bbox 2088 4522 2280 4585; x_wconf 90' lang='lat' dir='ltr'><strong>tiebat,</strong></span> <span class='ocrx_word' id='word_1_632' title='bbox 2299 4523 2484 4580; x_wconf 90' lang='lat' dir='ltr'><strong>Remis</strong></span> <span class='ocrx_word' id='word_1_633' title='bbox 2513 4525 2933 4605; x_wconf 25' lang='lat' dir='ltr'><strong>intmonasterio</strong></span> <span class='ocrx_word' id='word_1_634' title='bbox 2963 4526 3137 4582; x_wconf 88' lang='lat' dir='ltr'><strong>sancti</strong></span> <span class='ocrx_word' id='word_1_635' title='bbox 3169 4526 3311 4581; x_wconf 90' lang='lat' dir='ltr'><strong>Petri</strong></span> <span class='ocrx_word' id='word_1_636' title='bbox 3344 4525 3452 4597; x_wconf 73' lang='lat'><strong>(36)</strong></span> <span class='ocrx_word' id='word_1_637' title='bbox 3482 4525 3555 4580; x_wconf 89' lang='lat' dir='ltr'><strong>ad</strong></span> <span class='ocrx_word' id='word_1_638' title='bbox 3588 4541 3715 4598; x_wconf 84' lang='lat' dir='ltr'><strong>por-</strong></span> 
     </span>
    </p>
   </div>
   <div class='ocr_carea' id='block_1_97' title="bbox 2089 4618 3715 4693">
    <p class='ocr_par' dir='ltr' id='par_1_97' title="bbox 2089 4618 3715 4693">
     <span class='ocr_line' id='line_1_100' title="bbox 2089 4618 3715 4693; baseline -0.001 -19"><span class='ocrx_word' id='word_1_639' title='bbox 2089 4626 2196 4674; x_wconf 93' lang='lat' dir='ltr'><strong>tam</strong></span> <span class='ocrx_word' id='word_1_640' title='bbox 2219 4618 2565 4675; x_wconf 89' lang='lat' dir='ltr'><strong>basilicarem</strong></span> <span class='ocrx_word' id='word_1_641' title='bbox 2594 4636 2810 4688; x_wconf 90' lang='lat' dir='ltr'><strong>cereus,</strong></span> <span class='ocrx_word' id='word_1_642' title='bbox 2848 4637 3014 4693; x_wconf 89' lang='lat' dir='ltr'><strong>quem</strong></span> <span class='ocrx_word' id='word_1_643' title='bbox 3046 4621 3123 4676; x_wconf 89' lang='lat' dir='ltr'><strong>ibi</strong></span> <span class='ocrx_word' id='word_1_644' title='bbox 3153 4628 3456 4692; x_wconf 87' lang='lat' dir='ltr'><strong>posuerant</strong></span> <span class='ocrx_word' id='word_1_645' title='bbox 3480 4619 3539 4675; x_wconf 90' lang='lat' dir='ltr'><strong>hi</strong></span> <span class='ocrx_word' id='word_1_646' title='bbox 3568 4620 3715 4676; x_wconf 81' lang='lat' dir='ltr'><strong>cives</strong></span> 
     </span>
    </p>
   </div>
   <div class='ocr_carea' id='block_1_98' title="bbox 371 4686 3712 4787">
    <p class='ocr_par' dir='ltr' id='par_1_98' title="bbox 371 4686 3712 4787">
     <span class='ocr_line' id='line_1_101' title="bbox 371 4686 3712 4787; baseline 0.001 -23"><span class='ocrx_word' id='word_1_647' title='bbox 371 4709 679 4777; x_wconf 90' lang='lat' dir='ltr'><strong>castellum,</strong></span> <span class='ocrx_word' id='word_1_648' title='bbox 708 4710 762 4764; x_wconf 91' lang='lat' dir='ltr'><strong>id</strong></span> <span class='ocrx_word' id='word_1_649' title='bbox 789 4686 880 4766; x_wconf 73' lang='lat' dir='ltr'><strong>est</strong></span> <span class='ocrx_word' id='word_1_650' title='bbox 894 4686 1181 4777; x_wconf 77' lang='lat' dir='ltr'><strong>Macerias,</strong></span> <span class='ocrx_word' id='word_1_651' title='bbox 1229 4686 1383 4765; x_wconf 25' lang='lat' dir='ltr'><strong>cumi</strong></span> <span class='ocrx_word' id='word_1_652' title='bbox 1404 4686 1529 4764; x_wconf 80' lang='lat' dir='ltr'><strong>suis</strong></span> <span class='ocrx_word' id='word_1_653' title='bbox 1562 4686 1826 4765; x_wconf 79' lang='lat' dir='ltr'><strong>ﬁdelibus</strong></span> <span class='ocrx_word' id='word_1_654' title='bbox 1884 4726 1987 4781; x_wconf 92' lang='lat' dir='ltr'><strong>per</strong></span> <span class='ocrx_word' id='word_1_655' title='bbox 2007 4686 2066 4755; x_wconf 84' lang='lat' dir='ltr'><strong>D</strong></span> <span class='ocrx_word' id='word_1_656' title='bbox 2089 4710 2181 4782; x_wconf 91' lang='lat' dir='ltr'><strong>qui</strong></span> <span class='ocrx_word' id='word_1_657' title='bbox 2216 4711 2446 4766; x_wconf 92' lang='lat' dir='ltr'><strong>Romam</strong></span> <span class='ocrx_word' id='word_1_658' title='bbox 2475 4712 2543 4767; x_wconf 91' lang='lat' dir='ltr'><strong>ad</strong></span> <span class='ocrx_word' id='word_1_659' title='bbox 2573 4686 2845 4769; x_wconf 85' lang='lat' dir='ltr'><strong>visitanda</strong></span> <span class='ocrx_word' id='word_1_660' title='bbox 2860 4686 3236 4785; x_wconf 76' lang='lat' dir='ltr'><strong>apostolorum</strong></span> <span class='ocrx_word' id='word_1_661' title='bbox 3266 4714 3457 4770; x_wconf 89' lang='lat' dir='ltr'><strong>limina</strong></span> <span class='ocrx_word' id='word_1_662' title='bbox 3480 4714 3712 4787; x_wconf 88' lang='lat' dir='ltr'><strong>profecti</strong></span> 
     </span>
    </p>
   </div>
   <div class='ocr_carea' id='block_1_99' title="bbox 368 4800 3708 4882">
    <p class='ocr_par' dir='ltr' id='par_1_99' title="bbox 368 4800 3708 4882">
     <span class='ocr_line' id='line_1_102' title="bbox 368 4800 3708 4882; baseline 0 -24"><span class='ocrx_word' id='word_1_663' title='bbox 368 4810 631 4874; x_wconf 87' lang='lat' dir='ltr'><strong>quattuor</strong></span> <span class='ocrx_word' id='word_1_664' title='bbox 650 4800 766 4858; x_wconf 89' lang='lat' dir='ltr'><strong>fere</strong></span> <span class='ocrx_word' id='word_1_665' title='bbox 796 4802 1136 4859; x_wconf 90' lang='lat' dir='ltr'><strong>ebdomadas</strong></span> <span class='ocrx_word' id='word_1_666' title='bbox 1164 4801 1497 4869; x_wconf 89' lang='lat' dir='ltr'><strong>obsedisset,</strong></span> <span class='ocrx_word' id='word_1_667' title='bbox 1542 4801 1834 4858; x_wconf 89' lang='lat' dir='ltr'><strong>deserente</strong></span> <span class='ocrx_word' id='word_1_668' title='bbox 1865 4807 1991 4857; x_wconf 88' lang='lat' dir='ltr'><strong>tan-</strong></span> <span class='ocrx_word' id='word_1_669' title='bbox 2091 4803 2332 4872; x_wconf 87' lang='lat' dir='ltr'><strong>fuerant,</strong></span> <span class='ocrx_word' id='word_1_670' title='bbox 2355 4819 2624 4860; x_wconf 88' lang='lat' dir='ltr'><strong>accensus</strong></span> <span class='ocrx_word' id='word_1_671' title='bbox 2644 4811 2728 4861; x_wconf 90' lang='lat' dir='ltr'><strong>est</strong></span> <span class='ocrx_word' id='word_1_672' title='bbox 2753 4806 2795 4841; x_wconf 80' lang='grc'><strong>¹⁸</strong></span> <span class='ocrx_word' id='word_1_673' title='bbox 2823 4806 2989 4862; x_wconf 87' lang='lat' dir='ltr'><strong>etiam</strong></span> <span class='ocrx_word' id='word_1_674' title='bbox 3036 4813 3117 4863; x_wconf 90' lang='lat' dir='ltr'><strong>ter</strong></span> <span class='ocrx_word' id='word_1_675' title='bbox 3142 4806 3269 4882; x_wconf 86' lang='lat' dir='ltr'><strong>igne</strong></span> <span class='ocrx_word' id='word_1_676' title='bbox 3302 4808 3344 4842; x_wconf 81' lang='grc'>¹⁹</span> <span class='ocrx_word' id='word_1_677' title='bbox 3373 4806 3600 4863; x_wconf 64' lang='lat' dir='ltr'><strong>caelesti.</strong></span> <span class='ocrx_word' id='word_1_678' title='bbox 3635 4806 3708 4860; x_wconf 80' lang='lat' dir='ltr'><strong>Ad</strong></span> 
     </span>
    </p>
   </div>
   <div class='ocr_carea' id='block_1_100' title="bbox 1717 4993 2382 5053">
    <p class='ocr_par' dir='ltr' id='par_1_100' title="bbox 1717 4993 2382 5053">
     <span class='ocr_line' id='line_1_103' title="bbox 1717 4993 2382 5053; baseline 0.006 -6"><span class='ocrx_word' id='word_1_679' title='bbox 1717 4993 1952 5049; x_wconf 81' lang='lat' dir='ltr'><strong>VARle</strong></span> <span class='ocrx_word' id='word_1_680' title='bbox 2002 4993 2382 5053; x_wconf 83' lang='lat' dir='ltr'><strong>LECTIONES.</strong></span> 
     </span>
    </p>
   </div>
   <div class='ocr_carea' id='block_1_101' title="bbox 474 5125 3717 5209">
    <p class='ocr_par' dir='ltr' id='par_1_101' title="bbox 474 5125 3717 5209">
     <span class='ocr_line' id='line_1_104' title="bbox 474 5125 3717 5209; baseline 0.002 -27"><span class='ocrx_word' id='word_1_681' title='bbox 474 5125 504 5209; x_wconf 42' lang='lat'><strong>‘.</strong></span> <span class='ocrx_word' id='word_1_682' title='bbox 517 5128 764 5209; x_wconf 81' lang='lat' dir='ltr'><strong>remensi</strong></span> <span class='ocrx_word' id='word_1_683' title='bbox 880 5130 939 5185; x_wconf 89' lang='lat'><strong>3.</strong></span> <span class='ocrx_word' id='word_1_684' title='bbox 964 5129 1089 5209; x_wconf 67' lang='lat' dir='ltr'><strong>’_ita</strong></span> <span class='ocrx_word' id='word_1_685' title='bbox 1117 5131 1170 5209; x_wconf 61' lang='lat'><strong>1.</strong></span> <span class='ocrx_word' id='word_1_686' title='bbox 1204 5131 1620 5209; x_wconf 39' lang='grc' dir='ltr'><strong>ξονίὁθνει-εηζθιἱ</strong></span> <span class='ocrx_word' id='word_1_687' title='bbox 1643 5134 1738 5187; x_wconf 84' lang='lat' dir='ltr'><strong>sed</strong></span> <span class='ocrx_word' id='word_1_688' title='bbox 1759 5136 1812 5188; x_wconf 83' lang='lat' dir='ltr'><strong>et</strong></span> <span class='ocrx_word' id='word_1_689' title='bbox 1832 5134 2162 5209; x_wconf 28' lang='lat' dir='ltr'><strong>noArdmanni</strong></span> <span class='ocrx_word' id='word_1_690' title='bbox 2197 5153 2211 5201; x_wconf 86' lang='lat'><strong>;</strong></span> <span class='ocrx_word' id='word_1_691' title='bbox 2242 5136 2297 5209; x_wconf 83' lang='lat'><strong>2.</strong></span> <span class='ocrx_word' id='word_1_692' title='bbox 2323 5136 2375 5209; x_wconf 81' lang='lat'><strong>3.</strong></span> <span class='ocrx_word' id='word_1_693' title='bbox 2406 5140 2745 5209; x_wconf 76' lang='lat' dir='ltr'><strong>_utrumque,</strong></span> <span class='ocrx_word' id='word_1_694' title='bbox 2778 5136 3039 5193; x_wconf 81' lang='lat' dir='ltr'><strong>Richerus</strong></span> <span class='ocrx_word' id='word_1_695' title='bbox 3058 5135 3379 5192; x_wconf 89' lang='lat' dir='ltr'><strong>Nortmanni</strong></span> <span class='ocrx_word' id='word_1_696' title='bbox 3402 5136 3717 5207; x_wconf 76' lang='lat' dir='ltr'><strong>plerumque</strong></span> 
     </span>
    </p>
   </div>
   <div class='ocr_carea' id='block_1_102' title="bbox 371 5194 3717 5279">
    <p class='ocr_par' dir='ltr' id='par_1_102' title="bbox 371 5194 3717 5279">
     <span class='ocr_line' id='line_1_105' title="bbox 371 5194 3717 5279; baseline 0.003 -27"><span class='ocrx_word' id='word_1_697' title='bbox 371 5194 394 5279; x_wconf 66' lang='grc' dir='ltr'>ξ</span> <span class='ocrx_word' id='word_1_698' title='bbox 423 5196 757 5279; x_wconf 76' lang='lat' dir='ltr'><strong>britanniam</strong></span> <span class='ocrx_word' id='word_1_699' title='bbox 787 5203 847 5279; x_wconf 85' lang='lat'><strong>2._</strong></span> <span class='ocrx_word' id='word_1_700' title='bbox 873 5203 1147 5279; x_wconf 39' lang='lat' dir='ltr'><strong>sospitis.)</strong></span> <span class='ocrx_word' id='word_1_701' title='bbox 1181 5202 1461 5279; x_wconf 40' lang='lat' dir='ltr'><strong>Ahupgarii</strong></span> <span class='ocrx_word' id='word_1_702' title='bbox 1512 5203 1571 5279; x_wconf 91' lang='lat'><strong>3_.</strong></span> <span class='ocrx_word' id='word_1_703' title='bbox 1649 5210 1858 5279; x_wconf 80' lang='lat' dir='ltr'><strong>partem</strong></span> <span class='ocrx_word' id='word_1_704' title='bbox 1891 5206 1944 5279; x_wconf 23' lang='lat'><strong>3‘.</strong></span> <span class='ocrx_word' id='word_1_705' title='bbox 1979 5207 2018 5279; x_wconf 21' lang='grc' dir='ltr'><strong>⁶Α</strong></span> <span class='ocrx_word' id='word_1_706' title='bbox 2048 5194 2284 5279; x_wconf 79' lang='lat' dir='ltr'><strong>lodharii</strong></span> <span class='ocrx_word' id='word_1_707' title='bbox 2324 5208 2377 5261; x_wconf 88' lang='grc'><strong>3.</strong></span> <span class='ocrx_word' id='word_1_708' title='bbox 2406 5206 2425 5239; x_wconf 83' lang='grc'>⁷</span> <span class='ocrx_word' id='word_1_709' title='bbox 2458 5194 2860 5263; x_wconf 69' lang='lat' dir='ltr'><strong>suessionicam</strong></span> <span class='ocrx_word' id='word_1_710' title='bbox 2893 5208 2947 5262; x_wconf 86' lang='grc'><em>1.</em></span> <span class='ocrx_word' id='word_1_711' title='bbox 2995 5211 3197 5279; x_wconf 62' lang='lat' dir='ltr'><strong>saepius</strong></span> <span class='ocrx_word' id='word_1_712' title='bbox 3231 5226 3248 5274; x_wconf 85' lang='lat'><strong><em>;</em></strong></span> <span class='ocrx_word' id='word_1_713' title='bbox 3281 5194 3717 5265; x_wconf 45' lang='lat' dir='ltr'><strong>sues‘sioncm‘3.</strong></span> 
     </span>
    </p>
   </div>
   <div class='ocr_carea' id='block_1_103' title="bbox 374 5265 3714 5345">
    <p class='ocr_par' dir='ltr' id='par_1_103' title="bbox 374 5265 3714 5345">
     <span class='ocr_line' id='line_1_106' title="bbox 374 5265 3714 5345; baseline 0.003 -24"><span class='ocrx_word' id='word_1_714' title='bbox 374 5265 791 5345; x_wconf 66' lang='lat' dir='ltr'><strong>8relinquerunt</strong></span> <span class='ocrx_word' id='word_1_715' title='bbox 819 5274 872 5327; x_wconf 79' lang='lat'><strong>2.</strong></span> <span class='ocrx_word' id='word_1_716' title='bbox 897 5275 917 5308; x_wconf 76' lang='lat'><strong>9</strong></span> <span class='ocrx_word' id='word_1_717' title='bbox 944 5265 1145 5328; x_wconf 70' lang='lat' dir='ltr'><strong>villa2.</strong></span> <span class='ocrx_word' id='word_1_718' title='bbox 1176 5272 1228 5330; x_wconf 87' lang='lat'><strong>3.</strong></span> <span class='ocrx_word' id='word_1_719' title='bbox 1258 5273 1302 5345; x_wconf 65' lang='grc' dir='ltr'>Ψ</span> <span class='ocrx_word' id='word_1_720' title='bbox 1322 5265 1664 5329; x_wconf 60' lang='lat' dir='ltr'><strong>&quot;careasiria&#39;</strong></span> <span class='ocrx_word' id='word_1_721' title='bbox 1698 5276 1752 5331; x_wconf 88' lang='lat'><strong>2.</strong></span> <span class='ocrx_word' id='word_1_722' title='bbox 1816 5276 1865 5332; x_wconf 91' lang='lat'><strong>3.</strong></span> <span class='ocrx_word' id='word_1_723' title='bbox 1905 5275 2110 5331; x_wconf 89' lang='lat' dir='ltr'><strong>Carisia</strong></span> <span class='ocrx_word' id='word_1_724' title='bbox 2157 5280 2318 5345; x_wconf 88' lang='lat' dir='ltr'><strong>Hugo</strong></span> <span class='ocrx_word' id='word_1_725' title='bbox 2370 5281 2451 5333; x_wconf 85' lang='lat' dir='ltr'><strong>Fl.</strong></span> <span class='ocrx_word' id='word_1_726' title='bbox 2488 5280 2527 5312; x_wconf 84' lang='lat'>“</span> <span class='ocrx_word' id='word_1_727' title='bbox 2586 5279 2959 5335; x_wconf 88' lang='lat' dir='ltr'><strong>crusiniacum</strong></span> <span class='ocrx_word' id='word_1_728' title='bbox 2991 5278 3043 5335; x_wconf 89' lang='lat'><strong>3.</strong></span> <span class='ocrx_word' id='word_1_729' title='bbox 3068 5265 3123 5314; x_wconf 66' lang='grc' dir='ltr'><strong>ἰε</strong></span> <span class='ocrx_word' id='word_1_730' title='bbox 3152 5265 3460 5334; x_wconf 77' lang='lat' dir='ltr'><strong>macherias</strong></span> <span class='ocrx_word' id='word_1_731' title='bbox 3522 5282 3578 5334; x_wconf 82' lang='lat'><strong>2.</strong></span> <span class='ocrx_word' id='word_1_732' title='bbox 3633 5280 3714 5336; x_wconf 82' lang='lat' dir='ltr'><strong>3a.</strong></span> 
     </span>
    </p>
   </div>
   <div class='ocr_carea' id='block_1_104' title="bbox 375 5341 3717 5427">
    <p class='ocr_par' dir='ltr' id='par_1_104' title="bbox 375 5341 3717 5427">
     <span class='ocr_line' id='line_1_107' title="bbox 375 5341 3717 5427; baseline 0.001 -27"><span class='ocrx_word' id='word_1_733' title='bbox 375 5341 538 5427; x_wconf 14' lang='grc' dir='ltr'><strong>εξξᾼξζα</strong></span> <span class='ocrx_word' id='word_1_734' title='bbox 572 5344 768 5427; x_wconf 45' lang='lat' dir='ltr'><strong>ﬁtfra,</strong></span> <span class='ocrx_word' id='word_1_735' title='bbox 835 5345 878 5427; x_wconf 57' lang='lat' dir='ltr'><strong>‘f‘</strong></span> <span class='ocrx_word' id='word_1_736' title='bbox 905 5344 1303 5427; x_wconf 29' lang='lat' dir='ltr'><strong>“heloricum</strong></span> <span class='ocrx_word' id='word_1_737' title='bbox 1357 5345 1910 5427; x_wconf 32' lang='lat' dir='ltr'><strong>fitrannsreﬁnensem</strong></span> <span class='ocrx_word' id='word_1_738' title='bbox 1970 5349 2109 5404; x_wconf 92' lang='lat'><strong>2.3.</strong></span> <span class='ocrx_word' id='word_1_739' title='bbox 2172 5349 2215 5383; x_wconf 73' lang='grc' dir='ltr'><strong>ιδ</strong></span> <span class='ocrx_word' id='word_1_740' title='bbox 2253 5341 2362 5404; x_wconf 77' lang='lat' dir='ltr'><strong>sibi</strong></span> <span class='ocrx_word' id='word_1_741' title='bbox 2425 5348 2576 5423; x_wconf 87' lang='lat' dir='ltr'><strong>regis</strong></span> <span class='ocrx_word' id='word_1_742' title='bbox 2628 5350 2681 5407; x_wconf 88' lang='lat'><strong>3.</strong></span> <span class='ocrx_word' id='word_1_743' title='bbox 2753 5349 2797 5385; x_wconf 79' lang='grc'>¹⁶</span> <span class='ocrx_word' id='word_1_744' title='bbox 2856 5351 3180 5422; x_wconf 86' lang='lat' dir='ltr'><strong>episc0pum</strong></span> <span class='ocrx_word' id='word_1_745' title='bbox 3209 5351 3265 5406; x_wconf 91' lang='lat'><strong>2.</strong></span> <span class='ocrx_word' id='word_1_746' title='bbox 3326 5350 3717 5427; x_wconf 74' lang='lat' dir='ltr'><strong>&quot;delegcrcnt</strong></span> 
     </span>
    </p>
   </div>
   <div class='ocr_carea' id='block_1_105' title="bbox 374 5410 1714 5490">
    <p class='ocr_par' dir='ltr' id='par_1_105' title="bbox 374 5410 1714 5490">
     <span class='ocr_line' id='line_1_108' title="bbox 374 5410 1714 5490; baseline 0.007 -30"><span class='ocrx_word' id='word_1_747' title='bbox 374 5422 513 5463; x_wconf 76' lang='lat' dir='ltr'><strong>corr.</strong></span> <span class='ocrx_word' id='word_1_748' title='bbox 551 5410 874 5483; x_wconf 87' lang='lat' dir='ltr'><strong>delegerant</strong></span> <span class='ocrx_word' id='word_1_749' title='bbox 901 5416 957 5471; x_wconf 86' lang='lat'><strong>2.</strong></span> <span class='ocrx_word' id='word_1_750' title='bbox 994 5417 1037 5450; x_wconf 80' lang='grc'><strong>¹⁸</strong></span> <span class='ocrx_word' id='word_1_751' title='bbox 1082 5416 1229 5472; x_wconf 81' lang='lat' dir='ltr'><strong>deest</strong></span> <span class='ocrx_word' id='word_1_752' title='bbox 1273 5416 1320 5471; x_wconf 89' lang='lat' dir='ltr'><strong>l.</strong></span> <span class='ocrx_word' id='word_1_753' title='bbox 1356 5416 1399 5450; x_wconf 80' lang='grc'>¹⁹</span> <span class='ocrx_word' id='word_1_754' title='bbox 1422 5415 1537 5490; x_wconf 84' lang='lat' dir='ltr'><strong>igni</strong></span> <span class='ocrx_word' id='word_1_755' title='bbox 1574 5418 1630 5471; x_wconf 89' lang='lat'><strong>2.</strong></span> <span class='ocrx_word' id='word_1_756' title='bbox 1662 5418 1714 5473; x_wconf 90' lang='lat'><strong>3.</strong></span> 
     </span>
    </p>
   </div>
   <div class='ocr_carea' id='block_1_106' title="bbox 1958 5556 2172 5613">
    <p class='ocr_par' dir='ltr' id='par_1_106' title="bbox 1958 5556 2172 5613">
     <span class='ocr_line' id='line_1_109' title="bbox 1958 5556 2172 5613; baseline 0.005 -1"><span class='ocrx_word' id='word_1_757' title='bbox 1958 5556 2172 5613; x_wconf 68' lang='lat' dir='ltr'><strong>NO&#39;NE.</strong></span> 
     </span>
    </p>
   </div>
   <div class='ocr_carea' id='block_1_107' title="bbox 446 5676 2001 5756">
    <p class='ocr_par' dir='ltr' id='par_1_107' title="bbox 446 5676 2001 5756">
     <span class='ocr_line' id='line_1_110' title="bbox 446 5676 2001 5756; baseline 0.006 -23"><span class='ocrx_word' id='word_1_758' title='bbox 446 5677 556 5749; x_wconf 86' lang='lat'><strong>(30)</strong></span> <span class='ocrx_word' id='word_1_759' title='bbox 588 5676 878 5733; x_wconf 87' lang='lat' dir='ltr'><strong>Lectiones</strong></span> <span class='ocrx_word' id='word_1_760' title='bbox 921 5682 1042 5750; x_wconf 86' lang='lat' dir='ltr'><strong>ejus</strong></span> <span class='ocrx_word' id='word_1_761' title='bbox 1098 5686 1255 5753; x_wconf 85' lang='lat' dir='ltr'><strong>Hugo</strong></span> <span class='ocrx_word' id='word_1_762' title='bbox 1285 5685 1327 5739; x_wconf 84' lang='lat' dir='ltr'><strong>V</strong></span> <span class='ocrx_word' id='word_1_763' title='bbox 1357 5704 1373 5750; x_wconf 88' lang='lat'><strong><em>;</em></strong></span> <span class='ocrx_word' id='word_1_764' title='bbox 1426 5686 1813 5754; x_wconf 89' lang='lat' dir='ltr'><strong>Floriacensis,</strong></span> <span class='ocrx_word' id='word_1_765' title='bbox 1844 5688 2001 5756; x_wconf 86' lang='lat' dir='ltr'><strong>Hugo</strong></span> 
     </span>
    </p>
   </div>
   <div class='ocr_carea' id='block_1_108' title="bbox 374 5747 757 5805">
    <p class='ocr_par' dir='ltr' id='par_1_108' title="bbox 374 5747 757 5805">
     <span class='ocr_line' id='line_1_111' title="bbox 374 5747 757 5805; baseline -0.01 -3"><span class='ocrx_word' id='word_1_766' title='bbox 374 5747 459 5805; x_wconf 78' lang='lat' dir='ltr'><strong>Il.</strong></span> <span class='ocrx_word' id='word_1_767' title='bbox 476 5747 757 5804; x_wconf 79' lang='lat' dir='ltr'><strong>netamus.</strong></span> 
     </span>
    </p>
   </div>
   <div class='ocr_carea' id='block_1_109' title="bbox 443 5818 1586 5889">
    <p class='ocr_par' dir='ltr' id='par_1_109' title="bbox 443 5818 1586 5889">
     <span class='ocr_line' id='line_1_112' title="bbox 443 5818 1586 5889; baseline 0.008 -18"><span class='ocrx_word' id='word_1_768' title='bbox 443 5819 558 5889; x_wconf 79' lang='lat'><strong>(31)</strong></span> <span class='ocrx_word' id='word_1_769' title='bbox 592 5818 935 5889; x_wconf 23' lang='lat' dir='ltr'><strong>qurgou‘ville</strong></span> <span class='ocrx_word' id='word_1_770' title='bbox 966 5821 1020 5875; x_wconf 91' lang='lat' dir='ltr'><strong>in</strong></span> <span class='ocrx_word' id='word_1_771' title='bbox 1052 5824 1334 5881; x_wconf 85' lang='lat' dir='ltr'><strong>Britannia</strong></span> <span class='ocrx_word' id='word_1_772' title='bbox 1363 5826 1586 5882; x_wconf 89' lang='lat' dir='ltr'><strong>minori.</strong></span> 
     </span>
    </p>
   </div>
   <div class='ocr_carea' id='block_1_110' title="bbox 443 5820 1856 5965">
    <p class='ocr_par' dir='ltr' id='par_1_110' title="bbox 443 5820 1856 5965">
     <span class='ocr_line' id='line_1_113' title="bbox 443 5820 1586 5889; baseline 0.008 -18"><span class='ocrx_word' id='word_1_773' title='bbox 443 5820 526 5889; x_wconf 78' lang='lat'><strong>(31</strong></span> <span class='ocrx_word' id='word_1_774' title='bbox 592 5820 935 5873; x_wconf 78' lang='lat' dir='ltr'><strong>Carnouville</strong></span> <span class='ocrx_word' id='word_1_775' title='bbox 966 5821 1020 5875; x_wconf 91' lang='lat' dir='ltr'><strong>in</strong></span> <span class='ocrx_word' id='word_1_776' title='bbox 1052 5824 1334 5881; x_wconf 85' lang='lat' dir='ltr'><strong>Britannia</strong></span> <span class='ocrx_word' id='word_1_777' title='bbox 1363 5826 1586 5882; x_wconf 89' lang='lat' dir='ltr'><strong>minori.</strong></span> 
     </span>
     <span class='ocr_line' id='line_1_114' title="bbox 443 5820 1856 5965; baseline 0.014 -30"><span class='ocrx_word' id='word_1_778' title='bbox 443 5820 558 5961; x_wconf 50' lang='lat' dir='ltr'><strong>(32g</strong></span> <span class='ocrx_word' id='word_1_779' title='bbox 596 5882 683 5938; x_wconf 84' lang='lat' dir='ltr'><strong>Cf.</strong></span> <span class='ocrx_word' id='word_1_780' title='bbox 715 5883 998 5948; x_wconf 80' lang='lat' dir='ltr'><strong>Mabillon.</strong></span> <span class='ocrx_word' id='word_1_781' title='bbox 1030 5894 1171 5950; x_wconf 86' lang='lat' dir='ltr'><strong>Ann.</strong></span> <span class='ocrx_word' id='word_1_782' title='bbox 1196 5896 1403 5952; x_wconf 89' lang='lat' dir='ltr'><strong>Bened.</strong></span> <span class='ocrx_word' id='word_1_783' title='bbox 1439 5896 1516 5951; x_wconf 92' lang='lat' dir='ltr'><strong>lib</strong></span> <span class='ocrx_word' id='word_1_784' title='bbox 1546 5913 1746 5965; x_wconf 80' lang='lat' dir='ltr'><strong>xur,n.</strong></span> <span class='ocrx_word' id='word_1_785' title='bbox 1767 5896 1856 5954; x_wconf 90' lang='lat'><strong>30.</strong></span> 
     </span>
    </p>
   </div>
   <div class='ocr_carea' id='block_1_111' title="bbox 2174 5688 2621 5759">
    <p class='ocr_par' dir='ltr' id='par_1_111' title="bbox 2174 5688 2621 5759">
     <span class='ocr_line' id='line_1_115' title="bbox 2174 5688 2621 5759; baseline 0.011 -20"><span class='ocrx_word' id='word_1_786' title='bbox 2174 5688 2287 5759; x_wconf 77' lang='lat'><strong>(33)</strong></span> <span class='ocrx_word' id='word_1_787' title='bbox 2317 5690 2621 5748; x_wconf 74' lang='lat' dir='ltr'><strong>Maisiéres.</strong></span> 
     </span>
    </p>
   </div>
   <div class='ocr_carea' id='block_1_112' title="bbox 2177 5760 3216 5832">
    <p class='ocr_par' dir='ltr' id='par_1_112' title="bbox 2177 5760 3216 5832">
     <span class='ocr_line' id='line_1_116' title="bbox 2177 5760 3216 5832; baseline 0.003 -19"><span class='ocrx_word' id='word_1_788' title='bbox 2177 5760 2289 5832; x_wconf 70' lang='lat'><strong>(24)</strong></span> <span class='ocrx_word' id='word_1_789' title='bbox 2323 5761 2381 5832; x_wconf 83' lang='lat' dir='ltr'><strong>ln</strong></span> <span class='ocrx_word' id='word_1_790' title='bbox 2404 5778 2515 5832; x_wconf 86' lang='lat' dir='ltr'><strong>quo</strong></span> <span class='ocrx_word' id='word_1_791' title='bbox 2556 5763 2806 5817; x_wconf 76' lang='lat' dir='ltr'><strong>Méziércs</strong></span> <span class='ocrx_word' id='word_1_792' title='bbox 2833 5768 2888 5816; x_wconf 89' lang='lat' dir='ltr'><strong>et</strong></span> <span class='ocrx_word' id='word_1_793' title='bbox 2917 5763 3216 5817; x_wconf 82' lang='lat' dir='ltr'><strong>Douchéra.</strong></span> 
     </span>
    </p>
   </div>
   <div class='ocr_carea' id='block_1_113' title="bbox 2175 5830 2535 5896">
    <p class='ocr_par' dir='ltr' id='par_1_113' title="bbox 2175 5830 2535 5896">
     <span class='ocr_line' id='line_1_117' title="bbox 2175 5830 2535 5896; baseline 0.008 -12"><span class='ocrx_word' id='word_1_794' title='bbox 2175 5830 2288 5896; x_wconf 76' lang='lat'><strong>(35)</strong></span> <span class='ocrx_word' id='word_1_795' title='bbox 2316 5830 2535 5887; x_wconf 76' lang='lat' dir='ltr'><strong>Oment.</strong></span> 
     </span>
    </p>
   </div>
   <div class='ocr_carea' id='block_1_114' title="bbox 2174 5901 3431 5973">
    <p class='ocr_par' dir='ltr' id='par_1_114' title="bbox 2174 5901 3431 5973">
     <span class='ocr_line' id='line_1_118' title="bbox 2174 5901 3431 5973; baseline 0.005 -17"><span class='ocrx_word' id='word_1_796' title='bbox 2174 5901 2285 5971; x_wconf 80' lang='lat'><strong>(36)</strong></span> <span class='ocrx_word' id='word_1_797' title='bbox 2316 5901 2591 5971; x_wconf 89' lang='lat' dir='ltr'><strong>lnferiori,</strong></span> <span class='ocrx_word' id='word_1_798' title='bbox 2624 5919 2689 5959; x_wconf 83' lang='lat' dir='ltr'><strong>ex</strong></span> <span class='ocrx_word' id='word_1_799' title='bbox 2711 5903 2915 5959; x_wconf 88' lang='lat' dir='ltr'><strong>Mabill.</strong></span> <span class='ocrx_word' id='word_1_800' title='bbox 2946 5905 3087 5959; x_wconf 85' lang='lat' dir='ltr'><strong>Ann.</strong></span> <span class='ocrx_word' id='word_1_801' title='bbox 3116 5921 3245 5973; x_wconf 80' lang='lat' dir='ltr'><strong>xw,</strong></span> <span class='ocrx_word' id='word_1_802' title='bbox 3265 5920 3320 5958; x_wconf 93' lang='lat' dir='ltr'><strong>n.</strong></span> <span class='ocrx_word' id='word_1_803' title='bbox 3341 5906 3431 5962; x_wconf 73' lang='lat' dir='ltr'><strong>M.</strong></span> 
     </span>
    </p>
   </div>
  </div>
