3874 6464
193 436 298 492 425

1704 432 2025 488 ANN‘ALES.

3423 430 3529 486 426

197 586 337 639 idem
362 598 586 656 quoque
613 583 1012 639 monasterium
1036 582 1289 654 quaedam
1324 581 1506 652 puella
1524 581 1821 636 advenerat
1848 571 2000 637 ΑΓίίί
2057 569 2278 634 ιπορίθτ
2322 559 2674 656 ’θρίδοονίυιη
2725 557 3064 656 Tungl‘ensei
3427 569 3532 656 83‘}

195 677 420 732 nomine
465 677 706 741 Osanna,
756 675 826 730 de
881 691 1024 750 pago
1054 677 1099 709 ²⁰
1142 674 1411 730 Vonzinse
1441 675 1480 708 ²¹
1523 674 1654 744 (37),
1697 689 1821 728 car-

199 785 321 822 nem
372 783 484 822 non
529 768 854 833 comedens,
906 783 1089 838 neque
1132 783 1327 836 panem
1387 765 1455 819 ab
1512 765 1671 819 annis
1705 765 1817 833 jam

197 863 410 917 duobus
452 862 621 916 edere
666 862 879 924 valens,
934 861 1022 916 cui
1059 861 1244 915 multa
1280 861 1524 916 visiones
1560 859 1822 913 ostende-

198 955 396 1005 bantur
423 968 434 1004 :
465 950 590 1004 Htec
622 947 677 1003 in
700 949 835 1019 ipsis
865 950 1063 1003 diebus
1101 948 1412 1003 ebdomada
1455 948 1619 1018 plena
1645 947 1821 1015 jacuit

199 1038 444 1104 immota,
468 1045 522 1092 et
553 1037 882 1107 sanguinem
915 1053 1037 1092 cum
1078 1037 1324 1092 omnium
1370 1036 1737 1090 admiratione
1777 1035 1822 1069 ³³

197 1129 435 1192 sudavit,
472 1129 544 1182 ita
585 1133 644 1182 ut
687 1128 837 1182 frons
890 1127 1013 1195 ejus
1061 1135 1171 1182 tota
1208 1135 1263 1180 et
1306 1126 1473 1180 facies
1526 1141 1702 1196 usque
1750 1125 1819 1179 ad

196 1219 398 1274 collum
428 1217 744 1288 operiretur
774 1215 1047 1289 sanguine
1080 1231 1094 1278 ;
1129 1216 1184 1268 in
1215 1229 1324 1285 qua
1353 1214 1464 1269 vita
1496 1215 1579 1268 vel
1608 1219 1817 1268 tantum

195 1315 346 1369 calor
383 1319 746 1377 remanserat,
781 1310 951 1364 halitu
999 1309 1162 1364 etiam
1196 1309 1522 1364 tenuissimo
1552 1309 1816 1379 spirante.

193 1407 342 1461 Tunc
367 1421 594 1476 quoque
623 1403 797 1457 multa
825 1418 884 1457 se
933 1402 1137 1457 vidisse
1171 1401 1473 1472 perhibuit,
1509 1417 1572 1456 ex
1599 1399 1824 1471 quibus

196 1496 382 1567 aliqua
420 1495 580 1561 dixit,
613 1494 852 1566 plurima
880 1510 1012 1549 vero
1047 1494 1089 1526 ’3
1127 1508 1249 1564 quae
1279 1493 1512 1560 viderat,
1547 1507 1608 1546 se
1639 1491 1823 1546 dicere

197 1601 306 1640 non
350 1585 556 1638 audere
597 1584 850 1654 professa
880 1589 982 1637 est.
1025 1581 1177 1635 Tunc
1210 1581 1374 1636 etiam
1409 1581 1554 1636 circa
1585 1581 1823 1634 Remen-

195 1695 312 1732 sem
351 1677 549 1732 urbem
571 1676 682 1729 mel
715 1676 769 1728 in
800 1674 972 1744 spicis
1006 1674 1288 1727 inventum
1321 1673 1386 1738 ²⁴,
1420 1680 1474 1726 et
1504 1673 1669 1727 ﬂores
1697 1671 1824 1742 qui-

197 1766 430 1821 husdam
469 1766 524 1819 in
559 1763 869 1830 arboribus,
900 1763 1128 1817 maturis
1164 1762 1530 1835 vel_collectis
1564 1762 1676 1831 jam
1709 1762 1824 1815 fru-

192 1858 396 1914 ctibus.
427 1859 586 1913 Anno
612 1859 621 1866 ’

841 1926 1176 1982 DCCCCXXI.

191 2041 466 2098 incarnati
506 2040 672 2096 Verbi
705 2039 975 2096 Rodult‘us
1005 2039 1538 2111 episc0pusﬁmontis
1570 2038 1819 2094 lauduni

193 2130 468 2195 moritur;
501 2130 592 2185 cui
623 2128 872 2185 succedit
911 2128 1249 2195 Adelelmus,
1279 2127 1529 2197 ejusdem
1564 2127 1667 2182 loci
1702 2128 1820 2182 the-

189 2219 478 2275 saurarius
505 2220 570 2284 ’5,
602 2218 790 2273 Remis
817 2233 849 2272 a
880 2218 1088 2273 domno
1126 2217 1353 2273 Heriveo
1393 2217 1692 2287 episcopus
1729 2232 1820 2272 or-

188 2315 438 2370 dinatus.
488 2315 787 2386 Anglorum
822 2313 1047 2367 Romam
1087 2310 1556 2382 proﬁciscentium
1598 2311 1820 2382 plurimi

191 2407 336 2461 inter
371 2406 659 2478 angustias
699 2405 916 2474 Alpium
958 2403 1240 2474 lapidibus
1271 2420 1303 2458 a
1349 2403 1665 2458 Sarracenis
1693 2409 1823 2458 sunt

187 2496 373 2550 obruti
399 2495 463 2549 ³⁸³.
501 2494 759 2566 Synodus
786 2494 826 2526 ²ῖ
859 2493 1005 2562 apud
1036 2491 1338 2548 'l‘rosleium
1365 2495 1472 2562 1,38)
1498 2493 1703 2557 habita,
1733 2492 1821 2546 cui

191 2589 453 2660 pmsedit
486 2589 750 2644 Heriveus
785 2586 1260 2657 archiepiscopus,
1301 2596 1570 2658 praesente
1597 2603 1824 2658 quoque

191 2685 386 2739 Karolo
423 2699 591 2758 rege;
637 2684 797 2752 cujus
826 2683 1056 2737 obtentu
1087 2682 1408 2736 Erlebaldus
1435 2682 1475 2716 ’7
1510 2681 1586 2736 ibi
1621 2682 1825 2738 Castri-

191 2779 377 2834 censis
413 2778 742 2833 absolvitur.
785 2777 1092 2831 Riehardus
1121 2777 1164 2810 ²⁹
1193 2777 1440 2832 marchio
1473 2776 1542 2831 de
1576 2777 1824 2848 Burgun-

191 2873 278 2927 dia
309 2872 480 2928 obiit.
517 2871 750 2924 Karolus
805 2885 900 2924 rex
932 2869 988 2922 in
1023 2885 1256 2942 regnum
1289 2869 1531 2923 Lotharii
1583 2868 1721 2922 abiit
1757 2869 1825 2933 ³ο,

195 2964 550 3034 receptisque
585 2978 683 3032 per
713 2960 821 3016 vim
853 2961 1186 3032 quibusdam
1219 2960 1437 3014 Ricuini
1471 2959 1712 3015 infidelis
1740 2960 1827 3015 sui

194 3055 490 3126 praesidiis,
525 3063 580 3107 et
618 3052 760 3107 facta
789 3053 1048 3123 pactione
1075 3068 1252 3123 usque
1293 3052 1363 3106 ad
1402 3052 1625 3106 missam
1654 3053 1830 3106 sancti

197 3146 418 3201 Martini
447 3161 573 3201 cum
607 3145 863 3199 Heinrico
907 3144 1160 3215 principe
1189 3144 1627 3198 Transrhenensi
1661 3145 1702 3178 ³⁸
1739 3160 1829 3198 re-

193 3258 388 3296 versus
420 3247 504 3295 est
530 3241 577 3274 ³²
612 3240 667 3293 ἱη
707 3248 957 3310 montem
1001 3239 1272 3295 Lauduni.
1301 3239 1679 3310 Tempestates
1727 3239 1830 3294 hoc

191 3353 336 3391 anno
367 3335 612 3389 diversis
642 3334 698 3387 in
731 3334 867 3389 locis
898 3333 1171 3405 plurimae,
1202 3333 1459 3388 homines
1481 3349 1705 3404 quoque
1734 3333 1833 3387 ful-

194 3429 342 3482 mine
371 3426 700 3491 exanimati,
734 3434 788 3481 et
816 3427 1015 3480 domus
1044 3425 1307 3481 incensae.
1341 3425 1522 3481 [Estus
1554 3426 1608 3479 in
1642 3432 1830 3481 aestate

195 3533 451 3591 magnus,
501 3523 557 3570 et
613 3515 747 3570 fceni
779 3514 1101 3585 plurimum.
1150 3515 1379 3570 Siccitas
1406 3515 1604 3587 ingens
1654 3515 1832 3569 tribus

197 3611 314 3665 fere
365 3611 639 3665 continua
669 3610 979 3677 mensibus,
1027 3609 1197 3676 Julio,
1247 3612 1492 3686 Augusto
1543 3618 1706 3682 atque
1734 3611 1828 3665 Se-

197 3702 462 3773 ptembri.
518 3700 817 3755 Rotbertus
861 3717 1050 3756 comes
1099 3702 1490 3767 Nortmannos,
1536 3702 1628 3774 qui
1662 3703 1829 3776 Lige-

197 3795 296 3848 rim
356 3793 594 3848 ﬂuvium
655 3800 1082 3864 occupaverant,
1145 3811 1245 3865 per
1309 3795 1556 3866 quinque
1610 3810 1832 3850 menses

196 3887 443 3952 obsedit,
475 3887 831 3959 acceptisque
856 3887 903 3921 ³³
931 3887 999 3941 ab
1019 3887 1103 3942 eis
1130 3888 1445 3953 obsidibus,
1474 3889 1829 3944 Brittanniam

195 3974 352 4044 ipsis,
398 3991 574 4046 quam
625 3983 994 4041 vastaverant,
1051 3991 1171 4030 cum
1224 3976 1544 4032 Namnetico
1593 3978 1638 4011 ³⁸
1691 3994 1832 4053 pago

195 4067 512 4131 concessit;
548 4066 755 4137 quique
784 4065 949 4122 fidem
981 4067 1179 4122 Christi
1213 4076 1502 4139 ceperunt.
1525 4070 1826 4140 suscipere.

196 4158 482 4224 Erluinus,
515 4159 864 4214 Belvaeensis
908 4160 1227 4231 episcopus,
1271 4161 1426 4216 obiit.
1465 4162 1696 4218 Karolus
1727 4164 1835 4218 ite-

197 4268 313 4308 rum
341 4269 541 4325 pacem
575 4268 698 4308 cum
731 4251 984 4309 Heinrico
1018 4252 1214 4311 ﬁrmat.
1257 4253 1413 4310 Anno

840 4405 1204 4464 DCCCCXXH.

195 4531 434 4587 Karolus
488 4546 720 4606 regnum
759 4530 1118 4588 Lothariense
1173 4534 1217 4568 ³⁵
1247 4533 1318 4588 ob
1376 4536 1823 4606 persecutionem

1921 656 2208 711 ordinatus
2248 670 2277 707 a
2314 653 2566 708 Johanne
2617 668 2758 723 papa
2812 651 3133 722 episcopus,
3180 650 3437 708 Hilduino
3467 652 3534 708 ab

1921 747 2043 818 ipso
2085 762 2226 817 papa
2272 743 2772 808 exeommunicato,
2805 743 2898 813 qui
2957 743 3124 797 etiam
3179 743 3273 800 illo
3321 745 3538 800 abierat

1919 837 2232 907 episc0pus.
2269 836 2446 909 Drogo
2478 835 2523 868 ³6
2553 833 2852 904 episcOpus
2879 833 2947 888 de
2973 833 3127 888 Tullo
3158 834 3416 901 moritur;
3449 835 3536 890 cui

1919 932 2166 986 succedit
2194 931 2236 963 ³⁷
2270 929 2565 984 Gauzlinus
2589 928 2656 984 ³⁸.
2695 928 3027 1002 Berengario
3056 928 3539 1003 Langobardorum

1919 1022 1963 1055 3°
2007 1039 2134 1094 rege
2168 1022 2209 1055 ³ο
2239 1038 2410 1094 regno
2442 1021 2512 1074 ab
2539 1019 2897 1090 Optimatihus
2926 1019 3043 1074 suis
3072 1019 3144 1074 ob
3187 1019 3539 1078 insolentiam

1922 1118 2041 1185 ejus
2074 1119 2110 1151 i'
2148 1117 2462 1178 deturbalo.
2499 1114 2767 1170 Rodulfus
2807 1113 3095 1186 Cisalpinae
3127 1116 3314 1171 Gallia:
3346 1133 3438 1172 rex
3471 1118 3540 1174 ab

1920 1205 2057 1276 ipsis
2112 1207 2166 1260 in
2212 1222 2440 1278 regnum
2491 1205 2837 1271 admittitur;
2892 1210 2947 1258 et
2998 1205 3262 1279 Hungari,
3323 1207 3542 1262 actione

1925 1295 2174 1367 praedicti
2223 1294 2564 1368 Berengarii,
2611 1294 2799 1348 multis
2836 1293 3011 1365 captis
3058 1295 3300 1365 oppidis,
3329 1296 3541 1352 Italiam

1925 1388 2352 1458 depopulantur.
2398 1387 2594 1442 Karolo
2641 1387 2882 1458 denique
2913 1387 3234 1442 Laudunum
3267 1405 3542 1464 regresso,

1926 1479 2079 1554 Hugo
2112 1478 2258 1534 tilius
2281 1478 2526 1534 Rotberti
2557 1485 2682 1549 post
2716 1479 2920 1550 pascha
2945 1495 3112 1551 supra
3141 1481 3186 1514 ⁸³
3214 1480 3462 1537 Vidulum
3499 1482 3545 1517 ⁸³

1925 1570 2033 1640 (39)
2064 1570 2235 1635 venit,
2266 1569 2359 1624 ubi
2399 1570 2545 1639 apud
2575 1569 2759 1625 villam
2809 1570 3049 1625 Finimas
3085 1571 3131 1606 “
3182 1571 3295 1642 (40)
3327 1571 3544 1627 Herivei

1924 1665 2322 1736 archiepiscopi
2356 1663 2548 1720 ﬁdeles
2579 1681 2703 1719 cum
2741 1665 3074 1736 quibusdam
3115 1666 3353 1722 Francia).
3379 1668 3548 1723 comi-

1925 1759 2070 1813 tibus
2098 1759 2291 1813 obvios
2323 1757 2530 1812 habuit.
2565 1759 2679 1822 Quo
2723 1774 2847 1812 cum
2880 1759 3060 1813 eidem
3102 1776 3270 1830 super
3303 1761 3544 1816 Axonam

1925 1851 1980 1904 in
2007 1868 2206 1926 pagum
2231 1851 2653 1907 Laudunensem
2678 1852 2944 1923 profecto,
2974 1860 3198 1924 propter
3224 1855 3543 1925 prmdictum

1843 1941 1895 2011 Β
1927 1947 2300 2022 Haganonem,
2361 1949 2448 2003 cui
2488 1966 2582 2004 rex
2621 1949 2898 2005 abbatiam
2948 1951 3242 2020 Rothildis,
3277 1953 3456 2008 amita:
3502 1955 3546 1988 ⁴⁵

1921 2061 2054 2107 sum,
2087 2059 2277 2100 socrus
2307 2053 2490 2100 autem
2539 2045 2807 2118 Hugonis,
2847 2047 3094 2115 dederat,
3151 2049 3378 2105 nomine
3437 2051 3544 2106 Go-

1921 2136 2028 2191 lam
2068 2137 2114 2170 ⁴⁶
2135 2137 2267 2207 (41),
2300 2137 2528 2192 Karolns
2550 2153 2672 2192 cum
2696 2137 2978 2194 Heriberto
3007 2148 3062 2195 et
3081 2141 3376 2215 Haganone
3404 2142 3543 2196 clam

1921 2226 2246 2283 Laudunum
2291 2244 2574 2302 egressus,
2606 2229 2678 2283 ob
2739 2228 3053 2304 Haganonis
3091 2245 3338 2286 amorem
3379 2231 3545 2299 hujus

1919 2333 2087 2373 causa
2113 2317 2328 2373 timoris
2366 2325 2517 2372 trans
2547 2318 2752 2373 Mosam
2783 2317 3064 2389 profectus
3112 2326 3216 2373 est.
3253 2321 3423 2385 Quem
3455 2320 3546 2376 in-

1921 2423 2147 2470 secutus
2178 2415 2330 2490 Hugo
2358 2431 2482 2470 cum
2515 2416 2712 2469 ceteris
2750 2421 3116 2489 pugnatorum
3153 2412 3373 2472 duobus
3399 2416 3549 2472 mili-

1922 2507 2028 2561 bus
2068 2522 2243 2577 usque
2287 2507 2514 2574 Mosam,
2573 2505 2940 2561 Gislebertum
2989 2504 3404 2562 Lothariensem
3440 2508 3544 2563 ob-

1920 2599 2069 2653 vium
2120 2599 2162 2633 ‘7
2198 2598 2387 2652 habuit
2416 2614 2578 2663 ;cum
2633 2614 2744 2670 quo
2783 2614 2814 2654 a
2845 2606 3020 2670 patre,
3053 2599 3146 2670 qui
3197 2615 3323 2655 eum
3357 2614 3549 2670 prose-

1924 2696 2130 2759 quutus
2172 2690 2350 2743 fuerat
2379 2696 2432 2744 et
2457 2705 2628 2760 super
2657 2691 2900 2745 Axonam
2932 2690 2988 2744 in
3022 2705 3162 2765 pago
3193 2690 3546 2746 Laudunensi

1927 2779 2178 2845 sedebat,
2229 2779 2298 2834 ad
2349 2779 2688 2850 colloquium
2739 2787 3050 2848 revocatus,
3098 2781 3404 2836 revertitur.
3431 2781 3546 2844 Quo

1928 2881 2234 2942 comperto,
2263 2871 2460 2927 Karolo
2487 2871 2636 2927 Mosa
2664 2871 3075 2940 retransmissa,
3119 2887 3241 2928 eum
3266 2872 3551 2927 nonnullis

1930 2966 2024 3036 qui
2064 2965 2132 3019 ad
2165 2979 2226 3018 se
2256 2971 2524 3019 venerant
2553 2965 3028 3034 Lothariensibus,
3069 2965 3228 3021 villas
3259 2963 3552 3020 Remensis

1932 3060 2182 3115 ecclesiae
2227 3060 2535 3130 depraedari
2579 3076 2798 3116 necnon
2830 3061 3133 3116 incendere
3187 3061 3374 3131 cmpit.
3430 3059 3550 3114 Alt-

1930 3159 2174 3206 montem
2206 3165 2428 3222 quoque
2460 3155 2696 3204 castrum
2727 3149 3009 3216 bellando,
3029 3165 3139 3204 non
3172 3150 3296 3204 sine
3326 3165 3552 3205 suorum

1932 3241 2087 3294 clade
2115 3241 2180 3308 ‘3,
2211 3241 2357 3311 cepit
2387 3250 2551 3312 atque
2583 3240 2829 3310 diripuit.
2865 3239 3160 3295 Rotbertus
3189 3239 3234 3273 ‘9
3261 3238 3428 3312 igitur
3455 3255 3555 3293 su-

1853 3313 1902 3382 C
1924 3346 2024 3400 per
2052 3328 2349 3383 Maternam
2373 3329 2599 3384 ﬂuvium
2631 3327 2867 3384 Rodulfo
2901 3328 3018 3384 filio
3051 3319 3553 3402 Richardi,genero

1931 3437 2056 3489 suo,
2085 3421 2335 3491 procedit
2356 3421 2610 3486 obviam;
2635 3436 2800 3491 quem
2822 3435 3066 3492 sequens
3091 3420 3137 3454 5°
3168 3419 3400 3475 Karolus
3429 3434 3553 3474 cum

1933 3511 2413 3578 Rotharicnsxbus,
2441 3511 2740 3566 Maternam
2781 3511 3017 3574 transiit,
3043 3517 3098 3566 et
3123 3518 3362 3566 castrum
3392 3510 3559 3582 Spar-

1934 3604 2054 3659 naci
2086 3605 2126 3637 ⁵¹
2163 3605 2268 3675 (42)
2302 3605 2579 3674 direptum
2612 3607 2698 3660 est
2727 3603 2796 3659 ab
2826 3601 3140 3679 Haganonis
3165 3602 3555 3676 complicibus.

1933 3700 2228 3758 Rotbertus
2281 3702 2470 3768 etiam,
2501 3701 2726 3772 praefato
2766 3702 3002 3758 Rodnlfo
3042 3718 3167 3757 cum
3209 3699 3559 3776 Burgundio-

1933 3792 2393 3859 nibusveniente,
2417 3791 2649 3846 ﬂuvium
2683 3793 2956 3848 transiens
2985 3791 3178 3847 subter
3194 3793 3556 3864 Sparnacum,

1935 3900 2044 3940 non
2078 3885 2299 3960 longius
2331 3885 2504 3940 tribus
2545 3885 2718 3940 leucis
2766 3885 2835 3941 ab
2876 3886 3121 3942 exercitu
3161 3885 3344 3940 Karoli
3384 3893 3560 3940 castra

1935 3982 2173 4029 metatus
2203 3983 2326 4040 est;
2368 3974 2464 4030 ubi
2505 3991 2615 4029 una
2646 3974 2825 4047 magis
2845 3975 3156 4030 ebdomada
3185 3974 3562 4030 consederunt

1936 4064 2160 4135 utrique
2196 4065 2262 4129 ⁵³,
2295 4064 2363 4118 ad
2401 4064 2738 4136 colloquium
2786 4065 2956 4121 ceteri
2988 4066 3034 4100 ⁵³
3073 4071 3272 4137 prazter
3303 4065 3560 4140 Hagano-

1937 4171 2063 4209 nem
2100 4156 2144 4188 ⁵³
2166 4163 2221 4210 et
2250 4155 2507 4210 Karolum
2524 4156 2830 4212 venientes.

2010 4251 2163 4323 Hugo
2188 4253 2402 4306 interea
2421 4251 2568 4306 ﬁlius
2599 4252 2857 4307 Richardi
2873 4253 2940 4308 ad
2964 4252 3286 4310 Rotbertum
3307 4250 3563 4320 veniens,

1938 4345 2208 4401 ducentos
2239 4345 2459 4402 circiter
2497 4361 2563 4400 ex
2597 4346 2683 4400 his
2712 4347 2808 4417 qui
2839 4362 2963 4402 cum
2996 4346 3294 4420 Haganone
3323 4344 3370 4379 ⁵⁵
3409 4351 3566 4399 erant

1939 4441 2139 4498 obvios
2167 4443 2378 4509 habuit,
2410 4444 2466 4498 in
2489 4443 2648 4498 villas
2676 4443 2948 4515 episcopii
2981 4441 3273 4497 Remensis
3299 4441 3568 4495 abeuntes

1940 4535 2204 4603 praedari;
2237 4535 2441 4606 quibus
2462 4537 2659 4607 captis,
2688 4536 2862 4590 tribus
2889 4541 3105 4590 tantum
3139 4533 3359 4601 occisis,
3394 4547 3568 4605 equos

197 4627 492 4683 Gisleberti
525 4636 581 4681 et
611 4627 823 4682 Ottonis
853 4628 1084 4699 rapinis,
1111 4629 1420 4704 sacrilegiis
1441 4639 1607 4702 atque
1642 4631 1836 4686 incen-
1859 4640 1918 4710 D
1943 4627 1988 4662 ⁵⁸
2015 4643 2137 4682 cum
2171 4629 2339 4683 armis
2366 4629 2590 4683 abstulit
2619 4635 2674 4682 et
2705 4628 2770 4682 ad
2809 4643 2940 4683 suos
2979 4627 3285 4703 ignominia
3311 4636 3570 4681 oneratos

196 4716 325 4783 diis,
362 4717 535 4772 etiam
583 4716 639 4769 in
673 4723 923 4788 tempore
954 4719 1410 4792 quadragesimae,
1470 4721 1614 4776 sicut
1644 4729 1697 4776 et
1725 4729 1835 4778 tota

197 4805 382 4863 hieme
424 4813 620 4862 vastat.
653 4807 963 4876 Richarius,
1013 4809 1107 4881 qui
1139 4808 1364 4864 Romam
1399 4810 1680 4881 profectus
1714 4813 1834 4869 fue-

1937 4717 1980 4758 ⁵⁷
2015 4717 2228 4772 remisit
2275 4724 2511 4771 ceteros.
2562 4716 2700 4772 Hinc
2747 4715 3045 4772 Rotbertus
3086 4716 3234 4788 apud
3282 4714 3571 4769 Calmicia-

1937 4829 2060 4868 cum
2111 4810 2216 4880 (43)
2259 4817 2312 4864 et
2369 4810 2599 4866 Karolus
2645 4810 2791 4866 circa
2836 4810 3023 4866 Remis
3067 4810 3113 4846 ⁸⁸
3160 4817 3336 4867 castra
3380 4813 3568 4868 metati

266 5004 495 5078 “pago
527 5019 705 5078 corrt
734 5005 957 5078 pacori.
1015 5007 1056 5041 ²¹
1089 5007 1320 5062 voxinse
1346 5008 1401 5062 2.
1459 5009 1504 5042 ²²
1525 4938 1849 5064 omiiiR

2016 4938 2320 5065 ENESdeest
2365 5010 2420 5064 2.
2464 5011 2517 5066 3.
2577 5010 2698 5066 υἱ.
2733 5017 2819 5066 est
2860 5010 2914 5064 2.
2961 5009 3017 5067 3.
3069 5009 3116 5044 ’⁵
3145 5009 3484 5066 tesaurarius
3512 5012 3569 5068 2.

272 5075 514 5164 οίὲιζιιξ.³
554 5076 705 5164 3M’7
730 5077 964 5164 sinodns
1000 5078 1054 5132 2.
1228 5079 1656 5164 il:therlebaldus
1673 5081 1761 5164 A2.
1874 5081 2235 5164 flinricardus
2259 5081 2319 5164 3ίζ
2371 5083 2416 5116 ³ο
2448 5082 2623 5164 habiit
2649 5083 2735 5164 2.“
2764 5083 2804 5164 ξ]
2839 5083 3222 5164 transrenensi
3262 5082 3312 5138 3.
3345 5086 3571 5164 sapius.

201 5147 245 5220 ff
274 5149 434 5220 deest
479 5149 516 5201 2
572 5148 648 5220 A33
681 5155 1088 5220 acceptumque
1118 5151 1172 5203 2.
1243 5150 1289 5184 3‘
1316 5153 1614 5206 nannetico
1673 5152 1726 5207 3.
1797 5153 1842 5187 ³⁵
1874 5152 2232 5208 lodhariense
2287 5153 2338 5209 3.
2394 5169 2418 5208 s

200 5217 243 5251 ³⁸
274 5219 546 5299 εοεῇἰηιιὲ
677 5218 726 5273 3.
762 5217 1062 5299 gauclipus
1090 5222 1375 5299 successit,
1432 5223 1757 5299 quietiam‘
1783 5225 2074 5299 ordinatus
2105 5233 2191 5279 est
2223 5225 2336 5299 16.Δ
2359 5217 2482 5299 Kal:
2509 5225 2730 5299 Aprilis.
2777 5217 3055 5299 HITQOAV.
3108 5225 3153 5259 3°
3183 5224 3290 5299 lam

502 5289 548 5366 f0
578 5289 910 5366 imperatore
938 5291 1006 5366 2._
1035 5293 1087 5366 3ἶ
1152 5295 1195 5366 _“
1225 5294 1297 5348 ob
1353 5294 1390 5347 i.
1425 5289 1477 5346 el
1510 5295 1706 5349 desunt
1730 5295 1784 5349 2.
1837 5297 1890 5350 3.
1952 5296 1997 5329 δ’
2029 5311 2199 5366 super
2222 5297 2274 5349 2.
2310 5295 2362 5352 3.
2394 5298 2440 5330 ‘3
2469 5289 2732 5350 uidolam.
2767 5296 2822 5359 2,
2871 5289 2915 5329 δ”
2947 5294 3162 5350 fimmas
3191 5295 3243 5352 3.

203 5291 323 5342 rum
357 5291 415 5344 2.

2421 5157 2632 5227 sepius._
2669 5154 2738 5227 _3°
2768 5153 2920 5227 Rogo
2953 5154 3040 5210 3a.
3113 5153 3469 5227 f7_successit
3515 5157 3568 5210 3.

3296 5226 3575 5332 223.292;

3330 5299 3352 5331 '
3381 5299 3573 5353 amicae

200 5359 258 5412 2.
307 5361 402 5422 3a.
428 5432 442 5438 Δ
475 5362 521 5395 ⁴⁶
550 5363 725 5438 colam
756 5363 809 5416 2.
847 5364 902 5415 Β.
930 5363 1006 5438 f7
1038 5363 1255 5438 obviam
1309 5380 1446 5419 corr.
1491 5365 1711 5420 obvium
1744 5366 1798 5419 2.
1874 5367 1918 5400 ⁵⁸
1949 5383 1999 5420 c.
2052 5359 2113 5420 sf
2143 5368 2194 5424 3.
2255 5368 2299 5401 ⁴⁹
2331 5368 2584 5422 robertus
2614 5368 2666 5424 3.
2714 5370 2932 5436 saepius.
2994 5369 3039 5402 ⁵ο
3067 5369 3226 5438 sequi
3282 5370 3397 5424 alia
3427 5371 3572 5424 linea

199 5447 384 5515 quens
417 5432 474 5500 1,
543 5433 895 5515 subsequens
924 5433 976 5490 3.
1037 5435 1347 5515 “_sparnan
1384 5437 1432 5491 1.
1478 5437 1524 5470 ⁵³
1554 5439 1635 5515 ita
1676 5439 2070 5515 in-loco_1'as‘o
2127 5439 2510 5510 i.'utrimquc
2551 5439 2604 5492 2.
2640 5439 2693 5494 3.
2751 5432 2800 5473 δεῖ
2827 5439 2973 5496 deest
3006 5440 3056 5495 ‘l.
3108 5432 3488 5515 “'aganonem
3523 5447 3572 5497 1.

199 5502 245 5536 ⁵⁸
277 5504 638 5579 haganonem
671 5502 744 5560 2.'
785 5505 832 5539 ⁵⁵
852 5521 1045 5576 aequos
1072 5502 1154 5562 2f
1188 5507 1230 5542 ⁵⁷
1263 5507 1559 5563 honeratos
1597 5507 1651 5564 2.
1713 5509 1758 5544 ⁵⁸
1790 5510 1986 5564 remim
2015 5510 2069 5563 2.

1780 5611 1988 5670 NOTEE.

276 5699 383 5772 (37)
432 5697 592 5754 Circa
624 5699 809 5772 chzy
832 5698 887 5753 in
921 5698 1236 5772 Campania.

275 5770 393 5848 (ἓξ)
439 5771 688 5848 ﬂayed
718 5771 998 5848 Axonam,
1020 5770 1077 5848 in
1103 5789 1246 5848 pago
1279 5773 1638 5833 Suessonico.
1670 5774 1849 5839 Bouo.

280 5844 399 5985 (39;
441 5843 681 5909 LaVele,
715 5841 958 5898 Axonam
984 5841 1184 5900 inﬂuit.

280 5913 374 5984 (40
436 5915 637 5969 Fimes.

280 5913 396 5984 (40)
436 5915 637 5969 Fimes.

558 6012 842 6075 PATROL.
894 6013 1219 6079 CXXXV.

2022 5707 2133 5787 (fit)
2173 5707 2403 5787 [idetur
2429 5724 2552 5764 esse
2591 5707 2817 5780 Chelles,
2844 5711 2993 5768 haud
3033 5713 3227 5787 procul
3260 5711 3503 5768 Parisiis.

2042 5779 2134 5849 42)
2174 5783 2450 5850 Epernay.

2044 5852 2130 5920 43)
2172 5851 2456 5921 Chermizy
2477 5859 2571 5910 aut
2597 5853 2932 5926 Chaumuzy,
2964 5871 3140 5928 prepe
3173 5856 3395 5914 Remos.

3177 6027 3246 6089 14
