3874 6466
348 474 452 531 427

1483 465 1850 522 FLODOARDI
1892 463 2193 520 CANONICI
2238 465 2566 520 REMENSIS

3598 477 3702 531 428

349 615 478 661 sunt
512 622 526 670 ;
568 603 664 660 ubi
695 617 820 659 cum
849 601 1029 658 tribus
1056 601 1335 658 continuis
1372 600 1716 656 consedisset
1755 600 1972 667 diebus,
2004 613 2042 666 Α
2079 598 2163 652 lus
2195 598 2544 654 obsidionem
2579 599 2802 671 reliquit
2831 603 2877 636 3’
2907 608 2962 658 ct
2993 603 3170 678 Hugo,
3201 605 3443 677 acceptis
3487 606 3701 662 obsidi-

347 715 457 754 una
502 699 714 754 scilicet
743 714 774 752 a
818 697 1040 754 civitate
1080 699 1260 771 leuga,
1318 703 1372 751 et
1410 695 1662 750 nonnulli
1713 711 1777 750 ex
1817 698 1977 768 equis
2079 689 2185 744 bus
2231 707 2262 744 ει
2319 690 2650 763 quibusdam
2713 692 3184 763 Lotharicnsibus,
3243 698 3313 752 ad
3359 704 3571 768 patrem
3621 716 3706 753 re-

349 786 569 841 illorum
610 794 940 857 caperentur
966 805 996 841 a
1021 787 1234 841 civibus
1265 786 1584 852 Remorum,
1617 803 1726 840 una
1761 793 2006 859 tantum\

348 878 461 943 die,
501 877 780 932 dominica
820 877 1086 932 videlicet
1134 884 1505 946 pentecostes,
1556 885 1746 931 contra
1782 878 1971 930 urbem

344 975 660 1041 pugnarunt
690 970 754 1022 59.
790 969 892 1023 Ubi
923 968 1206 1022 nonnullis
1236 969 1432 1021 occisis
1470 968 1514 1001 ⁵ο
1547 983 1612 1023 ex
1643 967 1964 1023 Lotharien-

344 1059 519 1123 sibus,
548 1060 960 1130 vulneratisque
991 1059 1262 1129 plurimis,
1295 1074 1419 1114 mox
1442 1059 1691 1130 praelium
1723 1059 1960 1115 diremit.

344 1153 544 1208 Audito
591 1153 856 1225 denique,
899 1154 1046 1224 quod
1097 1154 1153 1208 bi
1207 1153 1457 1225 quicum
1515 1155 1774 1210 R0tbcrto
1813 1163 1970 1211 erant

343 1241 666 1297 Laudunum
697 1250 916 1313 captum
967 1243 1255 1305 haberent,
1289 1251 1346 1298 et
1398 1244 1686 1318 thesauros
1716 1244 1968 1318 Hagano—

344 1332 434 1385 nis
461 1332 525 1396 θί,
557 1331 652 1402 qui
683 1331 822 1386 inibi
857 1341 1034 1399 erant,
1066 1332 1338 1402 dispertiti
1374 1341 1578 1400 essent,
1611 1317 1670 1389 ei
1697 1317 1865 1390 unum
1899 1335 1969 1390 de

343 1421 606 1477 fratribus
635 1423 755 1491 ejus
785 1422 860 1476 ibi
899 1422 1457 1494 comprehendissent
1483 1424 1547 1490 ⁸⁸,
1581 1424 1811 1480 Karolus
1843 1441 1966 1479 cum

344 1517 642 1592 Haganone
693 1517 1019 1572 Laudunum
1064 1517 1375 1572 contendit.
1417 1519 1801 1573 Lotliarienscs
1845 1519 1966 1592 qui-

343 1606 468 1660 dam
499 1606 892 1680 regrediuntur
920 1606 990 1660 ad
1020 1623 1119 1661 sua
1148 1623 1162 1670 ;
1205 1607 1429 1679 quidam
1461 1623 1586 1662 cum
1616 1608 1809 1664 Karolo
1843 1626 1968 1680 per-

341 1707 501 1773 gunt.
547 1702 840 1757 Rotbertus
871 1719 1039 1773 super
1085 1704 1328 1758 Axonam
1353 1706 1588 1760 tentoria
1621 1705 1757 1760 fixit.
1797 1707 1966 1762 Karo-

345 1791 450 1856 lus,
479 1791 870 1865 abnegatosibi
900 1792 1129 1847 introitu
1158 1793 1430 1859 Lauduni,
1450 1795 1656 1849 resedit
1679 1811 1848 1865 super
1865 1795 1970 1851 ﬂu-

341 1884 492 1938 vium
532 1883 720 1938 Saram
753 1884 798 1918 ⁸³
827 1884 958 1955 (44),
991 1891 1045 1939 et
1084 1884 1380 1940 Rotbertus
1407 1893 1585 1940 castra
1615 1893 1856 1940 metatus
1889 1893 1974 1940 est

2079 780 2300 834 meavit.
2350 780 2532 834 Terrae
2574 791 2757 836 motus
2804 783 2860 836 in
2900 800 3040 854 pago
3095 784 3474 841 Cameracensi
3512 786 3704 855 lactus,

2077 887 2140 924 ex
2162 887 2270 942 quo
2294 872 2491 927 domus
2512 873 2647 928 inibi
2678 875 2956 932 nonnullae
2996 877 3273 932 subversae
3298 885 3444 935 sunt.
3471 881 3531 934 In
3563 898 3702 954 pago

2075 975 2294 1031 quoque
2335 961 2630 1028 Parisiaco,
2687 963 2741 1016 in
2783 963 2912 1017 villa
2967 980 3090 1035 qua:
3140 965 3342 1020 dicitur
3370 967 3589 1024 Jcsedis
3637 970 3701 1036 73,

2066 1051 2238 1106 multa
2272 1052 2536 1108 miracula
2566 1054 2622 1108 in
2669 1054 2908 1109 ecclesia
2937 1056 3111 1110 sancti
3140 1056 3285 1111 Petri
3325 1075 3355 1112 a
3385 1067 3582 1130 quarto
3613 1077 3703 1114 su-

2069 1146 2290 1216 periore
2321 1163 2490 1214 anno,
2533 1165 2598 1203 ex
2631 1165 2742 1220 quo
2787 1149 2999 1205 scilicet
3027 1151 3272 1222 reliquiae
3313 1153 3380 1207 de
3422 1154 3593 1210 barba
3623 1156 3705 1227 ip-

2069 1236 2188 1291 sius
2218 1239 2454 1308 apostoli
2509 1240 2642 1294 illuc
2681 1248 2811 1295 sunt
2865 1242 3075 1308 relatae,
3131 1242 3272 1299 facta
3303 1256 3703 1312 memorantur,

2075 1329 2148 1383 ita
2197 1337 2254 1383 ut
2287 1329 2430 1385 inter
2477 1347 2659 1387 cmcos
2699 1340 2754 1387 et
2793 1333 3018 1388 claudos
3048 1334 3092 1368 Ἡ
3122 1335 3206 1390 vel
3239 1344 3553 1394 contractos
3583 1355 3706 1394 am-

2071 1420 2216 1490 plius
2245 1439 2408 1493 quam
2452 1431 2674 1478 centum
2722 1425 3078 1499 septuaginta
3131 1428 3366 1483 sanitate
3424 1430 3470 1464 73
3513 1430 3703 1486 donati

2073 1512 2399 1568 referantur.
2467 1514 2800 1569 Daemoniaci
2861 1532 3015 1580 vero,
3096 1526 3367 1589 quotquot
3410 1521 3502 1576 illo
3559 1521 3706 1576 abie-

2071 1608 2236 1668 runt,
2291 1618 2428 1658 sano
2483 1618 2674 1671 sensu,
2726 1603 2903 1674 pulsis
2959 1604 3332 1671 daemonibus,
3393 1607 3703 1675 redierunt,

2074 1703 2273 1763 praeter
2311 1694 2418 1749 alia
2474 1695 2904 1752 innumerabilia
2946 1713 3070 1769 quae
3119 1699 3324 1754 ibidem
3383 1708 3513 1755 sunt
3561 1712 3701 1757 acta.

2073 1787 2232 1843 Anno

2706 1882 3094 1939 DCCCCXXIII.

339 1989 507 2043 super
539 1973 726 2028 Aleam
763 1973 894 2043 (45).
954 1973 1014 2028 Et
1063 1990 1186 2028 cum
1245 1974 1450 2029 cotidie
1499 1975 1676 2046 copiis
1724 1976 1969 2032 ROlbcrti
1999 1978 2048 2046 Β
2074 1985 2373 2041 Rotbertus
2406 1987 2460 2040 iu
2500 2003 2730 2060 regnum
2773 1989 3137 2044 Lotharicnse
3178 1989 3569 2061 proﬁciscitur,
3627 1994 3707 2048 lo-

342 2067 749 2131 crescentibus,
791 2067 1177 2124 decrescerent
1209 2069 1410 2134 Karoli,
1443 2071 1583 2124 clam
1632 2070 1853 2126 tandem
1885 2088 1976 2126 se-

343 2162 551 2216 cedens
608 2179 733 2218 cum
789 2163 1087 2237 Haganone
1144 2171 1294 2219 trans
1324 2165 1528 2219 Mosam
1581 2164 1970 2235 proficiscitur.

343 2252 536 2307 Franci
588 2253 910 2308 Rotbertum
966 2255 1244 2310 seniorem
1307 2255 1521 2330 eligunt
1577 2257 1794 2328 ipsique
1850 2273 1973 2314 sese

343 2345 712 2402 committunt.
746 2346 1043 2402 Rotbertus
1075 2342 1398 2420 itaque'rcx
1434 2349 1620 2403 Remis
1660 2350 1806 2421 apud
1846 2367 1976 2405 san-

345 2440 494 2488 ctum
553 2434 863 2507 Remigium
918 2437 986 2490 ab
1017 2437 1298 2508 episcopis
1347 2445 1403 2492 et
1460 2439 1792 2510 primatibus
1822 2441 1976 2512 regni

343 2523 720 2578 constituitur.
757 2524 1020 2580 lleriveus
1047 2527 1092 2562 ⁶⁴
1130 2529 1164 2560 ³⁵
1194 2528 1491 2584 Remorum
1521 2529 1974 2601 arcliiepiscOpus

343 2611 485 2666 obiit
539 2615 698 2668 tertia
758 2615 848 2670 die
897 2623 1022 2687 post
1082 2619 1562 2674 consecrationem
1628 2619 1672 2653 05
1721 2619 1976 2675 Rotberti

345 2707 513 2780 regis,
545 2708 756 2764 scilicet
807 2709 842 2763 6
872 2709 1054 2764 Nonas
1080 2709 1230 2774 Julii,
1291 2719 1488 2782 quarto
1529 2712 1620 2767 die
1677 2721 1974 2782 antequam

344 2799 671 2854 vicesimum
687 2801 990 2855 secundum
1014 2801 1098 2856 sui
1111 2801 1466 2872 episcopatus
1483 2804 1731 2874 expleret
1745 2821 1973 2860 annum.

2077 2085 2304 2133 cuturus
2329 2095 2451 2133 cum
2477 2079 2754 2149 Heinrico,
2788 2082 2880 2152 qui
2914 2082 2962 2136 ei
2991 2082 3214 2138 obviam
3237 2084 3387 2138 venit
3417 2083 3472 2137 in
3503 2101 3706 2158 pagum

2078 2166 2398 2222 Ribuarium
2431 2167 2477 2202 τε
2505 2184 2672 2238 super
2703 2169 2931 2224 ﬂuvium
2967 2170 3206 2236 Ruram;
3244 2170 3339 2224 ubi
3373 2187 3431 2225 se
3465 2171 3707 2227 invicem

2079 2266 2366 2328 paverunt,
2400 2267 2454 2314 et
2495 2265 2654 2329 pacta
2702 2260 2964 2327 amicitia,
3024 2261 3280 2333 datisque
3319 2263 3387 2316 ab
3436 2264 3710 2318 alterutro

2078 2345 2429 2411 muneribus,
2471 2346 2865 2402 discesserunt.
2902 2348 3000 2402 Ubi
3031 2349 3194 2403 etiam
3243 2350 3465 2420 quidam
3509 2351 3714 2406 Lotha-

2080 2433 2296 2488 rienses
2327 2435 2599 2490 dederunt
2629 2436 2874 2501 obsides,
2913 2444 2965 2490 et
2996 2437 3249 2492 inducias
3279 2455 3310 2492 a
3339 2439 3602 2495 Rotberto
3622 2457 3714 2496 ac-

2078 2537 2344 2596 ceperunt
2364 2545 2540 2601 usque
2573 2530 2628 2584 in
2651 2530 2693 2563 ’λτ
2716 2531 2984 2587 Kalendas
3012 2533 3278 2589 Octobris.
3312 2534 3643 2590 Nortmanni
3670 2537 3712 2570 7‘

2079 2617 2426 2688 Aquitaniam
2461 2621 2868 2693 Arveniamque
2917 2624 3382 2694 depraedabantur
3405 2626 3484 2693 7°;
3519 2635 3713 2682 contra

2078 2722 2218 2776 quos
2261 2709 2571 2764 Willelmus
2620 2712 2666 2745 ⁸⁸³
2705 2713 2815 2766 dux
2854 2715 3272 2785 Aquitaniorum
3332 2717 3372 2751 ⁸⁸
3407 2725 3462 2772 et
3522 2717 3713 2793 Rage-

2081 2795 2324 2850 mundus
2352 2808 2760 2871 pugnaverunt,
2798 2809 2853 2856 et
2885 2818 3025 2856 caesa
3056 2813 3183 2858 sunt
3211 2805 3289 2858 ibi
3319 2821 3385 2859 ex
3415 2806 3715 2861 Nortman-

349 2885 443 2941 Cui
502 2888 772 2942 successit
827 2887 884 2941 in
941 2887 1320 2958 episcopatum
1377 2889 1616 2956 Seulfus,
1687 2890 1781 2962 qui
1849 2897 1980 2946 tunc
2081 2889 2167 2944 nis
2202 2891 2497 2946 duodecim
2547 2891 2717 2948 milia.
2754 2895 2894 2950 Boso
2936 2894 3082 2950 ﬁlius
3124 2897 3381 2953 Richardi
3417 2900 3714 2955 Ricuinum

348 2974 502 3028 urbis
531 2975 574 3008 ⁵⁵
609 2975 860 3044 ejusdem
894 2976 1204 3032 ministerio
1249 2975 1583 3049 fungebatur
1633 2979 1979 3034 archidiaco—
2080 2981 2136 3035 in
2170 2982 2313 3037 lecto
2359 2983 2714 3057 languentem
2745 2985 2970 3041 occidit.
3031 2987 3259 3043 Karolus
3297 3005 3421 3044 cum
3463 2993 3588 3047 suis
3619 2993 3720 3048 Lo-

348 3073 528 3121 natus.

423 3155 474 3234 _[*
493 3158 636 3211 Hist.
667 3159 816 3214 Rem.
847 3175 920 3234 iv,
948 3159 1013 3234 17
1043 3159 1407 3234 Excrescente
1435 3161 1678 3234 denique
1699 3163 1974 3219 discordia

421 3227 562 3282 inter
590 3245 810 3306 regem
847 3229 1103 3285 Karolum
1149 3227 1603 3306 et_Rotbertum,
1655 3251 1778 3288 cum
1829 3253 1973 3306 pene

420 3299 604 3380 cuncti
655 3299 812 3374 regni
861 3317 1119 3380 proceres
1171 3303 1237 3358 ad
1277 3305 1736 3380 constituendum
1785 3299 1969 3380 regem
2005 3305 2054 3376 C

419 3370 747 3452 Rotberturﬁ
787 3370 945 3452 apud
974 3381 1226 3452 sanctum
1277 3375 1590 3452 Remigium
1647 3370 1968 3452 congregati

419 3451 627 3520 essent,
659 3443 803 3520 idem
826 3443 1621 3520 archiepiscopus,”languore
1653 3443 1968 3520 depressus,

418 3513 536 3592 vita
575 3515 836 3592 decessit,
882 3513 1043 3592 tertia
1101 3513 1198 3572 die
1243 3513 1794 3592 scilicctnpostquam
1843 3513 1974 3577 Ret?

419 3583 613 3639 bertus
655 3601 747 3661 rex
794 3585 968 3661 factus
1013 3586 1232 3656 fuerat,,
1281 3598 1472 3661 quarto
1503 3583 1664 3646 'vero'
1692 3591 1781 3646 die
1815 3599 1973 3648 ante-

421 3671 589 3733 quam
641 3657 966 3733 vicesimum
997 3657 1313 3733 secundum
1357 3662 1442 3716 sui
1478 3663 1831 3733 episcopatus
1875 3681 1973 3718 ex-

421 3727 596 3806 pleret
619 3743 849 3806 annum.
893 3730 1131 3806 Contigit
1177 3739 1358 3806 autem
1391 3727 1591 3806 (deest.
1644 3727 1734 3804 θ’),
1767 3743 1827 3790 ut
1855 3735 1974 3806 ipsa

422 3798 512 3877 die
549 3799 633 3852 sui
664 3800 928 3877 decessus
977 3798 1166 3877 plu'res
1207 3804 1300 3875 qui
1341 3798 1971 3877 advenerant'episc'opi

421 3869 1240 3948 Remenscmjngrederentuc
1274 3875 1490 3948 urbem,
1549 3869 1772 3948 quiquc'
1811 3869 1975 3932 funus

421 3940 608 4012 ipsius.
633 3943 815 4016 dignis
852 3940 1131 4016 Exsequiis
1161 3940 1528 4014 celebrantes,
1569 3940 1691 4002 cum
1730 3948 1969 4005 maximo

420 4027 647 4086 suorum
679 4015 774 4069 sed
808 4025 864 4070 et
891 4015 1070 4071 luteast.
1106 4028 1172 4080 ο.)
1199 4026 1508 4074 exterorum
1540 4019 1710 4086 luctu,
1752 4021 1970 4076 decenti

424 4085 700 4140 tradidere
736 4087 1075 4158 sepulturae]

419 4174 577 4245 Apud
619 4175 970 4231 Cameracum
1023 4177 1065 4211 ⁸⁷
1114 4177 1215 4232 visi
1251 4187 1379 4234 sunt
1409 4179 1453 4214 ⁸⁸
1481 4181 1636 4252 quasi
1689 4189 1798 4236 tres
1827 4181 1972 4236 soles

350 4280 641 4336 apparere,
697 4267 782 4321 vel
812 4266 894 4321 sol
940 4273 1050 4321 tres
1077 4267 1243 4322 orbes
1291 4285 1322 4322 a
1356 4285 1417 4324 se
1449 4270 1681 4324 invicem
1708 4271 1974 4326 distantes

350 4357 577 4422 habere,
608 4358 737 4413 item
783 4357 894 4413 duo
926 4358 982 4412 in
1031 4359 1171 4413 coelo
1201 4359 1414 4430 Spicula
1462 4367 1654 4416 contra
1682 4378 1741 4416 sc
1781 4362 1976 4417 utrim-

351 4463 460 4520 quc
509 4447 960 4519 propinquantia,
1012 4448 1190 4503 donec
1243 4449 1393 4504 nube
1425 4450 1468 4484 69
1521 4459 1648 4506 sunt
1693 4461 1973 4523 c00perta,

354 4540 486 4595 item
537 4539 646 4595 duo
686 4539 903 4610 stipites
959 4539 1183 4594 sibimet
1222 4539 1277 4594 in
1327 4541 1466 4596 coelo
1519 4542 1976 4613 prepinquantcs,

2078 3074 2471 3140 thariensibus,
2503 3076 2752 3131 inducias
2786 3094 2924 3148 quas
2954 3094 3132 3150 nuper
3182 3097 3214 3133 a
3251 3081 3521 3138 Rotberlo
3547 3101 3716 3140 acce-

2079 3179 2271 3241 perant
2303 3171 2347 3204 ³²
2382 3171 2838 3247 infringentibus,
2880 3174 3083 3229 Mosam
3125 3176 3424 3245 transiens,
3479 3177 3547 3232 ad
3596 3180 3713 3234 Ati-

2077 3259 2294 3314 niacum
2326 3261 2494 3326 venit,
2555 3268 2610 3316 et
2640 3269 2933 3333 antequam
2992 3263 3290 3319 Rotbertus
3326 3280 3458 3321 suos
3515 3265 3721 3323 fideles

2076 3350 2320 3406 adunare
2375 3353 2667 3422 potuisset,
2698 3370 2866 3424 super
2903 3356 3144 3409 Axonam
3194 3356 3472 3427 insperate
3513 3358 3586 3426 ⁸³,
3626 3361 3720 3414 ubi

2075 3446 2394 3501 Rotbertum
2428 3446 2531 3501 sub
2559 3446 2695 3500 urbe
2741 3447 3073 3503 Suessonica
3104 3447 3302 3503 sedere
3336 3459 3718 3520 compererat,

2075 3537 2235 3592 adiit.
2270 3538 2328 3591 Et
2357 3537 2412 3592 in
2447 3537 2769 3602 crastinum,
2800 3538 2890 3592 dic
2923 3537 3227 3606 dominica,
3262 3539 3396 3594 hora
3417 3540 3531 3608 jam
3563 3551 3721 3598 sexta

2076 3627 2374 3697 praeterita,
2409 3626 2634 3682 Francis
2667 3626 2873 3682 dehinc
2911 3626 3003 3681 illa
3036 3627 3125 3682 die
3159 3628 3408 3698 praelium
3440 3645 3554 3684 non
3591 3648 3718 3703 spe-

2078 3716 2347 3782 rantibus,
2401 3715 2656 3787 plurimis
2708 3731 2930 3787 quoque
2985 3714 3412 3786 prandentibus,
3485 3718 3722 3775 Karolus

2076 3810 2317 3863 Axonam
2348 3808 2392 3842 3‘
2447 3808 2684 3873 transiit,
2718 3815 2772 3862 et
2802 3824 2970 3879 super
3009 3809 3333 3864 Rotbertum
3367 3825 3492 3864 cum
3526 3827 3714 3867 arma-

2077 3897 2146 3952 tis
2177 3897 2632 3952 Lotharicnsibus
2676 3897 2848 3952 venit.
2895 3897 3191 3952 Rotbertus
3223 3899 3268 3931 ⁸⁵
3322 3914 3455 3954 vero
3487 3903 3719 3956 armatis

2074 3987 2162 4041 his
2189 3987 2283 4058 qui
2309 4003 2499 4041 secum
2532 3988 2578 4021 ⁴⁶
2599 3993 2776 4054 erant,
2812 3994 3005 4043 contra
3025 3988 3298 4059 processit
3329 4005 3343 4057 ;
3379 3992 3719 4047 commisso-

2074 4097 2180 4152 quc
2239 4081 2452 4152 praelia,
2499 4081 2690 4136 multis
2740 4099 2807 4136 ex
2866 4090 3096 4154 utraque
3147 4090 3300 4154 parte
3348 4085 3712 4156 cadentibus,

2075 4169 2370 4225 Rotbertus
2422 4186 2646 4242 quoque
2681 4189 2772 4226 rex
2816 4172 3027 4227 lanceis
3066 4173 3350 4244 perfossus
3390 4175 3616 4230 cecidit.
3655 4171 3716 4231 ili

2075 4267 2280 4325 tamen,
2328 4260 2421 4331 qui
2474 4268 2630 4315 erant
2661 4277 2728 4315 ex
2767 4268 2918 4333 parte
2950 4262 3218 4329 Rotberti,
3279 4263 3434 4336 Ilugo
3495 4265 3716 4321 scilicet

2078 4352 2254 4423 ipsius
2283 4353 2324 4386 ⁸⁷
2371 4352 2538 4420 ﬁlius,
2572 4360 2625 4408 et
2678 4353 2997 4409 Hcribcrtus
3035 4355 3079 4388 ⁸⁸
3110 4371 3234 4409 cum
3283 4355 3505 4422 ceteris,
3537 4358 3716 4413 victo-

2079 4443 2158 4496 ria
2191 4442 2368 4513 potiti,
2401 4443 2656 4497 Karolum
2704 4459 2828 4498 cum
2859 4443 3312 4499 Lotharicnsibus
3343 4445 3387 4479 ⁸9
3435 4447 3490 4500 in
3524 4446 3712 4522 fugam

2078 4542 2409 4603 verterunt;
2462 4536 2558 4591 sed
2611 4536 2683 4591 ob
2733 4544 2964 4592 mortem
2996 4538 3144 4612 regis
3187 4537 3272 4592 sui
3323 4537 3571 4594 Rotberti
3616 4557 3713 4595 eos

354 4647 643 4704 quousque
695 4631 951 4687 similiter
987 4632 1165 4703 operti
1197 4641 1325 4687 sunt
1368 4634 1538 4688 nube.
1572 4634 1867 4690 Rotbertus
1909 4633 1974 4688 ii-
2006 4631 2337 4703 Dpersequi
2370 4631 2720 4698 destiterunt,
2776 4648 3030 4703 campum
3089 4649 3220 4688 vero
3269 4633 3640 4690 obtinuerunt
3670 4637 3712 4671 εί)

352 4724 487 4779 lium
517 4741 676 4779 suum
718 4724 1001 4800 Hugonem
1036 4725 1089 4778 in
1119 4741 1347 4796 regnum
1379 4725 1619 4780 Lotharii
1659 4725 1823 4779 mittit
1851 4734 1974 4780 cuin

351 4818 536 4890 aliquo
557 4818 886 4875 Francorum
901 4818 946 4851 ⁷ο
961 4819 1182 4893 agmine
1205 4825 1432 4890 pr0pter
1455 4808 1889 4889 Caprmmontem
1909 4817 1974 4884 τι,

355 4911 645 4968 Gisleberti
712 4921 972 4977 castrum,
1028 4911 1323 4966 obsidione
1394 4911 1770 4979 liberandum',
1826 4910 1975 4982 quod

355 5004 586 5060 Karolus
615 5003 902 5076 premebat
930 5002 1240 5058 obsessum.
1283 5002 1398 5066 Quo
1444 5008 1751 5072 comperto,
1804 4999 1976 5055 Karo-

2081 4723 2366 4795 spoliaque
2396 4723 2464 4777 ab
2495 4723 2596 4790 eis,
2623 4724 2858 4777 maxime
2888 4731 3070 4778 autem
3100 4740 3131 4778 a
3157 4725 3200 4758 οι
3238 4724 3536 4779 rusticanis
3565 4734 3620 4781 et
3647 4741 3708 4781 ex

2079 4814 2428 4870 Suessonica:
2443 4815 2596 4870 urbis
2610 4815 2875 4871 suburbio
2891 4815 3706 4887 conﬂuentibus,dircptasunt.

2081 4905 2470 4961 Lolliarienses
2495 4907 2761 4978 denique,
2795 4907 3026 4977 perditis
3053 4908 3238 4962 multis
3269 4907 3537 4983 angariis,
3573 4925 3710 4981 quas

2081 5001 2411 5076 Rothgarius
2435 5002 2481 5036 θ’
2512 5017 2700 5057 comes
2730 5002 3016 5074 accipiens
3035 5001 3090 5058 in
3114 5001 3440 5058 Laudunum
3470 5011 3708 5058 castrum

1711 5134 1932 5190 VARI/{3
1975 5133 2355 5190 LECTIONES.

428 5239 472 5274 ‘9
505 5246 890 5313 pugnaverunt
920 5237 982 5313 _3.
1062 5235 1106 5313 εξ
1136 5236 1279 5313 deest
1319 5235 1371 5289 1.
1441 5233 1480 5269 ⁶¹
1511 5233 1788 5313 δεδηλοιιὶε-
1811 5235 1865 5313 1ἶ
1920 5232 1976 5313 ,⁸³³
2008 5249 2110 5313 con

2159 5233 2257 5316 .2:
2329 5234 2599 5290 53isaram
2654 5235 2708 5299 2,
2773 5233 3144 5316 f‘hcinricus
3309 5235 3707 5316 fﬁconsecra-

428 5251 472 5274 ου
505 5251 890 5313 pugnaverunt
930 5251 982 5294 3.
1062 5251 1106 5271 ον
1136 5251 1279 5291 acesr
1319 5251 1371 5289 1.
1441 5251 1480 5269 οι
1511 5251 1780 5306 aganonis
1811 5251 1862 5288 1.
1932 5251 1976 5268 υι
2008 5251 2170 5339 coup.
2197 5251 2257 5316 .2:
2329 5251 2372 5268 υο
2400 5251 2599 5290 isaram
2654 5251 2708 5299 2,
2790 5251 2832 5268 υτ
2863 5251 3144 5290 ncmricus
3194 5251 3250 5289 2.
3330 5251 3374 5269 ου
3401 5251 3696 5292 consecra-

358 5311 527 5365 tione.
565 5313 614 5366 1.
675 5311 719 5344 ⁸⁵
748 5328 798 5367 e.
853 5309 1028 5364 urbis.
1076 5305 1127 5363 3.
1193 5308 1235 5340 ⁸7
1267 5322 1609 5382 οξιῐηδπξιρμῐῃ
1638 5305 1688 5361 3.
1716 5310 1790 5382 ,βε
1845 5305 2021 5382 infra,
2051 5305 2109 5382 ηδ
2159 5322 2258 5360 νιδι
2297 5313 2455 5382 sunt
2527 5309 2717 5382 desunt
2748 5305 2822 5382 A3.
2878 5307 2947 5382 _‘_‘°
2979 5307 3144 5382 deest.
3191 5307 3238 5360 1.
3309 5305 3354 5339 ⁷ο
3375 5307 3696 5382 frangorum

358 5382 411 5452 1.
491 5381 734 5452 "caprae
768 5389 998 5437 mortem
1044 5382 1092 5436 1.

357 5663 413 5714 2.
489 5664 533 5698 θί
564 5665 711 5719 deest
738 5665 789 5719 2.
817 5665 870 5720 3.
949 5666 996 5699 θ’
1018 5665 1292 5739 rotgarius
1311 5665 1366 5720 2.
1395 5666 1451 5721 3.

1183 5378 1228 5451 π
1255 5377 1618 5451 relinquﬁid‘2.
1651 5377 1988 5451 relinquitl}.
2145 5377 2366 5448 gesedis
2403 5378 2714 5451 2.7gcscdis
2745 5378 2792 5432 3.

358 5450 403 5485 ’⁷⁸
430 5445 724 5506 sanitatem
754 5455 808 5507 2.
865 5453 911 5485 ’⁷⁸
943 5450 1331 5506 ribuariarium
1375 5445 1433 5503 3—
1456 5450 1508 5503 3.
1543 5448 1596 5503 b.
1676 5449 1720 5482 ⁷⁷
1749 5445 1894 5503 deest
1932 5448 1984 5503 2.
2058 5445 2102 5481 ⁷⁸
2137 5445 2427 5504 ἡόῑτηειηηί
2462 5445 2514 5504 1.

358 5526 555 5591 sapius
655 5523 696 5556 ⁸⁸
730 5523 1238 5602 aquitanorpmu2._
1288 5522 1341 5602 _"
1357 5528 1685 5602 acceperat_
1711 5521 1764 5574 2.
1842 5519 2227 5602 “insperante
2286 5523 2350 5602 1..

360 5593 554 5647 desunt
571 5595 624 5647 3.
704 5595 750 5628 ⁸⁵
770 5591 894 5650 cum
925 5610 992 5648 eo
1018 5593 1071 5646 2.
1139 5595 1181 5628 ³⁷
1213 5593 1250 5648 f.
1286 5594 1321 5648 i.
1355 5594 1409 5649 2.
1443 5591 1520 5648 3.7
1573 5593 1618 5626 ⁸⁸
1646 5593 1708 5648 H.
1742 5607 1929 5648 comes
1958 5591 2385 5648 Vermandcnsis
2411 5594 2568 5660 Hugo
2617 5594 2673 5650 V.
2710 5599 2763 5647 et
2788 5593 2870 5646 Ft.

2878 5377 2922 5410 7‘
2951 5378 3180 5432 claudus
3211 5394 3349 5432 corr.
3393 5377 3626 5433 claudos
3659 5383 3707 5434 1.

2596 5450 2640 5482 79
2685 5449 3080 5520 depraadantur
3111 5450 3166 5503 2.
3243 5450 3287 5483 ⁸ο
3334 5450 3614 5505 ννίιιρῐηιιε
3659 5453 3706 5504 i-

2417 5521 2717 5576 “axonem
2775 5521 2827 5574 3.
2909 5520 3280 5592 83Rotbertus
3332 5552 3403 5592 -έ
3435 5521 3705 5592 processit

2955 5590 2999 5626 ⁸9
3022 5593 3140 5647 suis
3185 5593 3354 5649 Lodh.
3384 5590 3449 5656 3,
3515 5593 3562 5628 9°
3583 5601 3703 5664 Opt.

1917 5787 2126 5844 NOT/E.

430 5886 541 5955 (41,
570 5886 671 5958 45)
696 5886 776 5940 La
803 5884 929 5939 Sére
947 5893 1000 5940 et
1025 5887 1188 5953 (’Ale,
1218 5887 1272 5941 in
1307 5902 1445 5959 pago
1478 5887 1856 5957 Laudunensi,
1891 5889 2091 5944 lsaram
2127 5889 2182 5943 la
2211 5891 2335 5944 Fere
2366 5887 2692 5946 inﬂuentes.
