3874 6424
160 403 257 459 429

1672 401 1999 459 ANNALES.

3394 397 3501 457 430

160 527 400 595 abduxit,
430 526 738 599 relictoque
758 526 903 583 infra
938 528 984 563 ⁸³
1033 543 1263 601 regnum
1287 528 1531 585 Franciee
1554 529 1770 596 Karolo,
1798 537 1847 603 Α
1876 526 2128 582 fortibus.
2162 526 2264 581 ltta
2311 526 2382 560 ¹¹⁰
2408 525 2540 594 (49),
2573 523 2742 580 ﬂuvio
2795 524 3050 591 transito,
3105 524 3391 599 ingressus
3419 533 3502 581 est

161 628 506 675 revertuntur
530 620 600 674 ad
659 636 776 674 sua.
826 621 1052 676 Karolus
1110 621 1315 677 dehinc
1343 622 1389 656 9"
1430 622 1775 677 Heribertum

162 709 413 765 comitem
434 709 502 776 ’5,
524 708 771 764 Seulfum
799 710 1302 781 archiepiscopum,
1331 719 1658 782 ceterosque
1691 727 1781 766 re-

160 801 249 874 gni
282 801 564 872 primates,
595 801 785 856 multis
806 801 1181 873 legationibus
1206 811 1265 856 ut
1295 802 1362 856 ad
1395 818 1455 857 se
1487 811 1778 857 revertun-

163 901 247 949 tur
274 902 463 950 exorat
508 912 523 961 ;
557 895 709 967 quod
762 894 842 949 illi
887 902 1206 963 renuentes,
1247 910 1346 967 pro
1377 894 1612 950 Rodulfo
1643 897 1690 930 ⁰⁶
1721 897 1778 950 in

159 987 528 1062 Burgundiam
551 986 997 1055 transmiserunt,
1032 987 1126 1060 qui
1186 987 1333 1043 otius
1362 987 1405 1022 97
1447 1003 1572 1041 cum
1606 987 1776 1041 multa

159 1094 383 1135 suorum
412 1095 581 1133 manu
613 1078 727 1133 illis
745 1079 1004 1133 occurrit.
1040 1078 1351 1150 Auditoque
1373 1078 1592 1143 Franci,
1625 1078 1774 1150 quod

162 1172 388 1228 Karolus
411 1171 779 1227 Nortmannos
826 1172 872 1206 ⁸⁸
919 1171 988 1225 ad
1036 1186 1097 1226 se
1113 1172 1304 1226 venire
1328 1172 1665 1235 mandasset,
1706 1187 1778 1225 ne

160 1263 234 1319 illi
265 1263 763 1336 coniungerentur,
806 1263 951 1318 inter
997 1263 1253 1318 Karolum
1285 1272 1452 1334 atque
1482 1263 1778 1318 Nortman-

159 1370 256 1411 nos
310 1371 481 1427 super
523 1357 726 1411 lsaram
782 1354 1010 1410 ﬂuvium
1066 1371 1190 1410 cum
1246 1354 1482 1411 Rodulfo
1535 1354 1702 1409 medii
1732 1356 1777 1389 99

159 1450 502 1506 resederunt.
534 1451 786 1522 Tumque
836 1450 903 1485 ¹⁰⁴
952 1449 1142 1506 Carolo
1198 1456 1349 1504 trans
1400 1449 1602 1504 Mosam
1624 1448 1776 1504 refu-

157 1539 367 1614 giente,
404 1540 699 1595 Rodulfum
731 1540 916 1596 cuncti
941 1555 1130 1613 regem
1152 1539 1217 1575 ¹⁰¹
1243 1539 1473 1613 eligunt.
1511 1538 1777 1593 Rodulfus

159 1629 306 1684 filius
334 1628 592 1684 Richardi
609 1645 706 1684 rex
727 1629 874 1699 apud
911 1628 1107 1683 urbem
1128 1627 1513 1683 Suessonicam
1539 1627 1605 1661 ¹⁰²
1635 1642 1778 1681 con~

159 1718 404 1773 stituitur
453 1718 586 1789 (46).
656 1717 718 1773 Et
762 1717 1079 1773 Heribertus
1156 1732 1345 1771 comes
1416 1716 1777 1782 Bernardum,

162 1808 558 1863 consobrinum
614 1823 796 1873 suum,
853 1822 979 1860 cum
1027 1805 1151 1860 aliis
1213 1804 1428 1879 legatis,
1489 1804 1778 1859 consilium

1882 626 2102 681 terram,
2151 633 2276 689 qua:
2328 617 2538 672 dudum
2588 616 2944 671 Nortmannis
2998 616 3067 671 ad
3107 615 3273 671 ﬁdem
3302 616 3500 673 Christi

1880 706 2256 773 venientibus,
2290 712 2350 760 ut
2377 706 2521 759 hanc
2547 704 2712 759 ﬁdem
2743 704 2989 759 colerent
3017 710 3072 759 et
3114 719 3306 775 pacem
3329 704 3503 759 habe-

1881 804 2023 860 rent,
2053 794 2227 849 fuerat
2269 795 2397 849 data
2472 795 2688 849 Partem
2745 809 2968 865 quoque
3016 793 3192 864 ipsius
3222 803 3380 849 terrae
3410 810 3503 849 rex

1879 903 2006 942 cum
2038 887 2278 954 Francis,
2332 887 2464 950 quia
2492 887 2596 957 ipsi
2656 887 2720 921 ¹¹¹
2760 887 3086 941 Nortmanni
3117 902 3308 955 pacem
3335 904 3503 959 quam

1881 975 2227 1047 pepigerant,
2262 982 2488 1046 prOpter
2514 974 2911 1046 promissiones
2964 974 3165 1039 Karoli,
3199 975 3293 1045 qui
3324 974 3408 1030 eis
3424 976 3504 1030 la-

1809 1083 1829 1101 ο
1882 1064 2174 1119 titudinem
2205 1072 2363 1119 terrae
2395 1064 2682 1134 pollicitus
2734 1064 2933 1132 fuerat,
2964 1065 3245 1139 infregere
3279 1068 3365 1135 ³⁸³,
3396 1084 3505 1122 θεε-

1879 1152 2046 1208 dibus
2075 1159 2129 1208 et
2160 1154 2287 1227 igne
2316 1153 2582 1208 devastat.
2645 1153 2737 1207 His
2793 1169 2924 1210 vero
2958 1144 3123 1210 rebus
3150 1157 3218 1191 “3
3252 1173 3381 1212 eum
3414 1158 3505 1211 ln-

1882 1256 2092 1303 tentum
2126 1248 2291 1322 legati
2324 1248 2531 1302 adeunt
2565 1247 3031 1318 Lothariensium,
3070 1266 3131 1305 se
3159 1267 3370 1323 suaque
3398 1252 3505 1322 ipsi

1877 1341 2117 1396 subdere
2147 1341 2564 1411 spondentium.
2600 1340 2846 1405 Quorum
2891 1341 3169 1414 legatione
3214 1351 3504 1400 revocatus

1878 1434 1947 1488 ab
2004 1434 2108 1488 hac
2165 1433 2561 1500 devastatione,
2623 1450 2748 1489 cum
2799 1434 3092 1505 primatum
3151 1437 3248 1507 qui
3315 1452 3504 1493 secum

1880 1529 2111 1585 aderant
2137 1529 2370 1585 consilio
2427 1530 2882 1585 Lothariensibus
2918 1530 3136 1588 obviam
3158 1532 3361 1605 pergit,
3395 1532 3506 1587 llu-

1881 1637 2024 1695 gone
2056 1628 2111 1676 et
2138 1621 2424 1677 Heriberto
2479 1622 2776 1676 comitibus
2831 1623 2901 1677 ad
2954 1622 3274 1693 praesidium
3316 1623 3506 1695 patrias

1885 1718 2036 1764 trans
2069 1711 2269 1764 lsaram
2305 1710 2528 1764 relictis.
2581 1709 2970 1765 Lotharienses
2998 1711 3079 1765 illi
3108 1712 3325 1767 obviam
3352 1713 3508 1780 juxta

1885 1801 2189 1857 Mosomum
2241 1802 2496 1868 veniunt,
2530 1811 2585 1857 et
2635 1818 2773 1857 uxor
2825 1803 3001 1873 ipsius
3034 1803 3261 1858 nomine
3296 1802 3507 1868 Emma,

160 1861 320 1968 quod
341 1912 443 1967 per
470 1861 597 1952 illos
622 1861 905 1968 agebatur,
937 1902 997 1949 ut
1036 1893 1231 1961 fertur,
1265 1861 1671 1966 ignorantibus,
1714 1893 1782 1947 ad
1813 1861 1861 1926 Β
1887 1894 2034 1966 regis
2057 1893 2303 1948 Rotberti
2350 1861 2495 1961 lilia,
2540 1893 2730 1949 Remis
2758 1861 2981 1948 interim
3013 1894 3080 1949 ab
3110 1893 3296 1949 Seulfo
3327 1861 3507 1948 archi;

159 1986 416 2042 Karolum
448 1986 654 2059 dirigit.
679 1985 779 2050 Qui
809 1985 878 2040 ab
907 1984 1117 2038 eisdem
1167 1982 1525 2037 sacramentis
1556 1996 1782 2051 persua-

155 2095 268 2145 sus,
305 2079 374 2133 ad
407 2078 751 2133 Heribertum
794 2092 918 2132 cum
938 2076 1128 2147 paucis
1150 2074 1540 2146 proficiscitur,
1573 2074 1781 2145 quique

156 2182 281 2222 eum
327 2166 382 2221 in
411 2166 638 2221 castello
693 2181 793 2221 suo
826 2181 994 2235 super
1041 2163 1301 2218 Comnam
1342 2163 1489 2234 apud
1520 2163 1778 2217 Sanctum

156 2257 477 2322 Quintinum
510 2258 614 2326 (57)
674 2255 939 2325 suscepit,
972 2254 1217 2326 indeque
1280 2255 1365 2308 his
1403 2254 1497 2326 qui
1556 2270 1679 2308 cum
1712 2269 1777 2307 eo

155 2354 429 2401 venerant
455 2344 725 2411 remissis,
744 2343 997 2398 Karolum
1022 2343 1077 2396 in
1110 2343 1390 2414 quandam
1412 2341 1778 2396 munitionem

156 2455 335 2505 suam,
354 2454 480 2510 quae
508 2445 738 2495 vocatur
766 2436 1060 2492 Castellum
1085 2436 1409 2491 Theoderici
1441 2436 1575 2506 (48),
1613 2450 1783 2504 super

152 2531 454 2588 Maternam
485 2530 713 2586 ﬂuvium
742 2530 942 2585 deduci
997 2528 1145 2593 fecit,
1208 2528 1398 2599 ibique
1447 2528 1625 2594 illum,
1658 2527 1786 2582 sub-

152 2623 480 2679 ministratis
505 2622 673 2678 victui
706 2620 1053 2683 necessariis,
1088 2621 1192 2675 sub
1222 2620 1473 2675 custodia
1502 2619 1743 2674 detinuit
1768 2636 1783 2683 ;

156 2717 209 2766 et
229 2712 311 2767 sic
342 2712 468 2783 ipse
489 2709 789 2767 Rodulfum
837 2726 1025 2785 regem
1074 2709 1131 2763 in
1191 2709 1565 2782 Burgundiam
1597 2724 1786 2778 prose-

157 2806 320 2854 cutus
361 2805 465 2854 est.

226 2889 451 2943 Interea
486 2887 854 2962 Ragenoldus,
909 2887 1174 2959 princeps
1201 2887 1661 2942 Nortmannorum
1691 2885 1787 2957 qui

153 2978 208 3032 in
239 2978 415 3034 ﬂuvio
478 2977 660 3051 Ligeri
715 2977 1096 3045 versabantur,
1166 2977 1346 3032 Karoli
1400 2975 1786 3047 frequentibus

160 3067 358 3122 missis
401 3066 737 3137 jampridem
766 3066 1001 3133 excitus,
1059 3064 1343 3120 Franciam
1383 3072 1535 3120 trans
1562 3066 1784 3132 lsaram,

153 3158 476 3229 conjunctis
505 3157 611 3212 sibi
642 3157 898 3229 plurimis
920 3174 987 3213 ex
1015 3157 1285 3220 Rodomo,
1316 3156 1672 3227 depraedatur
1698 3156 1783 3209 ¹⁰³.

1887 1985 2119 2056 praesule
2150 1993 2507 2040 consecratur
2530 1985 2747 2060 regina.
2767 1984 3034 2040 Rodulfus
3063 2001 3095 2040 a
3116 1984 3370 2055 plurimis
3400 1983 3508 2038 Lo-

1885 2076 2247 2133 thariensium
2280 2084 2569 2146 susceptus
2601 2077 2658 2131 in
2689 2092 2880 2151 regno,
2902 2077 3108 2147 petitur
3139 2093 3173 2131 a
3198 2075 3505 2148 Wigerico.

1884 2165 2209 2220 Metensium
2238 2167 2304 2200 ¹¹⁵
2332 2166 2618 2236 episcopo,
2675 2174 2957 2237 receptum
2999 2165 3079 2221 ire
3112 2166 3389 2237 quoddam
3415 2180 3510 2220 ca-

1881 2260 2054 2308 strum
2081 2254 2137 2307 in
2196 2270 2396 2325 pagum
2450 2253 2731 2309 Elisatium
2773 2254 2998 2309 nomine
3048 2254 3346 2308 Zabrenam
3377 2252 3507 2324 (50).

1883 2343 1985 2397 Ubi
2008 2349 2120 2398 toto
2143 2359 2283 2414 pene
2311 2343 2630 2399 demoratus
2648 2349 2919 2398 autumno
2965 2344 3056 2413 ηδ,
3078 2343 3394 2399 castellanis
3418 2343 3507 2408 ηδ,

1884 2435 2014 2506 quia
2051 2435 2528 2491 Transrhenenses
2581 2443 2760 2503 erant,
2814 2435 3083 2491 auxilium
3126 2435 3194 2490 ab
3252 2434 3509 2489 Heinrico

1887 2526 2090 2581 frustra
2115 2528 2559 2597 expectantibus,
2614 2528 2836 2583 tandem
2884 2527 3181 2584 obsidibus
3208 2527 3279 2580 ab
3307 2526 3389 2581 eis
3418 2542 3513 2581 ac-

1889 2621 2082 2691 ceptis,
2138 2620 2464 2676 Laudunum
2518 2622 2589 2677 ad
2641 2637 2870 2677 uxorem
2921 2638 3023 2677 sua
3071 2619 3384 2677 revertitur.
3419 2619 3508 2673 ln-

1888 2718 2038 2767 terea
2068 2713 2421 2767 Nortmannis
2463 2713 2732 2784 quosdam
2760 2729 2935 2789 pagos
2964 2719 3181 2768 nostros
3208 2717 3360 2766 trans
3397 2712 3514 2764 lsa-

1890 2820 2028 2871 ram,
2062 2810 2116 2859 et
2170 2805 2508 2860 nostratibus
2562 2821 2752 2861 eorum
2807 2812 3006 2860 terram
3036 2802 3511 2875 depraedantibus,

1889 2895 2100 2951 crebris
2129 2895 2443 2951 alternatim
2477 2896 2704 2952 directis
2743 2896 3138 2970 legationibus,
3186 2911 3379 2965 pacem
3411 2894 3516 2948 He-

1891 2985 2097 3039 riberto
2127 2985 2319 3039 comiti
2350 2994 2405 3039 et
2457 2984 2645 3040 Seulfo
2676 2985 3124 3056 {archiepiscopo
3156 2984 3512 3055 pollicentur,

1890 3074 2199 3146 ceterisque
2230 3074 2454 3129 Francis
2483 3074 2579 3145 qui
2609 3089 2731 3128 cum
2761 3074 2894 3144 ipsis
2923 3081 3116 3128 contra
3146 3072 3517 3128 Nortmannos

1889 3164 2177 3230 sedebant,
2198 3164 2245 3218 si
2276 3171 2459 3219 tamen
2488 3164 2571 3220 eis
2626 3171 2769 3219 terra
2829 3164 3074 3229 daretur,
3106 3179 3270 3235 quam
3295 3162 3518 3233 spacio-

155 3253 324 3322 Cujus
352 3250 550 3306 castris
568 3251 1034 3323 supervenientes
1059 3249 1257 3305 fideles
1281 3250 1549 3306 Heriberti
1572 3250 1668 3321 qui
1686 3266 1779 3320 per
1813 3233 1861 3301 C
1883 3272 1998 3311 sam
2019 3255 2284 3326 petebant
2313 3255 2457 3310 ultra
2487 3256 2821 3328 Sequanam,
2856 3253 3091 3311 Rodulfo
3124 3233 3337 3309 interea
3361 3269 3513 3328 rege,

156 3345 389 3403 castella
419 3350 820 3411 remanserant,
836 3343 1114 3413 adjunctis
1128 3344 1233 3399 sibi
1266 3342 1501 3399 Rodulfo
1531 3342 1785 3415 privigno

160 3439 388 3515 Rotgeri
420 3446 475 3494 et
501 3439 856 3514 lngobranno
884 3439 952 3474 ¹⁰⁴
972 3438 1287 3507 comitibus,
1321 3439 1562 3509 praedam
1591 3438 1787 3511 ingen-

153 3535 265 3584 tem
296 3530 632 3601 eripuerunt
660 3530 749 3598 ‘05,
782 3536 838 3585 et
865 3529 1065 3601 captivi
1121 3528 1274 3584 mille
1332 3528 1538 3583 ibidem
1570 3527 1790 3582 liberati

152 3627 302 3673 sunt.
339 3618 462 3684 Quo
494 3618 736 3694 cognito,
772 3618 1123 3691 Ragenoldus
1178 3617 1486 3690 exagitatus
1512 3617 1790 3684 furore,in

155 3728 365 3786 pagum
419 3712 839 3768 Atrabatensem
886 3714 1191 3783 praedatum
1261 3713 1663 3789 progreditur;
1701 3711 1790 3768 cui

156 3803 360 3860 obvius
409 3803 613 3867 factus,
643 3820 833 3860 comes
883 3805 1223 3873 Adelelmus,
1277 3813 1567 3861 sexcentos
1594 3822 1658 3860 ex
1710 3805 1792 3859 eis

157 3895 382 3961 stravit,
417 3895 620 3950 ceteris
647 3894 776 3968 fuga
806 3895 1100 3966 prolapsis.
1136 3895 1263 3949 Cum
1282 3896 1486 3966 quibus
1520 3894 1792 3968 Ragenol-

1886 3353 1947 3402 ut
1970 3347 2175 3402 dictum
2204 3354 2307 3412 est,
2339 3346 2668 3401 Laudunum
2724 3362 2969 3415 reverso,
3017 3346 3245 3403 obsides
3286 3345 3366 3400 illi
3388 3346 3519 3399 mit-

1889 3444 2031 3505 tunt,
2073 3444 2128 3492 et
2182 3436 2438 3491 inducias
2486 3437 2556 3491 ab
2623 3451 2690 3492 eo
2750 3453 2927 3509 usque
2949 3437 3019 3492 ad
3047 3437 3289 3493 medium
3316 3434 3516 3492 Maium

1893 3529 2191 3600 accipiunt.

1963 3619 2102 3673 Dum
2158 3618 2277 3672 haec
2332 3624 2620 3691 geruntur,
2675 3617 2988 3687 Heinricus,
3054 3618 3423 3676 invitantibus
3461 3633 3522 3673 se

1893 3713 2202 3769 Gisleberto
2234 3713 2436 3768 comite
2468 3722 2523 3769 et
2552 3714 2813 3786 Rotgario
2852 3714 3203 3770 Trevirorum
3259 3712 3519 3785 praesule,

1892 3807 1986 3878 qui
2017 3807 2254 3862 necdum
2304 3823 2363 3863 se
2418 3807 2653 3863 Rodulfo
2701 3807 3087 3872 subdiderant,
3149 3808 3403 3863 Rhenum
3454 3808 3519 3842 “7

1895 3895 2267 3950 transmisisse
2308 3911 2657 3970 regnumque
2691 3896 2929 3951 Lotharii
2959 3895 3269 3967 depraedari
3301 3895 3523 3950 nuntia-

158 3984 265 4040 dus
302 3987 377 4041 ad
394 3986 772 4042 munitionum
804 4001 1030 4041 suorum
1064 3993 1324 4058 pr0perat
1363 3986 1595 4059 refugia,
1631 3986 1796 4040 inde-
1897 3995 1985 4042 tur
2014 3987 2101 4042 ιη.
2133 3986 2512 4058 Depopulatus
2563 3994 2648 4044 est
2702 3996 2886 4043 autem
2915 3988 3067 4059 quod
3099 3987 3245 4043 inter
3267 3987 3522 4043 Rhenum

156 4091 270 4147 qne
298 4082 543 4149 quantas
580 4081 763 4147 potest
792 4091 1052 4132 exercere
1079 4091 1192 4131 non
1230 4076 1436 4131 desinit
1502 4076 1715 4146 praedas
1743 4082 1797 4131 et
1897 4089 1953 4137 et
1981 4082 2260 4137 Mosellam
2291 4082 2598 4151 interjacet,
2632 4100 2863 4157 gregum
2912 4090 3401 4153 armentorumque
3431 4082 3525 4136 ab-

160 4164 478 4221 latrocinia.
514 4164 726 4231 QUibUS
778 4164 1110 4236 urgentibus
1138 4164 1341 4227 CﬂUSiS,
1385 4181 1478 4219 rex
1509 4164 1574 4199 106
1592 4164 1799 4220 “Odlll-
1900 4170 2164 4226 ductione
2194 4171 2261 4205 “9
2291 4186 2356 4225 ac
2386 4177 2694 4226 ceterarum
2724 4188 2892 4243 opum
2926 4173 3214 4238 exhaust“,
3246 4186 3371 4225 cum
3404 4170 3526 4242 plu-

160 4254 250 4310 fus
282 4255 359 4310 ab
390 4254 456 4290 ¹⁰⁷
488 4254 717 4330 llugone
762 4252 878 4311 filio
907 4254 1152 4310 Rotberti
1197 4254 1427 4321 accitus,
1448 4254 1518 4308 de
1549 4254 1801 4328 Burgun-
1903 4259 2170 4316 rimorum
2204 4275 2428 4332 quoque
2450 4260 2764 4329 juventutis
2793 4261 3128 4333 captivitate.
3165 4259 3403 4331 Quique,
3436 4275 3530 4314 au-

159 4347 255 4403 dia
284 4349 447 4405 venit
467 4348 538 4403 ad
586 4347 985 4420 Compendium
1028 4348 1094 4381 ¹⁰⁸
1126 4364 1298 4419 super
1336 4347 1537 4402 lsaram
1572 4364 1586 4413 ;
1619 4358 1675 4402 et
1698 4363 1802 4402 au-
1902 4352 2021 4407 dito
2049 4353 2198 4424 quod
2223 4353 3016 4427 Rodulfusiexercitummnon
3030 4353 3198 4408 modo
3222 4368 3253 4406 e
3276 4351 3522 4414 Francia,

158 4437 281 4493 dito
312 4438 471 4510 quod
506 4437 827 4493 Nortmanni
856 4437 923 4472 ¹⁰⁹
954 4453 1154 4513 pagum
1170 4437 1560 4492 Belvacensem
1594 4437 1803 4509 deprze-
1903 4444 2039 4515 quin
2058 4461 2128 4500 ex
2153 4445 2304 4501 omni
2337 4453 2599 4520 congerat
2648 4446 2710 4480 ¹²¹
2747 4445 3090 4519 Burgundia,
3127 4444 3181 4498 in
3212 4459 3313 4499 suo
3346 4459 3405 4498 se
3436 4459 3529 4497 re—

160 4530 472 4601 dabantur,
506 4532 603 4589 illo
651 4533 872 4588 transiit
899 4549 1025 4588 cum
1079 4532 1268 4589 Seulfo
1300 4533 1719 4605 archiepiscopo
1750 4541 1805 4588 et
1837 4604 1874 4610 _
1906 4550 2017 4610 gno
2050 4536 2280 4607 recepit,
2310 4537 2454 4591 datis
2485 4536 2725 4591 induciis
2756 4536 3208 4591 Lothariensibus
3224 4551 3401 4607 usque
3434 4536 3534 4591 Ka-

161 4623 472 4681 Heriberto
495 4624 698 4682 comite
728 4624 966 4697 aliisque
991 4623 1327 4698 quibusdam
1371 4633 1425 4680 et
1455 4604 1655 4681 electis
1679 4625 1810 4680 viris
1834 4604 1888 4672 D
1908 4604 2102 4684 lendas
2132 4604 2383 4684 octobris
2399 4628 2530 4684 anni
2551 4628 2841 4701 sequentis
2872 4629 2959 4683 "3.
2980 4627 3102 4684 Otto
3126 4628 3195 4662 ²²³
3225 4604 3434 4683 tantum
3465 4644 3532 4683 ex

1545 4752 1767 4807 VARl/E
1788 4752 2165 4820 LECTIONES,

235 4851 286 4887 ⁵³
322 4852 404 4929 in_
418 4853 476 4907 2.
505 4849 903 4929 “frrlcbinia”
937 4853 1196 4929 comitem
1264 4856 1316 4929 _l.
1344 4853 1391 4888 9°
1436 4854 1497 4907 R.
1554 4848 1835 4909 Richardii
1864 4855 2152 4929 Justitiarii
2204 4852 2342 4912 lilio.
2375 4858 2527 4926 Hugo
2561 4855 2920 4929 V,Richardi
2960 4856 3030 4929 R7,
3055 4855 3242 4929 m_agni
3264 4854 3536 4929 principis

158 4922 304 4998 filio;
342 4925 510 4992 Hugo
533 4925 923 4998 ξιηοτᾷοβὶιιε
961 4925 1013 4980 ‘2.
1049 4926 1102 4991 3,
1132 4925 1178 4958 9⁸
1210 4924 1278 4998 ad
1311 4939 1371 4979 se
1416 4940 1841 4998 v,normannos
1889 4926 1924 4979 2
1953 4927 2023 4982 ad
2059 4944 2106 4983 s.
2139 4944 2189 4983 v.
2223 4945 2279 4982 n.
2314 4929 2367 4983 3.
2401 4922 2658 4984 99'medii
2681 4928 2851 4982 medii
2883 4929 2935 4982 1.
2980 4928 3046 4962 ¹⁰⁰
3092 4922 3356 4998 Tuncque
3391 4922 3534 4993 2,—3,

162 4996 227 5030 ¹⁰¹
256 4997 441 5061 deest,
476 4998 508 5052 2
534 4995 586 5051 3.
623 4996 690 5030 ¹⁰²
720 4996 771 5051 S.
806 4996 863 5050 in
920 4995 1262 5068 monasterio
1322 4997 1497 5050 sancti
1534 4997 1772 5068 .lledardi
1825 5014 1872 5051 c.
1905 5000 2141 5053 Pithoeus
2197 5003 2472 5054 asteriscis
2502 5005 2711 5055 notata.
2737 5002 2846 5057 Nec
2877 4999 3025 5068 apud
3055 4995 3340 5055 Richerum
3367 5013 3539 5068 neque

162 5068 323 5152 ggud
354 5068 642 5152 [maerrem
753 5067 1042 5152 hqégntur.
1099 5067 1165 5101 ¹⁰³
1199 5067 1494 5152 pra/{datur
1611 5066 1645 5123 3
1684 5068 2164 5152 1°‘ningro‘banno
2218 5071 2269 5124 2.
2291 5145 2304 5152 Δ
2329 5070 2734 5152 ¹⁰⁵ιειοὶρίςιίιιιιι
2790 5073 2840 5133 1,
2883 5066 2969 5152 f0“
3145 5085 3191 5135 r,
3406 5066 3532 5152 a_1_.

164 5139 234 5172 ³⁸³⁸
267 5139 635 5215 compendia
682 5140 737 5193 1.
806 5140 874 5174 ¹⁰⁹
940 5138 1358 5195 ιιοτηιθηᾶηἱὲ,
1424 5139 1488 5173 ¹¹⁰
1523 5140 1627 5215 ΔΙῑει
1682 5140 1735 5193 2.
1770 5138 2231 5215 3a.]“gipsius
2262 5145 2334 5215 _1.
2380 5143 2456 5215 At”
2511 5138 2829 5215 infringere
2876 5141 2925 5194 1.
2993 5140 3061 5175 “3
3091 5155 3138 5215 c:
3172 5140 3276 5195 r3.
3304 5141 3370 5174 ¹¹⁴
3400 5148 3542 5215 met:

163 5210 424 5284 tensium
479 5210 533 5266 2.
569 5210 637 5284 _“‘
697 5217 983 5284 auttumno
1024 5226 1160 5284 corr.
1207 5210 1565 5284 autumnogl.
1600 5220 1856 5284 autunno
1902 5211 1962 5284 2.
1994 5210 2082 5284 7"“
2113 5212 2423 5284 rcatellanis
2480 5214 2573 5284 qui
2604 5214 2636 5266 3
2664 5210 2718 5284 a'.
2765 5211 2829 5284 ¹¹ξ⁷
2881 5227 3076 5284 renum
3113 5212 3168 5265 3.
3215 5226 3441 5284 semper.
3476 5213 3542 5247 “3

165 5282 521 5410 gugtkgntng
552 5281 741 5409 $123.3
775 5283 1067 5349 nuntiatur
1109 5282 1182 5352 1.)
1232 5282 1287 5336 ‘2.
1350 5282 1675 5337 nuntiantur
1711 5282 1764 5336 3.
1797 5283 1864 5317 ¹¹⁴
1899 5281 2238 5339 adductione
2290 5285 2345 5339 2.
2382 5284 2448 5318 ¹²⁰
2493 5281 2768 5339 exercitus
2797 5282 2849 5339 3.
2886 5283 2950 5343 3“
2985 5290 3213 5358 cogeret
3239 5283 3295 5340 2.
3325 5281 3380 5338 3.
3408 5284 3476 5318 ¹²²
3493 5299 3540 5338 s.

173 5368 229 5406 a:
256 5368 317 5407 Ζ.
355 5368 417 5410 ὃ.
455 5368 521 5387 ηδ
552 5368 690 5409 υῑηο
711 5368 763 5416 ὅ,

1772 5423 1983 5481 NOTAE.

242 5522 356 5599 (δεῖ
410 5520 570 5599 ﬁngo
623 5522 772 5599 Flav.
816 5523 905 5599 ita
959 5522 1143 5599 pergit
1176 5540 1188 5577 :
1219 5523 1451 5599 Et__Boso
1494 5526 1673 5599 frater
1700 5523 1817 5592 ejus
1988 5522 2095 5599 (48)
2127 5524 2648 5599 ρὴὰεεαα-Ἰξῇἰεννῃ.

166 5593 275 5649 rea:
311 5593 528 5667 Gallice
551 5596 873 5667 superioris,
896 5611 1018 5665 quos
1037 5593 1247 5651 comata
1262 5595 1488 5665 dicitur,
1502 5597 1820 5667 constitutus
1936 5666 1941 5667 ν
1995 5595 2105 5665 (49)
2133 5598 2286 5664 Epte.
2318 5596 2504 5667 medio
2533 5594 2711 5667 spatio
2731 5593 2878 5651 inter
2892 5593 3132 5652 Parisios
3158 5601 3212 5652 et
3237 5594 3545 5652 Rodomum

167 5670 273 5735 est,
306 5666 378 5721 id
405 5671 490 5720 est
510 5666 845 5733 Burgundio:
873 5668 1191 5737 superioris,
1219 5671 1269 5722 et
1296 5668 1457 5734 Hugo
1489 5668 1685 5734 Capeto
1710 5666 1823 5721 dua:
1923 5666 2235 5737 Sequanam
2267 5666 2525 5721 illabens.

172 5736 536 5807 Burgundio:
560 5738 869 5803 inferioris.
934 5736 949 5737 Ὗ
1996 5736 2101 5807 (50)
2137 5739 2366 5792 Zabern.

249 5810 364 5880 (47)
401 5808 846 5873 Saint-Quentin.
