3874 6408
164 437 275 496 433

160 574 526 645 apprimitur,
555 581 612 630 et
651 586 794 644 pene
830 571 1156 641 desperatus
1208 584 1241 623 a
1289 565 1565 639 pluribus,
1614 565 1802 622 Remis
1824 574 1877 641 Α

161 663 234 718 ad
264 670 515 718 sanctum
539 660 853 736 Remigium
873 675 934 714 se
966 656 1181 732 deferre
1209 655 1371 728 petiit
1394 656 1480 709 "i.
1516 653 1620 711 Ubi
1654 670 1800 711 non-

164 754 321 809 nulla
343 754 412 789 ιτ*
442 755 592 810 dona
618 752 871 825 largitus,
911 756 1184 816 ceterum,
1220 754 1420 820 prwter
1450 745 1636 802 uxoris
1666 762 1797 818 par-

162 856 302 917 tem,
344 849 595 921 quicquit
646 847 715 883 ¹⁷³
743 846 852 901 sibi
909 846 1293 900 thesaurorum
1324 848 1648 912 supererat,
1698 857 1800 912 per

159 942 499 996 monasteria
533 938 775 995 Francia:
804 936 1245 1012 Burgundimque
1285 934 1521 999 direxit;
1554 938 1609 986 et
1637 938 1799 1004 quat-

159 1039 289 1089 tuor
314 1031 724 1089 ebdomadihus
745 1028 896 1100 apud
927 1033 1176 1084 sanctum
1200 1024 1511 1099 Remigium
1539 1025 1796 1079 demora-

157 1132 270 1191 tus,
306 1125 533 1181 tandem
566 1124 944 1195 redintegrata
974 1119 1233 1183 sanitate,
1277 1116 1663 1172 Suessonicam
1696 1132 1798 1187 pe-

156 1214 244 1269 tiit
270 1214 471 1269 urbem
495 1214 583 1279 '7‘,
618 1211 858 1283 indeque
889 1207 1197 1284 regreditur
1223 1206 1279 1261 in
1300 1206 1368 1241 ³⁷⁵
1393 1198 1791 1277 Burgundiam.

156 1306 455 1362 Heinricus
486 1322 643 1378 aeque
674 1304 728 1360 in
754 1303 885 1375 ipsis
914 1301 1283 1357 Sarmatarum
1317 1300 1384 1334 ¹⁷⁶
1415 1298 1619 1353 finibus
1645 1300 1792 1354 vale-

154 1399 357 1455 tudine
397 1398 650 1470 corporis
694 1403 808 1453 tota
854 1395 1135 1452 detinetur
1163 1400 1371 1448 testate.
1406 1391 1627 1448 Interim
1658 1407 1794 1448 con-

154 1488 333 1543 tentio
382 1487 448 1522 "7
491 1487 637 1542 inter
675 1484 1041 1540 Gislebertum
1070 1490 1126 1538 et
1165 1482 1510 1554 Ragenerum
1542 1482 1630 1548 “3,
1673 1481 1788 1536 fra-

153 1586 296 1633 trem
331 1577 476 1647 ejus,
506 1591 610 1630 nec
637 1574 820 1629 minor
848 1573 991 1628 inter
1017 1573 1285 1627 Bosonem
1315 1579 1368 1625 et
1398 1570 1668 1625 Othonem
1698 1572 1786 1637 η’,

151 1669 428 1735 caedibus,
452 1664 725 1721 incendiis
747 1681 810 1720 ac
832 1660 1343 1735 depra‘dationibus
1371 1661 1663 1734 utrobique
1688 1678 1789 1732 pa-

148 1770 348 1819 tratur.
401 1757 727 1815 Nortmanni
776 1773 899 1812 cum
957 1754 1178 1811 Francis
1223 1770 1413 1824 pacem
1456 1754 1652 1808 ineunt
1695 1770 1787 1807 sa-

146 1850 454 1907 cramentis
495 1864 593 1920 per
624 1848 907 1922 Hugonem
946 1844 1011 1879 ¹⁸⁰
1050 1850 1105 1897 et
1144 1842 1489 1897 Heribertum
1530 1842 1782 1907 comites,

147 1941 404 1999 Seulfum
457 1954 682 2013 quoque
737 1936 1252 2007 archiepiscOpum;
1288 1935 1512 1988 absente
1547 1934 1607 1969 ¹⁸¹
1656 1950 1783 2005 rege
1811 1956 1859 2023 Β

146 2030 416 2096 Bodulfo,
447 2030 570 2099 ejus
610 2035 794 2083 tamen
834 2040 1130 2089 consensu,
1164 2031 1308 2079 terra
1340 2023 1447 2078 illis
1478 2032 1656 2089 aucta,
1700 2022 1785 2075 Ci-

148 2124 452 2180 nomannis
482 2129 535 2177 et
567 2121 776 2189 Bajocze
813 2126 973 2189 pacto
1014 2116 1166 2188 pacis
1195 2116 1276 2170 eis
1306 2131 1603 2171 concessae.
1635 2116 1783 2170 Isaac

143 2234 375 2292 quoque
397 2231 590 2272 comes
613 2213 893 2286 quoddam
921 2212 1208 2266 castellum
1239 2210 1503 2282 Stephani
1526 2210 1783 2264 Camara-

141 2313 329 2369 censis
357 2310 608 2382 episcOpi
641 2309 831 2364 dolosa
879 2305 1235 2361 infestatione
1276 2305 1777 2374 comprehenderis,

136 2402 410 2457 incendit.
446 2398 694 2453 Pracsidii
741 2398 903 2451 etiam
952 2394 1221 2449 Heriberli
1268 2394 1433 2448 turris
1473 2410 1641 2464 super
1671 2394 1781 2448 Ma-

134 2500 353 2547 ternam
379 2487 610 2543 ﬂuvium
635 2485 731 2540 ubi
764 2483 991 2538 Karolus
1012 2482 1451 2548 custodiebatur,
1483 2482 1777 2538 subitaneo

136 2581 503 2654 conflagravit
530 2576 811 2634 incendio.
847 2575 1278 2651 llaginoldus”2
1309 2591 1433 2629 cum
1467 2576 1581 2629 suis
1615 2576 1777 2631 Nort-

135 2675 378 2741 mannis,
412 2672 547 2745 quia
600 2670 855 2726 nondum
914 2668 1325 2740 possessionem
1378 2668 1521 2721 intra
1572 2667 1773 2722 Gallias

134 2772 451 2839 acceperat,
501 2773 703 2819 terram
734 2761 976 2837 Hugonis
1030 2760 1173 2815 inter
1204 2759 1441 2833 Ligerim
1477 2766 1530 2813 et
1562 2759 1777 2832 Sequa-

140 2877 263 2915 nam
306 2856 709 2930 depopulatur.
753 2854 1009 2925 Synodus
1048 2853 1437 2923 episcOporum
1486 2851 1775 2907 Rcmensis

140 2954 435 3009 dioceseos
476 2948 623 3019 apud
675 2946 980 3003 Trosleium
1038 2944 1260 3001 Octobri
1312 2961 1502 3000 mense
1562 2943 1769 3012 habita,

142 3045 329 3101 Seulfo
356 3042 782 3113 archiepiscopo
805 3038 1159 3111 praesidente,
1184 3037 1238 3091 in
1270 3053 1381 3108 qua
1414 3038 1564 3091 Isaac
1585 3050 1771 3091 comes

139 3136 204 3189 ad
258 3132 717 3190 emendationem
749 3138 804 3185 et
856 3128 1284 3184 satisfactionem
1319 3126 1491 3194 venit,
1536 3142 1633 3197 pro
1687 3126 1771 3182 his

1691 427 2010 483 ANNALES.

3413 432 3519 488 ιθι

2532 560 2891 620 DCCCCXXV.

1900 637 2337 712 redintegrante,
2386 635 2724 710 Raginoldus
2755 638 2822 671 ¹⁹³
2854 652 2979 692 cum
3011 637 3126 693 suis
3168 638 3519 698 Nortmannis

1903 732 2274 805 Burgundiam
2301 729 2746 801 depOpulabatur
2775 730 2865 786 ³⁸³.
2896 730 3028 786 Cum
3059 747 3172 803 quo
3201 732 3521 791 Warnerius

1900 831 1955 879 et
2006 824 2283 879 Manasses
2326 824 2578 885 comites.
2639 822 2943 897 Ansegisus
2994 829 3052 877 et
3102 823 3417 881 Gotselinus
3456 826 3522 864 ¹⁶⁶

1900 915 2188 986 praesules,
2221 914 2503 989 congressi
2534 913 2681 984 apud
2712 921 2959 970 montem
2992 912 3210 970 Calaum
3239 916 3327 983 ηε,
3359 918 3522 974 Non-

1897 1023 2226 1063 mannorum
2257 1008 2548 1077 plusquam
2575 1006 2930 1079 octingentos
2956 1013 3230 1063 sternunt.
3279 1008 3520 1066 Warne-

1897 1086 2013 1152 rius
2026 1112 2213 1152 comes
2234 1096 2333 1162 ibi,
2357 1110 2501 1167 equo
2532 1096 2602 1130 ¹⁹⁶
2630 1095 2972 1151 cuisedebat
2990 1096 3417 1169 occiso,captus
3465 1107 3523 1157 et

1897 1188 2262 1259 interemptus
2308 1196 2414 1255 est,
2444 1194 2501 1243 et
2546 1187 2848 1262 Ansegisus
2882 1186 3187 1243 Trecasinae
3246 1190 3313 1225 ¹⁹¹¹
3367 1191 3520 1248 urbis

1895 1277 2195 1347 episcopus
2215 1277 2537 1332 vulneratus
2557 1277 2643 1330 ιω.
2665 1276 2780 1342 Quo
2803 1275 3071 1332 Rodulfus
3093 1293 3187 1332 rex
3208 1287 3517 1350 comperto,

1895 1364 1953 1417 in
1974 1365 2347 1440 Burgundiam
2380 1381 2503 1421 cum
2528 1364 2860 1438 quibusdam
2889 1382 2956 1422 ex
2986 1366 3215 1422 Francia
3243 1368 3517 1433 militibus

1892 1453 2106 1510 scilicet
2151 1455 2445 1510 Remensis
2494 1454 2760 1510 aecclesize
2791 1464 2848 1511 et
2872 1456 3098 1512 Abbonc
3128 1458 3195 1493 19⁸
3250 1457 3515 1515 Suessio-

1892 1546 2056 1601 nensi
2085 1546 2375 1617 episcopo,
2406 1545 2599 1616 paucis
2639 1544 2804 1600 etiam
2833 1546 2959 1601 aliis
2983 1563 3171 1603 secum
3200 1550 3518 1606 comitanti-

1890 1640 2017 1705 bus,
2047 1637 2434 1711 proficiscitnr,
2470 1637 2758 1694 Heriberto
2789 1654 3012 1711 quoque
3058 1641 3259 1697 comite
3289 1658 3349 1698 se
3382 1659 3513 1715 pro-

1889 1737 2180 1799 sequente.
2216 1726 2571 1798 Collectaque
2615 1742 2681 1782 ex
2722 1727 3041 1801 Burgundia
3078 1729 3314 1786 militum
3346 1744 3514 1791 manu

1887 1840 2001 1879 non
2056 1839 2250 1894 pauca,
2282 1820 2435 1877 venit
2482 1835 2660 1892 usque
2700 1819 2767 1875 ad
2825 1830 3003 1877 castra
3049 1822 3511 1882 Nortmannorum

1887 1931 2057 1984 super
2087 1916 2397 1985 Sequanam
2432 1930 2447 1978 ;
2502 1912 2695 1984 ibique
2728 1911 2798 1967 ab
2831 1913 2918 1968 his
2958 1914 3029 1948 ²⁰⁰
3066 1914 3160 1986 qui
3190 1930 3254 1970 ex
3285 1915 3513 1974 Francia

1887 2013 2245 2076 perrexerant
2290 2005 2531 2077 pedestri
2564 2021 2750 2080 pugna
2790 2012 3054 2061 certatum
3086 2006 3156 2061 ad
3186 2014 3383 2063 castra.
3417 2008 3513 2063 Vi-

1886 2095 2083 2149 denles
2104 2110 2255 2160 vero,
2285 2093 2437 2165 quod
2467 2094 2545 2148 illi
2564 2094 2659 2165 qui
2692 2103 2852 2150 erant
2881 2111 3005 2149 cum
3034 2111 3189 2170 rege,
3217 2112 3344 2167 pars
3365 2098 3513 2153 scili-

1883 2192 1974 2240 cet
2004 2183 2279 2239 exercitus
2326 2182 2588 2251 maxima,
2629 2198 2812 2254 neque
2870 2190 3048 2238 castra
3097 2184 3355 2241 invadere
3405 2201 3507 2241 nc-

1883 2290 1991 2346 que
2020 2276 2083 2308 ²⁰ί
2112 2274 2272 2346 equis
2293 2273 2518 2328 desilire
2548 2280 2904 2345 temptarent,
2928 2274 3305 2346 compulsisin
3329 2284 3509 2333 castra

1882 2371 2235 2425 Nortmannis
2285 2368 2382 2440 qui
2438 2367 2655 2425 fuerant
2711 2369 2782 2403 ²⁰²
2834 2370 2904 2424 ad
2960 2371 3382 2445 repugnandum
3441 2372 3510 2408 ²⁰³

1881 2460 2111 2533 egressi,
2144 2458 2479 2532 quibusdam
2525 2460 2594 2494 ὀδ
2624 2474 2850 2531 quoque
2888 2461 3196 2532 prostratis,
3228 2478 3261 2517 a
3289 2473 3505 2519 castro-

1882 2570 2000 2608 rum
2059 2552 2387 2624 pcrvasione
2437 2551 2752 2619 discedunt,
2800 2560 3086 2625 castraque
3146 2554 3366 2610 duobus
3415 2557 3504 2612 vel

1881 2646 2055 2700 tribus
2085 2644 2313 2698 milibus
2345 2660 2378 2698 a
2408 2644 2869 2700 Nortmannorum
2908 2645 3103 2699 castris
3141 2652 3420 2703 metantur
3448 2647 3507 2704 in

1877 2726 2342 2815 girum,'Hugone
2392 2738 2639 2793 Rotberti
2672 2736 2787 2792 filio
2842 2744 3063 2795 econtra
3095 2755 3261 2812 supra
3307 2741 3377 2778 ²⁰⁵
3407 2743 3507 2798 Se-

1876 2851 2117 2907 quanam
2149 2835 2251 2889 hac
2271 2851 2337 2889 ex
2365 2840 2521 2905 parte
2552 2840 2729 2888 castra
2757 2840 2982 2891 metato.
3011 2834 3115 2890 Ubi
3138 2836 3505 2909 propinquio-

1876 2942 1988 2982 rcm
2014 2933 2314 2982 castrorum
2341 2926 2696 2982 obsidionem
2720 2926 3256 2997 procrastinantibus
3280 2929 3507 2988 Francis

1872 3015 2023 3069 etde
2073 3014 2165 3069 die
2196 3014 2255 3069 in
2286 3013 2436 3069 diem
2478 3012 2867 3069 differentibus
2897 3014 2988 3082 '0‘,
3024 3031 3193 3072 naves
3222 3032 3255 3073 a
3291 3016 3505 3076 Parisio

1871 3114 2132 3162 venturas
2158 3106 2526 3177 expectando,
2564 3105 2855 3176 eruptione
2886 3106 3026 3162 clam
3057 3107 3220 3175 facta,
3247 3125 3503 3181 quorun-

137 3242 256 3297 quze
298 3239 473 3296 prave
503 3222 771 3277 adversus
808 3220 1101 3276 ecclesiam
1144 3218 1598 3273 Cameracensem
1632 3234 1687 3289 pc

1944 3217 1996 3254 m
2032 3207 2343 3255 nostrorum
2376 3198 2546 3254 veluti
2577 3198 2749 3255 fertur
2786 3214 3035 3267 assensu,
3077 3200 3403 3257 Nortmanni
3434 3203 3501 3239 ³0⁷

138 3317 474 3383 petraverat,
520 3316 574 3365 et
601 3309 831 3364 vadatus
855 3308 1071 3383 argenti
1101 3307 1257 3361 libris
1290 3306 1357 3340 ⁸⁸³
1382 3315 1625 3371 centum,
1659 3323 1764 3377 pa-

138 3413 289 3461 catur
342 3421 475 3461 cnm
520 3403 802 3474 Stephano
840 3400 1081 3473 praefatae
1111 3399 1264 3455 urbis
1304 3400 1589 3471 episcopo,
1624 3416 1767 3471 pra:-

137 3506 289 3554 sente
338 3498 672 3571 [satagente,
702 3496 845 3550 Hist.
887 3493 1057 3565 Rem]
1106 3491 1392 3547 Heriberto
1431 3500 1485 3545 ct
1515 3492 1768 3563 pluribus

134 3586 375 3643 Francia:
409 3583 727 3640 comitibus.

204 3673 483 3732 Rodulfus
508 3690 603 3728 rex
629 3669 914 3726 castellum
947 3669 1356 3725 montis-sancti
1386 3669 1674 3736 Johannis,
1712 3669 1766 3724 id

138 3762 465 3837 Ragenardo
512 3759 689 3816 invito
739 3759 871 3814 licet
931 3759 1247 3826 deserente,
1302 3759 1532 3829 recepit,
1575 3760 1767 3831 sicque

137 3856 409 3912 Frantiam
445 3855 651 3927 repetit
684 3855 770 3910 ‘3‘.
814 3853 1125 3909 Willelmus
1155 3862 1210 3909 et
1239 3854 1391 3926 llugo
1421 3855 1667 3909 Rothcrti
1701 3855 1767 3890 ¹⁸⁵

136 3946 278 4002 filius
323 3963 455 4003 cum
503 3945 825 4020 Ragenoldo
872 3946 942 3999 de
978 3960 1077 3999 sua
1116 3952 1262 3999 terra
1291 3944 1640 4000 securitatem
1700 3947 1767 3981 ¹⁸⁶

133 4043 513 4113 paciscuntur,
546 4048 601 4096 et
632 4040 988 4115 Ragenoldus
1019 4055 1143 4093 cum
1176 4040 1291 4095 suis
1322 4038 1673 4095 Nortmannis
1710 4042 1763 4096 in

132 4132 507 4208 Burgundiam
559 4128 954 4201 proficiscitur.
1010 4127 1447 4183 llluminationes
1508 4130 1768 4185 candela-

136 4243 251 4281 rum
285 4227 394 4281 hoc
425 4237 575 4278 anno
608 4223 798 4277 multa:
828 4237 928 4293 per
958 4222 1177 4276 diversa
1208 4221 1440 4276 Frantize
1472 4221 1610 4289 loca,
1643 4232 1764 4278 orto

138 4322 364 4387 repente
388 4312 623 4379 lumine,
654 4311 834 4379 factae,
866 4318 922 4366 et
941 4310 1186 4366 visiones
1203 4317 1518 4366 sanctorum
1540 4311 1760 4367 cuidam

137 4409 464 4480 presbytero
505 4404 735 4462 nomine
783 4402 1005 4459 Ehrulfo
1035 4403 1090 4457 in
1136 4403 1314 4458 villari
1362 4404 1605 4459 Mosomo
1637 4420 1760 4476 pro-

136 4501 280 4557 ximo
306 4498 684 4557 commanenti
717 4497 782 4532 “'7
813 4504 1051 4553 ostensae
1081 4496 1169 4551 ηδ.
1212 4495 1396 4551 Remis
1423 4495 1480 4550 in
1509 4497 1760 4551 aecclesia

135 4599 337 4646 sanctae
366 4589 553 4645 Mariae
582 4588 991 4659 sollempuitate
1012 4586 1260 4641 omnium
1290 4594 1607 4642 sanctorum
1626 4587 1755 4658 qui-

1870 3309 1970 3347 sua
2000 3300 2178 3348 castra
2206 3292 2546 3363 linquentes,
2579 3298 2634 3346 et
2663 3291 2861 3347 saltum
2893 3292 3171 3364 quendam
3203 3294 3308 3351 iter
3335 3312 3496 3351 suum

1866 3385 2081 3441 tutandi
2112 3384 2287 3459 gratia
2344 3391 2621 3455 petentes,
2679 3385 2960 3452 evadunt;
3011 3395 3327 3444 nostrorum
3366 3405 3497 3447 vero

1868 3479 2076 3551 quique
2109 3477 2499 3552 regredientur
2542 3478 2612 3532 ad
2642 3495 2763 3537 sua.
2813 3479 3051 3548 Jejuniis
3081 3480 3266 3554 itaque
3303 3485 3501 3556 coepti:

1869 3572 2461 3647 quadragesimalihus,
2493 3572 2833 3643 Heribertus,
2851 3590 2975 3631 cum
3005 3574 3315 3634 Gisleberto
3337 3578 3500 3636 inde-

1868 3684 1977 3739 que
2017 3683 2140 3721 cum
2198 3665 2426 3740 llugone
2481 3664 2719 3732 locutus,
2777 3682 2964 3741 regem
3009 3670 3268 3726 accersiit
3304 3671 3371 3707 ²⁰⁸
3428 3689 3496 3729 ex

1869 3757 2184 3831 Burgundia
2215 3775 2230 3823 ;
2277 3757 2372 3828 qui
2403 3748 2733 3812 festinahter
2769 3757 3096 3826 adveniens,
3142 3759 3494 3821 Cameracum

1868 3852 2320 3909 Lothariensibus
2372 3857 2540 3923 atque
2594 3850 2918 3907 Gislleberto
2970 3851 3341 3923 proficiscitur
3387 3857 3496 3913 ob-

1867 3944 2028 3998 viam.
2067 3943 2277 4013 Quique
2327 3942 2431 3997 hoc
2470 3942 2728 4014 placitum
2782 3943 3121 4011 omittentes,
3165 3961 3335 4017 super
3361 3947 3487 4004 Mo-

1866 4055 1981 4094 sam
2014 4038 2081 4092 ad
2112 4053 2239 4092 eum
2270 4036 2521 4105 veniunt,
2570 4036 2769 4109 suique
2800 4036 3139 4094 Gislebertus
3181 4045 3236 4095 et
3264 4038 3387 4096 Otto
3419 4041 3486 4076 ³ου

1866 4130 2200 4185 efficiuntur.

1940 4221 2262 4277 Nortmanni
2280 4221 2350 4276 de
2365 4221 2615 4277 Rodomo
2645 4219 2825 4276 fcedus
2847 4219 2995 4292 quod
3013 4219 3143 4276 olim
3162 4220 3491 4297 pepigerant

1864 4310 2257 4381 irrumpentes,
2289 4327 2490 4383 pagum
2532 4310 2919 4366 Belvacensem
2949 4315 3112 4381 atque
3141 4308 3485 4368 Ambianen-

1860 4416 1976 4455 sem
2025 4400 2453 4471 depopulantur.
2506 4398 2789 4454 Ambianis
2836 4397 3027 4454 civitas
3067 4398 3210 4454 male
3257 4400 3481 4471 proviso

1861 4490 2301 4565 confugientium
2346 4492 2475 4565 igne
2513 4506 2780 4547 succensa
2809 4497 2931 4556 est;
2982 4490 3064 4547 sic
3094 4497 3150 4547 et
3203 4491 3479 4550 Atrabatis

1861 4582 2044 4638 subito
2065 4589 2255 4638 exorto
2280 4582 2635 4655 conﬂagravit
2657 4582 2938 4637 incendio.
2965 4582 3285 4639 Nortmanni
3304 4602 3481 4659 usque

133 4678 253 4734 dam
302 4680 400 4735 diu
432 4684 768 4743 contractus,
810 4678 972 4746 cujus
1022 4691 1173 4731 coxae
1215 4676 1470 4730 cruribus
1511 4676 1751 4731 inlimse-
1778 4673 1924 4742 Dad
1981 4677 2375 4748 Noviomagum
2423 4676 2723 4747 praedatum
2773 4677 3025 4743 veniunt,
3059 4685 3114 4734 et
3163 4680 3483 4737 suburbana

131 4776 250 4824 rant
279 4770 346 4805 ¹⁸⁸
372 4769 582 4837 junctae
612 4766 885 4839 p0plitum
928 4765 997 4799 ¹⁹⁰
1029 4765 1215 4820 nervis
1243 4765 1317 4821 ita
1346 4766 1617 4830 retractis,
1645 4766 1756 4819 vir—
1855 4770 2217 4825 succendunt.
2244 4769 2558 4826 Castelliani
2584 4770 2653 4804 ²¹⁰
2682 4786 2805 4825 cum
2830 4770 3167 4827 suburbanis
3194 4774 3485 4848 egredien-

131 4864 242 4912 tute
278 4859 468 4913 divina
497 4858 712 4913 solutus
759 4863 814 4911 et
850 4863 1068 4910 erectus
1118 4855 1181 4890 ¹⁹¹
1215 4862 1317 4910 est.
1370 4855 1612 4930 Hungari
1659 4856 1755 4926 qui

132 4950 379 5008 Gothiam
410 4952 724 5018 vastabant,
748 4958 958 5023 pestem
980 4951 1274 5021 quamdam
1296 4952 1570 5022 perpessi,
1606 4950 1755 5022 capi-

131 5049 241 5096 tum
296 5042 588 5098 inﬂatione
646 5058 710 5098 ac
753 5041 1074 5096 dissinteria
1112 5056 1257 5113 pene
1306 5042 1512 5110 cuncti,
1564 5042 1756 5113 paucis

136 5130 519 5199 evadentibus,
552 5130 879 5186 nuntiantur
906 5146 1027 5186 esse
1058 5132 1389 5203 consumpti.
1432 5134 1609 5187 Anno.

1857 4867 1965 4927 tes,
2011 4861 2378 4917 Nortmannos
2408 4862 2705 4932 repellunt,
2744 4868 3002 4917 sternunt
3036 4878 3175 4936 quos
3206 4873 3481 4935 poterant,

1856 4961 2067 5024 partem
2104 4953 2355 5010 suburbii
2388 4954 2645 5011 liberant.
2672 4955 3002 5025 Bajocenscs
3030 4956 3249 5013 interim
3282 4966 3481 5015 terram

1855 5041 2319 5098 Nortmannorum
2369 5042 2513 5099 ultra
2552 5044 2864 5116 Sequanam
2905 5043 3312 5115 deprardantur.
3364 5048 3481 5114 Quo

1856 5141 2141 5205 comperto
2178 5133 2438 5191 Parisiaci
2474 5136 2566 5204 ²¹¹,
2607 5142 2661 5193 et
2700 5136 2807 5208 ipsi
2845 5151 3070 5209 quoque
3099 5136 3169 5172 ³⁸³
3198 5154 3324 5194 cum
3354 5141 3481 5211 qui-

1490 5231 1712 5285 VARUE
1739 5232 2119 5288 LECTIONES.

201 5298 263 5333 m
305 5298 435 5353 fecit
455 5300 510 5353 2.
545 5300 596 5355 3.

216 5442 504 5519 rainoldus
551 5444 604 5519 1_.
648 5441 971 5519 ra-ien‘oldus
1006 5445 1061 5499 2.
1101 5441 1437 5519 ragenoldﬁs
1478 5446 1532 5498 3.

134 5511 195 5545 ¹³⁷
221 5513 505 5567 conmanti
558 5515 615 5569 1.
701 5515 767 5550 ¹⁸⁸
801 5515 1077 5571 hostensae
1102 5518 1156 5570 2.

688 5301 757 5335 ¹⁷²
788 5316 899 5383 non
930 5301 1352 5383 r'nultaﬁ3a.__‘”3
1381 5301 1646 5383 quicquid
1673 5304 1807 5383 2A3.
1840 5375 1868 5383 Δ
1888 5306 1953 5339 ³⁷⁵
1986 5305 2258 5383 civitatem
2281 5304 2314 5360 2
2385 5306 2471 5383 βε
2501 5307 2658 5383 linear:
2676 5310 3110 5383 superscr-mlum
3140 5308 3190 5383 1_.
3264 5309 3332 5343 ¹⁷⁶
3358 5326 3477 5380 par-

135 5377 428 5447 m‘atarum_
454 5370 508 5426 2.
561 5371 657 5447 _”7
688 5374 1031 5447 contemptio
1084 5374 1137 5428 2.
1222 5370 1680 5447 “‘rag'enarium
1714 5373 1781 5447 _2.
1839 5375 1891 5429 3.

1619 5446 1686 5480 “'3
1714 5444 1884 5501 libras
1922 5445 2010 5499 3a.
2080 5448 2147 5482 ¹⁸⁴
2171 5447 2392 5515 repetiit
2420 5446 2472 5503 3.
2557 5447 2625 5481 ¹⁸⁸
2656 5444 2808 5503 ῩῘΒ.
2840 5446 2892 5502 2.
2928 5447 2981 5504 3.
3063 5450 3132 5486 ¹⁸⁶
3157 5452 3307 5507 deest
3331 5452 3386 5506 2.
3417 5453 3469 5510 3.

1248 5517 1320 5599 κθ.
1340 5517 1716 5599 ineschrantm1.
1751 5517 2083 5599 inhiarerant
2119 5516 2169 5571 3.
2244 5517 2580 5599 “opopliter
2635 5532 2775 5572 corr.
2796 5518 3084 5599 _p0plitum
3116 5522 3167 5575 1.

3050 5380 3112 5415 ¹⁸¹
3140 5380 3367 5435 absente
3404 5385 3441 5435 ⁵1
3458 5422 3471 5435 .

1986 5375 2051 5409 ³⁷⁸
2082 5377 2447 5449 ριωιιειτιη3Σ
2526 5376 2865 5449 ‘i‘lhugone‘
2913 5375 2961 5449 1}

3252 5524 3315 5557 ¹⁶¹
3347 5537 3475 5577 ere-

168 5588 248 5668 tus
270 5582 325 5639 3.
405 5585 472 5668 ἷξε
494 5585 828 5668 ragenoldus
986 5588 1053 5668 ‘33
1081 5587 1456 5668 depopulatur
1478 5586 1532 5641 2.
1564 5588 2005 5668 “:“getselinus
2063 5589 2127 5668 1._
2157 5582 3045 5668 _gotsel_'musn2n.Hgogcﬁinus3L
3092 5592 3377 5668 "‘calaun
3417 5595 3469 5649 3.

133 5598 248 5685 gius
270 5598 325 5639 δ.

222 5669 385 5726 aequo
414 5655 469 5718 2,

134 5722 197 5756 ²⁰²
226 5722 484 5800 fugerant
525 5725 578 5784 3.
622 5728 708 5800 f3?
736 5728 1098 5800 pugnandum
1140 5730 1195 5796 2,
1240 5730 1293 5786 3.
1365 5731 1433 5764 ὀδ
1460 5722 1555 5800 qui
1604 5746 1817 5786 erasum
1851 5732 1900 5785 1.

133 5798 455 5872 [pannorum
490 5800 542 5856 1.
616 5798 689 5834 ὀδ
714 5798 1005 5856 accersivit
1056 5801 1113 5865 2,
1153 5802 1206 5857 3.
1279 5802 1349 5837 ¹⁰⁹
1379 5798 1531 5857 otho.
1588 5803 1967 5872 suprascripto
2009 5801 2058 5857 1.
2117 5798 2172 5855 2.

132 5863 193 5898 ²¹²
221 5866 364 5924 deest
400 5869 454 5924 1.

574 5657 617 5691 υτ
642 5657 965 5712 trecassinaa
995 5658 1046 5713 3.
1130 5657 1196 5693 193
1221 5657 1274 5712 v.
1311 5670 1393 5713 est
1424 5659 1480 5724 2,
1563 5660 1629 5693 ‘99
1654 5657 1873 5714 cbhone
1904 5675 2047 5724 corr,
2079 5657 2300 5714 abbone
2328 5659 2381 5713 1.

2478 5659 2547 5692 ²⁰⁰
2578 5658 2648 5713 iis
2683 5660 2739 5714 2.
2770 5660 2827 5727 3,
2866 5660 2991 5715 aliis
3013 5660 3102 5716 3a.
3168 5663 3234 5697 ¹⁸¹
3258 5678 3382 5719 nec.
3413 5666 3465 5718 ιι.

1989 5730 2058 5811 ²ῗ⁵
2084 5729 2352 5811 ερρετέι
2394 5729 2460 5811 3-.
2506 5728 2597 5811 ,ξπ
2620 5729 3034 5811 referentibus
3055 5732 3140 5811 ,ευ
3177 5733 3287 5811 .ξοί
3307 5740 3466 5811 nort-

2257 5800 2325 5835 ἰθ
2353 5799 2637 5857 castellani
2676 5799 2731 5858 2.
2814 5801 2880 5838 ¹¹¹
2912 5804 2993 5871 ita
3047 5802 3101 5870 1,
3153 5800 3464 5885 ἀίειξησραῖν
