3874 6462
314 534 421 595 43ὃ

1449 535 1818 592 FLODOARDI
1860 536 2169 595 CANONICI
2214 538 2544 593 REMENSIS

154 39 2753 155 3*.

3561 546 3667 603 436

316 671 549 728 busdam
590 667 847 724 fidelibus
879 668 1122 743 Hugonis
1151 668 1249 724 filii
1303 668 1570 737 Rotberti,
1607 680 1661 726 et
1687 687 1936 743 quorun-
1961 675 2017 746 Α
2110 674 2251 747 lum,
2275 674 2368 745 qui
2397 689 2500 729 nec
2529 672 2710 747 adhuc
2729 673 3097 746 quinquennii
3122 680 3342 746 tempus
3362 674 3669 747 eXpIesset.

316 762 445 816 dam
465 759 814 815 castellorum
836 758 1150 829 Oppidanis,
1176 766 1384 829 partem
1409 760 1687 830 quandam
1715 761 1784 795 ²¹³
1810 761 1937 836 pagi

318 852 741 927 Rotomagensis
771 852 860 917 ’1‘,
885 851 978 922 qui
1006 851 1390 921 possidebatur
1418 868 1450 906 a
1482 853 1836 909 Nortmannis
1863 854 1942 909 cis

318 945 653 1016 Sequanam,
682 941 1022 1013 depopulatii
1050 947 1198 1008 sunt,
1225 942 1369 996 villis
1394 945 1700 1012 succensis,
1728 946 1943 1017 pecori-

319 1037 422 1090 bus
449 1034 724 1099 abductis,
757 1032 1040 1087 nonnullis
1069 1033 1234 1088 etiam
1268 1034 1734 1092 Nortmannorum
1777 1040 1941 1095 inter-

318 1127 496 1181 fectis.
556 1125 873 1179 Heribertus
901 1138 1088 1179 comes
1120 1124 1328 1180 interea
1378 1142 1501 1181 cum
1536 1129 1726 1199 paucis
1773 1131 1943 1186 Fran-

319 1230 532 1279 corum,
586 1214 716 1285 quia
788 1229 979 1283 parum
1047 1214 1229 1269 adhuc
1289 1216 1475 1272 herbae
1556 1218 1943 1275 inveniebatur

319 1303 479 1374 equis
520 1302 611 1367 ³⁸⁸,
645 1302 932 1356 transitum
973 1302 1325 1359 Nortmannis
1368 1306 1701 1376 prohibendi
1743 1309 1939 1382 gratia,

317 1409 485 1463 super
513 1384 736 1446 lsaram'
767 1390 1068 1458 residebat,
1113 1393 1435 1449 Nortmanni
1477 1402 1638 1450 terra:
1690 1413 1802 1451 suae
1848 1412 1944 1453 co-

318 1482 467 1554 gnita
503 1480 828 1547 vastatione,
876 1482 930 1535 in
963 1498 1063 1537 sua
1094 1482 1358 1538 festinant
1384 1486 1454 1520 ²¹⁶
1484 1485 1687 1541 redire.
1724 1487 1942 1542 Heinri-

318 1590 415 1629 cus
452 1573 693 1645 denique
742 1573 995 1628 Rhenum
1027 1576 1322 1642 transiens,
1355 1577 1621 1647 Oppidum
1663 1579 1943 1649 quoddam

318 1664 544 1720 nomine
565 1665 884 1736 Tulpiacum
917 1666 1047 1737 (53),
1080 1667 1229 1739 quod
1261 1667 1554 1724 Gisleberti
1586 1668 1781 1725 ﬁdeles
1802 1677 1943 1725 tuta-

318 1756 542 1823 bantur,
573 1757 626 1812 vi
676 1758 866 1829 caepit,
912 1774 1016 1814 nec
1053 1759 1146 1814 diu
1194 1759 1515 1816 demoratus
1545 1760 1686 1816 infra
1713 1778 1945 1835 regnum

308 1845 586 1916 Lotharii,
632 1852 698 1907 ad
733 1867 833 1906 sua
885 1858 1036 1907 trans
1068 1853 1320 1908 Rhenum
1364 1854 1694 1929 regreditur,
1728 1856 1947 1912 obsidi-

317 1942 420 1996 bus
446 1957 478 1996 a
506 1940 820 1996 Gisleberto
849 1941 1111 2011 acceptis.
1148 1942 1446 2016 Hilgaudus
1477 1959 1665 1999 comes
1692 1954 1745 2000 et
1774 1948 1944 2001 ceteri

317 2032 578 2087 maritimi
609 2032 803 2088 Franci
848 2032 967 2089 loca
995 2034 1099 2088 sibi
1140 2034 1320 2089 vicina
1379 2051 1558 2107 nuper
1583 2052 1613 2090 a
1643 2037 1941 2093 Nortman-
1972 1997 2021 2064 Β

318 2127 406 2183 nis
434 2143 692 2199 possessa
720 2129 1109 2199 pervadentes,
1142 2130 1447 2186 devastant.

393 2220 662 2276 Rodulfus
691 2221 903 2277 interea
934 2222 1004 2277 de
1035 2222 1355 2297 Burgundia
1384 2225 1680 2281 revertitur
1706 2226 1761 2280 in
1783 2226 1947 2281 Fran-

318 2312 485 2379 ciam,
513 2320 567 2367 et
596 2320 655 2367 ut
681 2327 741 2367 se
782 2312 850 2366 ad
882 2313 1086 2369 bellum
1116 2324 1308 2369 contra
1334 2313 1700 2371 Nortmannos
1734 2332 1942 2388 praepa—

320 2410 443 2459 rent
485 2404 553 2437 ²¹⁷
585 2403 809 2458 Francis
837 2404 1023 2459 hanno
1065 2404 1376 2461 denuntiat.
1425 2404 1743 2462 Heribertus
1782 2407 1947 2480 igitur

320 2498 677 2571 expeditione
708 2507 888 2570 coepta
918 2506 1107 2555 contra
1132 2500 1500 2557 Nortmannos
1527 2518 1652 2558 cum
1674 2503 1947 2558 militibus

321 2587 609 2642 Remensis
640 2586 911 2648 ecclesiae.
971 2587 1230 2642 Arnulfus
1280 2604 1503 2661 quoque
1542 2606 1730 2646 comes
1780 2593 1850 2626 ²¹⁸
1892 2601 1948 2648 et

322 2679 494 2734 ceteri
524 2678 783 2732 maritimi
808 2678 996 2733 Franci
1021 2679 1340 2749 praesidium
1366 2682 1644 2752 quoddam
1663 2682 1948 2737 Nortman-

322 2787 516 2827 norum
534 2770 953 2844 aggrediuntur,
977 2785 1088 2841 quo
1115 2770 1280 2825 etiam
1304 2771 1462 2826 Rollo
1479 2772 1738 2843 princeps
1757 2789 1946 2828 eorum

322 2864 476 2920 mille
503 2864 872 2919 Nortmannos
893 2870 1094 2933 praeter
1123 2863 1294 2934 ipsius
1323 2864 1727 2922 inhabitatores
1753 2868 1947 2938 oppidi

325 2975 392 3013 ex
429 2957 680 3012 Rodomb
708 2957 1104 3013 transmiserat.
1148 2959 1298 3013 Idem
1353 2975 1484 3016 vero
1516 2968 1753 3016 castrum
1785 2979 1947 3018 secus

324 3064 477 3103 mare
497 3047 662 3102 situm
692 3048 994 3103 vocabatur
1023 3049 1173 3124 Auga
1198 3051 1333 3120 (34);
1367 3051 1514 3122 quod
1546 3052 1951 3109 circumdantes

320 3143 536 3211 Franci,
565 3143 790 3209 vallum,
822 3158 933 3215 quo
986 3159 1087 3215 pro
1118 3144 1444 3199 antemurali
1500 3145 1846 3221 cingebatur,
1880 3148 1951 3203 ir-

324 3241 608 3308 rumpunt,
641 3251 973 3307 murumque
1009 3234 1379 3310 infringentes
1419 3238 1800 3294 conscendunt
1829 3257 1843 3305 ;
1895 3245 1950 3294 et

323 3331 534 3403 oppido
565 3330 865 3405 pugnando
897 3331 1074 3401 potiti,
1109 3346 1291 3385 mares
1330 3341 1559 3387 cunctos
1600 3332 1945 3399 interimunt,

323 3425 692 3482 munitionem
724 3425 1092 3481 succendunt.
1121 3425 1384 3481 Nonnulli
1412 3432 1596 3481 tamen
1620 3428 1939 3493 evadentes,
1975 3429 2024 3497 (ἶ

325 3516 615 3572 ﬁnitimam
647 3515 924 3587 quandam
953 3523 1226 3587 occupant
1261 3515 1521 3583 insulam,
1554 3534 1716 3588 quam
1758 3519 1952 3593 adgre-

325 3607 544 3662 dientes
572 3606 641 3640 ²¹⁹
671 3605 884 3671 Franci,
915 3606 1125 3675 majore
1145 3605 1275 3661 licet
1306 3623 1459 3662 mora
1488 3624 1653 3679 quam
1684 3610 1948 3680 oppidum

326 3702 632 3766 cmperant,
691 3692 937 3764 capiunt.
977 3694 1131 3759 Quod
1175 3696 1429 3751 videntes
1459 3696 1803 3766 Nortmanni,
1857 3700 1952 3772 qui

327 3787 496 3843 armis
523 3787 691 3842 vitam
735 3803 834 3859 pro
883 3802 1048 3859 posse
1082 3787 1419 3855 tutabantur,
1475 3798 1763 3861 postquam
1795 3807 1950 3862 spem

328 3882 451 3937 vitae
480 3883 813 3950 amisissent,
844 3882 1091 3954 quidam,
1116 3890 1176 3938 ut
1194 3890 1506 3951 enatamnt,
1540 3884 1773 3959 jugulati
1802 3893 1948 3942 sunt.

328 3974 391 4028 Et
441 3972 535 4027 alii
567 3973 790 4045 quidem
828 3974 1157 4029 Francorum
1205 3975 1549 4029 necabantur
1603 3975 1825 4049 gladiis,
1857 3976 1949 4030 alii

327 4065 571 4137 propriis
584 4081 646 4120 se
674 4065 1018 4137 oppetebant
1045 4065 1114 4099 ²²⁰
1136 4066 1278 4121 telis.
1314 4066 1515 4139 Sicque
1533 4064 1791 4121 omnibus
1826 4082 1953 4138 pro-

326 4156 530 4223 stratis,
585 4166 640 4212 et
677 4157 864 4227 praeda
915 4172 1026 4213 non
1068 4156 1285 4213 modica
1337 4158 1578 4229 direpta,
1611 4158 1802 4214 Franci
1859 4174 1951 4214 re-

325 4258 614 4308 vertuntur
642 4251 709 4306 ad
750 4267 871 4308 sua.
910 4251 1182 4307 Rodulfus
1223 4261 1404 4307 autem
1437 4270 1529 4307 rex
1561 4270 1682 4307 cum
1718 4254 1945 4327 Hugone

328 4348 384 4396 et
413 4340 904 4415 Burgundionibus
930 4341 985 4394 in
1026 4356 1169 4414 pago
1202 4340 1519 4397 Belvacensi
1549 4342 1798 4397 sedebat.

399 4431 503 4486 Per
544 4431 689 4485 idem
721 4437 941 4501 tempus
991 4429 1209 4485 Seulfus
1237 4429 1532 4485 Remorum
1574 4430 1952 4501 archiepisco-

329 4539 434 4593 pus
464 4526 495 4554 '
519 4523 680 4590 obiit,
711 4521 945 4593 expletis
971 4522 1027 4575 in
1060 4521 1383 4593 episcopatu
1413 4520 1574 4576 annis
1602 4521 1775 4577 tribus
1802 4530 1857 4577 et
1883 4523 1949 4557 ²²¹

403 4611 565 4681 [Hist
602 4613 747 4667 Rem.
770 4628 842 4677 tv,
876 4612 965 4676 19,
996 4611 1085 4665 20.
1121 4611 1313 4665 Fertur
1342 4618 1522 4665 autem
1552 4626 1767 4665 veneno
1796 4618 1949 4681 pota-

404 4693 491 4737 tus
519 4699 550 4737 a
579 4683 901 4739 domesticis
927 4682 1013 4739 vel
1038 4681 1403 4737 familiaribus
1435 4682 1703 4737 Heriberti
1736 4683 1953 4737 comitis

399 4753 566 4807 vitam
599 4752 804 4809 ﬁnisse.
838 4755 947 4810 Nec
977 4770 1151 4825 mora,
1185 4762 1310 4825 post
1338 4754 1543 4809 obitum
1578 4754 1751 4825 ipsius
1786 4754 1947 4808 Heri-

399 4826 589 4879 bertus
610 4841 796 4880 comes
819 4825 1003 4879 Remis
1027 4824 1200 4889 venit,
1227 4826 1503 4880 advocans
1525 4824 1808 4880 Ab’boncm
1832 4825 1950 4895 epi-

402 4911 633 4962 scopum
666 4897 1083 4962 Suessonicum,
1117 4904 1172 4951 et
1198 4897 1474 4951 Bovonem
1517 4896 1949 4951 Catalaunicum.

402 4968 609 5033 Quibus
634 4968 740 5022 sibi
757 4968 987 5035 junctis,
1014 4974 1257 5022 tractans
1285 4984 1455 5039 super
1472 4968 1747 5022 electione
1777 4976 1958 5023 recto-

403 5040 479 5094 ris
526 5040 688 5108 hujus
739 5038 1029 5094 Remensis
1067 5038 1481 5104 ecclesiamtam
1531 5040 1765 5094 clericos
1792 5056 1954 5109 quam

403 5109 575 5164 laicos
623 5111 692 5164 ad
741 5111 1079 5165 voluntatem
1138 5125 1291 5163 suam
1339 5109 1623 5163 intendere
1674 5109 1819 5164 fecit.
1854 5110 1958 5163 Se-

401 5188 642 5251 quentes
681 5182 850 5256 igitur
876 5180 997 5256 ejus
1025 5179 1445 5256 consilium,_ne
1475 5180 1614 5235 forte
1656 5197 1755 5256 per
1780 5188 1959 5256 extra-

402 5266 537 5332 neas
566 5251 836 5332 personas
863 5252 1223 5332 episcopatus
1254 5251 1626 5332 divideretur,
1646 5252 1858 5323 eligunt
1895 5253 1961 5305 fi-

404 5321 537 5375 lium
571 5321 771 5393 ipsius,
807 5321 1034 5379 nomine
1062 5321 1386 5397 ’Hugonem,
1428 5321 1962 5394 admodnmparvu-

2118 745 2231 819 Qua
2262 760 2319 819 re
2352 751 2562 817 patrata
2585 745 2660 819 ad
2693 745 2899 819 regem
2909 745 3253 819 properant,’
3273 747 3396 819 ejus
3429 745 3668 804 auctori-

2118 762 2231 810 uua
2262 762 2319 800 re
2352 762 2562 817 patrata
2592 762 2660 800 aa
2693 762 2880 819 regem
2909 762 3231 871 arriperent,
3273 763 3396 815 ejus
3429 762 3668 804 auctori-

2115 816 2649 893 tatis_impetrandze
2680 817 2879 893 gratia1
2955 833 2986 871 ο
3031 816 3393 893 ulfus_igitur
3424 834 3537 884 rex,
3573 820 3672 876 hac

2115 886 2387 959 electione
2410 886 2717 958 comperta,
2740 887 3091 957 praefatorum
3120 886 3503 959 episcoporum
3537 906 3671 947 con-

2115 958 2254 1030 silio,
2275 958 2605 1013 Rcmensem
2639 959 3020 1030 episcOpatum
3062 958 3333 1014 commitit
3361 960 3667 1030 Hcriberto,

2114 1029 2665 1105 aequitatispensura
2713 1029 3122 1105 dispenendum
3165 1039 3328 1105 atque
3362 1029 3668 1105 regendum

2110 1099 2180 1154 ab
2228 1100 2501 1173 ipso._Qui
2533 1099 2941 1173 etiamilegatos
2988 1099 3390 1157 ecclesiae—cum
3425 1099 3670 1161 'Abbone

2112 1171 2345 1246 praesule
2378 1171 2603 1227 Romam
2646 1171 2865 1246 mittere
2910 1173 3123 1246 satagit,
3182 1174 3344 1242 hujus
3382 1175 3671 1230 electionis

2114 1242 2395 1297 decretum
2419 1259 2606 1318 secum
2639 1242 2901 1318 ferentes,
2921 1251 2975 1297 et
3000 1242 3288 1318 assensum
3314 1261 3470 1316 papa:
3498 1263 3672 1318 super

2114 1329 2180 1386 ea
2204 1320 2479 1386 petentes.
2509 1315 2791 1370 Johannes
2821 1315 3006 1386 itaque
3037 1331 3180 1386 papa
3204 1357 3217 1381 ,
3262 1315 3671 1373 interveniente

2117 1384 2390 1439 Abbonne
2414 1386 2672 1455 praesule,
2697 1384 2951 1455 petitioni
2976 1384 3165 1441 eorum
3189 1402 3520 1443 consensum
3541 1404 3674 1455 pra;-

2117 1403 2390 1439 Anoonne
2414 1403 2672 1455 praesule,
2737 1403 2951 1441 enuont
2976 1403 3165 1441 eorum
3189 1403 3520 1443 consensum
3578 1404 3674 1443 ra;-

2117 1455 2278 1522 bens,
2308 1457 2653 1530 episcOpium
2690 1403 2962 1530 gemense
2990 1458 3493 1530 Abboniepisc0po
3521 1406 3676 1516 (rele-

2118 1536 2230 1653 gat,
2266 1543 2388 1608 quae
2412 1536 2539 1582 sunt
2566 1527 2902 1599 episcopalis
2931 1529 3223 1583 ministerii
3253 1527 3321 1583 ab
3355 1527 3475 1611 ipso
3499 1531 3556 1585 in
3579 1546 3676 1586 eo-

2157 1610 2243 1653 em
2301 1599 2586 1653 emsconio
2646 1600 2928 1653 tractanda
2963 1615 3027 1653 ac
3078 1603 3151 1653 tet
3200 1602 3245 1653 cl
3304 1599 3551 1653 finienda
3575 1602 3676 1653 de-

2157 1610 2243 1653 em
2286 1598 2586 1669 episcopio
2646 1600 2928 1654 tractanda
2963 1615 3027 1654 ac
3078 1603 3151 1667 (et
3200 1602 3245 1669 c)
3304 1598 3551 1656 finienda
3575 1602 3676 1657 de-

2117 1685 2375 1745 cernens,
2409 1670 2723 1745 Heribertus
2762 1671 3173 1745 itaquecomes
3207 1680 3495 1745 potestate
3527 1673 3676 1745 poti-

2121 1749 2207 1797 tus
2240 1741 2530 1813 Remensis
2563 1741 2872 1813 episcopii,’
2903 1742 3106 1809 injuste
3138 1741 3369 1812 privavit
3408 1741 3674 1805 tam'me,

2120 1813 2213 1884 qui
2244 1828 2356 1886 non
2380 1812 2734 1886 interfueram
2755 1813 3051 1886 praemissae
3065 1813 3325 1886 electioni
3345 1829 3480 1879 suae,
3509 1831 3675 1886 quam

2119 1884 2418 1939 nonnullos
2457 1884 2617 1950 alios,
2677 1891 2732 1937 et
2775 1884 3007 1939 clericos
3060 1891 3116 1938 et
3160 1884 3350 1952 laicos,
3383 1884 3673 1941 beneficiis

2121 1957 2534 2028 possessionum
2568 1954 3339 2028 ecclesiasticarum,quibus
3389 1973 3421 2012 a
3464 1972 3673 2028 prince-

2122 2026 2384 2081 dcntibus
2410 2026 2688 2097 episcopis
2714 2027 2983 2081 munerati
3022 2026 3360 2097 videbamur
3401 2026 3682 2083 obsecun-

2119 2097 2363 2151 dationis
2402 2096 2615 2169 gratia.
2648 2098 2777 2169 Qum
2830 2114 2929 2169 pro
2979 2096 3137 2169 libitu
3176 2114 3298 2169 suae
3350 2099 3680 2164 voluntatis,

2120 2169 2324 2240 quibus
2383 2167 2486 2223 sibi
2528 2168 2761 2244 placuit,
2803 2167 2858 2244 et
2910 2167 3229 2239 impertivit.
3288 2169 3397 2244 Nec
3447 2172 3679 2244 longum

2121 2238 2333 2311 postea,
2369 2238 2605 2295 tumultu
2638 2238 2781 2293 infra
2810 2238 3111 2294 claustrum
3159 2238 3685 2296 canonicorum'in-

2122 2310 2481 2383 terrclericos
2515 2320 2726 2383 exorto,
2767 2310 3295 2383 supervenientibus
3344 2312 3684 2383 quibusdam

2119 2382 2386 2437 militibus
2418 2399 2539 2437 cum
2581 2382 2768 2447 armis,
2798 2383 2907 2437 duo
2950 2382 3273 2453 interempti
3315 2382 3442 2437 sunt
3472 2382 3685 2437 ibidem

2120 2453 2326 2519 clerici,
2383 2470 2618 2525 quorum
2657 2454 2796 2508 alter
2846 2454 3133 2520 diaconus,
3192 2454 3333 2508 alter
3371 2453 3687 2509 habebatur

2120 2524 2540 2595 subdiaconus]

2049 2654 2250 2710 diebus
2294 2655 2558 2726 quinque.
2604 2654 2924 2709 lleribertus
2956 2671 3145 2710 comes
3198 2655 3386 2711 Remis
3415 2654 3591 2721 venit,
3625 2661 3684 2710 et

2050 2751 2290 2805 vassalos
2321 2750 2494 2820 ipsius
2523 2750 2776 2805 ecclesiae
2805 2749 2903 2804 sed
2952 2759 3006 2804 et
3038 2751 3272 2806 clericos
3304 2751 3373 2805 de
3404 2750 3687 2805 electione

2048 2844 2278 2899 rectoris
2295 2845 2362 2898 ad
2384 2860 2542 2898 suum
2557 2843 2850 2899 consilium
2879 2843 3168 2899 intendere
3192 2843 3343 2899 fecit.
3361 2843 3515 2917 Hugo
3535 2841 3688 2897 ﬁlius

2048 2935 2294 2990 Rotbcrli
2325 2942 2542 3005 pactum
2573 2934 2886 2990 securitatis
2917 2933 3118 3005 accipit
3149 2936 3218 2969 ²²²
3251 2951 3282 2989 a
3303 2935 3687 3000 Nortmannts,

2050 3033 2197 3081 terra
2216 3024 2453 3080 filiorum
2478 3025 2753 3091 Balduini,
2775 3023 2993 3078 Rodulﬁ
3013 3040 3237 3096 quoque
3253 3023 3321 3079 dc
3346 3024 3600 3100 Gaugeio
3614 3035 3695 3082 at-

2055 3137 2163 3193 que
2182 3120 2433 3195 Hilgaudi
2453 3121 2520 3154 ³³³
2543 3126 2692 3175 extra
2711 3120 3063 3175 securitatem
3084 3119 3292 3174 relicta.
3322 3118 3697 3192 Episcopatus

2055 3209 2347 3264 Remensis
2380 3209 2668 3264 lleriberto
2700 3209 2767 3242 ²²⁸
2799 3208 2983 3263 comiti
3014 3208 3344 3264 commissus
3376 3216 3457 3263 est
3483 3208 3594 3264 sub
3627 3210 3699 3245 ²²⁸

2053 3301 2279 3359 obtentu
2309 3301 2404 3356 filii
2429 3300 2515 3356 sui
2541 3301 2805 3376 llugonis,
2837 3301 3133 3356 admodum
3160 3300 3393 3371 parvuli,
3418 3301 3695 3368 necdum,

2052 3407 2153 3446 ceu
2185 3390 2485 3457 ferebatur,
2517 3389 2915 3461 quinquennis.
2944 3389 3096 3444 Abbo
3126 3388 3423 3460 episcopus
3451 3389 3697 3445 Romam

2052 3484 2189 3554 petit
2218 3500 2340 3538 cum
2374 3482 2569 3557 legatis
2624 3482 2896 3537 lleriberti
2932 3480 3170 3537 comitis.
3217 3481 3469 3536 lleinrico
3498 3482 3698 3537 cuncti

2052 3591 2111 3629 se
2144 3574 2534 3630 Lotliarienses
2563 3573 2953 3639 committunt;
2986 3578 3042 3627 et
3088 3571 3209 3642 ipse
3243 3570 3541 3626 Bernuino.
3576 3571 3700 3626 Da-

2053 3663 2214 3718 donis
2265 3664 2336 3696 ²²⁶
2374 3662 2625 3734 episcopi
2684 3662 2895 3732 nepoti,
2928 3659 3276 3733 cpiscOpium
3335 3658 3701 3713 Virduncnse

2054 3756 2330 3821 concedit,
2386 3754 2479 3826 qui
2535 3760 2590 3808 et
2639 3754 2867 3824 expulso
2908 3753 3134 3826 Hugone
3191 3751 3536 3823 presbytero,
3601 3751 3696 3805 cui

2055 3844 2325 3899 Rodulfus
2376 3842 2513 3898 illud
2565 3842 2815 3908 dederat,
2875 3841 3083 3896 ibidem
3139 3840 3426 3897 ordinatur
3464 3838 3699 3911 episco-

2054 3954 2158 4006 pus
2191 3938 2328 4007 (5’5).
2363 3936 2551 3989 Annus

2668 4020 3010 4078 DCCCCXXV
3017 4022 3057 4075 Ι.

2052 4138 2378 4209 incipiebat,
2407 4145 2463 4193 et
2494 4136 2763 4193 Rodulfus
2797 4154 2892 4191 rex
2930 4153 3057 4192 cum
3087 4135 3367 4189 Hcriberto
3400 4133 3607 4190 comite
3641 4143 3702 4191 et

2050 4231 2380 4304 quibusdam
2436 4230 2731 4284 maritimis
2760 4228 2985 4284 Francis
3036 4228 3404 4282 Nortmannos
3433 4226 3487 4280 in
3537 4242 3693 4300 pago

2049 4320 2391 4376 Atrabatensi
2438 4320 2678 4392 quodam
2711 4320 2853 4375 saltu
2903 4324 3177 4375 coartatas
3199 4317 3509 4385 obsidebat,
3554 4333 3691 4371 cum

2053 4423 2281 4488 repente
2315 4421 2437 4486 post
2476 4415 2687 4486 aliquot
2741 4414 2862 4469 dies
2905 4420 3070 4469 noctu
3129 4411 3419 4483 eruptione
3473 4420 3690 4481 caepta,

2054 4508 2375 4565 Nortmanni
2420 4514 2599 4563 castra
2641 4506 2786 4581 regis
2825 4506 3264 4579 aggrediuntur;
3319 4503 3507 4575 ibique
3539 4502 3691 4577 regi,

2055 4616 2124 4655 ne
2160 4616 2193 4655 a
2239 4600 2591 4656 Nortmannis
2630 4598 3215 4669 comprehenderetur,
3255 4611 3580 4651 succursum
3614 4595 3691 4650 ab

2054 4692 2361 4757 Hcriberto,
2393 4691 2789 4761 succensisque
2812 4690 2954 4745 casis
2984 4690 3051 4723 “7
3075 4687 3427 4760 quibusdam,
3452 4703 3691 4761 pugna-

2054 4789 2168 4836 tum
2200 4781 2268 4835 ad
2298 4788 2477 4836 castra
2545 4779 2866 4834 Nortmanni
2897 4778 3116 4833 tandem
3158 4793 3188 4831 a
3219 4783 3522 4830 castrorum
3556 4792 3695 4845 per-

2054 4874 2280 4928 vasione
2310 4871 2542 4943 repulsi,
2576 4871 2878 4936 recedunt;
2908 4886 3001 4925 rex
3030 4870 3105 4925 ibi
3140 4868 3456 4923 vulneratus
3482 4875 3538 4921 et
3568 4867 3693 4920 Hil-

2055 4964 2269 5037 gaudiis
2316 4980 2505 5019 comes
2534 4963 2900 5033 interemptus
2927 4968 3041 5025 est;
3091 4958 3415 5015 Nortmanni
3445 4958 3602 5013 mille
3635 4965 3694 5013 et

2058 5062 2278 5109 centum
2331 5038 2595 5108 dicuntur
2649 5051 2856 5106 ibidem
2911 5050 3103 5105 occisi.
3163 5049 3365 5119 Sicque
3413 5046 3696 5103 Rodulfus

2060 5142 2383 5197 Laudunum
2416 5141 2728 5208 revertitur,
2752 5147 2806 5195 et
2835 5137 3157 5195 Nortmanni
3187 5151 3365 5207 usque
3396 5136 3452 5188 in
3480 5151 3693 5207 pagum

2061 5232 2391 5286 Porcensem
2427 5231 2540 5301 (ὃὸ)
2565 5228 2836 5284 silvestria
2858 5228 2925 5261 ²²⁸
2946 5228 3066 5282 loca
3090 5225 3502 5297 depraedantur.
3537 5223 3700 5278 Hun-

2061 5323 2177 5398 gari
2209 5338 2430 5395 quoque
2465 5322 2656 5377 Rheno
2687 5322 2755 5353 “9
2787 5325 3119 5374 transmeato
3150 5332 3327 5388 usque
3382 5315 3436 5369 in
3480 5331 3694 5391 pagum

1671 5452 1893 5507 VARl/E
1938 5452 2328 5508 LECTIONES.

404 5548 473 5581 ³³³
504 5547 779 5620 quendam
832 5550 887 5604 2.
972 5550 1040 5585 ²¹⁴
1073 5550 1384 5622 rothomag.
1445 5551 1498 5606 3.

331 5629 531 5723 parant
594 5636 734 5675 corr.
808 5629 1124 5691 praeparent
1176 5621 1247 5687 2,

358 5691 402 5723 22
434 5691 644 5723 unm-udo
698 5692 734 5723 α
822 5692 1140 5723 213ιείιηη1ι1ἶ
1193 5694 1225 5723 ⁸)

358 5691 402 5725 ²²
432 5691 756 5766 accepit}.
822 5692 1142 5766 “{hilgaldi
1191 5694 1246 5749 3.

330 5770 515 5819 vestra
542 5764 599 5819 2.
630 5763 700 5796 ²²⁹
720 5764 864 5817 deest
888 5763 942 5818 2.

1595 5552 1663 5586 ²¹δ
1689 5552 1866 5624 aequis
1923 5553 1976 5608 2.

1308 5635 1690 5750 assa;
1736 5624 1789 5750 3’:
1855 5623 2249 5751 sit.“
2297 5624 2400 5750 :3,

2077 5553 2147 5586 ²¹⁶
2181 5552 2514 5607 festinanter
2557 5551 2611 5605 2.
2674 5548 3001 5605 festinanter
3059 5546 3277 5602 rediere
3315 5545 3370 5599 3.
3454 5544 3700 5615 mpm-

2077 5628 2118 5650 ..ι
2173 5623 2195 5650 Α
2313 5624 2380 5650 ain
2408 5639 2543 5650 μη...
2620 5622 2655 5650 ω
2768 5620 2835 5650 220
2859 5618 3158 5650 ηηηηιηινη
3203 5618 3237 5650 ω
3328 5615 3391 5650 ω
3425 5617 3569 5650 ἰιι-,οι
3643 5620 3664 5650 4

2312 5624 2380 5658 ²¹⁹
2407 5639 2561 5696 aggr.
2620 5622 2675 5676 2.
2768 5620 2835 5654 ²²⁰
2858 5618 3163 5690 oppetebat
3203 5618 3256 5671 2.
3328 5617 3391 5650 ²²¹
3425 5617 3569 5670 deest
3626 5620 3694 5696 .1.

2312 5693 2400 5749 sub
2454 5696 2506 5749 1.
2594 5691 2923 5747 mdadanis
2954 5690 3005 5745 2.
3066 5690 3307 5744 mdeest
3356 5687 3412 5744 2.
3504 5686 3698 5742 3"’snl-

1886 5836 2098 5896 ΝΟΤᾹΞ.

400 5908 509 5976 (ἓί3)
548 5903 794 5976 Zulpich.

396 5974 504 6044 (54)
544 5974 663 6041 Eu;
684 5978 834 6044 inter
857 5974 1061 6042 Dieppc
1085 5978 1145 6044 et
1196 5974 1498 6029 Abbevi'ltc.

395 6043 508 6119 (55)
551 6052 704 6125 [Iugo
757 6043 941 6100 addit:
983 6043 1195 6099 Abbt'nc
1245 6046 1549 6102 Virdunum
1588 6052 1636 6101 et
1674 6049 1792 6103 alia:
1823 6052 1955 6104 civi-

2051 5913 2189 5964 tates
2220 5925 2254 5964 a
2284 5923 2450 5978 regno
2474 5909 2808 5962 Francorum
2837 5905 3167 5978 defecerunt.

2016 6004 2023 6011 “
2127 5980 2234 6049 (56)
2277 5971 2679 6048 Ιηῖὶεῐῃρίιηὶε,
2705 5978 2759 6032 in
2780 5971 2911 6048 quo,
2940 5974 3179 6049 exempli
3202 5971 3397 6048 gratia,
3424 5973 3700 6030 Chalcen-

2053 6048 2275 6107 Porcien
2306 6052 2361 6106 in
2391 6050 2715 6122 przefcclura
2745 6048 3113 6104 Ardcnnensi.
