3874 6418
143 421 249 479 437

1662 412 1973 469 ΑΝΝΑιΕδ

3391 421 3503 478 438

142 549 473 606 Vonzinsem
501 548 572 584 ²³⁰
601 544 808 619 praedis
847 542 1235 616 incendiisque
1266 544 1590 600 desaeviunt.
1622 544 1773 599 Luna
1797 550 1847 617 Α
1874 558 1984 614 qne
2016 548 2217 617 gentes
2248 542 2491 615 irrepsit.
2526 543 2802 601 Widricus
2858 543 3144 601 Mettensis
3164 529 3239 581 ’πί
3272 549 3505 607 antistes

142 642 562 715 quartadecima
600 638 832 695 sabbato
866 646 1058 693 sancto
1092 638 1308 708 paschae
1348 638 1437 701 ’3‘,
1460 637 1550 692 die
1575 637 1769 692 Kalen-

141 736 338 792 darum
369 733 660 806 Aprilium,
692 745 854 802 passa
892 730 959 763 ’³³
990 728 1268 784 defectum
1329 737 1385 785 et
1415 730 1469 784 in
1501 729 1767 801 pallorem

143 843 409 884 conversa
466 831 601 893 est,
645 823 885 896 quadam
942 820 1172 876 luminis
1229 821 1418 877 relicta
1477 820 1767 892 particula,

142 921 292 976 velut
313 919 383 953 ³³³
404 926 552 974 esset
589 915 836 972 secunda
877 914 1115 985 ;sieque‘
1136 928 1336 969 aurora
1345 913 1458 982 jam
1488 914 1770 986 incipien-

141 1018 215 1075 te,
283 1011 342 1066 in
402 1008 733 1081 sanguinem
784 1013 899 1062 tota
936 1011 1147 1060 mutata
1176 1005 1245 1038 ³³⁸
1301 1013 1387 1060 est
1412 1004 1653 1060 colorem
1676 1005 1768 1060 ³³⁸.

140 1097 353 1169 Corpus
380 1097 558 1153 sancti
604 1096 841 1172 Remigii
872 1101 927 1151 et
989 1094 1224 1149 aliorum
1249 1094 1598 1166 quorundam
1639 1110 1772 1148 san-

141 1196 355 1245 ctorum
385 1187 621 1260 pignora
641 1186 1024 1260 Hungarorum
1076 1189 1229 1238 metu
1260 1182 1498 1238 Remisa
1528 1182 1642 1237 suis
1656 1198 1776 1236 mo-

135 1279 399 1335 nasteriis
433 1284 563 1334 sunt
619 1277 840 1341 delata;
904 1276 1053 1330 inter
1107 1291 1232 1346 qua:
1285 1281 1488 1330 sancta:
1546 1289 1773 1345 quoque

138 1370 458 1443 Walburgis
476 1370 548 1404 ³³⁸
569 1368 840 1440 reliquiae,
873 1367 941 1421 ad
972 1382 1111 1438 quas
1139 1364 1409 1420 nonnulla
1430 1364 1771 1420 exerceban-

138 1476 225 1525 tur
245 1468 313 1503 ³³⁷
343 1466 629 1523 miracula.
670 1465 892 1521 Exactio
932 1444 1183 1535 pecuniae
1230 1462 1552 1527 collaticite,
1612 1463 1771 1518 Nort-

137 1557 363 1613 mannis
390 1565 550 1626 pacto
584 1554 739 1625 pacis
765 1553 987 1619 dandae,
1018 1552 1247 1623 publice
1276 1552 1337 1606 ﬁt
1365 1568 1465 1622 per
1488 1552 1771 1607 Frauciam

137 1654 305 1718 atque
340 1644 737 1719 Burgundiam.
764 1643 898 1699 Data
955 1641 1121 1715 igitur
1148 1641 1407 1711 pecunia,
1442 1658 1543 1712 pax
1575 1641 1773 1695 utrim-

137 1757 248 1812 que
273 1747 363 1796 est
379 1739 446 1773 ³³⁸
499 1754 626 1794 cum
670 1737 989 1806 juramento
1029 1736 1096 1769 ²³⁰
1119 1732 1352 1790 ﬁrmata.
1396 1734 1534 1789 Hine
1563 1734 1774 1789 exerci-

136 1840 312 1888 tusex
343 1830 578 1886 Francia
626 1826 1056 1904 Burgundiaque
1104 1842 1234 1881 cum
1277 1825 1515 1881 Rodulfo
1561 1841 1690 1897 rege
1718 1834 1774 1881 et

142 1925 438 1980 Heriberto
468 1922 671 1979 comite
704 1920 1077 1994 proﬁciscitur
1115 1935 1283 1990 super
1314 1919 1571 1992 Ligerim,
1606 1928 1661 1974 et
1688 1935 1775 1975 ac-

134 2016 317 2088 ceptis
359 2013 653 2071 obsidibus
712 2012 781 2068 ab
828 2013 967 2068 urbe
1011 2012 1362 2078 Nivernensi,
1414 2027 1577 2082 quam
1609 2010 1775 2066 frater

137 2107 407 2163 Willelmi
439 2114 635 2161 contra
668 2120 853 2178 regem
879 2102 1185 2169 tutabatur,
1215 2102 1271 2156 in
1308 2102 1658 2173 Aquitaniam
1703 2102 1771 2156 ad

138 2195 600 2269 persequendum
642 2193 1003 2259 Willelmum,
1060 2192 1154 2264 qui
1185 2208 1215 2247 a
1245 2206 1375 2264 rege
1420 2189 1560 2246 forte
1590 2190 1771 2245 desci-

130 2299 304 2354 verat,
332 2292 622 2341 transeunt
653 2285 1087 2355 insecunturque
1121 2282 1443 2357 fugitantcm
1473 2283 1566 2350 "0,
1589 2281 1770 2337 donec

131 2399 322 2439 rumor
354 2380 732 2437 infestationis
778 2381 1185 2453 Hungarorum,
1236 2378 1388 2451 quod
1430 2378 1627 2433 iterum
1653 2378 1767 2447 jam

133 2473 391 2528 Rhenum
426 2471 776 2537 transissent,
834 2467 1140 2525 exercitum
1194 2468 1252 2522 in
1289 2466 1574 2522 Franciam
1606 2481 1769 2537 repe-

136 2568 267 2623 dare
280 2566 493 2639 coegit.

196 2662 356 2736 Hugo
382 2659 535 2715 ﬁlius
567 2660 764 2726 Bertae,
822 2674 916 2713 rex
976 2658 1163 2714 Romae
1192 2673 1362 2728 super
1388 2657 1596 2712 Italiam
1628 2671 1765 2711 con-

128 2753 395 2816 stituitur,
429 2751 661 2822 expulso
695 2747 932 2805 Rodulfo
960 2747 1249 2819 Cisalpina:
1278 2747 1464 2803 Gallia:
1488 2762 1636 2819 rege,
1671 2744 1766 2818 qui

134 2860 367 2917 regnum
422 2842 558 2897 illud
589 2848 924 2914 pervaserat,
984 2849 1039 2895 et
1090 2839 1249 2894 alteri
1302 2838 1521 2893 feminae
1547 2837 1765 2892 vivente

134 2951 301 2990 uxore
334 2949 438 2989 sua
484 2949 547 2988 se
608 2933 997 3004 copulaverat;
1055 2930 1240 2986 occiso
1291 2945 1518 3001 quoque
1561 2945 1592 2983 a
1634 2926 1766 2983 ﬁliis

131 3028 302 3083 Bertze
337 3024 620 3082 Burcardo
671 3027 737 3061 ³⁸⁸
798 3026 1226 3079 Alamannorum
1283 3022 1563 3094 principe,
1590 3021 1766 3092 ipsnus

132 3119 349 3177 Rodulﬁ
384 3134 601 3182 socero.
631 3118 726 3191 qui
756 3117 919 3189 Alpes
945 3133 1068 3172 cum
1096 3116 1218 3187 ipso
1250 3121 1631 3181 transmearat,
1662 3115 1766 3170 Ita-

131 3216 215 3272 liae
243 3218 314 3250 3“
343 3213 697 3291 regnigratia
725 3211 1334 3286 recuperandigenero.
1363 3210 1517 3283 llugo
1550 3209 1767 3281 presbi-

132 3313 212 3361 ter
258 3305 530 3377 expulsus
579 3302 842 3368 Virdnno,
902 3302 1246 3374 defungitur.
1300 3300 1577 3355 Ebrardus
1634 3300 1764 3371 qui-

1798 1879 1851 1948 Β

1873 636 2215 711 defungitur.
2270 639 2591 695 Heribertus
2642 655 2831 695 comes
2888 639 3100 713 legatos
3155 657 3287 698 suos
3351 652 3502 701 trans

1872 729 2127 784 Rhenum
2157 729 2344 803 dirigit
2393 731 2463 786 ad
2494 732 2831 797 Heinrieum,
2854 732 3061 804 quibus
3078 736 3335 803 reversis,
3368 752 3504 794 evo-

1871 827 2027 876 catur
2076 821 2143 877 ad
2197 822 2534 894 colloquium
2592 822 2834 879 Heinrici
2885 841 2987 895 per
3036 826 3265 883 eosdem
3310 829 3400 894 ’5’,
3428 830 3498 884 ad

1871 918 2019 989 quod
2050 918 2118 952 ²⁵³
2148 934 2475 989 properans,
2522 935 2646 974 cum
2678 919 2909 991 Hugone
2937 919 3186 976 Rotberti
3216 920 3330 977 tilio
3361 939 3499 994 pace

1873 1007 2108 1075 ﬁrmata,
2141 1010 2468 1066 muneribus
2500 1010 2813 1066 Heinricum
2843 1011 3079 1067 honorat
3098 1020 3155 1069 et
3195 1014 3502 1085 honoratur

1874 1093 1943 1155 ab
1970 1100 2084 1156 illo.
2117 1101 2197 1156 lbi
2227 1100 2394 1156 etiam
2446 1101 2735 1158 Heinricus
2776 1103 3122 1175 episcOpium
3171 1105 3239 1139 ’⁵⁸
3270 1104 3503 1161 Metten-

1876 1192 2044 1259 sium,
2069 1200 2386 1264 contempta
2402 1194 2678 1250 electione
2707 1194 2979 1265 ipsorum,
3001 1196 3244 1263 cuidam,
3274 1204 3334 1253 ut
3361 1196 3502 1254 fere-

1874 1287 2058 1354 batur,
2091 1288 2188 1343 Dei
2216 1304 2375 1344 servo
2407 1288 2583 1355 dedit,
2623 1297 2993 1365 cognomento
3016 1291 3289 1348 Bennoni.

1949 1380 2103 1456 Hugo
2135 1380 2281 1437 ﬁlius
2312 1382 2562 1438 Rotberti
2604 1389 2662 1438 et
2717 1383 3037 1439 Heribertus
3084 1400 3271 1440 comes
3304 1394 3498 1443 contra

1870 1470 2240 1525 Nortmannos
2265 1477 2524 1545 pergunt,
2558 1472 2653 1543 qui
2671 1488 2839 1543 super
2860 1472 3089 1529 ﬂuvium
3118 1472 3352 1548 Ligerim
3381 1491 3499 1533 mo-

1875 1560 2156 1615 rabantur.
2186 1561 2508 1631 Tempestas
2550 1562 2789 1618 maxima
2833 1579 3034 1638 pagum
3070 1564 3495 1623 Laudunensem

1874 1653 2154 1708 concussit
2180 1660 2237 1707 et
2268 1654 2680 1719 Suessonicum,
2738 1672 2848 1727 qua
2873 1656 3071 1712 domus
3098 1674 3302 1714 eversae
3330 1660 3497 1718 arbo-

1877 1756 2074 1812 resque
2114 1741 2298 1797 multaa
2353 1741 2578 1798 fuerunt
2616 1743 2846 1810 evulsas,
2895 1745 3149 1802 homines
3199 1748 3498 1807 exanimati
3603 1776 3608 1781 -

1875 1845 1976 1901 per
2005 1830 2125 1885 loca
2156 1830 2375 1886 diversa
2406 1833 2767 1903 quamplures
2796 1834 2884 1888 ’55.
2946 1834 3253 1891 Willelmus
3270 1837 3501 1908 Aquita-

1876 1937 2074 1977 norum
2105 1923 2369 1995 princeps
2386 1923 2546 1979 obiit.
2568 1925 2892 1981 Nortmanni
2914 1926 2984 1982 de
3004 1927 3184 1999 Ligeri
3204 1936 3495 2001 postquam

1874 2011 2089 2067 obsessi
2118 2020 2251 2068 sunt
2274 2012 2928 2088 ebdomatibusquinque
2943 2016 3011 2070 ab
3041 2017 3326 2073 Heriberto
3356 2020 3497 2073 et’“

1877 2107 2132 2181 Hugone,
2192 2108 2338 2163 datis
2386 2110 2738 2181 receptisque
2796 2109 3091 2167 obsidibus
3129 2119 3184 2168 et
3227 2128 3496 2170 concesso

1873 2195 1978 2249 sibi
2003 2212 2145 2269 pago
2174 2196 2516 2264 Namnetico,
2537 2215 2729 2269 pacem
2761 2200 3025 2273 pepigere
3044 2201 3289 2258 Francis.
3322 2202 3495 2274 Syno-

1871 2285 1977 2340 dus
1999 2302 2096 2341 sex
2125 2287 2515 2358 episcOporum
2569 2289 2716 2359 apud
2772 2290 3078 2347 Trosleium
3132 2292 3339 2361 habita,
3369 2310 3498 2351 con-

1872 2374 2181 2430 tradicente
2205 2390 2333 2450 rege
2368 2376 2627 2445 Rodulfo,
2678 2394 2778 2450 per
2806 2379 3005 2436 missos
3036 2380 3493 2440 Heriberticomi-

1869 2467 1962 2535 tis,
1989 2475 2042 2523 et
2066 2468 2363 2523 mandante
2422 2469 2498 2524 illi
2553 2478 2612 2527 ut
2663 2472 2936 2543 synodum
2971 2472 3236 2540 differret,
3269 2474 3491 2547 sibique

1869 2560 2096 2616 obvium
2137 2560 2207 2615 ad
2228 2560 2630 2632 Compendium
2658 2563 2724 2597 ²⁵⁷
2755 2564 2989 2623 veniret.
3024 2564 3180 2630 Quod
3210 2566 3304 2620 ille
3325 2583 3491 2642 agere

1868 2653 2051 2709 renuit
2092 2655 2160 2688 ²⁵⁸
2191 2654 2442 2725 ;synodo
2472 2670 2607 2709 vero
2655 2654 2921 2711 interfuit.
2952 2655 3052 2711 Ubi
3081 2657 3377 2715 Herluinus
3397 2675 3491 2716 co-

1868 2762 1988 2801 mes
2014 2749 2083 2801 ad
2113 2746 2501 2818 paenitentiam
2530 2746 2684 2802 venit
2714 2763 2814 2819 pro
2840 2763 3030 2814 uxore,
3066 2764 3230 2820 quam
3259 2750 3491 2806 duxerat

1866 2839 1974 2895 alia
2026 2839 2271 2896 vivente.
2318 2840 2455 2896 Post
2496 2840 2906 2898 absolutionem
2946 2841 3143 2913 synodi
3175 2841 3492 2899 Heribertus

1868 2947 2057 2987 comes
2088 2932 2412 2988 Laudunum
2446 2933 2667 3007 ingredi
2714 2934 2932 2999 voluit;
2986 2935 3254 3006 praevenit
3309 2944 3495 2991 autem

1865 3037 1990 3077 eum
2020 3022 2291 3078 Rodnlfus
2320 3038 2435 3089 rex,
2467 3023 2760 3079 missisillo
2788 3024 3057 3079 militibns
3085 3024 3155 3078 ad
3185 3024 3491 3080 custodiam

1867 3110 1972 3167 loci
2009 3129 2024 3177 ;
2059 3112 2179 3183 ipse
2235 3112 2421 3170 denuo
2472 3115 2540 3149 ³⁵³
2592 3113 2945 3181 subsecutus,
3005 3114 3152 3169 idem
3205 3114 3492 3170 castellum

1867 3202 2155 3277 ingressus
2184 3210 2286 3257 est.
2320 3203 2386 3258 At
2444 3202 2764 3259 Heribertus
2804 3202 3058 3258 Karolum
3126 3203 3194 3258 de
3242 3203 3491 3259 custodia

1867 3292 2057 3361 ejecit,
2099 3308 2405 3363 secumque
2429 3293 2484 3346 in
2514 3308 2715 3366 pagum
2746 3292 3235 3347 Veromandinsem
3264 3293 3354 3360 ³⁸0,
3375 3292 3490 3348 sci-

133 3398 256 3451 dam
288 3397 363 3430 ³⁸³
383 3394 858 3449 Transrhenensis
887 3393 944 3447 in
978 3407 1214 3468 regnum
1264 3390 1507 3446 Lotharii
1527 3390 1765 3444 mittitur

1949 3392 1996 3438 et
2028 3383 2096 3437 ad
2146 3382 2407 3438 Sanctum
2453 3382 2777 3448 Quintinum
2826 3381 3056 3438 deduxit
3103 3382 3194 3450 ²⁶¹,
3222 3381 3491 3438 Rodulfus

136 3490 205 3545 ab
234 3488 525 3555 Πείηι-ίοο,
552 3487 822 3557 justitiam
867 3486 1104 3542 faciendi
1136 3501 1321 3548 causa,
1355 3492 1410 3540 ει
1435 3483 1767 3540 ιοιιῃιιιὶρη-
1871 3488 2001 3529 vero
2032 3474 2088 3527 in
2107 3472 2482 3545 Burgundiam
2512 3472 2825 3541 revertitur,
2849 3471 3335 3547 Rotgarii’5’tiliis
3364 3488 3490 3529 cum

130 3597 220 3637 ses
249 3581 401 3636 inter
437 3595 497 3635 se
540 3595 674 3651 pace
729 3578 1031 3635 consociat.
1092 3576 1362 3633 Rodultus
1387 3592 1595 3639 comes,
1622 3575 1769 3630 ﬁlius

136 3673 411 3730 Heiluidis
455 3674 545 3738 ’“,
599 3672 762 3727 obiit.
831 3672 948 3727 Non
1010 3670 1184 3726 multo
1228 3669 1536 3741 postetiam
1563 3669 1769 3743 Rotga-

130 3765 243 3821 rius
271 3767 343 3801 ³⁸⁸
374 3764 602 3819 vitricus
630 3764 701 3798 ³³⁵
731 3763 875 3833 ejus,
934 3777 1125 3817 comes
1183 3761 1569 3817 Laudunensis
1617 3759 1768 3835 pagi,

128 3858 392 3914 decessit.
424 3857 582 3930 Hugo
614 3855 761 3911 ﬁlius
790 3853 1040 3911 Rotberti
1071 3852 1237 3908 ﬁliam
1263 3852 1549 3908 Eadvvardi
1582 3852 1649 3888 "7
1682 3869 1771 3907 rc-

128 3946 213 4020 gis
243 3945 549 4020 Anglorum
594 3958 844 4000 sororem
876 3941 1130 4018 conjugis
1174 3940 1376 4008 Karoli,
1420 3940 1575 3996 duxit
1627 3955 1764 3996 uxo-

129 4057 265 4097 rem.
299 4041 462 4096 Anno

744 4128 1104 4185 DCCCCXXVI
1114 4129 1152 4183 Ι.

134 4221 283 4277 inter
311 4219 615 4277 Rodulfum
648 4235 835 4292 regem
892 4225 952 4273 et
977 4217 1325 4273 Heribertum
1366 4216 1623 4272 comitem
1663 4230 1764 4286 pro

136 4309 495 4366 Laudunensi
524 4310 809 4377 comitatu,
850 4325 1016 4381 quem
1067 4309 1387 4363 Heribertus
1434 4307 1608 4362 Odoni
1652 4307 1766 4361 tilio

136 4417 241 4457 suo
268 4400 391 4456 dari
421 4401 665 4471 petebat,
691 4400 1035 4457 concedente
1054 4400 1204 4455 illum
1235 4414 1365 4471 rege
1391 4398 1610 4454 cuidam
1624 4397 1768 4452 filio-

134 4510 257 4548 rum
288 4493 541 4566 Rotgarii
601 4494 825 4549 nomine
867 4492 1128 4569 Rotgario
1158 4493 1249 4560 "3,
1294 4492 1546 4548 simultas
1576 4497 1765 4547 exorta

1868 3584 2038 3624 uxore
2065 3585 2164 3624 sua
2189 3569 2256 3623 ad
2288 3567 2595 3624 custodiam
2649 3568 2898 3624 Lauduni
2943 3567 3150 3625 relictis
3182 3567 3311 3641 ;qui
3336 3584 3493 3643 egre-

1871 3658 2109 3724 dientes,
2145 3658 2263 3713 loca
2306 3673 2543 3729 quaeque
2597 3656 2885 3713 devastant
2948 3657 3017 3692 ²⁶³
3060 3658 3207 3713 circa
3238 3657 3492 3713 Codicia-

1870 3767 1995 3807 cum
2025 3751 2158 3822 (57),
2192 3749 2459 3822 episcopii
2492 3748 2782 3804 Remensis
2819 3755 3080 3803 castrum.
3113 3749 3344 3805 Karolus
3388 3748 3494 3820 igi-

1873 3852 1961 3899 tur
1980 3860 2103 3899 cum
2129 3842 2411 3898 Heriberto
2463 3841 2798 3914 colloquium
2843 3840 2979 3913 petit
3024 3839 3489 3897 Nortmannorum

1865 3940 1934 3994 ad
1958 3939 2328 3993 ’“castellum
2385 3937 2533 4010 quod
2586 3937 2736 4012 Auga
2795 3937 2863 3971 ’⁸⁵
2919 3944 3166 4003 vocatur,
3208 3934 3397 4008 ibique
3426 3951 3487 3991 se

1866 4026 2016 4083 ﬁlius
2046 4027 2294 4083 Rollonis
2349 4026 2544 4083 Karolo
2599 4026 2893 4082 committit
2952 4026 3044 4094 ³⁵⁸,
3088 4033 3143 4081 et
3186 4024 3487 4081 amicitiam

1867 4124 2046 4181 ﬁrmat
2074 4141 2198 4180 cum
2247 4121 2560 4179 Heriberfo.
2619 4123 2794 4179 Metus
2849 4123 3062 4178 interea
3101 4120 3223 4177 falsi
3252 4120 3491 4176 rumoris

1868 4221 2248 4296 Hungarorum
2281 4229 2336 4275 et
2368 4220 2508 4293 fuga!
2560 4237 2661 4292 per
2718 4235 2946 4293 regnum
2995 4216 3350 4273 Lothariense
3372 4214 3493 4291 agi-

1868 4319 2053 4369 tantur
2078 4318 2133 4369 et
2158 4312 2465 4369 Franciam.
2497 4314 2653 4369 Anno

2476 4400 2887 4457 DCCCCXXVIll

1869 4493 2187 4559 inchoante,
2236 4494 2291 4547 in
2348 4493 2483 4565 ipsis
2526 4494 2813 4550 solemniis
2866 4494 2932 4528 ²⁶⁷
2972 4499 3125 4549 ortus
3176 4490 3485 4559 mChristi,

134 4589 332 4644 est“.
367 4588 528 4644 Acies
585 4588 763 4660 igneae
796 4588 981 4643 Remis
1034 4588 1089 4642 in
1140 4588 1280 4644 caelo
1331 4602 1519 4642 mense
1573 4580 2141 4662 MartionRodulfus
2163 4586 2228 4640 dc
2260 4586 2577 4662 Burgundia
2628 4601 2753 4642 cum
2796 4586 2985 4642 hostili
3034 4584 3487 4657 Burgundionum

134 4694 301 4733 mane
318 4678 560 4751 quadam
615 4678 707 4733 die
751 4677 1031 4732 dominica
1082 4677 1215 4731 visae
1248 4677 1377 4743 ;cui
1404 4677 1562 4749 signo
1593 4675 1766 4748 pestis

135 4785 165 4825 e
187 4770 429 4846 vestigio
450 4770 743 4836 successit,
776 4769 930 4841 quasi
978 4768 1147 4823 febris
1165 4777 1221 4824 et
1242 4769 1428 4836 tussis,
1451 4785 1576 4840 quae
1597 4768 1764 4823 mixta

132 4874 363 4932 quoque
390 4859 459 4894 ²³⁰
487 4858 821 4915 mortalitate
855 4858 909 4911 in
961 4864 1188 4913 cunctas
1212 4855 1519 4913 Germaniae
1551 4856 1765 4911 Galliae-

1791 4636 1847 4703 D

1873 4694 2035 4732 manu
2069 4677 2307 4732 venith
2356 4677 2638 4733 Franciam
2697 4677 3019 4749 prmdando,
3075 4687 3131 4733 et
3186 4678 3348 4732 etiam
3374 4676 3494 4732 loca

1866 4767 2116 4837 quaedam
2168 4765 2538 4823 incendendo.
2587 4766 2682 4822 Cui
2722 4767 2877 4841 Hugo
2926 4767 3075 4822 ﬁlius
3114 4766 3360 4823 Rotberti
3390 4767 3492 4822 Ob-

1865 4856 2009 4910 viam
2068 4862 2328 4928 properat
2393 4855 2793 4928 venientesque
2839 4872 3009 4929 super
3066 4856 3290 4926 lsaram,
3349 4854 3494 4910 inter

1502 5015 1721 5071 VARIzE
1749 5014 2133 5070 LECTIONES.

209 5147 282 5182 ’³ο
359 5147 640 5203 notinsem
698 5148 754 5215 2,
816 5148 1101 5203 vozinsem
1164 5148 1218 5203 3.
1299 5147 1364 5181 ²³¹
1425 5148 1572 5201 deest
1628 5147 1682 5213 1,
1740 5145 1795 5212 3,
1848 5147 1916 5179 ²³²
1971 5148 2031 5199 in
2083 5146 2198 5200 eod.
2274 5146 2297 5200 1
2384 5153 2469 5200 est
2550 5147 3003 5216 superscriptym.
3071 5141 3143 5216 ³ᾗῇ
3203 5139 3376 5216 velu_t_i
3426 5140 3469 5216 ⁸ἒξ

143 5219 211 5292 ²ῗ⁸⁵
242 5219 536 5292 immutata
575 5220 632 5285 2,
662 5211 935 5292 ’35'deestg
962 5221 1043 5292 2._
1076 5220 1146 5292 93f
1199 5217 1583 5292 wallcburgisA
1614 5211 1788 5292 τὶς-3.
1834 5216 2139 5292 galbusgis.
2194 5220 2349 5292 {Iugo
2413 5219 2493 5292 El.
2528 5211 2646 5292 fi”:
2674 5211 2842 5292 saepe
2876 5214 3247 5292 fiunt.__Hugo
3304 5212 3381 5292 Pl:
3414 5211 3492 5292 ,Ὗ

144 5236 536 5274 “immutata
575 5236 632 5285 z,
664 5236 907 5275 ιουαεεδι
962 5236 1017 5273 z.
1077 5236 1146 5253 m
1199 5236 1471 5275 wattenur
1514 5236 1558 5272 IS
1615 5236 1667 5279 1',
1724 5236 1778 5284 ο,
1834 5236 2139 5292 gatnusgts.
2194 5236 2349 5286 ungo
2413 5236 2493 5272 ιιι.
2542 5236 2604 5251 ιω
2674 5236 2823 5287 δευρθ
2876 5236 3032 5269 nunt.
3091 5236 3247 5281 nugo
3304 5236 3381 5266 rt.
3414 5236 3487 5269 ,κ-

142 5290 288 5365 ςζςεέι
319 5290 502 5365 1,3?”
532 5306 581 5365 ρ.
604 5291 647 5365 j.
683 5293 875 5365 desunt
914 5290 947 5365 1A
980 5290 1078 5365 ’f°_
1109 5288 1412 5365 fugientem
1466 5236 1521 5365 Ξ,
1559 5289 1611 5365 3.
1646 5289 1729 5365 εξίέ
1780 5287 2060 5365 buchardo
2182 5290 2284 5365 Δία
2335 5288 2486 5365 italia
2519 5290 2572 5365 _2_.
2614 5287 2838 5365 _ita_l_i_am
2903 5286 2955 5339 3.
2986 5284 3323 5365 .“ﬂquoque

140 5362 209 5395 ²⁴⁴
228 5359 507 5416 ‘heiloidis
534 5353 866 5417 2.'heloidis
922 5362 977 5417 3.
1006 5360 1037 5417 3
1066 5362 1119 5416 b.
1143 5353 1212 5397 ’δέ
1263 5361 1552 5435 rotgardus
1592 5363 1641 5415 1.
1663 5361 1732 5395 ²⁸⁶
1787 5360 2048 5413 victricus
2090 5360 2144 5414 2.
2179 5360 2247 5392 "7
2295 5360 2561 5415 caduartli
2609 5359 2663 5412 2.
2700 5359 2767 5392 ³⁸⁸
2797 5353 3134 5463 rotgerio1,
3179 5353 3404 5428 ro‘tgarii
3433 5353 3486 5408 2.

140 5431 554 5463 sto-..m.:a...o
603 5435 636 5463 ι)
689 5434 759 5463 uno
788 5434 979 5463 Αηηηιι
1069 5433 1137 5463 2m
1170 5434 1433 5463 ηηοηηυςο
1464 5434 1496 5463 9
1574 5437 1623 5463 Α
1652 5433 1801 5463 ξηρνη
1859 5431 1927 5463 252
1960 5444 2056 5463 nm
2117 5430 2311 5463 ηιπιοηη
2374 5431 2405 5463 Q
2461 5432 2531 5463 233
2585 5446 2721 5463 ηιιηο
2774 5430 2796 5463 οι
2903 5428 2947 5463 at
3005 5426 3235 5463 ωιίαμηη
3271 5443 3282 5454 -
3313 5442 3402 5463 nm
3432 5423 3468 5463 9

227 5432 572 5510 exoritur‘2.
600 5435 667 5510 §._
689 5434 762 5510 ’δὴ
785 5434 931 5510 deest
958 5433 1137 5510 1.__’5‘
1170 5423 1436 5510 meten'sis
1463 5434 1513 5487 3.
1568 5437 1623 5510 et
1652 5433 1824 5510 igfra.
1859 5431 1927 5463 ²⁵²
1958 5444 2075 5510 pro“
2117 5430 2313 5510 eodem
2461 5432 2531 5465 ’53
2562 5446 2725 5510 ‘quo‘s
2774 5423 2947 5510 tum
3005 5423 3404 5510 episcopfum

141 5503 210 5575 ἓξδ
243 5505 442 5575 plures
483 5504 540 5559 1.
597 5505 670 5540 ³⁸³
726 5505 869 5560 deest
893 5505 949 5558 2.
994 5504 1061 5539 ’⁵⁷
1113 5504 1508 5575 compendium
1564 5503 1620 5557 2.
1654 5494 1741 5575 7’53
1776 5494 1997 5575 rennuit
2043 5499 2097 5554 2.
2149 5502 2218 5575 ’δέ
2266 5500 2508 5572 denique
2560 5494 2619 5555 2:
2689 5502 2739 5575 3.
2802 5500 2871 5575 πί)
2928 5494 3487 5575 aeroman'dissem}.

138 5574 206 5648 ῗξξ
244 5566 485 5648 deducit
508 5575 759 5648 2.773.?!”
817 5575 1043 5648 rotgerii
1080 5566 1257 5648 _1._’f"3'
1296 5576 1584 5630 devastent
1638 5574 1695 5640 2,
1728 5574 1796 5607 ’6‘
1853 5574 1921 5626 ad
1980 5586 2030 5626 c.
2086 5588 2142 5643 q.
2193 5570 2255 5626 A.
2296 5588 2351 5625 v.
2419 5566 2476 5626 in
2537 5574 2788 5641 margine
2838 5570 2894 5626 ‘2.
2928 5571 2995 5605 ²⁶⁵
3052 5569 3186 5644 Alga
3213 5569 3368 5635 Hugo
3403 5566 3486 5621 Fl.

138 5644 209 5678 ’⁵⁵
238 5645 545 5702 committit
572 5647 630 5715 2,
662 5646 730 5681 ³⁸⁷
770 5644 1038 5702 solenniis
1068 5646 1121 5701 1.
1155 5646 1223 5681 ³⁵⁸
1253 5654 1435 5704 ortum
1468 5648 1515 5703 1.

1721 5742 1932 5799 NOTAE.

213 5844 333 5916 (57)
366 5845 562 5915 Coucy.
