3874 6400
167 441 271 497 441

1692 439 2011 494 ANNALES.

3405 434 3511 490 M2

165 580 286 627 erat
311 572 579 646 ﬂugonis,
636 570 864 644 recepit.
896 570 1103 626 Diversi
1135 578 1315 627 motus
1352 569 1630 646 agitantur
1668 571 1793 625 bel-
1821 574 1871 643 Α
1893 579 1979 626 tus
2008 569 2253 644 obriguit
2281 567 2464 623 nervis
2514 567 2585 602 ³²⁰
2634 575 2744 622 tam
2784 582 3047 622 manuum
3075 578 3240 638 quam
3271 564 3508 632 basium,

164 665 345 720 lorum
368 681 469 735 per
525 665 808 720 Franciam
853 665 1000 720 inter
1029 665 1315 739 Hugonem
1338 670 1391 718 et
1421 664 1784 719 Heribertum.

163 758 435 815 Rodulfus
462 776 555 815 rex
586 759 643 814 in
684 759 968 814 Franciam
1012 759 1266 824 veniens,
1302 775 1492 830 pacem
1521 760 1666 814 inter
1692 775 1788 814 eos

159 857 329 920 atque
356 848 424 883 ³⁰¹
461 849 731 904 Bosonem
765 848 938 903 multo
984 848 1169 903 labore
1220 866 1319 920 per
1337 848 1555 903 diversa
1587 849 1788 919 placita

159 938 496 1009 componit;
546 944 601 992 et
654 936 971 992 lienbertu's
1028 937 1394 992 Victoriacum
1458 936 1528 971 ³⁰²
1585 933 1783 991 Bosoni

161 1026 364 1081 reddit.
395 1026 682 1081 Adelelmo
725 1025 1174 1081 Laudunensium
1232 1022 1786 1096 praesule'defuncto,

164 1118 473 1189 Gozpertus
500 1118 572 1152 ³⁰³
601 1133 777 1189 nepos
806 1118 928 1186 ejus
967 1118 1310 1189 episcOpium
1338 1118 1407 1151 ³⁰⁸
1441 1117 1783 1188 adipiscitur.

162 1209 489 1264 Heribertus
518 1210 797 1265 Ansellum
850 1210 1085 1265 Bosonis
1126 1209 1413 1275 vasallum,
1472 1209 1565 1281 qui
1606 1209 1787 1264 Victo-

159 1303 373 1357 riacum
407 1302 476 1337 ³⁰⁶
517 1302 766 1368 tenebat,
800 1317 924 1356 cum
982 1303 1104 1373 ipso
1163 1302 1394 1356 castello
1453 1300 1672 1371 recipit,
1734 1307 1788 1355 et

157 1390 513 1447 Codiciacum
572 1390 651 1444 illi
690 1406 814 1445 cum
870 1390 978 1445 alia
1034 1397 1177 1445 terra
1220 1390 1494 1445 concedit.
1550 1389 1785 1445 Rodulfo

156 1494 289 1554 rege
310 1478 368 1532 in
398 1478 771 1551 Burgundiam
801 1493 1074 1552 regresso,
1121 1478 1509 1533 Lotharienses
1540 1477 1593 1530 in
1619 1478 1789 1532 Fran-

153 1570 295 1625 ciam
337 1585 466 1626 cum
500 1570 805 1625 Gisleberto
835 1569 1054 1625 obviam
1103 1569 1317 1639 llugoni
1352 1569 1422 1603 ³⁰⁶
1450 1569 1703 1632 veniunt,
1732 1574 1787 1624 et

150 1661 425 1732 oppidum
456 1660 740 1732 quoddam
795 1660 1020 1715 nomine
1050 1660 1314 1733 Duagium
1346 1661 1477 1728 (63),
1507 1661 1653 1731 quod
1687 1661 1788 1714 Ar-

154 1753 365 1808 noldus
392 1752 638 1817 tenebat,
663 1752 918 1807 adactum
960 1752 1260 1807 obsidione
1288 1752 1534 1821 capiunt.
1573 1753 1786 1806 Interea

154 1842 418 1897 homines
448 1841 681 1895 Bosonis
710 1841 1078 1896 Victoriacum
1130 1841 1447 1912 proditione
1487 1840 1782 1910 recipiunt,

1888 660 2178 731 ruentiqne
2209 658 2317 713 sibi
2349 658 2648 729 pavimenti
2687 674 2749 713 os
2778 658 2955 712 visum
2987 664 3073 711 est
3100 655 3397 711 adhtesisse
3429 654 3514 711 la-

1888 757 2002 827 pidi
2045 774 2059 822 ;
2094 772 2202 828 quo
2237 757 2402 827 paulo
2432 763 2555 827 post
2609 754 2871 817 resoluto,
2915 761 3023 808 tam
3053 744 3312 807 manibus
3343 766 3510 821 quam

1889 848 2142 904 cruribus
2170 850 2349 921 rigore
2382 846 2718 911 constrictis,
2774 845 3024 899 defertur
3067 842 3368 898 immobilis
3392 842 3457 876 3"
3493 857 3509 907 ;

1889 945 2051 1010 atque
2080 946 2202 1009 post
2232 937 2425 1010 quinta
2454 937 2546 991 die
2592 935 2870 991 dominica
2908 934 2979 968 ³²²
3010 950 3210 988 manus
3251 932 3301 987 ei
3333 930 3512 986 resol-

1888 1044 2091 1088 vuntur
2127 1036 2194 1088 ad
2226 1034 2474 1099 missam,
2533 1031 2610 1099 et}
2640 1047 2798 1087 crura
2859 1029 3118 1085 similiter
3177 1027 3246 1082 ad
3286 1026 3510 1081 missam

1888 1124 2318 1197 quintadecima.
2356 1123 2450 1178 Cui
2485 1140 2573 1178 res
2601 1122 2798 1178 similis
2826 1122 2915 1176 dle
2935 1117 3378 1177 circumcisionis
3411 1117 3515 1172 Do-

1889 1215 2024 1269 mini
2055 1222 2181 1269 ante
2208 1214 2453 1286 quinque
2476 1229 2653 1268 annos
2694 1211 2750 1266 in
2783 1211 2976 1266 eadem
3010 1208 3288 1263 acciderat
3308 1206 3513 1261 aaccle-

1888 1306 2059 1373 sia,et
2088 1305 2365 1360 resolutus
2397 1304 2603 1358 ibidem
2637 1310 2760 1373 post
2790 1302 3014 1376 triginta
3044 1300 3164 1355 dies
3184 1299 3254 1333 ³²³
3304 1297 3361 1353 in
3394 1298 3513 1369 ipsa

1889 1399 2288 1471 puriﬁcationis
2318 1398 2499 1453 fuerat
2542 1398 2940 1454 sollemnitate.

1960 1492 2277 1555 Rotbertus,
2328 1491 2785 1561 archiepiscopus
2828 1490 2897 1522 ³³³
2944 1485 3281 1542 Turonensis
3313 1483 3512 1539 accele-

1887 1583 1981 1638 size
2032 1584 2201 1637 Roma
2259 1598 2534 1648 remeans,
2590 1582 2695 1635 sub
2752 1581 2977 1652 Alpibus
3012 1586 3176 1633 noctu
3207 1576 3348 1632 infra
3389 1582 3511 1631 ten-

1888 1680 2026 1733 toria
2056 1695 2179 1733 cum
2211 1678 2600 1733 comitantibus
2628 1693 2814 1732 secum
2848 1675 3184 1730 interimitur
3220 1690 3252 1728 a
3290 1670 3515 1727 latroni-

1887 1769 2011 1824 bus.
2047 1767 2577 1835 Gislebettus,ﬁlius
2620 1768 2887 1832 Manasse,
2921 1782 3097 1838 arege
3127 1763 3362 1820 Rodulfo
3392 1763 3513 1817 des-

1886 1858 2041 1913 ciscit
2071 1859 2140 1891 ³²δ
2171 1868 2396 1929 prapter
2453 1858 2752 1912 Avalonum
2809 1858 2879 1890 ³²⁶
2911 1856 3019 1925 (6i)
3052 1862 3313 1922 castrum,
3359 1852 3511 1925 quod

149 1933 465 1989 Mosomum
534 1932 731 1988 fraude
788 1934 1116 2004 pervadunt.
1178 1934 1341 1999 Boso,
1404 1933 1611 1988 relictis
1660 1933 1783 2004 qui-

1978 1968 2044 2007 eo
2074 1953 2262 2007 Emma
2292 1953 2481 2027 regina
2501 1952 2822 2018 abstulerat,
2866 1951 3143 2022 simulque
3176 1949 3385 2003 recedit
3413 1948 3511 2003 Ri-

150 2023 393 2077 busdam
425 2021 686 2076 ﬁdelibus
723 2022 839 2076 suis
861 2023 931 2076 ad
986 2022 1292 2078 custodiam
1327 2021 1582 2090 Mosomi,
1615 2020 1786 2092 proﬁ-

149 2112 384 2168 ciscitur
409 2112 479 2167 ad
505 2112 857 2166 obsidionem
893 2112 1054 2167 castri
1091 2113 1513 2183 praememorati.
1541 2115 1604 2167 At
1628 2112 1785 2167 lleri-

149 2211 365 2274 bertus,
400 2224 431 2262 a
481 2206 818 2279 quibusdam
878 2207 1318 2263 Mosomensibus
1373 2208 1442 2243 ³⁰⁷
1501 2215 1782 2277 evocatus,

148 2300 482 2372 supervenit
509 2300 845 2370 insperatus,
872 2300 1306 2372 transmissaque
1326 2301 1473 2357 Mosa
1486 2302 1641 2357 vadis
1670 2301 1785 2357 ino-

149 2393 380 2461 pinatis,
414 2398 468 2447 et
496 2393 709 2447 intrans
750 2393 1043 2462 oppidum,
1078 2399 1233 2464 porta
1264 2393 1500 2449 latenter
1535 2411 1565 2449 a
1593 2395 1786 2449 castel-

148 2487 289 2541 lanis
320 2486 415 2557 [H.
463 2486 549 2544 Β..
602 2484 834 2555 civibus]
861 2492 1074 2555 aperta,
1106 2486 1370 2541 vassallos
1405 2487 1655 2553 Bosonis,
1690 2488 1783 2560 qui

148 2578 220 2632 ibi
246 2578 318 2613 ⁸⁸⁸
348 2576 533 2632 relicti
565 2576 635 2630 ad
665 2576 951 2631 munimen
975 2576 1083 2633 loci
1112 2576 1355 2645 fuerant,
1385 2594 1581 2633 omnes
1612 2580 1780 2650 capit.

148 2665 370 2722 Remis"
398 2665 545 2720 infra
574 2673 629 2719 et
656 2665 804 2719 circa
832 2666 1137 2720 tecclesiam
1159 2675 1365 2722 sanctae
1387 2666 1568 2721 Mariae
1593 2667 1783 2721 lumen

224 2790 435 2862 ['Ibid.
454 2787 657 2844 Eodem
677 2797 924 2862 tempore
942 2796 1069 2845 ante
1088 2791 1323 2845 natalem
1342 2791 1558 2846 Domini
1574 2791 1782 2857 Remis,

219 2861 326 2944 etc.
359 2876 725 3005 —app]arens
755 2861 823 2915 ad
854 2862 1149 2916 australem
1180 2872 1391 2933 partem
1417 2862 1785 2933 pertransisse

218 2948 404 2988 Visum
434 2942 541 2987 est.

157 3082 418 3139 magnum
460 3064 777 3137 aquilonari
835 3075 888 3121 et
939 3064 1194 3121 orientali
1238 3072 1390 3137 parte
1435 3066 1599 3137 paulo
1655 3076 1784 3125 ante

155 3159 370 3214 initium
402 3156 518 3212 diei
549 3156 1004 3229 apparuitAnno

802 3306 1162 3362 DLCCCXXXI

160 3416 434 3473 Rodulfus
457 3432 551 3471 rex
580 3415 650 3449 ³⁰⁹
697 3415 965 3470 Viennam
1006 3415 1304 3486 profectus,
1328 3415 1485 3469 Karlo
1504 3415 1574 3448 ³¹⁰
1606 3414 1780 3468 Cons-

159 3507 397 3572 tantino,
428 3503 825 3560 Lucdowiciw
855 3503 983 3559 Orbi
1007 3504 1076 3538 3"
1109 3502 1242 3571 filio,
1270 3504 1363 3577 qui
1388 3520 1508 3558 eam
1540 3504 1781 3567 tenebat,

158 3593 569 3663 subjectionem
633 3593 1001 3664 pollicitante,
1062 3594 1375 3657 revertitur,
1425 3599 1478 3647 et
1507 3592 1785 3647 Turonum

155 3683 220 3738 ad
246 3691 506 3738 sanctum
532 3680 825 3737 Martinum
883 3683 1151 3738 orationis
1181 3683 1355 3757 gratia
1395 3681 1787 3753 proficiscitur.

158 3769 775 3827 Lothariensesinterea
831 3771 1132 3844 Duvagium
1164 3773 1235 3805 ³¹³
1261 3771 1509 3842 capiunt,
1540 3780 1595 3826 et
1636 3772 1789 3846 Hugo

160 3862 298 3918 illud
324 3862 592 3938 Rotgario
650 3860 766 3918 ﬁlio
820 3863 1065 3939 Rotgarii
1124 3864 1401 3919 concedit.
1473 3864 1791 3919 Heribertus

165 3970 295 4010 vero
312 3961 555 4010 castrum
580 3955 754 4009 sancti
773 3954 1015 4019 Quintini
1038 3956 1278 4010 Arnoldo
1301 3970 1397 4026 pro
1423 3970 1489 4010 eo
1510 3956 1786 4011 reddits”.

167 4046 341 4101 Graeci
396 4047 731 4102 Sarracenos
783 4045 853 4083 ³³⁵
907 4063 1004 4118 per
1058 4063 1210 4101 mare
1269 4047 1630 4118 insequentes
1695 4063 1793 4102 us-

165 4153 274 4209 que
301 4138 376 4173 ³¹⁶
406 4138 461 4191 in
484 4136 829 4192 Fraxinidum
871 4138 1091 4204 saltum,
1139 4137 1233 4192 ubi
1258 4145 1371 4193 erat
1395 4137 1669 4212 refugium
1704 4139 1791 4209 ip-

165 4242 377 4293 sorum,
408 4233 465 4281 et
518 4226 669 4280 unde
713 4227 1065 4300 egredientes
1097 4228 1305 4282 Italiam
1338 4227 1546 4282 sedulis
1575 4228 1790 4298 prazda-

168 4318 370 4372 bantur
412 4317 752 4383 incursibus,
791 4318 1017 4388 Alpibus
1068 4320 1243 4373 eciam
1285 4319 1588 4389 occupatis,
1620 4319 1787 4373 celeri

167 4406 277 4462 Deo
309 4405 559 4477 propitio
589 4404 961 4461 internetione
991 4407 1058 4441 3"
1119 4413 1427 4477 proterunt,
1455 4406 1700 4477 quietam
1722 4406 1793 4440 ³⁸⁸

165 4497 468 4551 reddentes
496 4497 724 4567 Alpibus
772 4498 1004 4561 Italiam,
1041 4498 1135 4552 Die
1182 4496 1585 4569 puriﬁcationis
1616 4498 1791 4552 beata:

1886 2045 2084 2099 cardus
2112 2045 2199 2099 ³³⁷.
2231 2044 2378 2099 filius
2413 2044 2682 2099 Warnarii
2723 2046 2793 2079 ³³⁸
2823 2044 2893 2099 ob
2922 2044 3171 2098 eamdem
3207 2041 3502 2096 rationem.

1888 2139 2019 2192 ltem
2051 2138 2196 2193 inter
2229 2138 2597 2192 Gislebertum
2634 2138 3047 2193 Lethariensem
3066 2138 3408 2191 etBosonem
3427 2134 3513 2189 si-

1885 2228 2086 2283 multas
2118 2229 2381 2293 exoritur,
2416 2235 2609 2298 pacato
2633 2230 2847 2284 Bosone
2881 2245 3003 2283 cum
3039 2227 3326 2282 lleriberto
3361 2241 3516 2291 ;cas-

1884 2327 2140 2390 trumque
2180 2318 2411 2373 Bosonis
2460 2317 2813 2373 Durofostum
2847 2335 2876 2372 a
2908 2317 3217 2372 Gisleberto
3271 2314 3511 2385 capitur,

1886 2407 2131 2478 itemque
2172 2407 2276 2461 sub
2333 2408 2471 2478 ipsis
2498 2407 2700 2461 diebus
2755 2407 3041 2462 Moritauia
3070 2407 3160 2472 πθ,
3188 2404 3420 2459 munitio
3452 2401 3516 2455 fi-

1885 2499 2080 2553 liorum
2117 2498 2382 2572 Rotgarii,
2412 2497 2740 2562 abArnulfo,
2779 2498 2890 2553 tilio
2949 2496 3223 2552 Balduini.
3261 2495 3320 2548 Et
3353 2493 3511 2547 fieri-

1885 2586 2074 2641 liertus
2136 2587 2431 2642 amicitiam
2495 2589 2781 2645 Gisleberti
2851 2588 3231 2645 Lothariensis
3285 2582 3505 2655 accipit.

1889 2679 2047 2743 Boso,
2079 2678 2270 2734 relicto
2306 2680 2580 2746 Heinrieo,
2612 2681 2677 2735 ad
2738 2682 3033 2736 Rodulfum
3088 2695 3277 2754 regem
3312 2675 3462 2731 vadit
3494 2688 3509 2740 ;

1887 2768 2127 2839 indeque
2156 2769 2400 2836 rediens,
2450 2769 2823 2825 Catalonicum
2878 2771 2947 2804 33°
2996 2779 3236 2824 castrum
3264 2768 3313 2822 vi
3347 2767 3514 2837 cepit,

1884 2862 2092 2917 exussit
2121 2870 2288 2935 atque
2335 2864 2619 2926 subvertit,
2648 2865 2719 2919 ob
2767 2863 3089 2918 inimicitias
3121 2862 3358 2916 Bovonis
3392 2859 3517 2930 epi-J

1885 2954 2063 3025 scepi,
2092 2955 2250 3023 cujus
2280 2956 2535 3011 homines
2576 2957 2851 3028 quosdam
2884 2954 3116 3012 Bosonis
3157 2952 3423 3009 membris
3448 2952 3518 2988 ³³¹

1887 3054 2299 3102 truncaverant.

1957 3136 2227 3192 Rodulfus
2257 3152 2346 3192 rex
2377 3138 2431 3192 in
2464 3137 2747 3193 Franciam
2783 3137 3095 3200 revertitur,
3139 3145 3191 3190 et
3225 3135 3514 3192 lleriberto

1889 3226 2090 3281 comite
2121 3227 2190 3281 ab
2221 3226 2316 3281 illo
2346 3226 2661 3294 deficiente,
2738 3243 2851 3291 rex,
2878 3228 3072 3296 juncto
3112 3225 3219 3280 sibi
3262 3225 3513 3299 llugone,

1818 3314 2167 3386 Cquoddam
2208 3322 2446 3369 castrum
2498 3316 2568 3349 ³³³
2608 3314 2906 3383 Heriberti,
2949 3313 3271 3369 Domincum
3299 3314 3369 3345 3”
3400 3312 3512 3380 (65)

1888 3403 2134 3470 nomine,
2166 3403 2313 3473 capit
2342 3420 2404 3459 ac
2433 3404 2601 3458 diruit
2633 3422 2647 3470 ;
2683 3404 2890 3459 deinde
2922 3403 3231 3459 Atrabatem
3265 3401 3509 3457 obsidet.

1889 3496 2425 3562 Heribertuscomes,
2459 3497 2734 3566 adjunctis
2762 3497 2867 3552 sibi
2902 3512 2997 3567 per
3033 3496 3102 3530 ⁸³³
3134 3495 3509 3550 Gislebertum

1890 3589 2086 3643 ducem
2119 3588 2593 3655 Lothariensibus,
2640 3595 2831 3643 contra
2879 3606 3064 3662 regem
3094 3589 3244 3643 vadit
3277 3586 3516 3659 ;pactis-

1891 3696 1999 3751 que
2026 3679 2248 3734 indiciis
2287 3696 2463 3752 usque
2488 3681 2756 3736 Kalendas
2778 3681 3051 3746 Octobris,
3087 3680 3367 3751 utrimque
3399 3679 3518 3733 dis-

1892 3771 2125 3833 ceditur,
2165 3771 2388 3826 Interim
2419 3772 2643 3844 quidam
2673 3771 2921 3827 tidelium
2953 3770 3247 3836 Heriberti,
3282 3770 3518 3824 Remen-

1890 3863 1933 3916 si
1966 3862 2035 3895 ³³⁵
2065 3878 2129 3916 ex
2161 3862 2298 3917 urbe
2322 3862 2573 3933 profecti.
2604 3862 2881 3935 quoddam
2898 3860 3142 3936 Hugonis
3159 3866 3397 3915 castrum
3422 3875 3516 3913 su-

1893 3968 1991 4022 per
2014 3952 2267 4006 Vidulam
2299 3952 2463 4006 situm
2498 3953 2588 4019 33°,
2640 3951 2863 4007 nomine
2914 3952 3164 4005 Brainam
3196 3950 3326 4021 (66),
3353 3956 3407 4003 et
3445 3946 3513 3981 ³³⁷

1892 4042 2039 4112 quod
2073 4041 2189 4112 ipse
2223 4041 2375 4115 llugo
2422 4042 2491 4095 ab
2551 4042 2814 4112 episcopo
2865 4040 3258 4113 Rotomagensi
3291 4037 3512 4106 tulerat,

1893 4135 2118 4205 capiunt
2146 4141 2309 4206 atque
2339 4135 2680 4191 subvertunt.
2718 4135 2986 4191 Rodulfus
3017 4150 3109 4188 rex
3164 4133 3373 4187 litteras
3405 4131 3517 4185 Re-

1895 4227 2001 4280 mis
2028 4227 2197 4281 mittit
2239 4227 2307 4281 ad
2357 4228 2562 4283 clerum
2596 4234 2650 4283 et
2683 4228 2943 4300 populum
2999 4242 3097 4298 pro
3125 4225 3339 4297 agenda
3368 4223 3517 4278 elec-

1895 4314 2045 4371 tione
2077 4316 2325 4387 praasulis
2358 4334 2372 4383 ;
2403 4316 2470 4371 ad
2511 4333 2634 4389 quae
2666 4317 2745 4371 illi
2788 4316 3149 4387 respondent,
3178 4331 3239 4369 se
3268 4314 3322 4368 id
3349 4329 3515 4388 agere

1894 4426 2005 4465 non
2039 4427 2225 4481 posse,
2257 4411 2408 4466 salvo
2439 4427 2541 4467 suo
2597 4412 2793 4478 electo,
2847 4419 2902 4467 et
2956 4410 3231 4465 electione
3258 4414 3517 4465 manente

1893 4515 2056 4572 quam
2090 4499 2353 4556 fecerant.
2388 4501 2706 4556 lleribertus
2735 4517 2922 4557 comes
2952 4501 3018 4555 ad
3051 4500 3366 4555 Heinricum
3390 4513 3513 4570 pro-

168 4588 260 4643 Dei
281 4588 575 4664 genitricis
625 4589 806 4644 Maria-'3
847 4590 938 4655 3‘9,
990 4590 1177 4645 Remis
1210 4590 1264 4644 in
1308 4589 1559 4645 aecclesia
1616 4590 1788 4659 ipsius
1812 4587 1869 4655 D
1897 4590 2182 4660 ficiscitur,
2203 4591 2365 4662 eique
2389 4608 2511 4646 sese
2544 4593 2837 4647 committit
2875 4612 2889 4658 ;
2918 4601 2971 4648 et
3001 4595 3069 4627 ³³³
3109 4591 3386 4648 exercitus
3418 4606 3509 4646 re-

166 4678 393 4748 quidam
417 4678 813 4734 canonicorum
837 4677 1093 4745 famulus,
1117 4688 1303 4735 custos
1317 4681 1580 4735 aecclesiaa
1610 4680 1786 4735 sancti

163 4766 414 4839 Dyonisii
446 4777 503 4825 et
521 4769 697 4825 sancti
724 4770 959 4839 Tedulﬁ,
982 4772 1168 4829 subito
1196 4773 1501 4844 perculsus,
1531 4780 1787 4828 contrac-

1888 4679 1974 4753 gis
1992 4686 2155 4749 atquo
2178 4679 2425 4753 Hugonis
2466 4679 2889 4737 Laudunensem
2942 4692 2997 4737 et
3048 4682 3375 4737 Remensem
3419 4696 3519 4750 pa-

1890 4787 2021 4845 gum
2048 4771 2459 4842 depraadantur.
2496 4772 2763 4829 Rodulfus
2796 4790 2889 4829 rex
2921 4790 3163 4847 pergens
3202 4774 3271 4828 ad
3303 4772 3518 4827 Atinia-

1523 4910 1743 4965 VARUE
1784 4907 2056 4965 LECTION
2065 4910 2159 4964 ES.

233 5007 299 5042 ³⁰¹
333 5024 391 5085 ει.
424 5007 570 5085 inter
596 5009 825 5085 b.2._3°’
845 5010 1211 5085 uicturiacum
1260 5011 1314 5085 2.
1362 5011 1459 5085 ε’(ξεξΔ
1483 5010 1781 5085 εοψθιίιυε
1832 5009 1886 5085 2.
1910 5010 1971 5085 _3.
1995 5008 2076 5085 30f
2098 5024 2139 5085 e_
2174 5025 2231 5065 n.
2272 5024 2402 5085 ejus
2430 5025 2469 5085 _a
2509 5009 2637 5085 2303
2706 5012 3148 5085 uicturiacum2:
3183 5015 3516 5085 constanter.

166 5077 234 5154 ff’f
273 5096 343 5154 _v.
376 5079 436 5154 h_.
495 5080 550 5154 2.
593 5081 646 5154 _3.
680 5081 749 5154 39"
796 5081 1336 5154 mosomansibus2.
1397 5077 1865 5154 3°3fq,idesunt_
1904 5081 1958 5134 2.
1993 5079 2062 5154 3‘19
2100 5082 2247 5154 deest
2298 5077 2351 5154 3.
2377 5082 2616 5154 “ibidem
2668 5084 2948 5139 viennem.
3013 5083 3084 5117 ³¹⁰
3134 5081 3331 5154 Ιαποιοᾉ
3370 5082 3422 5134 2.
3458 5081 3516 5154 3.

166 5147 233 5224 ῗξξ
262 5152 345 5224 ita
392 5151 474 5224 1._
504 5150 559 5224 2.
598 5152 875 5224 lugdovici
936 5152 993 5224 3.
1047 5154 1117 5187 ³¹²
1156 5152 1309 5209 orbis
1355 5154 1406 5207 2.

165 5218 233 5252 ³⁸⁷
268 5220 639 5277 internitione
658 5218 743 5277 '2.
794 5223 1164 5279 internicione
1207 5224 1259 5281 3.
1310 5225 1379 5259 ³¹⁸

1430 5225 1523 5296 qui
1579 5240 1701 5278 eam
1754 5224 1807 5277 2.

1470 5153 1520 5226 3.
1541 5149 1555 5154 ’
1581 5153 1651 5187 ⁸¹⁸
1702 5151 1966 5226 duagium
1987 5222 1996 5226 Α
2020 5149 2072 5206 3.
2132 5152 2202 5187 ³¹⁴
2256 5152 2502 5226 reddidit
2530 5154 2584 5226 2.
2616 5154 2668 5208 3.
2700 5155 2769 5189 διδ
2800 5169 3092 5209 saracenos
3122 5154 3171 5207 3.
3194 5154 3264 5187 ³¹⁶
3294 5152 3438 5226 deest
3459 5152 3513 5208 3.

1867 5222 2092 5307 aeide?“
2113 5294 2127 5307 .
2148 5224 2442 5307 cumet;-
2483 5225 2611 5305 ¹›.3-
2648 5226 2717 5259 ³¹⁹
2769 5226 3044 5307 ειοςεωη
3203 5224 3512 5307 reuulsae:

164 5293 463 5366 contractis
477 5293 719 5366 obriguit
751 5294 932 5349 nervis
948 5295 1003 5350 2.
1019 5296 1085 5330 ³²¹
1120 5295 1391 5351 immobili
1416 5293 1645 5349 1.3”m.
1665 5296 1715 5350 ei
1744 5296 1798 5349 d.
1830 5309 1875 5366 r.
1897 5295 1952 5347 2.
1990 5294 2059 5327 ³³³
2087 5294 2233 5366 deest
2264 5295 2317 5349 2.
2351 5294 2421 5328 3"
2453 5295 2802 5366 episeOpus2
2830 5299 2882 5352 3.
2909 5298 2979 5331 ³³⁵
3014 5293 3254 5351 desciuit
3285 5296 3335 5349 2.
3365 5295 3398 5350 3
3444 5295 3516 5366 3?“

164 5364 456 5418 avalonem
509 5365 559 5420 3.
593 5364 661 5401 ³³⁷

729 5366 1017 5420 richardus
1045 5367 1098 5421 2.
1157 5366 1208 5421 3.
1271 5368 1339 5401 3“
1394 5367 1680 5421 nuarnerii.
1732 5367 1785 5420 2.
1839 5365 1895 5420 3.

1947 5366 2018 5399 ³²⁰
2049 5364 2342 5419 moritama
2395 5368 2444 5428 1,
2478 5364 2549 5399 ³³⁰
2604 5364 2945 5422 catalaucum
2989 5368 3040 5423 1.
3073 5367 3137 5401 ³³⁸
3173 5367 3427 5422 membra
3454 5365 3511 5421 2.

161 5431 228 5465 ³³³
257 5436 548 5509 castellum
574 5435 609 5491 2
656 5437 710 5490 3.
742 5440 901 5505 Hugo
938 5439 1017 5491 FL
1048 5438 1118 5509 33?
1174 5441 1255 5509 ita
1298 5439 1343 5491 l.
1402 5444 1452 5492 et
1515 5440 1676 5504 Hugo
1715 5439 1794 5491 ιη.
1859 5435 2223 5509 dAonincumA2
2279 5435 2585 5509 donineum
2634 5439 2688 5493 3.
2739 5437 2808 5472 ³³⁸
2865 5455 2922 5509 ρ.
2962 5438 3022 5494 G.
3059 5438 3111 5493 d.
3148 5440 3362 5505 desunt,
3397 5437 3513 5493 alia

158 5507 370 5571 pagina
386 5509 681 5577 incipiente
700 5509 752 5568 i.
783 5509 854 5543 ³³⁵
880 5507 1153 5564 remensis
1180 5508 1235 5564 2.
1264 5510 1335 5544 ³³⁸
1361 5510 1504 5563 deest
1529 5509 1658 5566 3.337
1685 5510 1830 5563 deest
1877 5506 1932 5561 2.
1962 5507 2013 5561 3.
2042 5506 2111 5539 ³³⁸
2136 5506 2281 5561 deest
2310 5505 2364 5561 ‘2.

1718 5637 1929 5694 NOTAE.

233 5732 347 5805 (63)
377 5734 590 5805 Douay.

229 5803 334 5874 (54)
366 5803 617 5863 Λυαιιὸη.

1956 5736 2065 5806 (65)
2089 5737 2336 5792 Doulens.

1959 5810 2063 5877 «56)
2095 5809 2453 5867 Braine-sur-
2462 5811 2629 5867 Veste.
