3874 6464
322 537 428 593 443

1451 534 1820 590 FLODOBRDI
1863 534 2169 592 CANONICI
2210 536 2537 592 REMENSIS

3555 537 3658 591 ΑΗ

321 683 445 722 cum
476 667 567 735 33°,
598 667 882 742 llugonem
910 667 977 722 ad
993 666 1304 721 ileinricum
1328 665 1494 721 mittit
1522 683 1536 732 ;
1567 682 1596 720 a
1627 681 1739 737 quo
1773 665 1940 720 Hein-
1965 671 2014 740 Α
2041 667 2340 722 Ebrardum
2371 667 2442 702 ³⁵⁸
2459 666 2682 720 fratrem
2746 664 2951 719 Erluini
2992 665 3082 730 35°,
3115 663 3209 738 qui
3245 664 3378 733 illud
3411 664 3654 728 tenebat,

319 759 468 814 ricus
496 760 740 831 acceptis
763 759 1051 816 obsidibus
1071 759 1160 824 διο,
1194 768 1249 814 et
1271 767 1428 829 pacta
1447 758 1765 826 securitate,
1791 767 1940 817 trans

319 848 570 903 Rhenum
602 848 834 903 recedit.
868 850 1082 903 lnterea
1132 848 1528 920 Rrittones,qui
1565 859 1942 906 remanserant

321 935 674 991 Nortmannis
725 937 782 990 in
839 936 1014 993 Cornu
1078 937 1141 969 3'"
1214 937 1401 991 Galliae
1442 937 1670 1003 subditi,
1702 954 1937 994 consur-

319 1035 516 1101 gentes
545 1027 807 1082 adversus
845 1043 942 1082 eos
967 1027 1061 1099 qui
1091 1043 1152 1082 se
1175 1027 1555 1096 obtinuerant,
1580 1029 1634 1083 in
1668 1029 1804 1102 ipsis
1829 1032 1940 1087 sol-

323 1118 541 1173 lemniis
570 1118 638 1152 3"
663 1119 838 1173 sancti
867 1119 1189 1174 Michahelis
1222 1135 1419 1175 omnes
1473 1120 1823 1177 interemisse
1853 1123 1938 1177 di-

324 1214 521 1262 cuntur
550 1207 643 1278 qui
677 1206 822 1262 inter
843 1224 942 1263 eos
990 1208 1350 1264 morabantur
1380 1209 1768 1280 Nortmannos,
1793 1228 1938 1268 caeso

322 1300 558 1371 primum
588 1301 727 1356 duce
759 1302 981 1357 illorum
1013 1303 1240 1358 nomine
1258 1303 1508 1359 Felecam
1540 1305 1630 1358 ³⁸³.

394 1388 664 1444 Rodult‘us
691 1405 785 1444 rex
817 1406 938 1444 cum
994 1391 1223 1464 Hugone
1254 1397 1308 1446 et
1361 1393 1576 1448 Bosone
1634 1394 1943 1466 ceterisque

322 1482 440 1536 suis
462 1482 753 1536 Remorum
787 1483 1055 1539 obsident
1083 1485 1152 1517 3“
1171 1484 1364 1539 urbem
1393 1504 1406 1551 ;
1439 1502 1603 1558 quam
1633 1487 1793 1540 tertia
1825 1494 1944 1541 tan-

323 1571 448 1624 dem
482 1571 791 1626 ebdomada
821 1579 944 1643 post
998 1572 1353 1629 obsidionem
1395 1575 1678 1643 ingressus
1700 1577 1789 1641 3"5,
1814 1593 1945 1648 ape-

322 1662 592 1717 rientibus
621 1661 726 1716 sibi
759 1662 841 1717 eis
869 1662 963 1734 qui
989 1671 1144 1718 erant
1167 1663 1221 1717 in
1249 1664 1523 1729 eivitate',
1539 1666 1784 1721 ordinari
1817 1665 1948 1722 facit

400 1773 542 1852 [*OH.
575 1775 734 1852 Il._t_v.
764 1773 852 1828 Ἡ.
1024 1774 1583 1852 militibusecclesiae.
1625 1774 1948 1852 tionjunetis

398 1844 567 1917 igitur
593 1844 700 1917 sibi
725 1845 1021 1917 nonnullis
1053 1846 1334 1916 episcoPis
1374 1862 1436 1900 ex
1450 1845 1676 1900 Francia
1706 1846 1790 1900 vel
1814 1847 1950 1900 Bur-

396 1915 605 1990 g’undia
635 1915 763 1969 facit
789 1916 1034 1970 ordinari
1079 1917 1134 1970 in
1167 1915 1270 1971 hac
1309 1919 1444 1971 sede
1475 1918 1790 1988 praesulem,
1818 1917 1946 1988 etc.]

2043 759 2210 830 capit.
2240 758 2510 815 Rodulfus
2541 773 2634 812 rex
2674 774 2798 812 eum
2851 758 3080 831 Hugone
3112 757 3350 823 locutus,
3385 757 3658 812 Bovonem

2041 848 2365 919 episcOpnm
2393 848 2450 901 in
2475 848 2706 922 gratiam
2739 846 2958 918 recipit,
2982 847 3146 918 eique
3186 863 3368 912 suum,
3405 845 3656 901 Catalau-

2043 956 2216 995 nense
2270 939 2506 1005 scilicet,
2547 938 2898 1009 episcopium
2960 938 3160 993 reddit.
3203 938 3538 993 Waltbertus
3567 940 3657 1005 35°,

2042 1027 2390 1084 Corbeiensis
2445 1027 2641 1092 abbas,
2675 1026 3140 1082 Noviomensibus
3197 1027 3491 1081 ordinatur
3533 1028 3656 1098 epi-

2041 1132 2263 1188 scopus.
2294 1115 2562 1171 Rodulfus
2591 1131 2707 1182 rex,
2735 1114 3040 1170 Gisleberto
3081 1121 3324 1185 recepto,
3357 1131 3389 1169 a
3414 1115 3664 1188 Burgun—

2041 1209 2131 1263 dia
2160 1208 2449 1264 revertitur
2478 1208 2534 1262 in
2575 1208 2879 1270 Franciam,
2915 1207 3108 1279 ibique
3127 1206 3348 1262 abbatia
3383 1208 3448 1244 3“
3481 1209 3659 1263 sancti

2043 1300 2306 1366 Medardi,
2358 1316 2524 1371 quam
2575 1300 2906 1355 Heribertus
2942 1301 3186 1365 tenebat,
3212 1301 3446 1370 potitus,
3469 1315 3662 1375 regre-

2045 1390 2192 1444 ditur
2224 1390 2278 1443 in
2309 1389 2700 1464 Burgundiam.

2119 1479 2271 1552 Hugo
2325 1479 2754 1533 Ambianeusem
2831 1494 2954 1533 cum
2995 1477 3324 1549 quibusdam
3379 1478 3665 1550 episcopis

2049 1571 2290 1626 Francia:
2312 1570 2578 1626 obsidens
2609 1571 2909 1635 civitatem,
2969 1586 3131 1640 quam
3174 1570 3442 1625 tenebant
3473 1569 3666 1625 ﬁdeles

2050 1667 2344 1732 lleriberti,
2378 1666 2680 1736 crebroque
2707 1666 2964 1737 quatiens
2992 1665 3409 1736 bello,sumptis
3441 1666 3664 1721 tandem

2047 1753 2314 1826 relinquit
2341 1755 2410 1788 ³⁵³
2441 1753 2751 1820 obsidibus,
2779 1760 2833 1808 et
2857 1753 3151 1808 obsidione
3172 1761 3408 1809 castrum
3435 1753 3668 1809 circum-

2053 1843 2146 1897 dat
2184 1842 2360 1897 sancti
2385 1841 2650 1907 Quintini.
2705 1841 2850 1909 Milo,
2881 1841 2974 1912 qui
3011 1840 3407 1896 Catalaunense
3449 1842 3667 1912 depre-

2053 1937 2286 1992 dabatur
2315 1936 2685 2007 episcopium,
2719 1935 3230 1990 excommunicatur
3249 1935 3318 1988 ab
3347 1935 3574 1990 Artoldo
3599 1935 3668 1969 ³⁵³

323 2026 398 2081 ibi
432 2029 720 2096 praesulem
775 2028 1062 2082 Artoldum
1107 2029 1176 2062 3‘6
1233 2030 1570 2084 monachum
1598 2047 1662 2084 ex
1693 2030 1950 2086 coenobio
1980 2043 2031 2111 Β
2054 2031 2475 2103 archiepisc0po
2526 2031 2838 2102 ceterisque
2895 2029 3184 2085 Remensis
3203 2029 3515 2084 dioeceseos
3541 2027 3666 2099 epi-

323 2118 500 2172 sancti
533 2118 793 2194 Remigii,
844 2120 936 2191 qui
964 2119 1077 2189 jam
1111 2120 1351 2191 pridem,
1404 2121 1524 2192 ipso
1565 2130 1749 2176 tamen
1781 2137 1948 2189 anno,

325 2209 628 2281 reliquerat
659 2211 1006 2267 Heribertum
1061 2220 1116 2267 et
1146 2213 1456 2284 :transierat
1511 2214 1578 2267 ad
1645 2214 1950 2289 llugonem.

324 2299 606 2355 Bovonem
634 2317 856 2373 quoque
918 2301 1369 2358 Catalaunensem
1421 2302 1766 2374 episcopum,
1799 2304 1892 2375 qui
1923 2321 1955 2358 a

327 2408 387 2446 se
417 2391 862 2448 desciveratcum
893 2394 1204 2461 Hcriberto,
1234 2412 1328 2449 rex
1359 2395 1608 2466 capiens,
1635 2395 1859 2452 tradidit
1887 2397 1953 2430 3‘7

327 2484 750 2539 custodiendum
781 2485 1016 2557 llugoni,
1048 2493 1102 2541 et
1140 2487 1518 2558 episcopatum
1561 2487 1735 2559 ipsius
1754 2489 1822 2521 ³⁴⁸
1852 2488 1954 2542 Mi-

327 2575 441 2630 loni
469 2576 669 2632 clerico
693 2577 890 2632 tribuit
916 2579 984 2613 3W
1020 2595 1034 2644 ;
1067 2579 1257 2650 sicque
1314 2595 1554 2654 pergens
1608 2580 1950 2647 Laudunum,

328 2671 549 2727 obsidet
576 2672 713 2725 inibi
743 2673 1109 2738 lleribertum,
1157 2674 1250 2745 qui
1279 2673 1484 2728 ibidem
1509 2690 1632 2728 sese
1663 2676 1955 2729 concluse-

325 2769 411 2816 rat
441 2777 566 2816 cum
594 2762 732 2816 suis.
771 2763 883 2816 Nec
917 2763 1009 2816 diu
1037 2763 1361 2833 persistens,
1408 2763 1586 2818 locum
1616 2763 1754 2834 petit
1792 2780 1953 2838 egre-

333 2853 526 2908 diendi
555 2872 568 2908 :
602 2853 841 2925 datoque
869 2855 976 2908 sibi
1010 2855 1210 2925 spatio,
1255 2855 1488 2922 recedit,
1521 2855 1751 2910 dimissa
1780 2872 1950 2911 uxore

333 2959 433 2996 sua
459 2943 514 2996 in
547 2959 693 3009 arce,
727 2959 891 3014 quam
920 2943 1062 2998 infra
1104 2942 1424 2997 Laudunum
1457 2943 1574 3014 ipse
1626 2952 1951 3001 construxe—

333 3040 430 3089 rat.
465 3033 543 3088 Ad
566 3051 729 3105 quam
763 3042 957 3105 postea
1012 3035 1337 3105 capiendam
1393 3036 1620 3105 majoris
1665 3035 1872 3091 laboris
1900 3046 1955 3092 et

330 3137 498 3176 more:
524 3123 594 3157 35°
618 3139 760 3194 Opus
787 3123 900 3198 regi
936 3123 1037 3178 fuit
1069 3141 1083 3189 ;
1112 3140 1220 3196 qua
1249 3124 1337 3178 vix
1369 3125 1589 3179 tandem
1623 3125 1830 3196 potitus
1859 3127 1949 3192 δίη,

328 3214 383 3268 in
419 3215 786 3286 Burgundiam
816 3216 1126 3283 revertitur,
1167 3216 1453 3288 Aquitanis
1505 3217 1952 3272 discordantibus

329 3304 546 3359 obviam
576 3305 951 3376 proficiscens.
989 3308 1158 3362 lncon
1220 3308 1610 3375 Nortmannus,
1653 3309 1746 3380 qui
1768 3325 1954 3364 mo.a-

2054 2123 2263 2194 scopis.
2292 2124 2445 2197 Hugo
2465 2123 2750 2176 castellum
2768 2121 2943 2176 sancti
2957 2121 3200 2185 Quintini
3221 2128 3515 2192 postquam
3533 2120 3670 2176 duo-

2053 2215 2159 2268 bus
2182 2214 2470 2268 mensibus
2499 2211 2816 2278 obsederat,
2834 2211 3240 2282 oppidanorum
3273 2209 3496 2263 tandem
3514 2208 3670 2262 dedi-

2055 2305 2204 2360 tione
2237 2305 2402 2376 eapit.
2432 2305 2490 2358 ln
2515 2303 2812 2358 crastinum
2881 2311 3172 2373 postquam
3221 2300 3358 2355 illud
3389 2300 3675 2371 ingressus

2055 2403 2323 2464 est,unus
2371 2397 2439 2430 36"
2481 2401 2794 2449 contractus
2848 2391 2901 2446 in
2960 2391 3211 2447 aecclesia
3270 2390 3667 2463 ipsaerigitur.

2055 2484 2446 2560 Ragemundus
2493 2491 2547 2538 et
2597 2482 3103 2555 Ermingaudus357,
3128 2480 3411 2552 principes
3438 2480 3510 2514 35°
3567 2479 3674 2534 Go-

2056 2577 2206 2643 thiae,
2239 2576 2354 2651 regi
2406 2591 2464 2630 se
2508 2573 2743 2630 Rodulfo
2777 2573 3128 2628 committunt
3161 2589 3175 2637 ;
3210 2571 3396 2641 Lupus
3439 2585 3674 2641 quoque

2056 2665 2341 2719 Acinarius
2380 2665 2469 2731 35",
2531 2664 2702 2718 Vasco
2743 2661 2835 2734 qui
2895 2677 3101 2732 equum
3150 2660 3434 2715 ferebatur
3465 2659 3677 2714 habere

2055 2772 2324 2811 annorum
2355 2756 2478 2826 plus
2507 2771 2671 2826 quam
2702 2761 2947 2819 centum,
2973 2753 3154 2807 adhuc
3183 2759 3366 2806 tamen
3398 2750 3675 2807 validissi-

2055 2867 2224 2906 mum.
2261 2850 2604 2904 Gislebertus
2635 2866 2757 2903 cum
2799 2847 3280 2914 Lothariensibus,
3313 2847 3592 2901 invitante
3622 2860 3678 2899 se

2055 2943 2304 3015 Hugone,
2338 2942 2636 2995 Perronam
2660 2941 2726 2974 ⁸⁸⁸
2758 2939 2979 2994 obsidet
3003 2956 3015 2991 :
3036 2937 3554 3012 ubicongressione
3572 2937 3679 2991 fre-

2055 3031 2248 3103 quenti
2281 3030 2466 3100 plures
2497 3028 2830 3083 occiduntur
2853 3027 3240 3082 Lotharienses
3277 3043 3290 3080 :
3320 3026 3523 3096 reliqui
3564 3042 3678 3080 mu-

2056 3121 2325 3175 nitionem
2346 3135 2545 3190 capere
2573 3133 2684 3173 non
2713 3117 2962 3171 valentes
2987 3114 3279 3180 recedunt,
3305 3114 3494 3169 locuto
3528 3115 3681 3185 prius

2056 3216 2364 3270 Gisleberto
2392 3214 2529 3268 duce
2553 3229 2678 3268 cum
2711 3209 2946 3267 Rodulfo
2973 3210 3041 3244 3°”
3073 3225 3224 3282 rege,
3250 3208 3538 3262 mediante
3573 3209 3683 3263 Hu-

2055 3305 2516 3383 gone.Rodulfus
2564 3321 2656 3359 rex
2684 3319 2811 3358 eum
2855 3303 3079 3375 Hugone
3110 3301 3392 3355 llammum
3433 3299 3503 3333 37°
3573 3316 3684 3355 eas-

332 3395 492 3448 batur
520 3393 575 3447 in
603 3394 806 3468 Ligeri,
839 3410 962 3449 cum
987 3396 1102 3450 suis
1146 3396 1504 3451 Brittanniam
1537 3397 1806 3468 pervadit;
1832 3397 1951 3452 vic-
1985 3415 2032 3483 ρ
2058 3399 2248 3454 tellum
2276 3395 2547 3451 lleriberti
2595 3393 2836 3459 obsidet,
2896 3390 3255 3462 acceptisque
3282 3389 3583 3483 obsidibus
3613 3390 3684 3444 ita

336 3486 518 3557 tisque
545 3486 617 3557 [et
646 3485 894 3556 pervasis
925 3487 1012 3557 35’]
1056 3495 1110 3542 et
1166 3488 1323 3543 czesis
1357 3489 1459 3560 [vel
1492 3489 1684 3557 ejectis
1706 3489 1792 3560 ³⁵³]
1817 3489 1955 3546 Brit-

341 3578 586 3645 tonibus,
621 3579 847 3650 regione
882 3579 1107 3650 potitur.
1132 3580 1287 3636 Anno

954 3670 1350 3726 DCCCCXXXII

333 3771 424 3810 rex
456 3755 728 3812 Rodult’us
763 3758 818 3812 in
851 3759 1224 3831 Burgundiam
1256 3776 1535 3827 reversus,
1555 3761 1809 3832 quaedam
1835 3777 1958 3816 cas-

333 3847 461 3902 tella
490 3848 779 3904 Gisleberti
822 3860 876 3905 et
907 3851 1189 3917 Richardi,
1222 3852 1314 3924 qui
1349 3869 1380 3906 a
1408 3868 1468 3907 se
1501 3853 1955 3920 desciverant35",

333 3943 598 4007 receptat.
624 3938 882 3994 Airardus
913 3940 1294 3996 Noviomensis
1329 3943 1398 3977 355
1426 3942 1722 4013 episcopus
1750 3942 1956 3997 defun-

333 4029 500 4103 gitur,
533 4031 828 4102 etquidam
861 4033 1092 4088 clericus
1125 4033 1243 4102 ejus
1261 4035 1436 4102 urbis,
1469 4034 1563 4105 qui
1597 4033 1716 4090 ﬁeri
1757 4034 1959 4105 cupie-

337 4122 780 4195 batepisc0pus,
829 4125 1171 4180 Adelelmum
1230 4126 1488 4183 comitem
1543 4135 1708 4182 noctu
1741 4127 1797 4182 in
1828 4127 1963 4183 civi-

343 4218 449 4265 tate
480 4212 572 4282 ³⁵6,
614 4213 850 4267 latenter
904 4230 1061 4269 muro
1119 4230 1448 4282 conscenso,
1508 4216 1752 4287 recipit;
1794 4233 1824 4270 a
1853 4233 1962 4288 quo

343 4315 507 4354 mane
537 4299 641 4354 loci
669 4300 872 4355 milites
898 4303 1034 4357 urbe
1057 4304 1326 4374 propulsi,
1360 4304 1786 4360 collectasecum
1818 4321 1956 4362 non-

343 4393 494 4447 nulla
524 4395 965 4451 suburbanorum
997 4414 1183 4465 manu,
1232 4398 1504 4454 civitatem
1537 4402 1955 4476 aggrediuntur,

341 4485 839 4558 annitentibusque
871 4486 964 4558 qui
995 4487 1136 4541 infra
1170 4505 1356 4544 muros
1415 4497 1795 4544 remanserant
1824 4491 1959 4545 civi-

343 4571 468 4640 bus,
499 4574 724 4644 quidam
779 4583 970 4630 exusta
1002 4584 1178 4648 porta,
1221 4577 1444 4648 quidam
1475 4595 1575 4650 per
1603 4580 1852 4634 ecclesia).
1886 4580 1963 4636 fe-

343 4674 584 4719 nestram
627 4667 1035 4742 ingrediuntur,
1070 4670 1384 4725 Adelelmus
1415 4671 1470 4725 in
1512 4672 1803 4727 ecclesiam
1825 4689 1960 4728 con-

2060 3486 2343 3557 relinquit.
2378 3485 2641 3555 COZperto
2698 3483 2762 3515 3“
2819 3479 3272 3536 Laudunensium
3316 3478 3558 3550 praesule
3585 3479 3683 3533 de-

2061 3581 2272 3646 functo,
2297 3579 2645 3650 lngramnus,
2665 3575 2734 3609 ³⁷³
2759 3575 3005 3629 decanus
3019 3572 3340 3628 monasterii
3366 3572 3545 3626 sancti
3577 3571 3685 3626 Me-

2063 3673 2244 3740 dardi,
2279 3671 2582 3742 episc0pus
2617 3667 2873 3722 Lauduni
2905 3666 3211 3722 ordinatur.
3251 3665 3392 3720 Boso
3422 3663 3690 3718 fraterre-

2061 3764 2148 3840 gis
2178 3764 2272 3830 373,
2293 3769 2349 3817 et
2379 3760 2690 3816 Bernuinus
2721 3758 3020 3829 episcOpus
3050 3754 3429 3819 Virdunensis,
3489 3753 3687 3810 incen-

2063 3855 2168 3910 diis
2190 3855 2334 3908 inter
2355 3868 2414 3908 se
2447 3849 3070 3922 deprtedationibusque
3103 3847 3406 3902 baehantur
3434 3845 3526 3900 3'”.
3585 3846 3684 3900 He-

2063 3947 2306 4002 ribertus
2329 3954 2480 4000 trans
2536 3944 2786 3998 Rhenum
2839 3941 2904 3996 ad
2939 3939 3254 3996 Heinricum
3289 3937 3682 4010 proﬁciscitur.

2064 4041 2218 4094 Anno

2662 4130 3076 4186 DCCCCXXXlll

2066 4221 2221 4277 missi
2259 4220 2550 4277 Remensis
2603 4219 2890 4286 aacelesim,
2939 4219 3067 4274 Giso
3118 4224 3172 4273 et
3224 4216 3530 4272 Amalricus
3584 4219 3670 4270 ³⁷⁵.

2061 4315 2233 4370 Roma
2259 4311 2576 4372 redeuntes,
2612 4309 2852 4380 palleum
2893 4308 2964 4342 ³⁷⁵
3018 4307 3239 4363 Artoldo
3272 4306 3491 4376 praesuli
3519 4305 3676 4362 defe-

2061 4414 2209 4472 runt,
2234 4404 2620 4474 nuntiantque,
2654 4401 2962 4456 Johannem
3000 4416 3220 4471 papam,
3271 4398 3444 4453 filium
3471 4399 3670 4464 Mariae,

2061 4515 2184 4571 quae
2226 4506 2280 4551 et
2309 4495 2543 4550 Marocia
2570 4494 2637 4527 377
2671 4493 2892 4559 dicitur,
2931 4493 3033 4547 sub
3085 4491 3336 4547 custodia
3366 4490 3609 4546 detineri
3647 4505 3678 4544 a

2067 4592 2232 4646 fratre
2262 4604 2362 4643 suo
2393 4587 2616 4652 nomine
2631 4585 2873 4653 Albrico,
2902 4585 2995 4656 qui
3024 4593 3251 4640 matrem
3280 4599 3506 4655 quoque
3524 4598 3675 4638 suam

2067 4678 2358 4734 Marociam
2390 4676 2632 4731 clausam
2665 4673 2941 4740 servabat,
2975 4683 3030 4728 et
3059 4673 3287 4728 Romam
3339 4679 3534 4727 contra
3571 4673 3677 4727 llu—

343 4758 586 4834 fugiens,
609 4777 771 4817 secus
802 4763 969 4818 altare
1001 4781 1123 4820 cum
1147 4765 1480 4837 quibusdam
1514 4767 1606 4839 qui
1655 4783 1842 4822 secum
1876 4767 1956 4822 in-
1985 4786 2042 4854 D
2069 4787 2272 4847 gonem
2301 4785 2487 4843 regem
2516 4767 2759 4823 tenebat.
2785 4766 3023 4841 Hungari
3055 4767 3185 4822 sein
3206 4773 3315 4821 tres
3331 4771 3514 4835 partes
3537 4764 3675 4819 divi-

345 4857 611 4915 troierant
640 4859 1002 4932 interemptus
1028 4870 1133 4928 est,
1175 4873 1230 4917 et
1261 4864 1410 4920 cives
1437 4864 1629 4919 urbem
1664 4864 1958 4936 recipiunt.

349 4950 669 5007 Heribertus
701 4968 911 5017 comes,
970 4954 1198 5009 Hammo
1227 4955 1295 4989 357
1346 4956 1456 5028 (67)
1497 4963 1674 5013 castro
1715 4966 1961 5026 recepto,

2069 4862 2207 4916 dunt
2231 4877 2246 4926 ;
2280 4874 2514 4932 quorum
2538 4873 2664 4929 pars
2683 4873 2794 4911 una
2825 4856 3032 4910 Italiam
3068 4854 3223 4926 petit,
3245 4854 3352 4910 alia
3379 4863 3589 4908 terram
3608 4851 3672 4885 3"

2068 4953 2308 5009 lleinrici
2361 4962 2512 5007 trans
2566 4951 2818 5006 Rhenum
2867 4950 3095 5007 invadit.
3146 4948 3342 5004 Contra
3381 4962 3521 5019 quos
3550 4961 3675 5017 pro-

1701 5087 1920 5142 VARIA‘I
1940 5085 2215 5142 LECTION
2225 5085 2319 5139 ES.

413 5177 804 5248 339gatimacum
841 5180 926 5240 1.3
958 5181 1028 5254 33"
1092 5181 1384 5237 obsidibus
1413 5183 1464 5238 2.
1517 5183 1580 5217 3“
1616 5200 1783 5240 corna
1844 5186 1892 5238 1.
1950 5185 2019 5218 ³⁵³
2073 5182 2399 5254 solempniis
2441 5183 2494 5236 2.
2530 5185 2855 5254 constanter.
2881 5180 2976 5254 -θδδ
3011 5179 3050 5254 ίξ.
3085 5196 3138 5254 n.
3171 5177 3328 5254 2.3“
3371 5175 3593 5254 obsidet

444 5247 499 5303 o.
533 5267 582 5304 a.
610 5267 832 5328 s,_e.hq.
889 5268 939 5306 e.
976 5253 1028 5328 _i,
1079 5270 1124 5328 (ξ.
1175 5255 1466 5328 ingressus
1499 5270 1551 5310 ο.
1601 5255 1652 5328 2.
1688 5255 1740 5311 3.
1775 5256 1845 5290 ³⁵⁸
1898 5255 2168 5328 artaldum
2310 5255 2377 5328 if”
2409 5254 2575 5328 tradit
2609 5252 2660 5307 2.
2696 5252 2745 5308 3.
2778 5252 2850 5328 iis
2881 5251 2984 5306 i.e.
3185 5250 3253 5328 3f”
3283 5249 3509 5328 tradidit

347 5317 416 5394 ff?
439 5329 617 5394 morte
655 5324 710 5388 2,
739 5317 811 5356 35f
875 5317 1057 5394 potius
1083 5325 1135 5380 2.
1170 5317 1348 5380 353”et

1400 5325 1646 5396 pervasis
1699 5329 1892 5382 desunt
1933 5327 1985 5390 1,
2028 5327 2097 5360 ³⁵³
2144 5325 2359 5394 (ejectis
2403 5324 2479 5388 3.)
2532 5341 2582 5378 v.
2643 5339 2695 5379 e.
2735 5323 2954 5396 desunt
3007 5324 3060 5396 1⁸
3089 5320 3511 5396 3f'"_desei_ue_r_t_tt
3541 5320 3593 5372 1.

350 5387 839 5460 255inoviomensis
875 5387 935 5460 2,
967 5395 1037 5429 ³⁵⁸
1087 5396 1368 5451 ciuitatem
1401 5387 1452 5452 ’2
1505 5397 1572 5431 ³⁵⁷
1642 5398 1862 5452 hamme
1910 5387 1983 5452 2.
2019 5397 2071 5454 3.
2107 5387 2567 5451 35‘3'hebrardum
2615 5395 2669 5448 2.
2725 5394 2758 5450 3
2827 5394 2895 5428 ³⁵³
2947 5393 3186 5448 herluini
3241 5392 3294 5445 2.
3330 5393 3383 5446 3.
3415 5392 3486 5425 ³⁶⁰
3518 5390 3674 5444 uual-

349 5458 541 5540 bertus
570 5463 624 5514 2.
653 5463 798 5540 3.__361
829 5458 1032 5540 abacia
1061 5468 1127 5540 A2.
1181 5469 1250 5500 ³⁶²
1305 5468 1540 5540 reliquid
1597 5469 1648 5522 2.
1705 5470 1775 5503 ³⁵³
1803 5469 2014 5523 artaldo
2042 5470 2096 5522 2.
2161 5467 2475 5540 sq:pius,r3.
2534 5483 2744 5540 semper
2795 5469 2929 5533 fere.
2981 5465 3050 5498 ³⁸⁸
3100 5481 3146 5540 e_.
3206 5480 3259 5517 u.
3323 5463 3377 5515 2.
3430 5463 3500 5496 ³⁸⁵
3530 5460 3674 5540 ARai:

354 5531 667 5612 munduset
701 5533 1349 5612 Re_riiiinigaldus.1_{ugo
1400 5531 1476 5594 Ρί.
1519 5540 1589 5573 ³⁵³
1637 5541 1896 5612 princeps
1923 5541 2032 5612 3a.
2066 5539 2132 5572 307
2188 5531 2484 5612 la'cina'rius
2507 5539 2571 5612 A1.
2630 5531 2698 5572 πθ
2759 5531 3160 5612 parronam_1-
3224 5549 3486 5604 Ρθτοηθῖη

1318 5611 1581 5682 gozberto
1609 5605 1661 5665 2.
1721 5612 1773 5665 3.
1833 5605 1902 5645 '3”
1951 5611 2288 5682 ringrannusi
2318 5611 2458 5682 2.73.
2503 5609 2572 5643 373
2629 5625 2671 5682 r.
2724 5605 2813 5663 rex
2861 5607 3222 5682 Gallize_'_quze
3244 5612 3502 5682 "comata
3531 5605 3672 5682 dic-ni:

1687 5699 1851 5754 quam
1911 5681 1983 5737 ob
2021 5674 2149 5754 rem
2194 5681 2344 5754 urbs
2387 5681 2507 5754 ipsa
2564 5681 2801 5735 multum
2856 5678 2960 5734 fuit
3006 5674 3397 5744 afﬂictaﬂugo
3434 5674 3674 5730 Virri.“5

356 5616 397 5653 r.
444 5601 505 5656 R.
537 5602 587 5654 2.
616 5602 667 5656 3.
720 5604 790 5637 37°
852 5601 1073 5661 hamum
1124 5610 1175 5666 3.
1210 5609 1274 5642 3”

353 5676 459 5742 tur.
487 5674 821 5742 Hugo,Vird
850 5677 917 5707 3“
976 5674 1417 5736 bacchantur"2.
1471 5681 1522 5738 3.
1578 5683 1634 5736 b.

3224 5549 3486 5604 peronam
3529 5532 3582 5604 3,
3615 5532 3674 5604 3"”

353 5740 674 5797 almalrieus
701 5743 752 5795 2.
785 5744 1097 5803 almalrieus
1126 5751 1178 5804 3.
1212 5750 1282 5784 ³⁷⁸
1299 5752 1529 5822 pallium
1561 5752 1612 5806 2.
1645 5740 1798 5809 3:3"
1819 5751 2080 5808 matroeia
2105 5753 2162 5807 2.
2187 5752 2255 5786 ³⁷⁸
2276 5740 2424 5807 terra
2449 5753 2502 5806 2.

1909 5853 2116 5910 ΝΟΤίΕ.

423 5947 534 6018 (67)
561 5947 707 6002 Hum
736 5958 800 5997 en
817 5946 1085 6003 Picardic.
