3874 6412
140 420 246 474 MSS

1662 419 1982 475 ANNALES.

3386 419 3492 472 446

138 549 322 605 fectus
381 547 677 604 Heinricus
706 563 829 603 cum
886 547 1150 618 Bajoariis
1180 555 1236 604 et
1278 549 1589 605 Saxonibus
1619 558 1772 605 cete-
1803 550 2018 622 Adiam
2051 549 2206 606 Walo
2239 548 2560 622 reliquerat,
2603 549 2821 621 recipit,
2861 548 3256 620 dispositisque
3286 528 3499 602 recedit

141 643 330 714 risque
360 641 694 714 quibusdam
729 641 839 697 sibi
870 642 1136 711 subjectis
1164 643 1425 715 gentibus
1451 644 1543 710 379,
1574 657 1768 698 omnes

1871 641 2212 698 custodibus.
2232 642 2385 707 Quod
2421 643 2656 696 audiens
2685 643 2862 716 Hugo,
2897 641 3041 696 idem
3076 647 3312 697 castrum
3329 655 3502 712 quan-

139 747 324 804 usque
355 731 423 785 ad
451 731 884 786 internetionem
912 732 982 765 ³⁸0
1010 732 1245 798 sternit;
1277 747 1514 802 quorum
1545 732 1770 806 triginta
1869 735 2038 791 totius
2067 735 2326 791 obsidere
2352 743 2628 806 procurat.
2655 737 2812 791 Anno

139 842 238 880 sex
294 825 448 879 milia
476 825 542 859 ³⁸¹
593 841 734 880 θερδᾶ
765 824 1096 891 referuntur,
1130 832 1328 894 praeter
1356 841 1454 880 eos
1500 840 1641 896 quos
1672 825 1770 878 ab-

140 915 361 970 sorbuit
387 913 588 969 ﬂuvius
644 921 699 968 et
726 914 819 985 qui
851 913 958 968 vivi
990 914 1133 984 capti
1179 921 1324 968 sunt.
1369 915 1656 969 Richarius
1680 915 1771 980 ’3’,

141 1007 447 1078 episcopus
471 1006 832 1080 Tungrensis,
863 1006 1140 1078 quoddam
1170 1007 1453 1062 castellum
1512 1006 1773 1061 Bernardi

137 1099 386 1163 comitis,
419 1099 567 1169 quod
603 1098 720 1168 ipse
753 1086 1066 1152 Bernardus
1095 1099 1240 1168 apud
1275 1099 1533 1154 Harceias
1562 1099 1632 1133 ³⁸³
1669 1098 1776 1169 (68)

138 1188 198 1242 in
235 1202 379 1262 pago
401 1187 666 1242 Porcinse
698 1194 1100 1252 construxerat,
1125 1187 1341 1254 evertit,
1367 1203 1434 1242 eo
1466 1188 1612 1259 quod
1631 1188 1685 1241 in
1708 1187 1776 1220 ³⁸⁸

133 1293 255 1331 suae
320 1276 570 1331 ecclesiae
629 1283 773 1330 terra
819 1276 986 1330 situm
1042 1283 1212 1331 esset.
1271 1275 1480 1331 Vienna
1537 1274 1775 1332 Rodulfo

138 1371 283 1444 regi,
315 1370 663 1425 tradentibus
693 1387 814 1425 eam
845 1370 931 1424 his
953 1369 1047 1441 qui
1077 1386 1198 1424 eam
1219 1370 1501 1434 tenebant,
1528 1369 1771 1425 deditur.

137 1458 474 1526 Willelmus,
522 1459 783 1530 princeps
832 1459 1319 1526 Nortmannorum,
1353 1460 1532 1514 eidem
1567 1459 1684 1533 regi
1715 1475 1774 1513 se

138 1553 447 1618 commitit;
499 1553 787 1625 quietiam
847 1570 939 1608 rex
973 1553 1065 1608 dat
1124 1561 1323 1608 terram
1356 1555 1659 1609 Brittonum
1722 1555 1777 1608 in

137 1659 238 1698 ora
292 1642 567 1696 maritima
597 1643 779 1698 sitam.
816 1643 1085 1700 Rodulfus
1148 1661 1240 1699 rex
1277 1645 1639 1699 munitionem
1675 1644 1777 1698 lle-

142 1737 357 1802 riberti,
388 1753 512 1809 quae
535 1737 737 1792 dicitur
765 1738 1416 1794 Castellum-Theoderici
1460 1740 1528 1774 335
1559 1739 1779 1794 obsidet

135 1831 487 1886 ebdomadas
519 1847 633 1886 sex.
671 1832 863 1886 Postea
898 1833 1051 1887 Walo
1096 1833 1166 1866 ³⁸⁸
1196 1833 1289 1904 qui
1325 1831 1678 1887 custodiebat
1711 1832 1777 1886 il-

2473 844 2908 901 DCCCCXXXIV.

1875 931 2265 987 obsidentibus
2338 932 2406 965 ³³⁸
2480 939 2835 1004 praenotatam
2924 932 3288 988 munitionem
3372 949 3500 1006 rege

1881 1022 2114 1079 Rodulfo
2148 1030 2201 1078 et
2255 1024 2482 1096 Hugone
2513 1024 2736 1090 comite,
2779 1033 2976 1095 quarto
3010 1025 3232 1078 tandem
3288 1041 3500 1092 mense,

1877 1112 2211 1166 ascendente
2252 1120 2415 1167 noctu
2456 1127 2665 1177 muros,
2699 1112 3028 1166 custodibus
3065 1113 3495 1180 dormientibus,

1879 1199 2105 1254 Walone
2135 1217 2258 1254 cum
2309 1200 2444 1264 suis,
2503 1216 2627 1271 pars
2653 1201 2843 1271 Oppidi
2876 1201 3112 1273 capitur,
3173 1218 3264 1255 arx
3304 1209 3502 1271 tamen

1878 1292 2047 1347 tutior
2104 1292 2171 1346 ab
2207 1292 2475 1346 Heriberti
2509 1290 2772 1346 fidelibus
2811 1293 3098 1346 retinetur.
3142 1294 3206 1348 At
3236 1293 3404 1368 regiis
3432 1294 3502 1328 39°

1876 1381 2148 1437 militibus
2171 1382 2580 1449 insistentibus,
2601 1397 2711 1437 non
2725 1383 2896 1437 multo
2913 1389 3035 1453 post
3049 1382 3274 1437 obsides
3293 1383 3502 1438 dedunt

1879 1484 1933 1532 et
1959 1478 2027 1530 ab
2049 1477 2342 1532 obsidione
2373 1477 2694 1532 disceditur.
2731 1477 2915 1531 Remis
2941 1476 2996 1531 in
3026 1477 3290 1548 {ecclesiae
3330 1479 3503 1532 beatae

1880 1570 1974 1623 Dei
2007 1569 2076 1603 ⁴⁰⁰
2097 1570 2387 1642 genitricis
2406 1570 2586 1624 Maria:
2605 1571 2957 1625 solemnitate
2977 1569 3416 1626 annuntiationis
3434 1571 3499 1605 ⁴⁰¹

1880 1663 2117 1729 Domini,
2175 1665 2303 1718 dum
2336 1680 2490 1718 sacra
2541 1665 2609 1698 ⁴⁰²
2656 1665 2946 1719 missarum
2981 1664 3048 1718 ab
3092 1663 3315 1719 Artoldo
3365 1679 3504 1735 pra:-

1880 1756 1998 1810 sule
2026 1756 2163 1809 inibi
2194 1756 2634 1822 celebrarentur,
2668 1757 2893 1827 quidam
2931 1756 3174 1824 juvenis,
3207 1755 3506 1810 contractis

1882 1847 2153 1917 poplitum
2197 1848 2404 1912 nervis,
2439 1863 2633 1919 repere
2692 1847 2909 1913 solitus,
2957 1857 3188 1917 repente
3248 1847 3506 1902 resolutis

131 1921 255 2016 Ῑιιςιν
318 1921 525 2016 regit”?
550 1919 762 2016 Ἐῐηῐηὲθ
791 1936 850 1974 se
887 1920 1192 2016 forfiniitil:
1212 1919 1778 2016 __(fj1_15_d_0mque_ﬁd0i
1807 1928 1853 1994 Β
1878 1942 2418 2014 extendentibusque
2432 1958 2744 2016 segenuum
2773 1957 3104 2013 crurumque
3118 1941 3504 2013 compagibus,

130 2011 220 2067 vel
255 2009 564 2081 provisioni
599 2017 835 2063 castrum
869 2009 1181 2064 dimittitur.
1212 2010 1522 2064 Waldricus
1546 2010 1770 2080 episco-

133 2117 247 2174 pus
273 2097 752 2152 Antisioderensis
782 2097 872 2163 ³⁸⁷,
910 2095 1071 2161 obiit,
1120 2103 1174 2150 et
1202 2097 1386 2160 Wido,
1420 2097 1670 2170 ejusdem
1708 2097 1776 2131 ³⁸⁸

136 2189 252 2246 1οοί
289 2185 736 2252 archidiaconus,
769 2186 1115 2257 episc0pium
1139 2185 1486 2256 adipiscitur.
1518 2185 1778 2256 Synodus

137 2285 290 2337 inter
329 2277 704 2334 obsidendum
738 2278 1059 2348 praedictum
1097 2278 1416 2348 praesidium
1445 2279 1777 2344 celebratur,

139 2373 502 2449 congregatis
530 2370 815 2428 nonnullis
837 2369 1076 2425 Francia:
1107 2370 1193 2424 vel
1219 2371 1553 2446 Burgundim
1583 2386 1782 2441 praesu-

138 2468 314 2537 libus,
369 2465 458 2520 cui
511 2464 895 2536 praesederunt
943 2462 1183 2518 domnus
1240 2463 1496 2518 Artoldus
1555 2463 1783 2518 antistes

141 2561 469 2627 Remorum,
502 2568 557 2616 et
587 2561 824 2614 domnus
874 2560 1136 2614 Teutolus
1165 2560 1234 2593 ³⁸9
1277 2558 1615 2614 Turonensis
1663 2558 1780 2630 epi-

139 2671 364 2725 scopus.
396 2654 549 2708 Tunc
587 2669 809 2725 quoque
841 2652 1080 2708 domnus
1110 2652 1370 2707 Artoldus
1400 2652 1776 2726 Hildegarium

141 2754 368 2810 ordinat
398 2752 469 2786 39°
496 2751 817 2822 episc0pum
845 2749 1000 2804 urbis
1024 2750 1391 2804 Belvacensis.

215 2845 332 2900 Odo
369 2843 521 2897 filius
573 2842 840 2897 Heriberti
878 2842 1161 2896 Hammum
1195 2842 1512 2914 preesidium
1555 2850 1772 2909 tenens,

145 2955 346 3012 pagum
377 2936 769 2991 Suessonicum
799 2942 963 3006 atque
993 2935 1414 2990 Noviomensem
1449 2937 1647 3006 praedis
1679 2935 1771 2990 in-

142 3030 476 3097 cendiisque
510 3027 754 3097 proterit.
800 3026 1138 3093 Heribertus,
1174 3033 1330 3097 pater
1372 3027 1516 3096 ejus,
1558 3027 1626 3081 ad
1658 3044 1786 3080 san-

143 3130 294 3176 ctum
345 3118 666 3184 Quintinum
700 3118 840 3172 clam
880 3116 1134 3183 veniens,
1177 3117 1339 3172 tertia
1370 3118 1461 3172 die
1491 3129 1780 3190 postquam

145 3212 316 3276 venit,
348 3216 588 3264 castrum
618 3208 916 3281 pugnando
949 3208 1115 3278 cepit,
1147 3208 1441 3279 Oppidanis
1469 3224 1580 3264 non
1613 3225 1781 3279 repu-

145 3306 619 3381 gnantibus,solis
649 3312 856 3360 tantum
887 3304 1210 3360 custodibus
1240 3306 1485 3379 Hugonis
1512 3305 1776 3360 obniten-

146 3401 329 3465 tibus;
381 3413 525 3470 quos
553 3397 782 3468 capiens
837 3399 1174 3466 Heribertus,
1223 3405 1451 3469 accepto
1495 3398 1560 3431 39‘
1612 3398 1681 3452 ab
1711 3397 1790 3451 eiS

145 3497 522 3554 sacramento,
553 3487 762 3542 dimisit
792 3487 890 3556 ibi,
922 3489 1128 3543 relictis
1159 3490 1325 3544 etiam
1354 3505 1418 3558 ex
1449 3489 1565 3544 suis
1596 3489 1662 3542 ad
1692 3504 1789 3558 0p-

145 3585 261 3657 pidi
298 3583 526 3638 tutelam
569 3581 954 3652 complicibus.
989 3581 1143 3645 Quod
1191 3582 1425 3636 audiens
1450 3582 1625 3655 Hugo,
1661 3596 1785 3635 mox

143 3675 458 3732 adveniens
480 3680 716 3729 castrum
750 3672 967 3744 recipit,
1003 3681 1057 3727 et
1089 3673 1368 3744 quendam
1402 3673 1645 3727 nobilem
1676 3673 1788 3726 cle-

143 3769 322 3822 ricum
373 3765 598 3820 nomine
660 3765 995 3819 Treduinum
1041 3764 1110 3797 39’
1153 3781 1216 3820 ac
1269 3764 1554 3820 Heriberto
1588 3764 1661 3817 ibi
1719 3764 1788 3797 393

145 3859 443 3913 dimissum
475 3857 925 3928 apprehendens,
957 3856 1248 3926 suspendit
1293 3857 1362 3888 393
1391 3871 1516 3910 cum
1547 3854 1782 3926 quibus-

146 3953 276 4007 dam
310 3950 464 4016 aliis;
507 3949 791 4004 nonnullis
832 3963 964 4004 vero
995 3948 1120 4002 aliis
1147 3948 1396 4002 membra
1435 3948 1651 4002 diversa
1681 3947 1782 4001 de-

143 4045 248 4099 dit.
303 4043 550 4114 lndeque
582 4041 946 4112 proﬁciscens
989 4058 1112 4097 cum
1145 4042 1350 4097 domno
1387 4041 1612 4096 Artoldo
1661 4041 1781 4111 epi-

143 4130 732 4204 sc0po,munitionem
757 4131 981 4185 nomine
1012 4131 1252 4206 Raugam
1284 4131 1416 4202 (69),
1437 4129 1784 4186 tradentibus

147 4241 274 4279 eam
333 4223 606 4278 Ileriberti
665 4222 1006 4288 custodibus,
1065 4222 1186 4277 sine
1240 4221 1564 4277 difficultate
1609 4223 1776 4293 capit.

1877 2029 2132 2104 assurgit,
2189 2037 2664 2101 reptemptatoque
2691 2047 2884 2100 gressu
2924 2030 3036 2099 jam
3071 2029 3163 2083 diu
3211 2029 3385 2084 oblita
3418 2047 3508 2084 re-

1879 2122 2016 2193 petit
2072 2122 2141 2155 ⁴⁰³
2194 2122 2446 2197 vestigia.
2503 2124 2636 2177 Item
2696 2123 2748 2176 in
2799 2123 3050 2177 zecclesia
3109 2123 3283 2176 sancti
3340 2122 3507 2178 Hilari

1881 2223 2008 2268 ante
2044 2221 2254 2284 portam
2312 2215 2498 2269 Martis
2545 2231 2723 2270 czecus
2773 2215 2996 2286 quidam
3028 2214 3252 2268 nomine
3310 2213 3510 2269 Paulus

1885 2309 2245 2375 illuminatur,
2308 2309 2642 2364 ammonitus
2708 2309 2862 2380 prius
2921 2309 2976 2362 in
3037 2309 3272 2373 somnis,
3326 2316 3387 2362 ut
3442 2308 3510 2362 ad

1884 2399 2066 2469 ipsum
2099 2399 2277 2455 locum
2308 2401 2519 2455 veniret
2551 2399 2639 2470 ωδ,
2684 2399 2875 2472 ibique
2905 2399 3092 2453 lumen
3123 2399 3372 2471 recipere
3413 2399 3514 2453 dc-

1885 2491 2059 2547 beret.

1956 2581 2064 2635 Rex
2098 2581 2292 2636 iterum
2328 2597 2452 2636 cum
2515 2582 2764 2654 Hugone,
2801 2581 3074 2657 neglectis
3122 2579 3190 2634 ab
3224 2579 3513 2636 Heriberto

1880 2685 2020 2740 quos
2041 2671 2125 2724 sui
2155 2670 2425 2725 dederant
2458 2671 2524 2704 ⁴⁰⁵
2554 2671 2867 2733 obsidibus,
2902 2670 3162 2724 omissam
3193 2670 3387 2740 repetit
3411 2670 3512 2725 ob-

1877 2759 2150 2814 sidiouem
2186 2761 2274 2814 “’6.
2306 2760 2594 2815 Heinricus
2624 2759 2991 2815 Gislebcrtum
3026 2768 3079 2814 et
3109 2759 3414 2815 Ebrardum
3448 2759 3514 2794 “’7

1875 2864 2000 2903 cum
2028 2849 2306 2920 episcopis
2334 2849 2489 2922 regni
2521 2849 2897 2903 Lothariensis
2924 2847 2991 2902 ad
3005 2847 3299 2903 Rodulfum
3328 2863 3514 2921 regem

1887 2953 1986 3008 pro
2015 2938 2304 2992 Heriberto
2335 2937 2556 3012 dirigit;
2589 2937 2918 3008 redditaque
2940 2935 3516 3010 regidastello-Theo-

1885 3030 2078 3095 clerici,
2109 3029 2368 3084 Hammus
2398 3037 2561 3099 atque
2594 3029 2832 3083 Perrona
2872 3030 2939 3062 ⁸0⁸
2997 3027 3282 3081 Heriberto
3317 3042 3519 3081 conce-

1887 3122 2094 3174 duntur
2124 3135 2302 3190 usque
2335 3118 2604 3172 Kalendas
2636 3118 2908 3172 Octobris.
2947 3117 3206 3171 Arnulfus
3235 3117 3304 3171 de
3351 3117 3516 3170 Fian-

1885 3211 2000 3265 dris
2038 3210 2204 3264 filiam
2243 3209 2539 3274 Heriberti,
2571 3209 2700 3262 olim
2741 3207 2848 3262 sibi
2881 3208 3213 3276 juramentis
3250 3207 3516 3262 alterutro

1892 3303 2036 3356 datis
2065 3301 2376 3370 depactam,
2423 3300 2590 3354 sumit
2620 3315 2862 3355 uxorem.
2911 3299 3234 3354 Heribertus
3281 3314 3382 3370 per
3410 3299 3518 3353 Ve-

1891 3395 2296 3448 romandinsem
2330 3393 2397 3426 ⁴⁰⁰
2429 3408 2627 3463 pagum
2661 3407 2869 3447 messes
2912 3408 3102 3447 eorum
3141 3391 3238 3464 qui
3291 3407 3351 3446 se
3384 3391 3518 3446 reli-

1890 3499 2125 3562 querant
2154 3487 2238 3544 vel
2263 3488 2466 3559 quibus
2505 3487 2658 3560 Hugo
2691 3489 2865 3560 ipsam
2907 3498 3110 3544 terram
3141 3489 3374 3544 dederat
3403 3490 3520 3546 col-

1889 3579 2087 3654 ligens,
2106 3577 2402 3632 Perronam
2425 3576 2493 3610 “0
2505 3576 2708 3631 deduci
2736 3577 2882 3632 facit.
2903 3577 3083 3651 Ignea:
3097 3578 3284 3634 Remis
3301 3579 3355 3633 iu
3379 3579 3520 3635 caelo

1889 3669 2175 3725 aciesvisze
2197 3681 2324 3724 sunt
2346 3669 2410 3702 ⁴¹¹
2444 3668 2776 3733 discurrere,
2804 3669 3026 3740 ctquasi
3051 3686 3284 3741 serpens
3301 3671 3518 3745 igneus,

1890 3771 1946 3818 et
2000 3763 2252 3835 quaedam
2278 3761 2460 3830 jacula
2515 3761 2642 3816 ferri
2685 3761 2866 3831 pridie
2914 3762 3039 3816 ldus
3078 3763 3327 3818 Octobris
3357 3779 3521 3818 mane

1883 3864 2013 3911 ante
2038 3855 2176 3909 lucis
2208 3862 2481 3908 exortum.
2518 3853 2636 3908 Mox
2666 3851 2964 3907 subsecuta
2995 3860 3079 3907 est
3111 3855 3304 3924 pestis,
3338 3854 3524 3910 diver-

1882 3950 1958 4005 sis
1997 3947 2252 4004 afticiens
2283 3949 2524 4002 humana
2555 3962 2786 4018 corpora
2819 3947 3046 4002 morbis.
3083 3947 3356 4003 Diaconus
3397 3949 3526 4020 qui-

1884 4043 2008 4097 dam
2084 4041 2444 4096 Virdunensis
2491 4041 2560 4074 ⁴¹²
2619 4040 2844 4095 nomine
2909 4039 3235 4094 Adelmarus
3292 4040 3523 4116 langore

1884 4136 2204 4204 depressus,
2238 4133 2492 4204 spiritum
2508 4133 2755 4188 visusest
2785 4132 3063 4199 amisisse;
3095 4132 3191 4187 sed
3223 4141 3520 4205 antequam

1886 4227 2091 4282 feretro
2123 4226 2524 4296 imponeretur,
2569 4241 2844 4290 reversus,
2906 4225 2979 4279 ita
3027 4223 3264 4280 surrexit
3307 4225 3526 4280 validus

150 4315 312 4386 llugo
337 4329 430 4368 rex
463 4311 630 4366 Italiae
662 4311 890 4366 Romam
920 4311 1157 4367 obsidet.
1193 4311 1255 4367 Et
1294 4312 1579 4367 Sarraceni
1629 4329 1784 4367 mea-

151 4414 240 4461 tus
271 4404 493 4475 Alpium
524 4413 817 4474 occupant,
849 4412 904 4459 et
952 4405 1020 4437 395
1051 4403 1232 4459 vicina
1261 4420 1493 4475 quaeque
1523 4405 1642 4459 loca
1681 4405 1782 4458 de-

151 4499 496 4570 praedantur.
526 4497 782 4553 Artoldus
811 4499 1263 4570 archiepiscopus
1311 4501 1628 4556 Fulbcrtum
1658 4502 1782 4556 urbi

1886 4327 1948 4372 ut
2003 4317 2110 4372 sibi
2157 4317 2295 4371 nihil
2353 4317 2630 4372 videretur
2675 4316 3020 4390 aegritudinis
3068 4316 3237 4372 fuisse
3292 4333 3527 4388 perpes-

1887 4426 1983 4464 sus
2005 4411 2091 4464 “3.
2124 4409 2224 4474 Qui
2247 4425 2306 4462 se
2328 4408 2547 4462 diversa
2568 4409 2966 4479 suppliciorum
2995 4407 3077 4463 vel
3107 4407 3379 4482 refrigerii
3406 4408 3528 4464 loca

1887 4503 2091 4557 vidisse
2117 4510 2369 4566 testatur,
2395 4517 2567 4571 seque
2601 4499 2780 4570 ipsum
2808 4499 2928 4555 loco
2952 4501 3017 4534 ‘1‘
3049 4500 3257 4570 pmnali
3289 4500 3528 4572 deputa-

153 4587 540 4644 Camaracensi
575 4587 868 4656 praesulem
915 4589 1150 4645 ordinat.
1187 4591 1506 4647 Heribertus
1535 4591 1780 4648 Castrum
1811 4599 2026 4692 Dtum,
2078 4593 2173 4646 Dei
2235 4607 2362 4646 vero
2402 4592 2687 4666 genitricis
2746 4592 3027 4663 precibus,
3087 4592 3250 4648 beato
3306 4607 3528 4663 quoque

149 4678 486 4734 Theoderici
539 4678 610 4711 3°“
656 4694 826 4748 super
872 4679 1171 4734 Maternam
1242 4680 1468 4736 fluvium
1521 4683 1782 4754 positum,
1811 4678 1865 4692 ⁵³
1891 4684 2117 4740 Martino
2141 4683 2546 4750 intercedente,
2572 4683 2639 4737 ad
2667 4684 2938 4758 agendam
2969 4684 3352 4755 painitentiam
3385 4700 3525 4754 pra?-

155 4769 507 4825 tradcntibus
543 4767 679 4824 illud
711 4769 816 4824 sibi
850 4771 1183 4841 quibusdam
1221 4787 1362 4842 quos
1393 4771 1466 4826 ibi
1498 4773 1568 4828 ad
1600 4783 1787 4830 custo-
1889 4777 2033 4831 senti
2081 4775 2206 4831 vitae
2247 4774 2522 4830 redditum
2576 4774 2702 4845 (79).
2750 4775 3096 4831 Gislebertus
3154 4791 3276 4831 cum
3328 4775 3528 4844 Lotha_

1516 4933 1738 4988 VARle
1772 4933 2152 4989 LECTIONES.

839 5031 908 5065 33°
941 5031 1373 5088 internicionem
1415 5031 1464 5088 2.
1511 5035 1563 5088 3.
1628 5035 1694 5070 ³⁸¹
1723 5035 1868 5090 deest
1898 5035 1950 5091 1.
1981 5035 2055 5101 2;
2088 5035 2181 5090 sed
2227 5034 2432 5091 XXXVI
2466 5035 2751 5103 tegendum
2780 5049 2909 5099 esse,
2950 5033 3101 5087 haud
3147 5032 3371 5086 dubium
3401 5033 3525 5086 erit.

681 5101 909 5159 ricarius
938 5105 992 5157 3.
1064 5104 1134 5137 ³⁸³
1156 5105 1404 5160 archeias
1446 5106 1497 5159 2.
1533 5105 1584 5161 3.
1677 5107 1746 5140 ³⁸⁵
1776 5124 1821 5163 s.
1875 5106 1932 5161 in
1963 5107 2013 5160 2.
2050 5108 2103 5162 3.
2187 5107 2256 5140 ’35
2285 5101 2550 5162 teoderici
2613 5108 2662 5160 1.
2694 5107 2747 5159 3.
2835 5106 2905 5139 ⁸⁸6
2929 5104 3087 5159 wallo
3119 5104 3174 5159 3.
3259 5103 3327 5136 ³⁸⁷
3358 5103 3533 5158 antis-

678 5177 746 5209 ³⁸⁸
774 5177 920 5229 deest
946 5176 1000 5229 2.
1050 5175 1286 5230 widolus
1317 5192 1364 5229 a.
1411 5177 1462 5230 3.
1544 5178 1612 5211 339
1642 5177 1851 5234 teutolo
1880 5177 1934 5232 2.
1974 5177 2066 5233 3b.
2115 5177 2376 5233 teudolus
2404 5178 2458 5233 3.
2507 5177 2721 5239 teutilo,
2751 5179 2875 5231 Hist
2930 5179 3075 5231 Rem.
3158 5174 3228 5208 ³⁹⁰
3253 5174 3534 5230 ordinavit

159 5252 212 5303 3.
295 5247 600 5318 8maccepit
674 5263 811 5302 corr.
870 5255 1098 5318 accepto
1132 5249 1178 5301 1.
1262 5247 1330 5280 39’
1354 5248 1642 5303 teduinum
1673 5250 1728 5303 2.
1806 5249 1874 5282 393
1899 5250 2045 5304 deest
2075 5250 2126 5303 1.
2221 5249 2290 5283 39‘
2320 5249 2624 5318 suspendio
2655 5255 2816 5302 necat
2849 5247 2907 5300 2.
2951 5247 3004 5300 3.
3082 5245 3151 5318 εξοε
3177 5252 3341 5316 atque
3366 5246 3442 5318 2.
3473 5247 3530 5304 3.

160 5323 232 5355 395
255 5316 533 5391 teoderiei
565 5322 610 5373 t.
641 5321 861 5389 saepius.
950 5316 1415 5391 397Aquantociens
1443 5320 1495 5373 2.
1567 5321 1635 5353 398
1664 5320 1900 5375 obsiden
1940 5320 2224 5374 mantibus
2248 5320 2303 5374 2.
2385 5316 2454 5354 ³⁵⁵9
2486 5319 2630 5391 regis
2673 5319 2723 5391 3.
2799 5318 2868 5351 ⁴⁰⁰
2894 5319 3041 5391 deest
3066 5316 3131 5391 73.
3213 5317 3277 5352 ⁴⁰¹
3301 5317 3532 5391 adnun-

158 5389 428 5447 ciationis
457 5391 511 5456 3,
599 5391 669 5423 ³⁰²
701 5388 979 5444 sacrarum
1008 5388 1145 5444 2.73.
1237 5390 1305 5423 ⁴⁰³
1336 5391 1530 5462 recipit
1556 5391 1608 5446 2.
1661 5392 1935 5496 recipit3.
2012 5392 2080 5426 ⁴⁰⁴
2118 5409 2170 5445 v.
2227 5391 2273 5444 1.
2307 5391 2358 5444 2.
2442 5391 2511 5425 ⁸0⁵
2541 5388 2598 5461 q.
2641 5389 2891 5444 viderant
2917 5390 2972 5443 2.
3059 5389 3130 5424 ⁴⁰⁶
3160 5389 3528 5446 munitionem

158 5465 192 5496 ω
221 5464 284 5496 Qa
401 5462 472 5496 L03
493 5462 832 5496 nuhpomlnm
867 5462 899 5496 ρ
1007 5462 1074 5495 θοι
1107 5477 1338 5496 nom-Ana
1384 5463 1404 5496 Δ
1482 5466 1670 5496 omnino
1803 5463 1847 5496 09
1876 5463 2373 5496 ι-ηνιΛι-νιοητῖηηεοηι
2413 5461 2448 5496 ο
2501 5462 2532 5496 ,Q
2641 5461 2710 5494 810
2730 5476 3024 5496 ηαννιηιιοπι
3061 5461 3084 5496 ιΙ
3149 5461 3442 5496 Ima-umnam
3475 5463 3506 5496 ’ἒ

158 5465 193 5516 2
219 5464 310 5518 3a.
401 5462 472 5496 ⁴⁰³
493 5462 833 5516 cubrardum
866 5462 919 5516 3.
997 5462 1074 5533 ν⁴⁰⁴
1107 5477 1342 5533 parrona
1384 5461 1689 5532 [ζημίας.
1779 5461 1847 5496 ‘09
1876 5463 2373 5519 veromandensem
2413 5461 2467 5515 2.
2500 5462 2554 5515 3.
2641 5461 2710 5494 “0
2730 5476 3026 5533 parronam
3061 5461 3113 5516 1.
3149 5461 3444 5518 barronam
3474 5463 3528 5515 3.

160 5537 227 5569 ⁴¹¹
252 5535 405 5589 deest
437 5533 492 5588 2.
562 5535 632 5567 ⁴¹²
664 5532 1040 5588 viridunensis
1066 5531 1119 5587 2.
1149 5534 1200 5590 3.
1296 5533 1365 5566 “3
1387 5531 1718 5606 perpessum
1750 5535 1798 5590 1.
1833 5551 1891 5588 se
1927 5535 1962 5588 f.
2011 5549 2338 5605 perpessum
2371 5535 2528 5601 Hugo
2560 5533 2624 5595 V,
2698 5533 2767 5566 ‘1‘
2800 5531 2921 5587 loca
2949 5533 3002 5587 2.

1737 5663 1779 5717 N
1786 5661 1950 5726 ΟΤᾹΞ.

1975 5768 2276 5844 (70)_Hugo
2349 5770 2499 5844 Vird.
2578 5771 2801 5844 pergit:
2869 5790 2895 5821 ‹‹
2937 5771 3300 5844 Quamobrem
3361 5765 3523 5844 huius

1901 5835 2157 5912 exemplo
2199 5835 2476 5912 provocati
2509 5835 2732 5915 quidam
2773 5842 3168 5900 canonicorum
3211 5840 3381 5894 beatae
3411 5835 3522 5890 Ma-

233 5035 302 5068 ³τ⁹
336 5033 600 5089 omnibus
618 5032 714 5089 2.3
750 5073 762 5086 .

160 5108 229 5141 3’”
270 5105 535 5160 richirius
580 5107 628 5160 1.

162 5176 512 5234 siodercnsis
540 5177 593 5229 2.

235 5767 352 5835 (68)
391 5767 442 5821 Α
450 5765 622 5822 rches.

233 5839 348 5908 (69)
387 5841 549 5907 Roge.
