3874 6404
427 373 527 427 451

1568 375 1931 430 FLODOARDI
1974 373 2278 431 CANONICI
2321 373 2651 430 REMENSIS

3679 379 3782 433 452

500 498 772 555 Brittones
793 498 861 553 ad
891 514 988 553 sua
1014 497 1135 554 loca
1165 505 1290 570 post
1328 499 1596 554 diutinam
1626 500 1860 572 regressi
1891 516 2044 572 pere-
2073 507 2120 573 Α
2147 500 2468 554 Praemissus
2497 515 2627 555 vero
2654 499 2809 572 Hugo
2839 498 2907 553 ad
2937 513 3124 572 regem
3177 499 3329 556 venit
3371 500 3460 564 ⁸⁸⁸,
3497 510 3554 557 et
3583 502 3780 558 amici-

425 591 817 666 grinationem,
849 607 972 646 cum
1028 591 1398 656 Nortmannis,
1457 591 1551 663 qui
1576 599 1772 646 terram
1801 593 2042 662 ipsorum

319 737 324 742 ,
427 682 745 754 contiguam
784 680 891 734 sibi
945 687 1318 749 pervaserant,
1371 681 1754 752 trequentibus
1782 681 2047 736 dimicant

430 769 665 839 proaliis,
693 769 1006 840 superiores
1033 768 1284 838 pluribus
1323 769 1643 836 existentes,
1675 777 1730 825 et
1761 771 1879 826 loca
1921 786 2050 841 per-

427 874 557 912 vasa
608 858 958 929 recipientes.
1020 857 1307 927 Rodulfus,
1342 858 1594 913 Jurensis
1634 876 1698 914 ac
1755 859 2046 930 Cisalpinae

429 949 616 1004 Galliae
648 967 760 1014 rex,
793 951 932 1004 obiit
963 966 977 1014 ;
1021 950 1105 1004 cui
1139 948 1287 1004 filius
1313 967 1515 1021 parvus
1553 951 1959 1007 Chonradus‘68
1990 953 2044 1006 in

429 1053 597 1110 regno
626 1037 890 1092 succedit.
915 1037 1070 1092 Abbo
1110 1038 1438 1094 Suessorum
1476 1041 1672 1111 praesul
1705 1040 2044 1115 defungitur:

426 1140 480 1185 et
528 1129 688 1185 Wido
747 1128 897 1184 ﬁlius
953 1129 1213 1186 Fulconis
1261 1132 1330 1166 ⁸⁸9
1387 1132 1820 1208 Andegavensis,
1874 1135 2049 1189 sancti

427 1221 642 1276 Martini
669 1222 1008 1277 Turonensis
1029 1223 1354 1290 canonicus,
1386 1225 1505 1294 ejus
1553 1225 1872 1298 episcOpatu
1907 1227 2052 1298 poti-

425 1319 532 1366 tur.
556 1313 712 1367 Anno

1026 1384 1481 1442 DCCCCXXXVIII

428 1514 524 1552 rex
564 1496 888 1553 Ludowicus
936 1499 1216 1569 quoddam
1275 1509 1513 1557 castrum
1574 1502 1799 1558 nomine
1853 1503 2050 1560 Monti-

428 1589 649 1643 niacum
682 1588 812 1659 (75),
842 1591 990 1660 quod
1019 1591 1241 1662 quidam
1265 1592 1452 1647 Serlus
1478 1593 1765 1650 latrocinia
1786 1611 2051 1650 exercens

429 1681 672 1749 tenebat,
701 1683 753 1737 vi
785 1683 933 1753 cepit
965 1701 979 1747 ;
1024 1683 1203 1754 ipsum
1233 1701 1363 1740 vero
1386 1685 1454 1719 ⁴⁷⁰
1468 1686 1682 1740 Serlum
1712 1703 1810 1758 per
1839 1689 2050 1759 deprae-

427 1772 698 1828 cationem
733 1773 920 1828 domni
975 1774 1182 1829 Artoldi
1215 1776 1620 1848 archiepiscOpi
1651 1778 1763 1833 vita
1802 1779 2045 1848 donavit,

2147 590 2278 644 tiam
2309 587 2360 642 ei
2393 596 2736 643 sacramento
2768 587 3554 659 promittit.Gislebertuscum
3590 591 3780 646 Lotha-

2147 685 2423 740 riensibus
2441 685 2654 760 Hugoni
2673 693 2727 739 et
2749 683 3038 739 Heriberto
3056 685 3626 757 venitjinadjutorium
3648 703 3779 741 con-

2148 779 2229 828 tra
2245 789 2430 846 regem
2464 773 3206 845 Ludowicum,castrumque
3233 773 3646 846 Petrzepontem
3675 775 3775 844 (80}

2149 866 2201 919 vi
2235 865 2479 936 capiunt.
2503 864 2762 920 Arnulfus
2793 881 2979 920 comes
3000 873 3054 920 et
3074 865 3394 921 Heribertus
3421 867 3569 922 inter
3590 883 3779 939 regem

2150 959 2502 1014 Ludowicum
2524 966 2577 1014 et
2599 959 2882 1031 llugonem
2915 959 3780 1032 dilationem[accipiunt,pacem

2149 1061 2494 1107 sacramento
2553 1053 2896 1122 paciscentes
2951 1068 3131 1124 usque
3187 1053 3256 1107 ad
3317 1051 3485 1108 ﬁnem
3524 1054 3777 1108 Januarii

2153 1141 2360 1196 mensis
2389 1142 2476 1196 ‘87.
2513 1141 2620 1196 Nec
2651 1157 2803 1196 mora
2861 1141 3191 1197 Ludowicus
3231 1143 3300 1176 ‘33
3332 1158 3425 1198 rex
3447 1144 3689 1198 consilio
3715 1145 3779 1176 “‘9

2153 1229 2349 1285 Odoini
2415 1231 2484 1264 ‘90
2524 1239 2576 1286 et
2631 1231 2880 1298 Gerardi,
2941 1233 3035 1304 qui
3101 1231 3426 1288 dimiserant
3478 1233 3778 1287 Rodulfum

2155 1321 2476 1392 episcopum
2505 1321 2932 1376 Laudunensetn
2964 1331 3017 1377 et
3035 1323 3444 1378 transierantad
3464 1323 3776 1395 Hugonem,

2158 1428 2246 1466 res
2292 1413 2377 1467 vel
2438 1413 2725 1468 thesauros
2779 1413 3029 1468 Lauduni
3076 1420 3327 1484 repertos
3368 1413 3563 1486 diripit
3607 1424 3776 1484 atque

2153 1501 2427 1572 dispertit.
2455 1502 2612 1557 Anno
2757 1571 3166 1629 DCCCCXXXIX

2152 1661 2560 1717 Ludowicus‘“
2595 1678 2690 1716 rex
2718 1661 2930 1736 Hugoni
2979 1661 3094 1718 filio
3149 1659 3427 1728 Richardi,
3462 1661 3776 1734 proficisci-

2150 1758 2240 1806 tur
2268 1751 2487 1807 obviam
2523 1769 2535 1804 :
2569 1767 2692 1806 cum
2725 1767 2835 1823 quo
2868 1752 2938 1806 de
2969 1751 3288 1823 Burgundia
3329 1759 3774 1822 revertens,per-

427 1873 481 1918 et
503 1863 770 1935 oppidum
813 1866 1030 1920 evertit.
1091 1843 1432 1920 Heribertum
1476 1843 2047 1938 perdeprecationem
2074 1845 2124 1912 Β
2145 1844 2226 1938 git
2256 1852 2447 1900 contra
2479 1845 2763 1938 Ηυὲοηθῖη
2792 1844 2964 1938 ῌιίυιη
2997 1845 3337 1938 “PlPCNW
3366 1843 3775 1938 ‘Viiif’lmun'igg

429 1957 678 2032 llugonis
701 1959 770 2012 ad
825 1976 1016 2030 pacem
1076 1961 1307 2032 recepit.
1371 1963 1692 2018 Tusciacum
1747 1964 1854 2033 (76)
1885 1979 2053 2036 super

427 2048 656 2112 Mosam.
688 2065 810 2104 cum
843 2049 990 2106 villis
1016 2051 1140 2106 aliis
1175 2053 1244 2106 ad
1268 2051 1444 2123 ipsam
1477 2051 2054 2124 pertinentibus,quas

425 2147 585 2208 pater
614 2137 790 2209 ipsius
830 2141 991 2195 matri
1022 2141 1143 2210 ejus
1190 2143 1336 2197 dotis
1381 2143 1508 2211 jure
1529 2143 1773 2211 dederat,
1800 2159 2049 2216 quasque

429 2226 718 2297 Rotgarius
749 2227 811 2262 ‘7‘
860 2244 1048 2284 comes
1105 2231 1350 2298 tenebat,
1383 2231 1506 2301 ipso
1538 2231 1805 2286 reddente
1819 2231 2045 2301 recepit,

426 2319 559 2372 dum
582 2334 676 2374 eas
718 2319 898 2375 hostili
933 2338 1097 2376 manu
1145 2323 1391 2394 repetiit.
1430 2325 1562 2378 lnde
1604 2334 1885 2380 revertens
1915 2323 2049 2380 Cor-

426 2410 837 2480 benacum(77)
905 2416 1217 2482 castellum,
1269 2417 1417 2487 quod
1480 2425 1635 2488 pater
1691 2417 1811 2486 ejus
1857 2425 2048 2473 sancto

430 2499 679 2573 Remigio
711 2502 1013 2558 tradiderat
1043 2504 1306 2576 quodque
1358 2513 1674 2576 pervaserat
1707 2506 2048 2573 Heribertus,

429 2605 524 2643 rex
554 2589 661 2645 sibi
685 2592 753 2626 ⁸⁷³
781 2609 813 2646 a
844 2593 1504 2649 monachiscommissum
1539 2594 1607 2627 ‘73
1631 2610 1730 2664 per
1761 2594 1872 2648 vim
1906 2610 2051 2649 rece—

427 2682 528 2753 pit,
561 2687 616 2736 et
641 2683 896 2738 homines
937 2684 1232 2751 Heriberti,
1265 2685 1360 2756 qui
1391 2692 1547 2740 erant
1581 2686 1634 2740 in
1666 2701 1755 2752 eo,
1789 2701 2051 2756 compre-

428 2773 652 2839 hensos,
696 2783 925 2846 rogante
947 2775 1156 2830 domno
1197 2775 1423 2831 Artoldo
1446 2777 2053 2847 archiepiscopo,abire

427 2861 698 2930 permisit.
734 2862 887 2934 Hugo
918 2863 1198 2933 princeps,
1261 2863 1408 2918 tilius
1469 2864 1739 2928 Rotherti,
1803 2881 2051 2920 sororem

428 2953 661 3008 Othonis
693 2955 840 3029 regis
894 2955 1383 3022 Transrhenensis,
1438 2955 1607 3011 filiam
1667 2957 1906 3013 Heinrici
1965 2959 2053 3014 ‘7‘.

429 3045 580 3101 ducit
609 3061 854 3102 uxorem.
890 3047 1221 3103 Ludowicus
1268 3065 1360 3104 rex
1392 3049 1667 3104 maritima
1698 3050 1819 3105 loca
1842 3057 2063 3121 petens,

2152 1935 2614 1991 Nortmannorum
2648 1934 2976 2005 principem.
3018 1934 3117 1999 Qui
3141 1933 3402 2004 quoniam
3422 1933 3576 1988 villas
3599 1948 3776 2002 nuper

2154 2023 2358 2079 Arnulti
2410 2023 2633 2080 comitis
2691 2023 2958 2094 quasdam
3028 2023 3230 2094 praedis
3262 2021 3655 2092 incendiisque
3707 2022 3774 2054 ‘9‘

2152 2123 2476 2185 vastaverat,
2521 2115 3029 2170 excommunicatur
3085 2114 3154 2169 ab
3185 2113 3461 2186 episcopis
3481 2113 3577 2184 qui
3619 2119 3777 2166 erant

2149 2224 2274 2263 cum
2305 2223 2457 2282 rege,
2489 2207 2652 2262 simul
2683 2224 2804 2262 cum
2839 2207 3127 2261 Heriberto
3149 2207 3239 2273 ‘9‘,
3271 2206 3364 2278 qui
3390 2205 3595 2276 oppida
3625 2220 3782 2275 qum-

2151 2303 2274 2356 dam
2308 2302 2575 2373 villasque
2597 2302 2770 2356 sancti
2832 2301 3065 2375 Remigii
3111 2316 3370 2372 pervasas
3417 2299 3778 2370 pertinaciter

2152 2393 2456 2449 detinebat.
2496 2395 2647 2467 Hugo
2711 2393 2854 2448 datis
2909 2393 3202 2448 obsidibus
3243 2409 3431 2464 pacem
3487 2391 3787 2462 paciscitur

2152 2499 2327 2554 usque
2356 2483 2628 2537 Kalendas
2656 2481 2825 2536 Junii.
2864 2482 3254 2536 Lotharienses
3287 2482 3560 2537 Othonem
3595 2497 3782 2554 regem

2151 2591 2312 2629 suum
2338 2576 2402 2609 “’5
2435 2575 2719 2641 deserunt,
2755 2581 2810 2629 et
2838 2573 2906 2628 ad
2928 2574 3282 2629 Ludowicum
3300 2589 3484 2645 regem
3527 2573 3781 2637 veniunt,

2159 2666 2254 2737 qui
2305 2682 2401 2722 eos
2431 2666 2680 2738 recipere
2709 2665 2928 2721 distulit
2985 2666 3056 2722 ob
3111 2666 3434 2731 amicitiam,
3490 2666 3786 2736 quaeinter

2159 2769 2274 2821 eos,
2318 2753 2516 2827 legatis
2567 2753 2746 2824 ipsius
2785 2755 3014 2809 Othonis
3044 2760 3096 2808 et
3151 2753 3378 2808 Arnult‘o
3419 2755 3629 2809 comite
3666 2770 3786 2808 me-

2157 2846 2371 2912 diante,
2402 2845 2634 2916 depacta
2657 2854 2792 2901 erat.
2835 2845 3126 2902 Castellum
3181 2845 3390 2900 Erluini
3452 2847 3523 2880 ωδ
3575 2847 3790 2900 mariti-

2160 2953 2333 3000 mum,
2363 2937 2510 3008 quod
2543 2944 2769 2992 vocatur
2796 2936 3268 3006 Monasteriolum,
3297 2952 3485 2992 comes
3505 2937 3788 3002 Arnulfus,

2167 3027 2419 3094 tradente
2441 3026 2678 3098 quodam
2727 3026 3027 3097 proditore,
3061 3026 3231 3096 cepit,
3265 3031 3320 3079 et
3358 3042 3586 3080 uxorem
3617 3027 3795 3099 ipsius

427 3146 664 3192 castrum
683 3138 1308 3212 quoddamponumque
1337 3140 1405 3174 v.5
1435 3156 1602 3211 supra
1634 3113 2064 3213 mare’q'ucmm
2167 3115 2377 3170 Erluini
2419 3116 2485 3148 “’7
2526 3122 2681 3169 trans
2738 3131 2888 3169 mare
2918 3131 3042 3169 cum
3103 3113 3234 3168 ﬁliis
3276 3115 3343 3168 ad
3395 3115 3680 3169 Alstanum
3727 3116 3792 3146 ⁵³³

427 3230 622 3285 dicunt
653 3206 880 3287 Guisum
942 3206 1075 3302 (7'8),
1134 3206 1445 3288 restaurare
1487 3206 1643 3289 nisus
1672 3243 1772 3289 est.
1808 3206 2058 3306 liumque

2228 3224 2349 3283 gem
2391 3206 2578 3262 mittit.
2609 3207 2719 3262 Nec
2761 3208 3008 3282 longum,
3043 3207 3273 3262 collecta
3322 3206 3789 3262 Nortmannorum

427 3339 555 3377 cum
589 3323 820 3380 Arnulfo
850 3334 1120 3392 moratur,
1187 3325 1443 3382 homines
1471 3326 1741 3383 Heriberti
1775 3327 2056 3400 quoddam

425 3421 668 3466 castrum
731 3413 1022 3469 Remensis
1065 3415 1329 3470 mcclesias
1361 3457 1377 3482 ,
1461 3417 1613 3488 quod
1661 3425 1861 3472 vocant
1916 3416 2061 3471 Cau-

425 3511 630 3556 sostem
663 3502 794 3573 (79},
849 3519 1020 3575 super
1065 3505 1362 3560 Maternam
1421 3505 1671 3573 ﬂuvium,
1713 3507 1782 3561 ab
1827 3506 2056 3562 Artoldo

426 3592 664 3664 praesule
695 3603 1099 3663 constructum,
1133 3598 1405 3668 prodente
1423 3598 1691 3669 Wilperto
1723 3599 1790 3633 ‘77
1814 3599 2053 3672 quodam

428 3681 678 3752 capiunt,
713 3689 768 3738 et
791 3683 1163 3758 Raagibertum
1206 3686 1274 3719 “3
1306 3687 1355 3749 *,
1386 3686 1479 3757 qui
1513 3686 1697 3742 eidem
1729 3696 1905 3744 castro
1921 3705 2058 3759 pra;-

429 3781 780 3837 erat,secum
844 3772 1129 3828 abducunt
1176 3774 1264 3841 ‘79,
1315 3775 1584 3845 villasque
1633 3775 2057 3847 circumpositas

426 3863 638 3919 crebris
657 3865 1049 3936 depraedantur
1075 3865 1543 3923 infestationibus.

503 3959 636 4029 [*H
680 3962 761 4034 _R._
791 3976 864 4025 ιν,
904 3961 994 4034 26.
1057 3959 1470 4034 Ragenbertum
1534 3961 1739 4018 Artoldi
1806 3961 2060 4031 praesulis

503 4030 946 4102 consobrinum]

506 4120 723 4176 Interea
771 4137 866 4176 rex
914 4119 1244 4177 Ludowicus
1295 4121 1365 4155 ⁴⁸⁰
1395 4131 1654 4177 evocatus
1707 4121 1776 4176 ab
1833 4121 2058 4177 Artoldo

434 4213 930 4284 archiepiscopo‘"
948 4213 1281 4288 regreditur,
1298 4214 1689 4288 ingressusque
1707 4213 2056 4280 Laudunum,

437 4317 618 4356 arcem
648 4317 844 4357 novam
873 4318 1054 4374 nuper
1077 4303 1148 4337 ⁴³²
1179 4301 1320 4356 inibi
1360 4302 1427 4356 ab
1461 4300 1750 4356 Heriberto
1782 4301 1852 4335 “3
1883 4299 2060 4356 aedifi-

435 4403 613 4448 catam
646 4393 868 4450 obsidet
900 4413 914 4461 ;
949 4394 1247 4466 multisque
1269 4392 1872 4449 machinissuﬂ‘osso‘“
1901 4409 2056 4448 ever-

431 4500 607 4558 soque
634 4503 813 4555 muro,
846 4503 970 4542 cum
1011 4505 1212 4561 magno
1252 4488 1473 4542 tandem
1507 4487 1655 4558 capit
1680 4487 1888 4542 labore.
1921 4487 2055 4541 lnde

2162 3316 2273 3357 non
2331 3300 2548 3355 modica
2589 3316 2754 3354 manu
2791 3341 2805 3366 ,
2867 3299 3124 3354 Erluinus
3190 3307 3425 3355 castrum
3483 3299 3789 3373 pugnando

2161 3391 2370 3462 recepit
2402 3399 2496 3457 ;et
2528 3408 2592 3446 ex
2620 3391 2890 3446 militibus
2912 3389 3145 3458 Arnulﬁ,
3200 3395 3341 3463 quos
3375 3391 3524 3446 intus
3555 3392 3794 3461 invenit,

2161 3483 2464 3539 nonnullos
2496 3483 2794 3548 interemit,
2833 3482 3103 3554 quosdam
3148 3498 3278 3537 vero
3310 3489 3538 3554 propter
3562 3499 3794 3539 uxorem

2160 3571 2546 3642 recipiendam
2575 3571 2888 3627 reservavit.
2912 3570 3301 3626 Lotharienses
3328 3571 3530 3626 iterum
3557 3573 3794 3627 veniunt

2164 3659 2232 3714 ad
2266 3676 2451 3734 regem
2507 3659 2909 3726 Ludowicum;
2953 3667 3006 3715 et
3060 3675 3320 3730 proceres
3368 3659 3546 3729 ipsius
3613 3661 3791 3732 regni,

2164 3752 2504 3808 Gislebertus
2528 3752 2740 3807 scilicet
2769 3753 2898 3819 dux,
2941 3760 2996 3807 et
3027 3752 3186 3820 Otho,
3221 3753 3366 3807 Isaac
3405 3759 3573 3823 atque
3613 3752 3795 3807 Theo-

2165 3843 2382 3899 dericus
2410 3845 2496 3910 “9,
2528 3845 2780 3912 comites,
2813 3844 2994 3900 eidem
3024 3845 3092 3879 δοδ
3123 3861 3184 3900 se
3226 3844 3340 3917 regi
3390 3843 3751 3900 committunt
3779 3864 3791 3908 ;

2162 3937 2412 4008 episcOpi
2443 3952 2572 3992 vero
2604 3936 2694 4004 50°,
2725 3936 2990 4008 quoniam
3016 3954 3108 3991 rex
3128 3936 3350 3992 Otho500
3375 3952 3566 3991 eorum
3600 3954 3790 3992 secum

2161 4027 2449 4083 detinebat
2468 4027 2803 4096 obsidalum,
2863 4028 3157 4084 Ludowico
3201 4027 3315 4101 regi
3345 4043 3403 4082 se
3434 4029 3787 4084 committere

2159 4119 2439 4175 differunt.
2489 4121 2627 4176 Otho
2677 4137 2772 4174 rex
2808 4163 2822 4188 ,
2880 4120 3075 4176 Rheno
3149 4119 3492 4185 transmisso,
3558 4137 3789 4196 regnum

2161 4213 2517 4268 Lothariense
2540 4213 2928 4284 perlustrat,et
2973 4213 3245 4269 incendiis
3278 4212 3593 4285 praedisque
3631 4213 3789 4284 plura

2158 4301 2281 4358 loca
2306 4302 2572 4356 devastat.

2228 4392 2530 4463 Anglorum
2559 4391 2748 4446 classis
2779 4391 2848 4445 ab
2895 4391 3138 4458 Alstano,
3188 4407 3315 4464 rege
3372 4407 3496 4455 suo,
3541 4390 3596 4444 in
3631 4390 3792 4445 auxi-

2159 4484 2290 4538 lium
2326 4483 2605 4539 Ludowici
2633 4485 2779 4558 regis
2811 4486 3152 4550 transmissa,
3215 4499 3364 4539 mare
3424 4484 3489 4517 5‘“
3528 4484 3788 4546 transito,

429 4573 496 4628 ad
522 4575 857 4647 colloquium
884 4575 1539 4652 proﬁcisciturllugonis,
1571 4575 1754 4631 fratris
1777 4576 2053 4648 quondam
2078 4583 2135 4651 ι)
2155 4577 2273 4633 loca
2295 4593 2528 4649 quaeque
2563 4577 2894 4632 Morinorum
2917 4578 3054 4631 mari
3104 4577 3458 4648 depraedatur
3487 4575 3753 4650 contigua
3776 4593 3788 4639 ;

431 4665 645 4722 Rodulfi
682 4670 848 4741 regis,
883 4670 1070 4726 Odone
1125 4669 1240 4726 filio
1291 4671 1586 4736 Heriberti,
1617 4670 1708 4742 qui
1751 4685 1809 4725 se
1837 4669 1916 4723 illi
1953 4684 2059 4722 nu-

430 4757 676 4826 perrime
709 4758 777 4792 ¹ο⁸⁵
801 4759 1178 4827 commiserat,
1211 4759 1278 4814 ad
1307 4760 1556 4816 Lauduni
1599 4757 2055 4815 tutelamrelicto.

2159 4667 2427 4738 nulloque
2467 4666 2690 4739 negotio
2750 4675 2976 4737 prepter
3033 4666 3182 4736 quod
3237 4671 3505 4720 venerant
3538 4674 3788 4735 peracto,

2161 4770 2417 4811 remenso
2464 4755 2534 4789 ⁵⁰²
2570 4755 2728 4823 mari,
2785 4754 3012 4826 propria
3061 4760 3323 4826 repetunt
3349 4754 3486 4810 loca.
3518 4752 3658 4810 Otho
3697 4771 3787 4809 rex

1781 4863 2002 4918 VARUE
2052 4861 2429 4916 LECTIONES.

509 4961 582 4996 “8
617 4962 899 5034 conradus
945 4963 1000 5017 2.
1053 4962 1107 5020 3.
1141 4965 1209 4998 ⁴⁶⁹
1241 4963 1476 5019 folconis
1511 4964 1566 5018 2.
1613 4963 1682 4997 ‘70
1725 4977 1950 5034 quoque
2000 4977 2143 5034 corr.
2187 4961 2406 5034 uerol.
2437 4961 2501 5034 ff'
2563 4959 3030 5034 rotgerius_t._“‘j’
3086 4977 3222 5034 sur.
3279 4960 3332 5014 2.
3373 4958 3463 5034 βπ*
3514 4961 3784 5034 commis-

428 5035 622 5106 saml
666 5033 732 5067 ⁸⁷⁸
789 5034 1018 5106 henrici
1061 5034 1114 5106 3.
1173 5035 1241 5069 ‘75
1293 5044 1644 5106 castrumque
1688 5033 1757 5090 2.7
1795 5035 1849 5088 3.
1886 5033 1956 5106 57°

430 5104 502 5176 f7”
521 5105 806 5159 adducunt
843 5106 898 5171 2,
956 5105 1025 5139 ⁴⁸⁰
1058 5105 1114 5160 L.
1164 5123 1208 5161 r.
1239 5107 1292 5160 2.
1327 5108 1380 5160 3.
1423 5105 1489 5140 ‘3‘
1553 5104 1819 5176 episcopo
1869 5105 1925 5158 2.
1966 5104 2034 5176 f“

429 5174 482 5226 2.
516 5177 584 5210 “5
619 5191 797 5245 nuper
861 5177 913 5230 3.
962 5177 1032 5211 ⁴⁸⁶
1083 5185 1317 5232 uenerat
1370 5177 1423 5234 3.
1479 5177 1544 5210 ⁸⁸⁷

1606 5174 1834 5232 deest—2.
1866 5176 1935 5210 ⁴⁸⁸
1966 5174 2259 5230 ιοόιιὶιὶουε
2287 5175 2336 5230 3.
2369 5176 2436 5208 ’⁸⁸9
2494 5175 2639 5228 deest
2691 5175 2746 5227 2.
2807 5175 2876 5208 ‘90
2909 5174 3214 5229 hodouuini
3265 5174 3298 5228 2
3373 5175 3406 5226 3

1999 5032 2148 5104 quod
2194 5033 2246 5086 2.
2310 5033 2359 5087 3.
2411 5031 2477 5066 ‘77
2541 5031 2791 5086 wilh’erto
2842 5032 2894 5087 3.
2929 5031 2962 5087 3
3016 5032 3069 5086 b.
3128 5033 3196 5066 δῖ’
3239 5031 3592 5104 ragebertum
3632 5032 3704 5104 A2.
3736 5033 3782 5084 3.

2077 5120 2244 5175 quam
2308 5119 2504 5173 nuper.
2563 5107 2584 5158 1
2672 5104 2740 5137 ⁸⁸³
2769 5119 2820 5156 a.
2855 5104 2908 5157 h.
2948 5103 2984 5156 i.
3031 5105 3082 5157 3.
3128 5103 3429 5175 ‘a‘retiTOSso
3463 5104 3486 5156 1

3549 5101 3785 5156 suffosso

3490 5175 3556 5208 L91
3603 5173 3785 5228 Ludo-

429 5245 586 5318 vicus
611 5248 664 5318 3.
703 5249 923 5316 sapius.
951 5247 1020 5282 ‘9’
1068 5250 1318 5303 uuilelmi
1349 5250 1404 5303 2.
1451 5249 1520 5282 ‘93
1552 5266 1583 5318 p
1665 5254 1727 5318 et
1772 5247 2046 5303 incendiis
2083 5262 2220 5318 quas
2255 5246 2438 5318 2.7”,"
2495 5246 2690 5318 herito
2713 5246 2746 5299 3
2797 5261 2846 5299 a.
2881 5247 2950 5280 ‘95
2997 5263 3023 5299 s
3091 5263 3132 5299 r.
3167 5247 3220 5299 2.
3254 5245 3305 5301 3.
3338 5247 3408 5279 ‘9“
3434 5248 3702 5318 t'nrnarg.
3739 5247 3782 5298 l.

435 5312 1137 5392 Bernuﬁinusﬂ’irdunensis
1167 5321 1467 5392 episcolius
1496 5312 1653 5374 obiit.
1686 5317 1832 5392 [iugo
1855 5322 1933 5392 γ.
1973 5312 2163 5392 desunt
2177 5317 2354 5392 ‘2.”{97
2409 5317 2646 5392 herlujni
2671 5317 2728 5372 2.
2775 5320 2994 5387 sapius,
3037 5318 3088 5372 3.
3113 5322 3441 5372 constanter.
3472 5317 3542 5351 ‘93
3575 5316 3783 5372 alstan-

433 5397 566 5438 num
599 5387 658 5441 3.
700 5385 768 5419 ‘9’
791 5389 1106 5445 teodericus
1132 5385 1440 5462 L'scepiits,
1471 5392 1540 5425 δοθ
1571 5393 1717 5446 deest
1743 5385 1797 5444 2.
1825 5391 1889 5425 δίη
1925 5390 2060 5445 mari
2081 5389 2135 5444 2.
2169 5389 2223 5444 3.
2253 5389 2322 5422 ὅθ’
2355 5404 2507 5444 remo
2547 5390 2602 5443 2.

1993 5492 2185 5548 NOTAE

493 5586 600 5666 (Z5)
629 5585 919 5666 Μοῖξείρηυ
959 5589 1012 5644 in
1045 5607 1188 5666 pago
1209 5593 1618 5651 Suessionensi.

491 5652 605 5726 (76)
628 5652 843 5726 Τμιιςιῃ.

497 5722 615 5795 (77)
654 5722 911 5791 Οονὺρηῃ.

2227 5594 2334 5662 (78)
2373 5593 2614 5649 Wissant
2653 5591 2724 5648 ab
2750 5593 3040 5650 occidente
3065 5592 3254 5650 Caleti.

2231 5665 2435 5732 t79)lLa
2461 5666 2729 5722 Chaussee
2758 5665 2786 5718 ?

2230 5735 2334 5802 (90,)
2365 5740 2678 5807 Ρίθννφοηε
2711 5738 2764 5793 in
2803 5753 2944 5808 pago
2980 5737 3348 5793 Laudunensi.
