3874 6410
133 362 226 418 453

1633 353 1951 409 ANNALES.

3359 357 3466 412 454

131 492 452 565 colloquium
484 490 678 546 habuit
696 505 820 545 cum
845 489 1072 563 Hugone
1101 496 1156 545 et
1179 488 1480 554 Heriberto,
1509 486 1738 544 Arnulfo
1763 491 1812 559 Α
1846 486 2208 542 munitionem
2228 484 2468 553 obsidet,
2498 499 2661 557 quam
2687 485 2885 558 quinto
2912 485 3135 542 tandem
3155 488 3466 556 die,Ludo-

131 594 180 638 et
218 580 492 636 Willelmo
540 579 1003 634 Nortmannorum
1063 578 1345 649 principe;
1395 585 1450 631 et
1500 575 1742 646 acceptis

131 673 190 728 ab
239 672 317 726 eis
384 669 531 743 pacti
586 668 967 734 Sacramentis,
1035 675 1188 722 trans
1256 667 1506 721 Rhenum
1555 680 1742 735 regre-

133 767 285 822 ditur.

195 863 298 916 Rex
325 860 542 916 interea
597 857 924 914 Ludowicus
969 857 1372 912 Virduuensem
1421 856 1490 890 ⁵⁰³
1541 872 1740 929 pagum

135 960 274 1026 petit.
312 953 409 1009 ubi
466 953 692 1024 quidam
735 951 891 1026 regni
949 950 1324 1006 Lothariensis
1363 949 1610 1019 episcopi
1657 949 1742 1003 sui

131 1042 453 1098 efficiuntur.
505 1042 752 1112 Indeque
797 1041 854 1094 in
908 1055 1110 1114 pagum
1173 1039 1542 1110 proficiscitur
1580 1038 1745 1092 Elisu-

133 1134 278 1199 tium,
326 1134 659 1203 locutusque
699 1147 825 1186 cum
885 1130 1114 1204 Hugone
1171 1129 1468 1200 Cisalpino,
1525 1136 1577 1182 et
1628 1129 1749 1200 qui-

131 1224 350 1278 busdam
403 1223 470 1278 ad
510 1239 573 1278 se
613 1222 964 1277 venientibus
995 1222 1233 1291 receptis
1275 1219 1743 1287 Lothariensibus,

133 1311 404 1366 nonnullis
454 1326 676 1382 quoque
708 1310 938 1365 Othonis
963 1309 1110 1383 regis
1137 1309 1395 1364 fidelibus
1427 1317 1573 1364 trans
1601 1309 1744 1363 Rhe-

133 1419 253 1458 num
298 1402 524 1476 fugatis,
581 1403 903 1457 Lauduuum
962 1401 1274 1470 revertitur,
1325 1409 1379 1456 et
1424 1399 1744 1468 Rodulfum,

131 1491 544 1547 Laudunensem
561 1491 632 1525 ⁵0³
649 1491 994 1562 episcOpum,
1030 1489 1341 1560 proditione
1370 1489 1742 1544 insimulatum

130 1590 296 1638 castro
325 1583 506 1652 ejicit;
539 1582 636 1637 sed
690 1592 746 1637 et
792 1583 1045 1637 homines
1071 1581 1244 1652 ipsius
1278 1582 1440 1636 rebus
1480 1581 1748 1652 episcopii

131 1677 324 1748 privat,
361 1686 416 1733 et
444 1678 670 1733 easdem
703 1692 792 1732 res
821 1677 935 1730 suis
964 1675 1288 1732 hominibus
1319 1674 1547 1730 confert.
1583 1674 1754 1728 Gisle-

1845 583 1983 637 wico
2016 598 2146 653 rege
2179 581 2307 636 illuc
2331 582 2617 648 veniente,
2654 582 2708 636 hi
2735 582 2829 654 qui
2857 590 3015 638 erant
3049 583 3194 639 intus
3224 584 3464 639 redden-

1844 678 1926 725 tes
1946 671 2238 735 deserunt;
2282 685 2384 726 nec
2410 671 2654 745 longum,
2685 671 2953 726 subversa
2984 671 3253 742 funditus,
3285 675 3354 729 ab
3383 677 3469 731 his

1845 759 1938 830 qui
1972 775 2232 830 recepere
2258 759 2577 830 dissipatur.
2616 759 3026 832 MissiHugonis
3051 762 3120 816 ad
3153 778 3337 836 regem
3371 781 3468 819 ve-

1845 852 2024 916 niunt,
2057 858 2111 906 et
2148 852 2218 905 de
2251 869 2383 922 pace
2415 868 2536 906 cum
2571 853 2652 906 eis
2688 869 2779 907 rex
2811 853 2956 908 inter
3001 855 3284 909 Artoldum
3318 872 3465 927 pra:-

1844 941 2019 994 sulcm
2063 947 2117 994 et
2176 940 2520 996 Heribertum
2575 940 2827 996 laborare
2885 941 3088 996 studet.
3148 943 3362 999 Deinde
3401 945 3469 999 ad

1848 1046 2086 1091 castrum
2135 1037 2436 1107 quoddam,
2494 1036 2641 1108 quod
2685 1037 2970 1102 Heriveus,
3029 1053 3204 1109 nepos
3252 1039 3470 1096 Herivei

1848 1126 2127 1195 quondam
2150 1126 2398 1196 episcopi
2429 1127 2518 1192 δίδ,
2553 1126 2967 1196 superfluvium
3000 1127 3300 1183 Maternam
3320 1138 3474 1186 tene-

1850 1218 1959 1283 bat,
1988 1217 2134 1272 unde
2162 1224 2216 1272 et
2244 1217 2403 1271 villas
2423 1218 2692 1289 episc0pii
2729 1219 3016 1274 Remensis
3038 1221 3472 1295 circumquaque

1851 1309 2058 1378 positas
2126 1308 2572 1380 depraedabatur,
2634 1310 3006 1381 proficiscitur
3080 1329 3199 1368 cum
3249 1314 3473 1371 Artoldo

1848 1402 2286 1473 archiepiscOpo.
2321 1403 2431 1458 Nec
2484 1419 2659 1470 mora,
2692 1404 2980 1460 obsidibus
3008 1406 3251 1479 acceptis
3293 1408 3362 1443 ⁶¹⁷
3402 1408 3472 1464 ab

1850 1489 1968 1562 ipso
1990 1493 2243 1559 Heriveo,
2265 1493 2557 1547 revertitur
2581 1493 2798 1558 Remis;
2828 1510 3175 1569 pergensque
3204 1497 3258 1551 in
3282 1499 3477 1555 crasti-

1855 1602 1986 1640 num
2017 1586 2085 1641 ad
2116 1595 2365 1641 sanctum
2400 1585 2734 1660 Remigium,
2757 1603 2880 1643 sese
2911 1588 3084 1658 ipsius
3111 1575 3291 1647 sancti
3317 1609 3480 1650 com-

1853 1678 2021 1732 mittit
2078 1677 2591 1745 intercessionibus,
2629 1679 2964 1747 promittens
3002 1680 3236 1736 vadibus
3278 1682 3474 1739 libram

131 1768 312 1824 bertus
355 1769 464 1824 dux
491 1769 952 1832 Lothariensium,
989 1777 1140 1823 trans
1193 1768 1442 1822 Rhenum
1475 1765 1754 1836 profectus
1777 1769 2065 1879 Bargenti
2114 1785 2172 1824 se
2229 1770 2481 1825 daturum
2523 1770 2754 1842 singulis
2815 1772 2978 1826 annis
3035 1774 3126 1841 ³η,
3191 1778 3479 1832 monachis

133 1878 151 1879 η
314 1871 325 1879 .
500 1863 529 1879 η
621 1878 628 1879 ,
853 1878 862 1879 ,
965 1862 1073 1879 η
1448 1859 1715 1879 ,μμηη
1859 1873 2069 1879 ___-__--
2111 1858 2347 1879 -3“)---
2387 1858 2488 1879 πυτ
2930 1861 2973 1879 --
3031 1877 3080 1879 --
3113 1861 3156 1879 ι-
3265 1878 3270 1879 κ
3349 1871 3358 1879 .
3404 1864 3438 1879 ιι

131 1862 449 1932 praedatum,
500 1862 812 1918 Saxonibus
849 1878 909 1917 se
952 1862 1083 1916 dum
1123 1860 1418 1915 revertitur
1447 1859 1752 1930 insequcn-
1777 1858 1829 1879 ν
1853 1873 2074 1929 quoque
2105 1858 2353 1926 ejusdem
2386 1858 2489 1914 loci
2531 1867 2870 1930 praeceptum
2911 1861 2980 1916 de
3022 1861 3219 1916 eodem
3251 1864 3478 1920 castello

129 1953 291 2019 tibus,
348 1953 403 2007 in
432 1953 685 2008 Rhenum
738 1953 912 2008 fertur
951 1952 1242 2007 desiluisse
1287 1951 1356 1986 ⁵⁰⁵
1395 1966 1517 2006 cum
1568 1964 1748 2020 equo;

1852 1948 2005 2002 dedit
2027 1947 2416 2002 immunitatis.
2452 1949 2605 2022 [iugo
2635 1950 2704 1983 5‘9
2747 1949 3006 2020 princeps
3032 1950 3178 2005 filius
3211 1952 3476 2019 Rotberti,

129 2043 311 2115 ibique
359 2045 408 2099 vi
451 2055 716 2100 enecatus
769 2043 1065 2109 undarum,
1116 2050 1309 2114 postea
1368 2042 1597 2112 reperiri
1638 2056 1750 2096 non
1846 2039 2057 2108 junctis
2085 2039 2188 2093 sibi
2218 2040 2545 2110 quibusdam
2576 2040 2855 2111 episcopis
2897 2049 3006 2096 tam
3043 2043 3284 2098 Francia;
3311 2060 3475 2115 quam

129 2133 321 2201 potuit,
349 2140 407 2186 ut
437 2132 626 2188 fertur.
661 2132 890 2197 Quidam
915 2139 1098 2187 tamen
1129 2131 1332 2199 ferunt,
1361 2129 1750 2202 quodapisca-
1852 2131 2205 2204 Burgundiaa,
2238 2147 2361 2186 cum
2391 2133 2676 2188 Heriberto
2707 2133 2909 2187 comite
2932 2138 2986 2188 et
3016 2134 3291 2191 Willelmo
3321 2136 3482 2192 Nort-

130 2224 337 2279 toribus
366 2225 440 2280 sit
469 2233 720 2296 repertus
749 2231 805 2279 et
835 2224 1114 2291 humatus,
1165 2231 1328 2295 atque
1368 2229 1594 2294 propter
1619 2237 1751 2292 spo-
1850 2238 2180 2278 mannorum
2235 2223 2488 2294 principe
2565 2224 2890 2278 Remensem
2959 2223 3180 2279 obsidet
3235 2226 3431 2281 urbem
3465 2246 3479 2293 ;

127 2315 318 2372 liorum
353 2317 534 2388 ipsius
565 2326 890 2374 ornamenta
930 2317 1142 2372 celatus

195 2409 524 2466 Ludowicus
557 2427 650 2465 rex
681 2411 738 2464 in
769 2426 1001 2484 regnum
1054 2409 1408 2465 Lothariense
1440 2422 1745 2480 regressus,

131 2501 376 2558 relictam
432 2502 747 2559 Gitsleberti
781 2502 1110 2577 Gerbergam
1169 2502 1323 2557 duxit
1377 2500 1447 2535 ⁵⁰⁶
1499 2515 1748 2566 uxorem,

128 2592 351 2648 Othonis
380 2593 596 2648 scilicet
627 2593 773 2666 regis
793 2607 1037 2648 sororem
1072 2591 1179 2661 (81)
1235 2590 1474 2646 Collecta
1505 2589 1754 2643 diverso-

132 2697 245 2735 rum
273 2682 592 2744 hominum,
618 2697 740 2753 quae
769 2681 996 2736 Romam
1029 2679 1274 2751 petebat,
1306 2676 1671 2733 aSarracenis
1685 2675 1752 2710 ⁵⁰⁷

133 2789 354 2843 pervasa
383 2782 440 2829 et
479 2774 813 2844 interempta
851 2779 953 2827 est.
990 2773 1267 2827 Brittones
1307 2787 1430 2826 cum
1465 2770 1758 2825 Nortmau-

132 2866 212 2921 nis
266 2867 659 2941 conﬂigentes,
711 2865 940 2923 victoria
997 2865 1305 2937 potiuntur,
1366 2870 1421 2918 et
1479 2861 1756 2934 quoddam

131 2955 594 3012 Nortmanuorum
626 2957 910 3012 castellum
958 2956 1175 3026 cepisse
1216 2954 1485 3009 feruntur.
1527 2953 1758 3018 Quidam

133 3045 388 3102 homines
421 3045 627 3102 Arnulﬁ
655 3055 856 3101 terram
891 3045 1096 3100 Erluini
1120 3044 1527 3116 deprmdantes,
1561 3043 1630 3098 ab
1660 3058 1760 3098 eo-

130 3133 252 3188 dem
279 3135 510 3191 Erluino
542 3135 818 3206 perempti
848 3142 992 3189 sunt.
1030 3134 1168 3189 Otho
1198 3149 1291 3188 rex
1325 3133 1379 3187 in
1418 3131 1487 3167 ⁵⁰⁸
1527 3147 1758 3205 regnum

130 3222 492 3281 Lothariense
522 3225 864 3299 regrediens,
906 3239 1050 3295 pene
1085 3231 1315 3279 cunctos
1362 3223 1430 3277 ad
1462 3239 1524 3278 se
1575 3222 1758 3278 redire

128 3317 271 3391 cogit
292 3317 366 3353 5°“
398 3317 806 3373 Lotharienses.
838 3317 994 3391 Hugo
1022 3317 1189 3372 Albus
1213 3317 1281 3371 ad
1311 3316 1430 3384 ejus
1457 3314 1760 3390 proficisci-

129 3413 214 3462 tur
241 3425 372 3465 cum
406 3409 698 3465 Heriberto
733 3409 1093 3481 colloquium,
1142 3415 1197 3464 et
1250 3415 1610 3474 revertentes,
1640 3408 1760 3463 loca

128 3500 386 3568 quaedam
435 3497 685 3555 ﬁdelium
735 3498 1028 3554 Remensis
1065 3498 1328 3554 aecclesiaa
1370 3497 1760 3568 depraedantur

131 3587 552 3661 incenduntque
575 3587 845 3644 nonnulla
864 3587 956 3642 ⁵¹⁰.
989 3589 1148 3642 Αηηο
1178 3587 1243 3622 ⁸¹¹

793 3697 1103 3755 DCCCCXL.

130 3823 222 3863 rex
271 3807 606 3864 Ludowicus
635 3801 704 3841 5”
732 3807 868 3862 abiit
918 3807 1139 3862 obviam
1193 3805 1471 3862 Willelmo
1526 3805 1764 3878 principi

129 3900 634 3966 Nortmanuorum;
666 3899 761 3971 qui
801 3899 951 3954 venit
981 3899 1048 3954 ad
1090 3915 1217 3954 eum
1264 3898 1321 3952 in
1355 3913 1496 3972 pago
1542 3897 1761 3952 Ambia-

130 3994 313 4062 nensi,
368 4003 424 4050 et
453 4011 512 4049 se
569 3993 646 4048 illi
687 3993 980 4048 commisit.
1014 3994 1080 4047 At
1115 3992 1209 4047 ille
1240 3992 1393 4046 dedit
1445 3991 1495 4046 ei
1539 4000 1760 4058 terram,

128 4104 293 4158 quam
329 4097 489 4160 pater
535 4088 657 4156 ejus
708 4086 936 4143 Karolus
989 4085 1344 4142 Nortmannis
1391 4092 1762 4152 concesserat,

129 4176 377 4251 indeque
427 4177 667 4250 perrexit
695 4186 886 4232 contra
941 4176 1226 4249 Hugonem
1281 4175 1368 4228 διδ.
1422 4175 1539 4240 Quo
1594 4175 1661 4229 ad
1706 4191 1765 4229 se

129 4271 327 4326 venire
401 4272 764 4337 detrectante,
838 4269 1131 4324 revertitur
1188 4267 1533 4324 Laudunum.
1606 4267 1768 4322 Dedit

127 4374 318 4422 autem
383 4383 480 4422 rex
520 4366 744 4421 Artoldo
782 4363 1204 4435 archiepiscopo
1263 4362 1353 4430 5”,
1386 4379 1450 4418 ac
1495 4378 1595 4433 per
1643 4375 1768 4415 eum

126 4460 403 4520 aecclesiae
434 4461 502 4495 ⁵¹⁵
544 4459 822 4523 Remensi,
853 4475 955 4530 per
985 4456 1376 4529 praeceptionis
1407 4455 1572 4530 regiae
1604 4453 1767 4529 pagi-

1792 3183 1842 3250 C

1849 2321 2114 2386 sextaque
2172 2315 2241 2349 5“
2279 2315 2588 2370 obsidionis
2643 2315 2757 2378 die,
2801 2315 3094 2371 deserente
3150 2318 3300 2372 omni
3337 2334 3478 2388 pene

1849 2409 2076 2462 militari
2107 2424 2272 2463 manu
2315 2409 2597 2464 Artoldum
2628 2409 3131 2481 archiepiscopum,
3160 2421 3214 2466 et
3258 2412 3326 2466 ad
3382 2413 3488 2470 Hc-

1852 2498 2118 2552 ribertum
2170 2506 2512 2565 transeunte,
2558 2499 2705 2552 idem
2764 2514 2951 2554 comes
3017 2500 3336 2557 Heribertus
3387 2519 3484 2558 ur-

1852 2591 1976 2645 bem
2009 2592 2074 2626 5“
2100 2591 2426 2666 ingreditur.
2458 2590 2715 2645 Artoldus
2745 2591 2943 2662 praesul
2988 2592 3055 2646 ad
3095 2601 3345 2648 sanctum
3377 2595 3489 2648 Re-

1857 2684 2082 2758 migium
2133 2685 2456 2739 evocatione
2490 2699 2780 2754 procerum
2837 2692 2891 2739 et
2928 2685 3315 2755 episcOporum
3357 2701 3489 2758 pro-

1854 2778 2054 2849 jectus,
2088 2793 2389 2848 persuasus
2445 2785 2528 2832 est
2557 2777 2644 2832 vel
2671 2777 3004 2833 conterritus
3041 2793 3072 2832 a
3116 2778 3485 2849 principibus,

1861 2867 2133 2938 episcopii
2189 2883 2249 2921 se
2309 2867 2702 2938 procuratione
2753 2867 2840 2922 vel
2882 2873 3151 2937 potestate
3207 2868 3487 2935 abdicare,

1863 2974 2238 3030 concessaque
2265 2958 2372 3013 sibi
2432 2959 2652 3013 abbatia
2705 2957 2880 3013 sancti
2951 2959 3125 3014 Basoli
3191 2968 3246 3014 et
3312 2961 3492 3016 Aven-

1860 3063 1998 3102 naco
2029 3047 2098 3081 ⁵²²
2125 3047 2228 3116 (8‘2;
2261 3047 2615 3113 monasterio,
2650 3047 2717 3101 ad
2748 3055 2997 3102 sanctum
3059 3047 3310 3103 Basolum
3339 3066 3494 3104 com-

1859 3146 2174 3195 moraturus
2204 3139 2272 3172 ⁵³³
2306 3138 2578 3194 abscessit
2606 3139 2657 3193 *.
2695 3139 2848 3214 Hugo
2880 3148 2935 3194 et
2968 3139 3284 3195 Heribertus
3323 3140 3489 3196 locuti

1935 3231 1984 3302 [*
2011 3233 2081 3285 Η.
2107 3233 2168 3286 R.
2200 3248 2279 3302 71v,
2307 3230 2393 3284 28.
2430 3231 2555 3285 Post
2581 3246 2757 3285 annos
2787 3240 2911 3285 octo
2943 3237 2997 3285 et
3026 3245 3248 3302 menses
3275 3237 3488 3302 septem

1934 3301 2064 3372 (cod.
2091 3303 2163 3372 vr)
2195 3301 2249 3356 in
2284 3302 2606 3372 episcOpatu
2639 3311 2880 3369 exactos,
2921 3301 3049 3373 etc.]

1857 3416 1980 3456 cum
2001 3400 2334 3472 quibusdam
2364 3399 2833 3467 Lothariensibus,
2866 3401 2936 3456 ad
2963 3399 3317 3457 obsidionem
3347 3399 3490 3455 Lau-

1858 3492 1992 3547 duni
2021 3509 2142 3548 cum
2170 3491 2450 3547 Willelmo
2476 3489 2902 3561 proficiscuntur
2950 3491 3040 3557 5“,
3076 3490 3270 3546 relicto
3304 3490 3489 3546 Remis

1860 3585 2087 3658 Hugone
2105 3583 2341 3639 diacono
2375 3583 2646 3638 Hcriberti
2664 3581 2800 3650 filio,
2820 3583 2935 3651 jam
2949 3583 3159 3655 pridem
3181 3585 3251 3638 ad
3274 3585 3493 3655 episco-

1867 3683 2053 3748 patum
2083 3677 2152 3710 ⁵²⁵
2181 3675 2522 3746 ipsiusurbis
2553 3683 2782 3731 evocato
2813 3675 2883 3709 ⁸³⁵
2907 3675 2963 3729 ’⁵.

1940 3771 1990 3842 ["‘
2013 3773 2082 3826 H.
2118 3774 2180 3827 R.
2215 3788 2287 3835 ιν,
2319 3770 2408 3842 28.
2435 3769 2656 3842 Quique
2691 3771 2851 3825 tertia
2881 3775 3172 3842 postquam
3203 3785 3490 3842 regressus

1937 3841 2020 3898 est
2047 3858 2237 3896 mense
2260 3841 2536 3912 presbiter
2569 3841 2598 3896 ἐι
2627 3841 2861 3896 Widone
2892 3841 3222 3896 Suessonico
3257 3841 3491 3911 prazsule

1937 3913 2224 3969 ordinatus
2271 3921 2376 3977 est,
2427 3913 2663 3984 expletis
2708 3921 2998 3984 postquam
3056 3912 3230 3967 fuerat
3284 3914 3495 3966 electus

1936 3986 2095 4040 annis
2107 3985 2446 4057 quindecim,
2465 4001 2606 4057 quos
2616 3984 2978 4040 Autissiodori
2992 4000 3341 4057 commorans
3359 3999 3493 4055 ege-

1935 4064 2038 4128 rat,
2076 4053 2380 4112 litterarum
2409 4053 2607 4111 studiis
2661 4063 2995 4128 occupatus,
3022 4053 3168 4127 apud
3198 4053 3490 4128 Widon'em

1937 4127 2111 4199 ipsius
2137 4129 2293 4182 urbis
2319 4127 2644 4194 antistitem,
2676 4144 2707 4183 a
2739 4126 2849 4199 quo
2882 4136 2937 4183 et
2969 4126 3237 4182 diaconus
3268 4126 3489 4199 ordina-

1937 4197 2024 4272 tus
2051 4199 2246 4255 fuerat.
2284 4200 2416 4272 Nam
2449 4209 2671 4272 ceteros
2710 4197 3002 4272 inferiores
3030 4199 3234 4272 gradus
3261 4198 3340 4272 _ab
3388 4197 3492 4252 Ab-

1942 4271 2086 4328 bone
2116 4271 2444 4327 Suessonico
2476 4271 2710 4343 praesule
2739 4271 2928 4326 Remis
2949 4269 3276 4340 acceperam]

1943 4362 2272 4418 Ludowicus
2315 4377 2411 4416 rex
2441 4366 2567 4431 post
2593 4376 2688 4415 sex
2719 4360 2803 4415 vel
2833 4366 3047 4430 septem
3098 4357 3440 4414 ebdomadas
3467 4375 3499 4413 a

1871 4453 2188 4527 Burgundia
2227 4453 2471 4517 rediens,
2506 4458 2788 4522 assumpto
2819 4467 3009 4506 secum
3049 4450 3273 4506 Artoldo
3302 4451 3494 4506 archi-

131 4567 258 4605 nam
301 4551 602 4607 Remensis
631 4551 785 4606 urbis
815 4557 1093 4605 monetam
1128 4548 1254 4617 jure
1284 4555 1556 4618 perpetuo
1589 4543 1767 4616 possi-
1799 4560 1853 4629 D
1873 4547 2158 4619 episcopo,
2185 4561 2310 4602 cum
2336 4543 2665 4616 propinquis
2698 4541 2872 4614 ipsius
2907 4542 3110 4613 pariter
3132 4543 3272 4612 fcum
3304 4558 3371 4598 eo
3402 4558 3500 4598 co-

128 4644 410 4711 deudam;
443 4644 542 4700 sed
575 4660 796 4700 omnem
846 4643 1166 4699 comitatum
1222 4642 1553 4696 Remensem
1586 4638 1766 4694 eidem
1875 4636 2221 4701 mitantibus,
2285 4650 2518 4707 quorum
2585 4629 2856 4688 beneficia
2913 4632 3234 4688 Heribertus
3309 4647 3497 4688 comes

129 4742 376 4798 contulit
391 4741 679 4798 azcclesiae.
707 4733 965 4798 Artoldus
985 4736 1438 4809 archiepiscopus
1454 4735 1773 4790 Causostem

1878 4729 2202 4795 abstulerat,
2237 4727 2294 4782 in
2321 4727 2647 4782 Remensem
2689 4724 2840 4781 venit
2889 4723 3278 4796 Campaniam;
3309 4730 3495 4779 trans-

1490 4858 1727 4916 νΑΒιΑη]
1762 4853 2150 4914 LECTIONES.

199 4973 273 5010 ⁶⁰³
302 4972 477 5030 virid.
508 4969 544 5026 2
593 4971 644 5027 3.

128 5049 355 5116 saepius.
436 5044 504 5116 ⁵οὲ
533 5044 678 5098 deest
705 5043 732 5116 'l
743 5083 756 5096 .

131 5115 216 5172 ΜΖ
248 5117 363 5186 (47)
399 5115 527 5170 mal.

834 5041 903 5075 509
932 5039 1112 5108 coegit
1136 5039 1170 5092 2

720 4969 789 5005 ὕοι
819 4971 899 5024 ita
935 4967 988 5024 2.
1023 4971 1073 5022 et
1099 4966 1386 5030 Richeras;
1415 4963 1816 5018 uirduucnsem
1847 4960 1896 5014 1.

1275 5037 1343 5070 δίο
1372 5020 1430 5090 in
1468 5050 1645 5100 marg.
1673 5033 1787 5086 alia
1830 5035 2208 5100 tamenmauu
2237 5027 2290 5100 1,
2324 5026 2512 5100 habet:
2554 5022 2812 5100 autauda.
2848 5027 2976 5076 tunc
3005 5036 3252 5100 numeros
3281 5020 3496 5100 (impos

1975 4956 2044 4991 5°“
2072 4954 2380 5010 dissiluisse
2409 4951 2463 5008 2.
2539 4951 2610 4987 ⁵0⁸
2640 4949 2792 5006 ducit
2816 4950 2869 5005 2.
2905 4950 2958 5004 3.
3039 4949 3106 4984 δοῖ
3131 4947 3414 5004 saracenis
3435 4947 3491 5006 3.

615 5091 680 5149 εὖ
711 5091 822 5168 haec
857 5091 1284 5167 soluiswiivhubet
1313 5111 1372 5162 in
1427 5091 1704 5174 margine:
1743 5099 2107 5173 Bercngarius
2133 5097 2497 5174 Virdunensis
2541 5095 2836 5174 episcopus
2873 5091 3349 5174 consecratur‘ab
3395 5091 3503 5174 Kr-

130 5162 301 5245 ῖδῑειξι·
320 5162 592 5243 scalas
623 5162 1069 5254 arc'ra'izpis'c'aro?
1101 5162 1270 5254 Αρμιι
1301 5162 1578 5254 nam:
1616 5175 1773 5254 νξνρι.
2491 5237 2526 5254 ,.
2546 5162 2615 5254 εξ
2643 5162 3030 5254 causa.
3066 5162 3134 5254 5:3
3165 5162 3489 5254 ..ξτες

130 5262 200 5332 Ψ
233 5259 529 5332 episcopo
547 5257 600 5311 2.
630 5260 774 5332 itaet
799 5257 974 5323 infra.

130 5317 462 5404 iniquitatis
489 5317 947 5404 Rugo__l_iiagnus._
991 5325 1150 5404 [Iugo
1327 5323 1574 5404 fffnse‘xta
1616 5320 1670 5404 2;
1713 5317 1765 5374 3.

131 5421 188 5475 p.
222 5391 272 5459 (Ξ.
303 5403 396 5458 W.
435 5401 488 5457 2.
522 5391 606 5457 3.υ
662 5400 730 5435 ⁵³⁵
760 5391 829 5453 ab
861 5397 1183 5470 episcopatu
1213 5395 1268 5449 2.
1341 5394 1410 5428 δ²⁶
1441 5393 1616 5449 electo
1648 5391 1696 5444 1.

1071 5235 1314 5306 ⁵¹⁵ὶίθεεί
1341 5235 1413 5304 ΞῘ
1477 5250 1546 5284 διδ
1575 5235 1982 5316 archiepiscopi
2009 5242 2064 5297 2.
2096 5243 2147 5316 ἔξ.
2224 5239 2299 5316 ξξῖ
2323 5256 2377 5316 a._
2408 5255 2458 5295 ο.
2491 5237 2545 5291 2.
2579 5235 2632 5293 3.

2734 5235 2802 5270 διδ
2832 5251 2882 5289 a.
2917 5251 2962 5288 s.
2995 5235 3050 5288 2.
3081 5233 3134 5291 3.
3221 5235 3290 5268 ⁵¹⁰
3319 5233 3496 5291 femes

1847 5306 2157 5369 is"“'deest3.
2232 5311 2301 5346 ⁵²²
2331 5311 2633 5366 alveuuaco
2663 5307 2719 5363 3.
2787 5306 2856 5340 ⁵³³
2885 5313 3257 5363 commoratus
3304 5308 3356 5364 3.
3423 5307 3495 5345 ⁸³⁸

1717 5482 1930 5540 NOTAE.

205 5600 533 5675 (81)A_l_iugo
554 5596 910 5675 Vird._addit:
963 5597 1229 5651 Ducatum
1259 5590 1394 5649 Otho
1421 5591 1484 5663 (ί.
1515 5605 1558 5644 e.
1601 5586 1780 5642 Gisle-

132 5670 280 5734 berti
305 5670 494 5742 'ﬁlius')
526 5670 749 5738 accepit,

1949 5579 2060 5648 (82)
2102 5577 2454 5634 Saint-Basie
2480 5581 2534 5631 et
2559 5575 2812 5642 Avenuy.
