3874 6418
397 338 505 396 455

1543 337 1908 395 FLODOARDl
1950 339 2253 399 CANONICl
2293 343 2623 401 REMENSIS

3644 354 3747 411 456

393 478 779 576 itoque_l_luvi0
802 477 1705 576 Anglatlaalldlmnm‘Fometldil:
1727 483 1844 548 Quo
1867 498 2023 576 com-
2050 489 2102 558 Α
2125 486 2371 544 dowicus
2413 490 2818 562 Petraepontem
2863 491 3228 548 munitionem
3270 494 3419 551 bello
3455 504 3751 571 aggressus

395 570 747 645 perto,ﬂug0
785 574 841 621 et
891 566 1227 635 Heriberlus.
1290 566 1478 621 Γθιίοῑδ
1526 568 1819 625 οδὸίάῑοηο
1865 572 2015 628 Lau-
2114 589 2219 648 est,
2249 589 2303 636 et
2347 580 2578 637 obsides
2606 580 2907 651 accipiens,
2955 584 3185 637 recessit
3218 582 3288 638 ab
3318 599 3403 639 ea.
3449 566 3664 642 Deinde
3695 588 3746 643 in

395 665 550 730 duni,
581 670 746 719 noctu
777 661 846 716 ad
883 660 1253 715 munitionem
1287 659 1689 730 Petraepontcm
1736 663 2016 735 deprOpe-

398 764 547 822 rant;
589 755 833 825 indeque
878 750 1075 806 Othoni
1134 750 1251 823 regi
1304 750 1521 806 obviam
1568 750 2012 821 proﬁciscuntur.

396 845 494 901 Cui
526 841 808 911 conjuncti
837 840 906 893 ad
933 839 1239 894 Atiniacum
1284 854 1411 893 eum
1456 840 1785 909 perducunt,
1829 841 2017 913 ibique

393 953 517 994 cum
549 934 807 1007 Rotgario
834 930 1037 986 comite
1068 930 1173 1001 ipsi
1200 930 1482 986 Olhoni‘m
1500 946 1622 987 sese
1640 934 2016 990 committunt.

395 1028 723 1085 Ludowicns
751 1041 844 1079 rex
890 1024 1176 1097 ingressus
1198 1023 1548 1090 Laudnnum,
1601 1025 1779 1081 victus
1817 1027 1932 1081 suis
1950 1026 2019 1061 ⁵³⁸

394 1114 648 1188 providet
682 1111 994 1167 necessaria
1046 1112 1143 1164 5”:
1191 1111 1386 1183 sicque
1417 1128 1540 1167 cum
1584 1114 1812 1189 Hugone
1859 1115 2021 1187 Nigro

393 1217 448 1264 et
476 1206 749 1261 Willelmo
776 1203 1083 1258 Pictavensi
1107 1202 1481 1279 Burgundiam
1500 1206 1717 1276 repetit.
1749 1206 1887 1261 Otho
1912 1206 2018 1276 (83)

391 1315 488 1355 rex
519 1295 798 1361 Heinrico,
833 1294 982 1348 fratri
1022 1309 1146 1360 suo,
1197 1310 1427 1369 regnum
1462 1296 1818 1352 Lothariense
1869 1313 2023 1352 com-

392 1386 575 1442 mittit.
605 1386 852 1455 Tumque
879 1399 1003 1438 cum
1040 1382 1382 1438 diversarum
1417 1384 1686 1459 gentium,
1732 1402 1872 1457 quas
1920 1402 2016 1440 se-

389 1494 513 1534 cum
544 1476 847 1531 adduxerat
885 1474 976 1543 530,
1006 1474 1359 1531 multitudine
1405 1485 1529 1546 post
1570 1477 1924 1534 Ludowicum
1965 1478 2022 1532 in

395 1570 771 1647 Burgundiam
814 1567 1200 1639 proﬁciscitur,
1232 1570 1443 1625 habens
1463 1586 1652 1626 secum
1687 1570 2022 1650 Conradum,

390 1668 570 1725 ﬁlium
595 1665 821 1723 Rodulﬁ
849 1667 995 1742 regis
1021 1664 1291 1730 Jurensis,
1320 1682 1482 1739 quem
1510 1667 1620 1737 jam
1653 1667 1862 1722 dudum
1895 1666 2023 1722 dolo

2117 687 2354 745 regnum
2410 671 2766 725 Lothariense
2811 687 2935 725 cum
2967 674 3189 728 Artoldo
3243 675 3669 749 archiepiscopo
3698 686 3749 734 et

2119 764 2245 819 aliis
2298 762 2557 816 fidelibus
2594 763 2711 817 suis
2736 763 3015 833 profectus
3045 772 3147 820 est.
3199 765 3337 822 Otho
3378 784 3603 840 quoque
3633 786 3747 838 rex,

2120 853 2315 907 Rheno
2346 850 2599 917 transito,
2634 851 2898 907 adversus
2926 869 3050 907 eum
3086 853 3274 920 venit;
3323 856 3423 911 sed
3453 857 3524 912 ab
3553 873 3746 914 eorum

2120 944 2380 1000 ﬁdelibus
2407 944 2551 999 inter
2570 944 2904 1000 eosindutiae
2930 946 3313 1002 determinataa
3342 957 3493 1005 sunt.

2194 1037 2380 1091 Puella
2434 1038 2686 1108 quaedam
2735 1039 3071 1109 paupercula
3142 1040 3212 1095 de
3287 1040 3417 1096 villa
3490 1057 3616 1114 quae
3662 1041 3752 1097 di-

2121 1128 2263 1183 citur
2293 1128 2569 1193 Lavenna,
2626 1129 2851 1184 nomine
2897 1129 3203 1199 Flothildis,
3256 1132 3504 1188 visiones
3529 1141 3754 1189 sancto-

2122 1233 2242 1272 rum
2273 1216 2566 1272 manifeste
2595 1217 2940 1290 vigilansque
2987 1225 3041 1274 et
3089 1220 3144 1274 in
3189 1220 3385 1291 spiritu
3424 1221 3612 1277 videre
3659 1238 3753 1278 as-

2122 1314 2377 1362 sueverat
2400 1308 2486 1360 535.
2521 1323 2586 1361 ac
2606 1308 2857 1379 quaedam
2892 1309 3074 1364 futura
3104 1310 3441 1379 praedicebat
3459 1313 3587 1381 (85).
3619 1313 3750 1378 Qua

2121 1400 2246 1467 post
2271 1403 2595 1467 sequentem
2621 1414 2827 1453 annum
2860 1398 2915 1454 in
2959 1398 3081 1472 ipsa
3117 1400 3314 1455 natalis
3343 1402 3560 1457 Domini
3588 1409 3751 1458 nocte

2123 1486 2385 1541 decessit.
2436 1487 2549 1543 Hoc
2586 1504 2731 1543 anno
2788 1491 2937 1545 acies
2993 1490 3336 1546 diversorum
3389 1493 3637 1547 colorum
3694 1494 3750 1547 in

2128 1576 2262 1631 caelo
2286 1576 2414 1631 visre
2437 1585 2563 1631 sunt
2590 1594 2782 1634 mense
2814 1580 3138 1635 Decembrio
3161 1581 3232 1615 ⁵³⁸
3257 1588 3417 1636 nocte
3445 1582 3747 1638 dominica.

2127 1663 2365 1720 Collecta
2421 1667 2949 1736 Transmarinorum,
2994 1671 3093 1725 sed
3149 1677 3205 1725 et
3270 1671 3569 1739 Gallorum,
3626 1688 3753 1743 quae

389 1766 616 1829 captum
650 1756 873 1827 sibique
903 1755 1201 1811 adductum
1236 1755 1544 1821 retinebat;
1578 1763 1866 1826 castraque
1907 1771 2027 1810 me—
2125 1757 2355 1814 Romam
2384 1761 2624 1830 petebat,
2665 1763 2974 1830 revertitur,
3005 1764 3206 1819 occisis
3235 1779 3423 1819 eorum
3466 1766 3755 1820 nonnullis

386 1859 532 1908 tatus
559 1867 732 1923 supra
759 1851 825 1886 ⁵³¹
851 1850 1185 1921 Sequanam,
1224 1849 1450 1906 obsides
1479 1850 1548 1904 ab
1589 1849 1817 1924 Hugone
1856 1849 2022 1922 Nigro
2046 1864 2100 1934 Β
2125 1866 2157 1905 a
2185 1851 2500 1908 Sarracenis
2529 1872 2545 1919 ;
2589 1871 2695 1909 nec
2724 1856 2899 1926 potuit
2929 1856 3092 1927 Alpes
3122 1857 3352 1912 transire
3378 1864 3601 1927 propter
3630 1857 3754 1912 Sar-

384 1944 620 2016 accepit,
653 1958 778 1997 cum
801 1941 1117 2011 iuramento
1144 1956 1213 1995 ne
1245 1947 1395 1996 esset
1434 1949 1771 1997 nocumento
1807 1941 2023 2014 Hugoni

383 2037 472 2092 vel
508 2035 816 2100 Heriberto,
869 2033 966 2105 qui
1002 2048 1061 2088 se
1105 2033 1176 2068 ⁵³³
1229 2031 1597 2087 subdiderant
1625 2033 1807 2087 eidem
1853 2031 2023 2087 Otho-

389 2126 449 2181 ni
479 2124 550 2160 ⁵³³
605 2124 723 2189 Quo
759 2122 926 2190 facto,
963 2122 1255 2179 revertitur
1293 2122 1363 2177 ad
1383 2136 1502 2178 sua.
1538 2121 1692 2197 Hugo
1720 2120 1867 2176 ﬁlius
1917 2119 2025 2174 lle-

397 2212 593 2269 riberti
629 2212 816 2268 Remis
852 2227 884 2266 a
912 2211 1152 2266 Widone
1181 2210 1513 2266 Suessonico
1545 2210 1779 2282 praesule
1805 2209 2024 2281 presbi-

388 2318 476 2365 ter
501 2306 811 2361 ordinatur.
836 2303 1162 2360 Ludowicus
1188 2320 1280 2359 rex
1330 2304 1655 2359 Laudunum
1701 2302 1861 2358 redit.
1905 2302 2019 2377 Ego

391 2404 636 2475 denique
667 2402 976 2472 disponens
1004 2399 1271 2456 orationis
1298 2399 1473 2475 gratia
1493 2398 1808 2470 sepulcrum
1839 2396 2015 2453 sancti

381 2489 602 2546 Martini
634 2488 838 2557 visere,
890 2496 1136 2544 retentus
1185 2504 1309 2543 sum
1341 2488 1411 2544 ab
1459 2487 1743 2543 Heriberto
1788 2486 2011 2556 comite,

387 2583 529 2637 clam
571 2597 662 2636 me
689 2580 1022 2652 quibusdam
1069 2578 1463 2635 accusantibus
1512 2576 1661 2648 apud
1687 2593 1838 2644 eum,
1866 2576 2015 2648 quod

385 2677 473 2735 sui
528 2692 696 2733 causa
761 2674 1080 2733 nocumenti
1144 2675 1345 2730 vellem
1413 2671 1691 2744 proﬁcisci
1774 2674 1861 2731 vel
1923 2671 2022 2727 ﬁlii

382 2769 475 2827 sui
515 2768 587 2803 33‘
630 2769 684 2822 ‘.
709 2766 969 2838 Fecitque
999 2780 1088 2821 me
1115 2765 1219 2820 sub
1247 2764 1501 2820 custodia
1541 2763 1801 2829 detineri,
1823 2763 2024 2819 ablatis

464 2859 516 2931 [*
561 2859 636 2914 Η.
687 2859 753 2914 Il.
811 2857 888 2919 iv,
932 2856 1022 2911 28.
1090 2854 1153 2931 Et
1208 2853 1342 2925 quia
1389 2852 1715 2931 renutabam
1762 2868 1852 2907 me
1894 2854 2022 2931 huic

458 2924 636 2986 electo
686 2934 875 2983 nostro
934 2924 1304 2992 committere,
1353 2925 1609 2980 nesciens
1658 2931 1837 2979 utrum
1905 2924 2021 2980 Deo

457 3001 842 3073 placereteum
874 2997 1165 3069 praesulem
1198 3002 1445 3051 nostrum
1479 2996 1594 3051 fore
1640 2994 1862 3066 Sicque,
1889 2996 2017 3067 etc.]

391 3111 423 3151 a
461 3110 551 3148 me
595 3092 763 3147 rebus
799 3107 935 3163 quas
966 3090 1035 3144 de
1075 3089 1401 3162 episcopatu
1441 3087 1722 3155 tenebam,
1760 3103 1884 3143 cum
1915 3105 2024 3143 aec-

385 3185 553 3242 clesia
594 3200 759 3257 quam
803 3182 1061 3258 regebam
1122 3183 1177 3235 in
1238 3180 1595 3237 Culmisciaco
1649 3179 1776 3247 (84),
1830 3180 2024 3251 sicque

387 3276 572 3350 plenis
619 3274 865 3346 quinque
893 3271 1182 3328 mensibus
1221 3271 1253 3303 ⁸⁵
1297 3288 1417 3327 sum
1450 3271 1730 3327 detentus.
1766 3270 1879 3326 Rex
1919 3271 2023 3325 Lu-

464 3365 515 3436 [“
547 3365 624 3436 H.
676 3367 745 3436 Β.
798 3379 871 3428 ιν,
929 3361 1019 3436 28.
1067 3361 1477 3436 Apud__fratres
1519 3370 1759 3436 nostros,
1784 3360 1904 3432 ipso
1936 3376 2024 3436 co-

459 3431 863 3504 initejubente,
905 3433 1011 3488 sub
1042 3431 1295 3488 custodia
1327 3432 1521 3504 partim
1556 3431 1730 3486 libera
1769 3446 1887 3504 sum
1921 3432 2020 3487 de-

459 3503 667 3588 tentus.
702 3504 972 3588 __Contigit
995 3512 1178 3588 autem
1233 3503 1396 3588 mihi,
1439 3504 1664 3588 domina
1695 3518 1817 3558 mea
1860 3503 2022 3588 beata

455 3577 554 3651 Dei
588 3577 859 3651 genitrice
893 3574 1304 3651 intercedente,
1333 3585 1405 3651 ut_
1424 3592 1543 3651 ipsa
1575 3575 1668 3651 die
1705 3574 2023 3651 conceptio-

458 3650 548 3702 nis
586 3644 640 3703 Et
670 3647 944 3720 passionis
983 3647 1203 3720 Domini
1238 3646 1408 3720 nostri
1438 3644 1567 3720 Jesu
1600 3644 2018 3720 Chrisliabsol-

456 3716 973 3785 verera'custodia,
1005 3727 1060 3773 et
1109 3718 1197 3773 die
1229 3718 1388 3772 tertia
1413 3717 1624 3772 scilicet
1654 3719 1688 3771 6
1717 3716 1828 3771 Kal.
1864 3716 2019 3787 Apri-

458 3790 548 3858 lis,
600 3807 708 3863 qua
740 3791 1005 3863 Dominus
1045 3806 1076 3863 a
1114 3790 1349 3845 mortuis
1389 3788 1707 3863 resurrexit,
1763 3803 2022 3863 egressus

458 3864 578 3933 ipse
611 3858 735 3918 cum
769 3862 995 3934 praefato
1027 3860 1434 3934 electo__nostro
1464 3859 1533 3914 ad
1557 3858 1757 3934 urbem
1785 3858 2021 3934 Suessof

459 3931 641 4015 nicam
676 3931 982 4015 _profectus
1024 3931 1303 4014 sum..Ubi
1329 3931 1732 4015 eonvepientes
1768 3931 2018 4015 epis'coiii

461 4006 627 4084 hujus
656 4001 915 4060 diocesos
942 4019 1064 4084 cum
1099 4001 1468 4084 principibus
1494 4002 1721 4084 Hugone
1768 4015 1832 4055 ac
1863 4001 2021 4055 Heri-

462 4072 623 4132 berto
665 4083 965 4147 tractarunt
1012 4072 1153 4147 quid
1203 4072 1302 4147 eis
1328 4081 1478 4147 esset
1518 4072 1803 4147 agendum
1852 4088 2022 4147 super

464 4092 623 4132 θετιο
665 4092 965 4131 tramarunt
1010 4092 1153 4199 Ηυιίι
1203 4092 1288 4128 CIS
1328 4092 1478 4129 88861,
1529 4092 1803 4147 agendum
1852 4092 2018 4143 super

464 4146 767 4219 episcopali
807 4146 971 4215 hujus
1018 4145 1256 4219 __ugonis
1284 4143 1884 4219 ordinationehsieque
1914 4144 2018 4219 de-

461 4214 775 4283 creverunt,
822 4214 1146 4290 petentibus
1206 4214 1540 4290 quibusdam
1581 4214 1715 4290 ﬁliis
1769 4214 2017 4290 ecclesiae

465 4290 775 4354 Remensis,
823 4285 933 4344 tam
963 4286 1200 4352 clericis,
1225 4285 1414 4357 'quam
1472 4285 1648 4348 laicis,
1708 4300 1834 4340 eum
1866 4287 2019 4357 ordi-

461 4363 730 4427 nandum,
762 4358 1144 4415 asserentibus
1173 4356 1481 4413 fautoribus
1506 4358 1701 4429 ipsius,
1742 4356 1889 4429 quod
1918 4360 2021 4429 Ar-

458 4433 647 4489 toldus
701 4448 1048 4503 nequaquam
1109 4430 1340 4495 electus,
1395 4429 1495 4503 sed
1530 4428 1647 4503 per
1700 4428 2019 4503 violentiam

459 4496 1291 4575 fueritintro-missus,_seseque
1331 4496 1633 4572 episcopali
1680 4496 2022 4554 abdicaverit

458 4575 689 4631 ditione.
720 4573 800 4649 lbi
833 4589 965 4649 ergo
1018 4573 1171 4649 llugo
1199 4572 1459 4649 princeps
1487 4580 1620 4649 tunc
1645 4582 1863 4649 meper
1900 4586 2022 4649 m_a-

460 4664 590 4702 num
619 4641 928 4718 accipiens,
936 4644 1078 4718 huic
1100 4641 1315 4718 Hugoni
1345 4641 1536 4718 nepoti
1559 4641 2018 4718 suo‘ad’benefa-

455 4718 715 4775 ciendum
741 4713 1054 4774 cmnmisit:
1088 4713 1296 4786 quique
1325 4713 1462 4770 mihi
1491 4713 1784 4770 ecclesiam
1815 4724 2021 4769 sanctae

457 4732 715 4775 ciendum
744 4732 1054 4789 commisit:
1088 4732 1296 4840 quique
1325 4732 1462 4770 mini
1491 4732 1784 4770 ecctesnam
1815 4732 2019 4769 sanctae

457 4790 639 4845 Marim
699 4788 853 4843 dedit
902 4787 956 4841 in
1021 4787 1243 4865 Oorido
1287 4786 1469 4865 sitam,
1520 4792 1721 4865 terram
1772 4799 2019 4865 quoque,

459 4877 623 4933 quam
646 4868 804 4933 pater
823 4875 959 4933 suus
974 4857 1110 4912 mihi
1132 4856 1452 4933 abstulerat,
1482 4855 1746 4923 reddidit,
1767 4855 1825 4910 et
1853 4855 2015 4910 aliam

457 4927 517 4989 in
546 4927 815 5005 pra—idiota
844 4929 972 4986 villa
998 4927 1394 5001 superad,ecit.

2043 4607 2099 4678 D

2122 1956 2376 2008 racenos,
2430 1943 2524 2013 qui
2556 1944 2735 1999 vicum
2781 1946 3101 2001 monasterii
3141 1946 3313 2001 sancti
3362 1945 3609 2001 Mauricii
3650 1961 3753 2001 oc-

2124 2043 2476 2106 cupaverant,
2509 2036 2665 2092 Anno

2768 2108 3104 2167 DCCCCXLI.

2122 2195 2388 2253 Gerlanus
2423 2197 2765 2253 Senonensis
2802 2199 3253 2271 archiepiscOpus
3296 2198 3435 2255 urbe
3481 2216 3584 2257 sua
3637 2194 3754 2259 de-

2122 2288 2345 2359 pellitur
2382 2306 2414 2343 a
2458 2289 2817 2357 Frotmundo,
2848 2308 3013 2363 quem
3072 2292 3223 2365 Hugo
3262 2292 3429 2347 Albus
3466 2292 3533 2327 ⁵³⁷
3564 2294 3753 2349 eidem

2120 2381 2322 2436 civitati
2369 2382 2708 2453 praefecerat,
2752 2383 2971 2453 culpato
3003 2382 3275 2440 Gerlando
3332 2384 3482 2457 quod
3530 2384 3753 2442 Waloni

2116 2474 2331 2538 faverit,
2365 2474 2577 2529 homini
2637 2475 2903 2531 Heriberti
2952 2475 3188 2539 comitis,
3230 2476 3325 2548 qui
3354 2476 3753 2533 Frotmundum

2117 2564 2205 2619 vel
2235 2579 2365 2618 suos
2392 2580 2424 2619 a
2453 2563 2678 2634 praefata
2704 2565 2991 2636 expulerat
3019 2564 3173 2620 urbe.
3210 2565 3527 2621 Heribertus
3565 2582 3757 2623 comes

2122 2652 2396 2722 synodum
2450 2654 2774 2709 convocavit
2804 2655 2871 2709 ad
2912 2655 3391 2710 determinandam
3430 2662 3758 2712 controver-

2121 2740 2260 2796 siam
2304 2742 2448 2796 inter
2498 2741 2671 2797 ﬁlium
2709 2742 2883 2813 ipsius
2928 2742 3208 2815 llugonem
3241 2744 3310 2777 ⁵³⁸
3358 2752 3415 2800 et
3466 2747 3754 2802 Arloldum

2120 2830 2630 2901 archiepiscopum;
2665 2831 2761 2885 sed
2795 2832 3131 2901 impediente
3173 2831 3427 2907 Hugone,
3461 2842 3623 2905 atque
3657 2852 3754 2891 sa-

2122 2928 2341 2996 tagente
2371 2939 2441 2978 ne
2471 2923 2609 2979 forte
2635 2925 2706 2979 ad
2728 2924 3050 2980 ﬁdelitatem
3081 2931 3137 2979 et
3165 2926 3428 2982 auxilium
3474 2926 3753 2983 Ludowiei

2122 3016 2270 3090 regis
2307 3023 2795 3089 congregarentur,
2828 3017 3068 3073 omisere
3111 3026 3462 3076 conventum.
3509 3023 3618 3078 Rex
3650 3024 3759 3078 Lu-

2047 3140 2097 3209 C
2124 3104 2370 3159 dowicus
2394 3105 2761 3176 Burgundiam
2786 3112 3000 3177 petens,
3030 3109 3299 3179 comperit
3317 3108 3636 3185 Rotgarium
3664 3115 3756 3175 53’,

2126 3193 2383 3249 comitem
2417 3210 2588 3265 prope
2618 3210 2679 3249 se
2712 3195 2849 3250 forte
2891 3203 3189 3264 metatum;
3219 3214 3383 3269 quem
3436 3215 3762 3274 aggressus,

2124 3283 2546 3354 comprehendit
2572 3300 2694 3339 cum
2725 3283 2810 3337 his
2844 3283 2936 3355 qui
2989 3300 3114 3340 cum
3155 3300 3222 3341 eo
3251 3292 3407 3342 erant
3449 3303 3623 3357 super
3654 3289 3764 3344 ﬂu-

2126 3375 2275 3430 vium
2332 3375 2651 3443 Maternam,
2705 3391 3004 3447 secumque
3044 3377 3099 3432 in
3157 3378 3527 3453 Burgundiam
3576 3380 3759 3435 duxit.

2124 3467 2277 3536 Hugo
2325 3475 2380 3524 et
2436 3468 2750 3523 lleribertus
2802 3469 3034 3524 comites
3100 3470 3394 3541 episc0pos
3444 3481 3765 3529 convocant

2121 3556 2411 3612 Remensis
2464 3557 2775 3613 dioceseos.
2812 3556 2911 3621 Qui
2960 3559 3361 3614 convenientes
3386 3561 3534 3631 apud
3576 3562 3763 3617 Sues-

2120 3650 2334 3704 sionem
2365 3649 2420 3703 in
2453 3649 2687 3703 ecclesia
2707 3657 3018 3704 sanctorum
3069 3648 3299 3721 Crispini
3332 3658 3387 3706 et
3416 3652 3764 3723 Crispiniani

2122 3748 2355 3796 tractant
2384 3743 2453 3796 de
2478 3748 2619 3796 statu
2653 3741 2939 3796 Remensis
2970 3743 3261 3814 episcopii,
3292 3743 3634 3799 deﬁnientes
3666 3748 3761 3812 διο,

2122 3830 2591 3901 conquerentibus
2630 3830 2847 3886 clericis
2898 3837 3060 3902 atque
3114 3831 3395 3886 nobilibus
3445 3831 3605 3887 laicis
3663 3835 3763 3889 diu

2123 3929 2341 3993 pastore
2372 3922 2558 3976 sedem
2601 3922 2773 3994 ipsam
2805 3939 3019 3988 vacare,
3071 3930 3130 3977 ut
3167 3924 3234 3957 5“
3267 3923 3527 3996 quoniam
3565 3925 3758 3981 Artol-

2122 4014 2224 4068 dus
2252 4014 2547 4084 episcopus
2595 4014 2871 4083 juraverat
2901 4015 3047 4086 quod
3081 4032 3376 4086 numquam
3432 4032 3493 4071 se
3525 4017 3599 4072 de
3633 4018 3759 4090 ipso

2121 4106 2441 4176 episcOpatu
2463 4106 2854 4161 intromitteret
2879 4108 2969 4174 3",
3002 4107 3075 4161 ad
3102 4107 3274 4177 ipsius
3288 4108 3757 4182 gubernationem

2118 4200 2320 4255 reverti
2352 4217 2462 4256 non
2494 4201 2740 4269 deberet,
2784 4202 2936 4275 Hugo
2980 4217 3135 4271 vero,
3166 4201 3311 4257 ﬁlius
3343 4203 3611 4259 lieriberti
3663 4222 3762 4263 co-

2119 4290 2287 4357 mitis,
2319 4292 2413 4362 qui
2445 4291 2595 4362 prius
2621 4292 2689 4346 ad
2722 4292 2901 4362 ipsum
2933 4291 3311 4364 episcopatum
3347 4292 3525 4347 fuerat
3550 4311 3760 4351 evoca-

2119 4386 2209 4434 tus
2256 4381 2345 4447 ⁵⁸³,
2379 4380 2524 4435 clero
2557 4381 2872 4451 populoque
2903 4387 3124 4451 petente
3154 4376 3503 4437 ordinaretur
3530 4383 3760 4453 episco-

2122 4489 2225 4545 pus
2258 4471 2470 4544 .lbique
2491 4473 2561 4507 ⁸⁸⁸
2585 4488 2675 4526 me
2708 4472 2860 4548 Hugo
2894 4473 3127 4544 primum
3160 4473 3229 4529 de
3261 4474 3426 4530 exilio
3461 4473 3625 4543 jussu
3654 4492 3757 4532 suo

2123 4568 2335 4616 evocat.
2370 4561 2617 4631 Indeque
2646 4561 2844 4615 Remos
2883 4562 3150 4616 adeuntes
3179 4561 3451 4633 episcOpi,
3491 4565 3757 4620 eumdem

2123 4655 2357 4709 electum
2382 4660 2627 4709 nostrum
2658 4654 2726 4688 5"“
2759 4655 3045 4725 praesulem
3087 4663 3415 4710 consecrant
3438 4658 3587 4728 apud
3621 4674 3758 4713 saa-

2122 4752 2268 4801 ctum
2308 4745 2642 4821 Remigium.
2703 4745 2992 4820 Rotgarius
3020 4762 3207 4803 comes
3257 4747 3400 4802 datis
3438 4748 3757 4816 obsidibus,

2120 4838 2414 4893 dimittitur
2441 4854 2472 4893 a
2500 4853 2628 4912 rege
2660 4838 2974 4895 Ludowico.
3010 4840 3278 4914 Duagium
3317 4841 3606 4895 castellum
3634 4842 3761 4896 red-

2118 4925 2259 4982 dens
2296 4926 2561 4982 Arnoldo.
2592 4926 2979 4982 Monasterium
3004 4927 3179 4983 sancti
3210 4927 3539 4985 Theoderici
3556 4930 3764 4987 divinis

1752 5031 1976 5088 VARI/12
2004 5030 2387 5088 LECTIONES.

459 5137 526 5174 5”
555 5136 724 5195 odoni
764 5137 819 5195 3.
902 5133 970 5171 δίε
1001 5134 1084 5192 sui
1137 5134 1191 5190 2.
1277 5133 1346 5169 5”
1372 5130 1701 5188 necessariis
1726 5129 1885 5202 sique
1917 5132 1969 5186 3.

2058 5131 2127 5204 53°
2159 5130 2463 5186 abduxerat
2508 5130 2561 5185 2'
2597 5132 2697 5204 37.”
2730 5131 2794 5204 ἕ³¹
2824 5148 2992 5204 super
3031 5132 3085 5187 2.
3121 5132 3172 5188 3.

3262 5134 3332 5168 53’
3369 5132 3518 5190 deest
3556 5134 3613 5191 2.
3689 5137 3760 5172 ⁸³³

386 5207 594 5265 oddoni
632 5211 684 5265 2.
717 5211 769 5263 3.
854 5209 923 5244 ⁸³⁵
954 5207 1038 5263 vel
1072 5207 1109 5261 f.
1135 5223 1181 5274 s,
1213 5222 1266 5262 v.
1329 5222 1384 5276 p.
1434 5205 1488 5259 2.
1522 5204 1574 5258 2.
1622 5204 1877 5276 775,3‘_as‘se
1906 5203 2058 5258 uenit
2087 5203 2141 5258 2.
2165 5210 2465 5276 asseverat
2495 5203 2546 5276 3.
2632 5202 2702 5276 ‘39
2729 5202 3008 5276 decembri
3036 5205 3090 5259 2.
3124 5205 3178 5268 3,
3256 5204 3324 5238 ⁵³⁷
3345 5204 3516 5260 abbas
3547 5208 3601 5261 3.
3688 5210 3758 5242 ωε

386 5279 535 5353 deest
583 5282 633 5334 1.
681 5288 737 5334 et
789 5280 847 5334 li.
900 5279 952 5334 3.
1033 5273 1543 5353 539rotgeri'umd.
1619 5274 1689 5308 δ”θ
1718 5273 2101 5353 deﬁniuntque
2148 5274 2226 5353 A2;
2261 5275 2313 5353 3Δ
2389 5276 2452 5353 δζξ
2488 5275 2734 5353 ἀρθείς-4ζ
2807 5275 3294 5353 δέ’-ἱηξεηηίῐῐθιῇβῑ
3352 5279 3406 5335 1.
3462 5277 3627 5347 Hugo
3689 5280 3757 5336 V.

389 5348 459 5382 “3
490 5351 700 5405 electus
717 5366 857 5405 corr.
882 5358 1141 5405 evocatus
1161 5350 1214 5405 1.

1289 5349 1357 5383 5“
1389 5347 1581 5419 Ibique
1616 5375 1688 5386 —
1716 5355 1930 5402 evocat.
1963 5348 2157 5401 desunt
2195 5346 2247 5400 2.
2280 5346 2370 5401 2a.
2404 5345 2497 5401 3b.

2594 5346 2664 5379 ωδ
2696 5346 2842 5401 deest
2870 5345 2926 5415 2,
2960 5348 3012 5410 3,
3049 5365 3104 5419 p.
3137 5363 3185 5403 c.
3219 5351 3270 5401 3.

1958 5449 2149 5505 NOTAE

457 5553 559 5623 (83)
583 5552 758 5636 _llugo
809 5552 1187 5632 .Floriacensis
1215 5626 1230 5636 .
1258 5555 1346 5636 his
1415 5554 1735 5636 praemittit;
1787 5577 1830 5636 κ.
1875 5552 2014 5634 Otho

382 5620 853 5703 Transrhen—ensis
926 5641 1153 5697 regnum
1211 5620 1569 5683 Lolharicnse
1625 5642 1655 5680 a
1719 5624 2016 5681 Ludowico

388 5698 661 5771 suscepit,
696 5712 714 5741 ι
754 5698 857 5746 etc.

2192 5551 2293 5621 (84)
2335 5550 2517 5623 Cormi
2524 5568 2609 5623 cy.

2188 5624 2300 5695 (85)
2343 5622 2599 5679 Visiones
2648 5637 2727 5679 ea:
2760 5625 2815 5679 in
2844 5625 3039 5682 codice
3071 5626 3094 5681 1
3124 5632 3403 5703 leguntur.
