3874 6466
162 489 252 546 457

1664 483 1983 540 ANNALES.

3392 492 3495 546 458

158 624 448 679 illustratur
473 620 783 678 miraculis.
827 622 964 677 Crux
1019 622 1195 695 major
1225 622 1487 678 aacclesiae
1529 620 1764 675 Remeu-
1792 619 1848 689 Α
1871 620 2389 677 communicationis
2417 620 2896 693 depromissurum
2963 621 3033 655 ⁸⁵³
3093 620 3497 678 iuterminatio—

156 713 227 768 sis
247 727 379 768 auro
408 718 675 783 cooperta
717 710 1064 785 gemmisque
1128 713 1384 783 pretiosis
1440 719 1651 776 ornata,
1699 712 1767 766 ab

160 804 340 860 eadem
383 803 568 859 furtim
602 804 851 859 aufertur
879 805 1151 859 :ecclesia.
1179 803 1439 859 Canonici
1464 802 1770 859 Illontisful-

158 896 303 951 conis
330 896 441 965 (86)
471 895 839 965 oppressione
864 894 1228 950 Virduneusts
1258 894 1503 966 episcOpi
1538 909 1773 966 prsegra-

156 989 254 1043 vati
276 987 365 1053 ⁸⁸⁸,
391 989 721 1042 deserentes
763 987 1081 1042 coenobium
1140 1004 1323 1054 suum,
1349 1002 1550 1058 corpus
1593 986 1767 1041 sancti

159 1076 413 1132 Balderici
442 1077 666 1148 patroni
692 1076 776 1131 sui
800 1076 1063 1131 deferunt
1105 1068 1312 1132 Remis.

222 1165 543 1221 Ludowicus
598 1182 695 1220 rex
750 1165 1125 1240 Burgundiam
1185 1174 1405 1237 petens.
1452 1164 1770 1239 Rotgarium

153 1258 401 1314 comitem
425 1275 547 1314 cum
580 1259 810 1332 Hugone
867 1259 1027 1331 nigro
1064 1275 1126 1313 ac
1173 1258 1481 1314 Gisleberto
1515 1255 1775 1329 pacifica-

152 1347 531 1418 vit;iudeque
591 1346 918 1401 Laudunum
973 1363 1248 1414 remeans,
1295 1347 1594 1403 Aruoldum
1640 1346 1773 1401 'cum

154 1440 437 1507 Laudrico,
495 1440 663 1495 fratre
722 1440 917 1512 ipsius,
973 1441 1168 1495 eodem
1212 1447 1391 1496 castro
1441 1438 1774 1511 proditionis

150 1532 494 1588 insimulatos
536 1532 769 1602 expulit,
828 1540 884 1586 et
915 1531 1175 1605 Rotgario
1233 1531 1301 1566 “7
1352 1531 1772 1585 Lauduneusem

147 1625 463 1680 comitatum
483 1625 636 1679 dedit
669 1642 683 1691 ;
709 1632 1104 1695 compertoque
1132 1624 1280 1696 quod
1312 1624 1465 1697 Hugo
1506 1622 1673 1677 Albus
1705 1624 1772 1677 ad

147 1712 519 1768 obsidendum
554 1712 880 1768 Lauduuum
912 1720 1253 1784 properaret,
1292 1711 1621 1786 Burgundiaa
1645 1728 1773 1782 par-

146 1814 226 1859 tes
252 1818 382 1860 cum
415 1805 640 1860 Artoldo
668 1806 933 1876 episcopo
960 1813 1015 1859 ct
1042 1804 1299 1878 Rotgario
1326 1804 1525 1859 comite
1551 1804 1767 1874 repetit.

1875 734 2023 772 nem.
2059 717 2160 770 Pro
2218 732 2326 787 qua
2367 732 2425 769 re
2471 716 2852 787 colloquentes
2910 716 3157 788 episc0pi
3206 717 3497 773 Remensis

1875 810 2158 864 dioceseos
2189 825 2313 863 cum
2353 808 2638 863 lleriberto
2689 808 2911 897 comite!
2947 809 3229 879 deprecati
3276 809 3344 843 55‘
3370 818 3500 865 sunt

1875 919 2021 966 eum,
2052 911 2109 958 ut
2136 903 2508 958 intercederet
2538 902 2685 971 apud
2746 901 3031 974 Hugonem
3055 901 3365 972 principem
3397 917 3498 973 pro

1874 993 2193 1062 receptioue
2226 991 2391 1065 regis.
2426 991 2742 1045 Proditores
2787 991 3013 1061 quidam
3068 989 3254 1045 Remis
3293 989 3501 1061 reperti

1872 1084 2222 1139 et'interfecti
2254 1090 2382 1137 sunt
2409 1102 2422 1149 ;
2456 1083 2680 1154 quidam
2709 1082 2876 1137 rebus
2895 1083 3162 1138 mcclesia?
3202 1081 3496 1152 privati,ab

1874 1177 2008 1232 urbe
2039 1176 2414 1247 depelluntur.
2452 1175 2639 1244 Legati
2700 1175 2994 1230 Remensis
3034 1174 3299 1229 zecclesize
3331 1174 3501 1229 Roma

1874 1266 2134 1339 regressi,
2168 1265 2393 1335 pallium
2426 1264 2688 1320 deferunt
2745 1264 2962 1339 Hugoui
2999 1264 3263 1334 episcOpo
3286 1279 3351 1318 ac
3378 1263 3502 1318 Ste-

1875 1359 2058 1428 phano
2111 1374 2253 1428 papa
2312 1357 2717 1412 transmissum.
2774 1355 2904 1410 Cum
2956 1355 3157 1427 quibus
3212 1355 3421 1426 pariter
3449 1362 3504 1410 et

1876 1449 2076 1523 legatio
2103 1449 2255 1503 venit
2312 1448 2660 1519 principibus
2719 1448 2896 1521 regni,
2948 1455 3007 1503 ut
3037 1447 3394 1504 Ludowicum
3436 1448 3504 1482 ⁵⁵⁵

1878 1558 2065 1615 regem
2112 1541 2403 1612 recipiant,
2452 1547 2505 1595 et
2534 1541 2616 1595 sic
2668 1541 2884 1614 legatos
2936 1556 3067 1595 suos
3110 1540 3335 1595 Romam
3366 1539 3504 1594 diri-

1875 1643 2008 1705 gant
2048 1634 2235 1706 ;quod
2263 1634 2307 1687 si
2331 1649 2508 1704 usque
2562 1633 2631 1687 ad
2684 1632 3027 1688 nativitatem
3077 1632 3293 1688 Domini
3322 1631 3504 1687 facere

1877 1743 1988 1781 non
2013 1726 2450 1796 procuraverint,
2505 1725 3073 1780 excommunicandos
3123 1730 3255 1780 tunc
3282 1723 3401 1779 fore
3440 1740 3503 1779 se

1876 1817 2149 1870 noverint.
2181 1816 2428 1870 Domnus
2461 1813 2575 1869 Odo
2606 1814 2775 1869 abbas
2821 1829 2919 1884 pro
2951 1830 3087 1884 pace
3115 1813 3332 1888 agenda
3359 1812 3505 1868 inter

145 1898 257 1963 Quo
288 1899 437 1953 circa
465 1898 759 1952 Vitriacum
814 1898 882 1932 διδ
948 1907 1187 1952 castrum
1238 1898 1589 1978 deversautc,
1619 1897 1675 1949 Ηι

1973 1924 2162 1981 gonom
2183 1922 2367 1981 regem
2403 1906 2567 1960 Italiae
2595 1913 2649 1961 et
2673 1905 2953 1960 Albricum
2986 1905 3293 1960 Romanum
3330 1904 3503 1975 patri-

143 1996 193 2044 et
224 1990 546 2045 Heribertus
573 1990 894 2044 Lauduuum
958 1990 1235 2044 obsident.
1304 1989 1555 2059 Sumptis
1586 1995 1768 2042 autem

141 2094 326 2137 secum
351 2099 445 2138 rex
477 2098 617 2155 quos
638 2083 1015 2154 undecunque
1072 2082 1334 2155 colligere
1368 2082 1639 2152 potuit,in
1677 2097 1778 2152 pa-

140 2191 267 2249 gum
290 2176 629 2231 Porcensem
661 2174 832 2230 venit.
895 2173 1011 2239 Quo
1052 2174 1261 2240 audito,
1304 2174 1456 2247 Hugo
1511 2181 1563 2227 et
1619 2172 1778 2228 Heri-

141 2263 354 2332 bertus,
380 2264 593 2320 scilicet
622 2264 771 2335 quod
821 2280 916 2319 rex
967 2264 1049 2318 eis
1077 2262 1569 2335 apprOpiuqnaret,
1621 2262 1777 2318 obsi-

140 2357 308 2412 dione
352 2357 547 2413 relicta
611 2362 911 2428 properant
948 2363 1157 2423 contra,
1185 2365 1239 2410 et
1270 2357 1605 2427 insperatum
1634 2355 1777 2427 regis

141 2448 473 2504 invadentes
508 2448 839 2515 exercitum,
867 2447 1168 2503 nonnullos
1207 2454 1485 2514 sternunt,
1534 2446 1777 2517 reliquos

140 2541 193 2597 in
217 2541 407 2617 fugam
461 2550 701 2598 vertunt.
745 2542 857 2597 Rex
909 2543 1028 2613 ipse
1085 2528 1208 2597 cum
1256 2542 1448 2614 paucis
1488 2542 1775 2597 eductusa

140 2636 273 2702 suis,
302 2643 364 2691 et
380 2634 624 2690 eximere
656 2650 716 2689 se
761 2635 912 2689 bello
942 2642 1186 2699 coactus,
1218 2636 1308 2689 vix
1330 2636 1524 2701 evasit,
1557 2634 1776 2690 Artoldo

142 2724 411 2796 episcopo
435 2732 491 2779 et
521 2725 724 2779 comite
751 2724 1011 2795 Rotgario
1032 2723 1425 2795 comitantibus
1447 2741 1656 2780 secum.
1682 2725 1780 2778 Ar-

143 2814 904 2887 toldusepiscopus,perditis
921 2817 1089 2871 rebus
1121 2831 1258 2888 quas
1290 2816 1365 2870 ibi
1402 2806 1778 2883 habuerat,ad

143 2903 436 2981 nugonem
459 2919 525 2959 ac
541 2904 610 2940 5”
639 2904 984 2960 Heribertum
1013 2906 1247 2960 accessit
1271 2907 1349 2975 [Η
1354 2908 1435 2962 .R.
1460 2905 1774 2972 iv,29,add.

142 2999 421 3056 adductus
450 2999 519 3055 ab
540 2999 750 3071 amicis]
785 3008 879 3065 ;et
917 3000 1062 3056 datis
1103 3001 1465 3056 sacramentis
1518 3007 1679 3070 prout
1709 2999 1778 3054 ab

143 3103 208 3143 eo
227 3089 534 3145 Avennaco
562 3105 686 3145 cum
715 3089 844 3145 villa
872 3089 1224 3155 Vindonissa,
1246 3099 1298 3144 et
1314 3096 1470 3162 pacta
1496 3107 1629 3161 pace
1654 3106 1778 3145 cum

145 3178 381 3251 Hugone
411 3179 676 3250 praesule,
712 3178 778 3233 ad
809 3186 1058 3233 sanctum
1090 3178 1345 3234 Basolum
1365 3179 1478 3233 illic
1509 3179 1776 3235 habitatu-

143 3282 239 3321 rus
263 3268 515 3324 devenit.
569 3268 724 3341 Hugo
772 3275 826 3322 et
873 3267 1193 3322 Heribertus
1247 3267 1599 3323 obsidionem
1640 3268 1779 3322 Lau-

1878 1999 2023 2053 cium
2058 1999 2204 2069 apud
2228 1997 2483 2052 eumdem
2517 2013 2703 2071 regem
2736 1996 3047 2052 laborabat.
3080 1996 3234 2051 Idem
3263 2011 3396 2051 vero
3411 2012 3505 2051 rex

1880 2088 2034 2162 Hugo
2075 2088 2408 2142 Sarracenos
2456 2086 2525 2140 de
2583 2085 2878 2140 Fraxinido
2933 2101 3123 2140 eorum
3193 2084 3505 2140 munitione

1880 2180 2204 2250 disperdere
2229 2178 2557 2239 conabatur.
2583 2176 2876 2247 Rotgarius
2935 2193 3123 2233 comes
3174 2177 3323 2247 apud
3354 2176 3502 2231 Wil-

1878 2272 2104 2327 lelmum
2131 2272 2595 2327 Nortmauuorum
2629 2269 2939 2340 principem
2968 2268 3192 2323 functus
3225 2268 3504 2343 legatione

1882 2376 1979 2430 pro
2003 2358 2297 2415 Ludowico
2330 2375 2481 2433 rege,
2516 2358 2722 2412 ibidem
2743 2356 3040 2412 defunctus
3062 2365 3167 2412 est.
3195 2356 3506 2412 Willelmus

1882 2469 2066 2527 regem
2096 2451 2450 2507 Ludowicum
2485 2449 2742 2523 regaliter
2780 2449 2836 2504 in
2862 2449 3093 2505 Rodono
3131 2450 3202 2484 ⁵⁵⁸
3240 2449 3504 2520 suscepit.

1883 2547 2015 2599 ltcm
2041 2543 2351 2597 Willelmus
2400 2540 2739 2595 Pictavensis
2797 2547 2851 2594 et
2904 2541 3177 2595 Brittones
3216 2556 3341 2595 cum
3386 2539 3504 2596 suis

1882 2634 2224 2707 principibus
2271 2633 2341 2687 ad
2400 2648 2585 2707 regem
2617 2638 2917 2686 venerunt.
2961 2632 3093 2686 Cum
3142 2630 3228 2686 his
3258 2646 3390 2705 ergo
3415 2647 3508 2685 rex

1881 2743 2051 2797 super
2072 2726 2139 2760 ³⁵⁷
2160 2726 2359 2780 lsaram
2409 2725 2580 2780 venit.
2617 2725 2767 2797 llugo
2784 2738 2915 2778 vero
2951 2730 3005 2779 et
3037 2723 3358 2778 Heribertus
3378 2739 3508 2779 cum

1882 2817 2093 2872 Othone
2127 2817 2266 2872 (lucc
2319 2816 2782 2883 Lothariensium,
2839 2816 3138 2871 destructis
3169 2816 3435 2886 pontibus
3457 2824 3511 2871 et

1882 2908 2080 2965 ablatis
2110 2907 2366 2973 navibus,
2407 2923 2531 2962 cum
2570 2906 2656 2960 his
2684 2920 2907 2977 quoque
2935 2920 3074 2976 quos
3115 2905 3320 2960 habere
3352 2912 3512 2976 pote-

1884 3008 2029 3069 rant,
2064 3016 2129 3054 ex
2160 3000 2332 3055 altera
2365 3004 2519 3069 parte
2552 2996 2800 3052 ﬂuminis
2829 2996 3203 3052 consederunt
3233 3014 3248 3063 ;
3277 3005 3335 3052 et
3385 2996 3510 3071 agi-

1883 3101 1993 3150 tata
2025 3095 2170 3149 inter
2184 3108 2280 3148 eos
2312 3108 2410 3163 per
2463 3092 2840 3146 internuntios
2878 3089 3285 3158 controversia,
3311 3089 3515 3145 dantur

1886 3186 2107 3241 tandem
2137 3184 2205 3218 ⁵⁵⁸
2228 3183 2459 3237 iudutia:
2490 3198 2520 3237 a
2548 3182 2734 3236 medio
2758 3180 3071 3252 Septembri
3098 3196 3274 3251 usque
3301 3181 3371 3235 ad
3396 3196 3514 3237 me-

1884 3276 2033 3331 dium
2068 3274 2411 3339 Novembris,
2438 3280 2491 3327 et
2522 3272 2745 3326 obsides
2776 3271 3127 3341 accipiuntur
3152 3269 3453 3341 utrimque,
3481 3287 3514 3326 a

147 3357 282 3413 duni
312 3359 664 3430 relinquunt.
716 3357 1015 3413 Ludowico
1085 3356 1201 3431 regi
1253 3355 1400 3412 filius
1440 3356 1704 3423 nascitur,
1728 3362 1782 3411 et
1883 3379 2013 3437 rege
2037 3362 2259 3433 quidem
2290 3360 2433 3414 ﬁlius
2492 3359 2765 3413 Heriberti
2825 3359 3028 3415 minor.
3059 3358 3160 3422 Qui
3193 3358 3359 3414 etiam
3392 3375 3511 3426 rex,

147 3447 431 3514 ρι’ωωίεεί
495 3448 729 3503 comites
778 3462 903 3503 cum
952 3446 1231 3501 Willelmo
1265 3445 1458 3514 locuti,
1494 3462 1617 3501 mox
1650 3446 1784 3501 Lau-
1887 3462 1995 3511 tam
2026 3454 2145 3526 ipse
2167 3468 2330 3525 quam
2363 3451 2696 3519 Willelmus,
2729 3450 2830 3506 sed
2873 3457 2929 3505 et
2960 3450 3135 3524 Hugo,
3166 3450 3393 3507 mittunt
3413 3451 3519 3506 ob-

147 3536 287 3592 duui
323 3545 592 3609 repetunt
644 3535 1019 3604 obsidionem,
1074 3537 1450 3608 proditionem
1488 3536 1653 3593 castri
1678 3536 1785 3592 sibi
1888 3547 2040 3602 sides
2070 3546 2271 3602 Othoni
2296 3544 2412 3618 regi
2436 3560 2534 3615 per
2561 3544 2832 3600 Othonem
2860 3543 3290 3601 ducem.Fames
3316 3560 3517 3620 magna

148 3630 271 3687 fieri
298 3634 409 3689 rati
444 3651 458 3688 :
490 3634 777 3706 nulloque,
815 3634 964 3706 quod
993 3632 1244 3688 arbitrati
1298 3633 1537 3698 fuerant,
1572 3640 1811 3712 patrato‘
1892 3656 1994 3711 per
2024 3647 2191 3695 totam
2223 3636 2506 3692 Franciam
2536 3642 2590 3691 et
2621 3634 3022 3710 Burgundiam,
3051 3635 3358 3692 mortalitas
3378 3650 3521 3706 quo-

148 3731 412 3802 negotio,
447 3735 802 3785 revertuntur
830 3728 885 3783 in
919 3744 1038 3784 sua.
1076 3728 1403 3785 Ludowicus
1445 3743 1538 3781 rex
1568 3745 1599 3782 a
1631 3727 1790 3783 Karlo
1894 3745 2002 3800 que
2033 3728 2271 3784 maxima
2299 3726 2466 3782 boum
2512 3731 2759 3799 grassata
2817 3731 2900 3781 est
2930 3723 2987 3781 in
3016 3730 3251 3791 tantum,
3284 3732 3344 3780 ut
3358 3723 3521 3780 valde

143 3817 523 3877 Constantino
555 3821 614 3875 in
651 3816 875 3875 Vienna
901 3817 1166 3890 recipitur
1189 3816 1549 3889 ;etAquitaui
1574 3818 1641 3871 ad
1665 3832 1791 3871 eum
1897 3836 2072 3893 pauca
2097 3817 2415 3888 hujusmodi
2446 3816 2707 3871 animalia
2731 3816 2787 3869 in
2818 3815 2905 3871 bis
2933 3815 3302 3870 remanserint
3334 3815 3518 3870 terris.

143 3909 412 3977 veniunt,
445 3909 716 3981 illumque
767 3907 1104 3978 suscipiunt.
1166 3905 1320 3982 [iugo
1368 3914 1422 3963 et
1455 3906 1794 3971 Heribertus,
1972 3909 2296 3965 Ludowicus
2324 3907 2391 3942 559
2425 3920 2519 3960 rex
2580 3902 2778 3961 Othoni
2806 3904 2921 3977 regi
2952 3902 3171 3959 obviam
3206 3901 3521 3973 proﬁcisci-

147 3998 471 4054 Willelmus
501 4005 557 4054 et
588 3998 847 4053 Arnulfus
871 3998 1037 4052 simul
1057 3997 1313 4053 locuntur
1344 4016 1358 4050 :
1395 4004 1449 4052 et
1479 3995 1799 4051 Heribertus
1901 4005 2008 4061 tur,
2038 4005 2093 4052 et
2123 3995 2487 4051 amicabiliter
2543 4010 2603 4048 se
2658 4001 2850 4049 mutuo
2905 3992 3297 4063 suscipientes,
3330 3992 3526 4048 amici-

148 4092 287 4147 iude
320 4093 395 4147 ad
419 4093 693 4148 Othonem
720 4107 907 4166 regem
961 4089 1031 4125 “0
1066 4096 1217 4145 trans
1243 4090 1497 4145 Rhenum
1540 4088 1797 4161 proﬁcis-
1902 4092 2030 4145 tiam
2053 4106 2211 4144 suam
2238 4088 2307 4123 ⁵⁸0
2336 4087 2557 4142 firmant
2600 4086 3046 4152 conditionibus;
3078 4085 3424 4157 multumque
3457 4085 3525 4141 de

155 4180 327 4237 citur.
365 4180 525 4236 Anno
822 4251 847 4257 Α
875 4250 1093 4257 μυη-
1117 4252 1161 4257 __
1904 4201 2038 4257 pace
2072 4183 2215 4238 inter
2246 4198 2433 4257 regem
2474 4179 2828 4236 Ludowicum
2862 4186 2917 4234 et
2956 4180 3242 4254 llugouem
3274 4178 3532 4234 laborans

1906 4276 2064 4332 Otho.
2100 4273 2625 4348 Hugonemtandem
2657 4273 2725 4327 ad
2762 4272 3001 4327 eundem
3035 4287 3219 4346 regem
3239 4271 3526 4326 convertit.

156 4360 510 4417 Ludowicus
539 4374 658 4428 rex,
687 4357 917 4414 firmatis
962 4358 1069 4413 sibi
1127 4357 1435 4431 Aquitanis,
1479 4356 1686 4412 Laudui

2004 4365 2231 4420 'ibertus
2299 4364 2464 4419 etiam
2525 4362 2728 4433 pariter
2780 4378 2904 4416 cum
2965 4361 3248 4432 aequivoco
3289 4358 3403 4415 ﬁlio
3432 4376 3534 4414 suo

153 4455 494 4519 revertitur,
537 4469 643 4508 nec
673 4452 767 4506 diu
796 4457 1101 4507 remoratus
1118 4451 1207 4514 πί,
1243 4464 1354 4505 non
1387 4450 1615 4505 obtenta
1647 4463 1802 4519 pace,
1908 4455 2084 4526 ipsius
2116 4453 2262 4527 regis
2318 4452 2595 4507 Ludowici
2647 4450 2907 4506 efﬁcitur.
2971 4450 3303 4505 Revertente
3373 4463 3524 4522 rege,

154 4544 215 4599 in
251 4544 647 4622 Burgundiam
681 4548 890 4597 remeat
920 4541 1007 4593 55’.
1047 4539 1284 4613 Legatus
1324 4539 1587 4610 Stephani
1622 4553 1800 4610 papae,
1910 4543 2200 4598 Remeusis
2240 4542 2529 4597 dioceseos
2578 4539 2829 4610 episc0pi
2890 4539 2959 4593 ad
3018 4555 3144 4595 eum
3176 4539 3406 4593 veniunt
3438 4555 3452 4603 ;
3486 4543 3541 4592 et

151 4639 407 4694 nomine
440 4637 726 4702 Damasus,
761 4633 1059 4705 episcOpus
1089 4632 1276 4687 Romae
1302 4630 1373 4686 ob
1406 4632 1555 4685 hanc
1580 4631 1805 4703 legatio-
1831 4633 1890 4703 Β
1914 4637 2033 4708 ipse
2058 4632 2353 4689 Rodulfum
2386 4633 2451 4666 ⁵⁶¹
2486 4647 2709 4703 quoque
2739 4631 3167 4687 Lauduneusem
3201 4630 3435 4701 recepit,
3477 4645 3542 4685 ac

153 4745 294 4785 nem
330 4727 718 4802 peragendam
739 4725 1050 4793 ordinatus,
1082 4725 1135 4779 in
1176 4723 1463 4779 Franciam
1485 4724 1656 4790 venit,
1681 4723 1816 4781 aﬂ‘e-
1918 4742 2077 4781 suum
2112 4722 2293 4779 eidem
2322 4720 2561 4776 restituit
2616 4719 2982 4791 episc0pium.
3026 4721 3271 4776 Domnus
3297 4718 3410 4775 Odo
3440 4734 3543 4774 ve-

151 4835 298 4877 rens
324 4820 552 4874 litteras
580 4814 1145 4889 apostolicaasedisad
1164 4814 1621 4886 priucipesregni
1649 4830 1816 4871 cunc-
1920 4814 2182 4871 nerabilis
2238 4812 2411 4867 abbas
2446 4854 2461 4883 ,
2539 4808 2838 4865 multorum
2889 4816 3227 4865 restaurator
3268 4813 3550 4864 monaste-

153 4919 376 4986 tosque
409 4911 656 4966 Francia:
692 4909 781 4965 vel
828 4906 1163 4982 Burgundiae
1187 4905 1548 4974 habitatores,
1582 4913 1641 4961 ut
1674 4906 1816 4961 reci-
1917 4906 2123 4962 riorum
2151 4912 2468 4973 sanctasque
2524 4899 2728 4974 regulae
2791 4908 3092 4969 reparator.
3125 4897 3359 4953 Turonis
3385 4896 3545 4964 obiit,

152 5007 327 5079 piant
358 5020 733 5080 regemsuum
762 5001 1117 5059 Ludowicum
1145 4999 1327 5073 :quod
1365 5000 1411 5054 si
1440 4999 1812 5075 neglexerint,
1917 5003 1972 5052 et
1993 4994 2245 5065 sepultus
2310 4999 2393 5049 est
2458 4988 2606 5062 apud
2672 4996 2922 5045 sanctum
2971 4988 3249 5045 lulianum
3298 4987 3368 5022 ⁵⁸³
3409 4986 3543 5056 (87).

157 5110 216 5156 et
247 5116 394 5157 eum
419 5098 659 5170 amplius
688 5096 876 5189 hostili
916 5094 1100 5170 gladio
1140 5093 1419 5166 persecuti
1450 5091 1683 5160 fuerint,
1719 5109 1816 5147 ex-
1916 5092 2075 5145 Anno

1551 5222 1773 5278 VARUE
1814 5219 2190 5278 LECTIONES.

235 5335 316 5369 ⁵³⁸
349 5340 417 5388 ut
454 5332 780 5387 asserebant
824 5347 881 5402 p.
935 5332 1094 5398 Hugo
1132 5328 1317 5402 Va?“
1363 5326 1605 5402 rotgerio
1636 5328 1702 5402 _l.
1762 5324 1831 5359 ⁸⁵⁸
1887 5322 2221 5402 uituriacum
2408 5310 3230 5402 victuriacumﬂf}.fauet:
3257 5309 3331 5402 ξω
3359 5309 3438 5402 ag
3469 5325 3560 5402 re-

154 5424 295 5481 gem
336 5382 786 5473 §,'55f}i{o?aiiié
815 5382 879 5469 ἕξ
926 5382 1330 5481 ίέίῖνὸγὲι-ιὶιρτ
1369 5382 1552 5481 ρ,
1604 5397 1955 5481 _depromeus
2124 5393 2195 5481 Si.“
2247 5392 2316 5426 ⁵⁵⁵
2372 5387 2624 5481 precatio
2654 5385 2806 5481 1;;55
2876 5382 3199 5481 lodugicugigil
3257 5382 3309 5481 3‘.
3368 5382 3439 5481 5:5
3468 5397 3560 5481 rg—

465 5452 869 5530 2.u3§l—de‘esvt,
901 5452 1324 5537 2.i55évt,'di."§.
1368 5452 1430 5537 3,,
1480 5471 1549 5505 δεῖν
1604 5452 1959 5524 Lodhuuicus
2014 5466 2067 5520 3.
2125 5463 2195 5499 56°
2245 5478 2291 5517 s.
2353 5452 2550 5515 mutuo
2590 5456 2643 5512 3.
2695 5456 2761 5491 ⁵⁶¹
2794 5471 2849 5527 q.
2912 5471 2954 5509 r.
3013 5454 3071 5522 3,
3130 5455 3199 5489 ⁵⁶²
3258 5456 3340 5509 ita
3388 5453 3442 5507 2.
3503 5452 3556 5509 3.

186 5553 370 5619 Hugo
420 5548 503 5602 Fl.
530 5546 827 5601 martiuum
858 5547 911 5601 1.
940 5548 1097 5616 Hugo
1126 5545 1190 5613 V,
1222 5544 1318 5599 sed
1348 5544 1420 5609 cf,
1454 5543 1612 5608 infra
1640 5557 1675 5596 α
1725 5540 1852 5607 945,

1785 5672 1994 5730 NOT/E.

821 4250 1161 4307 DCCCCXLII

242 5758 374 5827 (86)
419 5754 806 5827 Moutfaucon.
1096 5824 1127 5827 _
1436 5820 1446 5827 _
1664 5819 1675 5827 _
1819 5817 1834 5827 η
1976 5814 1987 5825 ,

245 5811 370 5899 (Sit,
400 5827 560 5901 [iugo
608 5825 762 5879 Vird.
814 5823 1007 5880 addit:
1044 5844 1070 5876 ι
1094 5824 1156 5879 Et
1208 5820 1475 5880 successit
1506 5820 1554 5875 ei
1582 5817 1908 5875 ileimardus
1939 5814 2023 5871 vir
2050 5811 2420 5870 venerandus.
2465 5834 2488 5855 ››

536 5926 820 5987 mnos
868 5923 1197 5987 CXXXV.
3168 5900 3237 5958 15
