3874 6400
100 376 193 432 461

1604 383 1928 438 ANNALES.

3336 384 3441 444 462

98 507 227 561 sium
262 504 443 560 eidem
481 503 707 559 Erluino
760 505 934 560 dedit.
962 506 1081 561 Filii
1116 506 1392 563 Heriberti
1428 510 1705 580 quandam
1728 515 1777 582 Α
1810 512 1881 565 ibi
1907 512 2010 565 sub
2046 511 2295 583 equitum
2355 512 2544 583 specie
2604 512 2725 579 visi,
2784 514 2880 585 qui
2921 514 3224 569 a>celesiam
3257 532 3440 587 quan-

99 598 447 654 munitionem
503 596 722 653 Rodulti
772 599 840 633 5”
884 600 1171 666 cujusdam
1206 598 1386 655 fidelis
1432 602 1708 659 Ludowici

98 693 255 767 regis,
308 692 537 748 nomine
577 691 822 759 Clastris,
883 695 1048 749 sitam
1103 695 1159 748 in
1222 711 1364 770 pago
1419 697 1719 753 Veroman-

101 784 244 838 dinse
273 782 339 817 ⁶⁰⁰
368 782 687 854 proditione
719 783 964 854 capiunt.
1037 785 1095 838 Et
1126 786 1321 839 eodem
1384 786 1619 842 Rodulfo
1653 787 1715 823 ί⁰¹

101 872 227 926 clam
285 871 582 937 evadente,
645 872 940 927 thesauros
1004 872 1183 942 ipsius
1237 873 1506 929 invadunt
1554 884 1719 947 atque

102 960 371 1032 diripiunt,
402 961 888 1033 municipiumque
910 978 1143 1017 vacuum
1177 962 1595 1034 derelinquunt.

168 1055 314 1128 llugo
346 1056 458 1111 dux
490 1056 831 1128 colloquium
863 1055 1180 1113 Herimanni
1208 1058 1365 1129 petit,
1398 1058 1491 1129 qui
1520 1058 1720 1138 missus

104 1155 208 1204 erat
228 1147 486 1204 obsidere
525 1150 753 1205 castella
806 1150 1064 1223 Bagnarii
1126 1150 1195 1185 ⁶⁰²
1251 1166 1315 1206 ac
1359 1149 1575 1206 Rodulﬁ
1609 1150 1719 1206 fra-

102 1246 258 1303 trum,
287 1237 567 1293 Ludowici
601 1238 750 1312 regis
771 1236 1017 1293 ﬁdelium
1047 1256 1061 1304 ;
1094 1239 1187 1309 qui
1222 1238 1518 1295 resistendi
1564 1239 1719 1295 Heri-

104 1345 292 1386 manno
311 1329 632 1400 praesidium
678 1338 791 1384 non
825 1330 1115 1395 habentes,
1140 1332 1380 1397 veniam,
1418 1331 1559 1387 datis
1588 1348 1718 1387 mu-

103 1414 313 1470 neribus
368 1415 592 1502 multis,
630 1416 699 1471 ab
761 1417 989 1473 Oddone
1048 1435 1177 1493 rege
1210 1419 1279 1453 ⁶⁰³
1305 1420 1633 1490 deposcunt.
1663 1418 1720 1475 Is

105 1502 348 1575 equidem
379 1504 649 1575 palatium
706 1506 879 1577 Aquis
933 1506 1264 1575 deveniens,
1322 1524 1447 1562 cum
1519 1509 1721 1563 Letha-

104 1591 366 1647 riensibus
416 1592 754 1664 colloquium
809 1592 1022 1649 habuit.
1065 1594 1166 1649 Ubi
1195 1597 1349 1651 missi
1371 1597 1515 1671 regis
1536 1597 1719 1652 Ludo-

104 1683 234 1751 wici,
265 1685 364 1739 sed
395 1692 451 1739 et
471 1685 718 1760 Hugonis
741 1686 896 1742 ducis
930 1688 1094 1763 legati
1142 1688 1211 1744 ad
1262 1706 1389 1745 eum
1416 1695 1715 1745 venerunt.

107 1773 200 1838 Qui
227 1773 442 1849 legatos
473 1776 621 1847 regis
652 1769 956 1832 honorifice
978 1778 1311 1849 suscipiens,
1345 1780 1537 1851 legatis
1560 1796 1722 1836 aver-

1819 606 1946 659 dam
1972 606 2060 670 δίει,
2094 621 2215 676 quae
2239 604 2486 675 proxima
2517 606 2716 670 stabat,
2780 606 3149 677 destruentes,
3185 610 3305 673 eius
3337 617 3443 663 tra-

1818 693 1935 755 bes,
1965 693 2283 747 memoratis
2311 692 2615 763 parietibus
2647 695 2715 728 ⁶²²
2769 695 3106 752 incusserint
3150 698 3239 731 ⁸³³⁸
3274 713 3337 752 ac
3367 698 3447 753 sic

1819 802 1915 843 eos
1929 787 2272 852 subruerint,
2302 787 2493 841 vineas
2521 804 2744 860 quoque
2793 790 3000 846 montis
3031 791 3205 862 ipsius
3233 793 3447 847 evulse-

1819 874 1949 939 rint,
1982 882 2036 929 et
2064 875 2247 929 omnia
2285 885 2401 930 sata
2432 879 2784 933 vastaverint.

1892 965 2199 1020 Subsecuta
2230 982 2355 1020 mox
2390 967 2692 1023 Brittonum
2718 971 3003 1040 pernities,
3039 971 3134 1044 qui
3175 971 3451 1029 discordia

1822 1054 1965 1109 inter
2005 1072 2064 1109 se
2120 1056 2430 1125 principum
2500 1057 2811 1129 Berengarii
2875 1068 2929 1114 et
2986 1061 3143 1115 Alani
3204 1062 3452 1127 divisi,a

1821 1147 2194 1209 Nortmannis,
2225 1164 2351 1203 cum
2381 1148 2589 1219 quibus
2621 1158 2839 1220 pactum
2871 1151 3129 1217 inierant,
3165 1154 3378 1223 pervasi
3399 1161 3453 1207 et

1822 1252 2023 1311 magna
2054 1246 2186 1291 sunt
2234 1237 2384 1291 caede
2430 1239 2599 1292 attriti
2655 1241 2741 1294 (ηδ.
2777 1239 2976 1294 Civitas
3037 1256 3228 1295 eorum
3288 1242 3455 1296 Dolus

1824 1325 2047 1379 nomine
2074 1332 2255 1394 capta,
2280 1332 2333 1379 et
2378 1326 2677 1397 episcopus
2724 1329 2974 1395 ejusdem
3015 1329 3453 1401 confugientium

1823 1417 1878 1469 in
1909 1417 2215 1471 aecclesiam
2275 1417 2690 1472 multitudinum
2740 1420 3037 1490 stipatione
3082 1436 3379 1491 Oppressus
3402 1433 3459 1477 et

1823 1521 2088 1567 enecatus
2147 1520 2250 1567 est.
2292 1513 2579 1583 Reparatis
2641 1514 2884 1586 denique
2944 1516 3219 1571 Brittones
3248 1517 3458 1572 viribus

1821 1612 2100 1659 certamen
2135 1604 2354 1668 ineunt,
2388 1604 2444 1659 in
2475 1622 2586 1676 quo
2630 1607 2947 1677 superiores
2978 1607 3332 1663 Nortmannis
3359 1627 3457 1663 ex-

1822 1692 2026 1747 stitisse
2086 1694 2153 1727 ⁶²⁵
2211 1693 2313 1747 visi
2373 1702 2523 1748 sunt.
2587 1696 2765 1750 Tertia
2800 1697 3021 1751 tandem
3061 1698 3457 1770 congressione

1824 1784 1959 1838 inita
1991 1786 2080 1850 6’6,
2114 1801 2313 1859 magna
2363 1802 2428 1839 ex
2475 1796 2709 1859 utraque
2758 1795 2912 1858 parte
2944 1788 3010 1821 “7
3042 1789 3241 1843 cecidit
3273 1789 3459 1843 multi-

106 1864 318 1919 sabatur
344 1864 414 1899 θο⁴
446 1865 606 1919 ducis
648 1882 662 1929 ;
696 1866 877 1921 donec
934 1866 1209 1922 Manasses
1239 1866 1489 1939 quidam.
1521 1868 1721 1922 missus
1746 1885 1795 1951 Β
1829 1877 1961 1931 tudo
1992 1895 2005 1939 ;
2042 1877 2269 1932 victoria
2311 1894 2442 1932 vero
2476 1879 2634 1948 potiti
2676 1880 3023 1945 Nortmanni,
3070 1880 3344 1935 Brittones
3369 1898 3461 1935 us-

108 1952 362 2029 Hugonis,
396 1955 598 2010 videns
657 1956 867 2030 legatos
933 1956 1211 2011 Ludowici
1258 1957 1416 2011 valde
1457 1957 1719 2029 legationi

107 2062 210 2101 suae
230 2048 495 2102 adversos
526 2048 785 2114 existere,
826 2049 1085 2104 mandata
1112 2050 1363 2121 quaedam
1408 2049 1476 2083 ⁶⁰⁵
1507 2050 1615 2103 sibi
1653 2050 1723 2103 ab

109 2136 204 2192 hoc
224 2154 349 2209 rege
375 2139 503 2193 data
553 2156 733 2211 nuper
774 2141 841 2195 ad
894 2142 1073 2211 ipsum
1125 2142 1410 2197 Oddonem
1442 2142 1511 2176 ⁶⁰⁶
1546 2141 1729 2211 perfe-

110 2228 290 2295 renda,
322 2246 448 2301 quae
504 2230 570 2265 ⁵⁸⁷
635 2232 789 2302 prius
821 2232 1037 2302 aperire
1092 2232 1366 2298 noluerat,
1398 2232 1452 2285 in
1484 2232 1726 2287 medium

112 2321 328 2390 protulit
368 2340 383 2387 ;
417 2322 672 2393 pandens
699 2322 1157 2394 exprobrationes
1186 2339 1295 2378 non
1324 2323 1733 2394 modicasquas

112 2410 208 2463 sibi
234 2425 327 2465 rex
351 2409 684 2466 Ludowicus
740 2412 958 2467 Oddoni
989 2412 1103 2485 regi
1150 2412 1217 2446 ⁶⁰⁸
1246 2412 1489 2483 perferre
1523 2427 1735 2483 praece-

118 2509 281 2569 perat,
309 2502 457 2573 quod
478 2501 698 2558 scilicet
720 2504 978 2573 perjurus
1009 2512 1158 2557 esset
1184 2502 1338 2557 Oddo
1365 2502 1434 2557 de
1454 2503 1734 2571 juramen-

116 2592 177 2645 tis
203 2610 320 2665 qua:
349 2595 647 2651 Ludowico
689 2595 989 2663 juraverat,
1047 2594 1296 2650 adiciens
1336 2602 1391 2650 et
1445 2594 1551 2648 alia
1578 2595 1735 2648 inde-

117 2696 234 2737 cora
266 2686 558 2740 nonnulla.
621 2682 833 2749 Quibus
890 2684 1190 2738 admodum
1244 2689 1527 2754 permotus
1553 2682 1729 2749 Oddo,

122 2770 305 2828 missos
332 2772 637 2838 Ludowici,
658 2773 790 2844 quia
853 2771 1040 2826 verbis
1078 2771 1330 2826 Manasse
1360 2772 1737 2828 contradicere

124 2872 221 2913 non
272 2863 555 2927 valebant,
614 2860 885 2926 abiciens,
934 2860 1145 2935 legatos
1194 2860 1441 2932 Hugonis
1504 2861 1738 2915 honora-

126 2947 296 3005 biliter
332 2951 554 3018 habuit,
578 2964 886 3021 omnesque
946 2948 1054 3003 sibi
1109 2947 1303 3004 ﬁdeles
1332 2949 1400 3002 ab
1423 2949 1625 3004 auxilio
1640 2965 1738 3004 seu

126 3041 540 3112 participatione
586 3040 655 3076 ⁶⁰⁹
712 3040 989 3096 Ludowici
1048 3057 1171 3095 sese
1225 3040 1556 3097 submovere
1596 3056 1740 3112 prae-

122 3130 275 3199 cepit.

189 3221 245 3275 ln
271 3222 824 3278 'l'ransrhenensibus
850 3222 1155 3278 Germania:
1167 3223 1490 3297 regionibus
1511 3222 1735 3294 quidam

126 3312 281 3369 homo
308 3323 448 3382 erat,
482 3314 571 3369 cui
630 3329 826 3369 manus
867 3314 1053 3370 abcisa
1075 3314 1142 3349 δίο
1162 3314 1360 3381 fuerat,
1402 3321 1457 3370 et
1484 3321 1607 3386 post
1636 3329 1739 3367 an-

130 3419 221 3459 nos
240 3405 687 3478 quatuordecim,
715 3408 860 3463 sicut
884 3415 1140 3462 asserunt
1169 3407 1262 3478 qui
1288 3423 1413 3461 eum
1447 3412 1736 3467 noverunt,

131 3493 303 3553 subito
326 3499 457 3553 dum
493 3503 656 3552 nocte
687 3497 753 3532 ⁶¹¹
788 3497 1075 3563 dormiret,
1105 3496 1157 3552 ei
1190 3512 1253 3551 ex
1283 3498 1497 3571 integro
1530 3502 1744 3549 restau-

135 3597 242 3644 rata
270 3590 338 3625 ⁶¹²
369 3600 476 3647 est.
514 3594 575 3647 ln
608 3588 819 3646 eisdem
848 3591 918 3626 ⁶¹³
948 3590 1199 3661 partibus
1229 3606 1328 3661 per
1356 3590 1624 3662 quosdam
1649 3605 1747 3660 pa-

132 3696 224 3754 gos
251 3683 398 3758 ignei
426 3684 583 3760 globi
615 3683 743 3739 ferri
770 3684 839 3718 ⁸η
869 3684 1203 3739 videbantur
1231 3684 1289 3737 in
1334 3699 1482 3749 aere,
1541 3684 1746 3754 quique

134 3776 413 3832 nonnullas
447 3777 518 3812 ⁶¹⁸
569 3776 685 3830 illic
734 3776 1195 3831 circumvolantes
1239 3764 1609 3831 incenderunt
1646 3775 1750 3831 do-

134 3879 246 3919 mos
273 3881 333 3920 ac
364 3866 433 3902 διδ
462 3864 626 3921 villas
658 3882 673 3930 ;
704 3880 737 3918 a
767 3865 833 3899 ⁶¹⁷
866 3864 1198 3937 quibusdam
1224 3880 1350 3919 vero
1379 3866 1535 3931 locis,
1571 3864 1752 3919 cruci—

137 3950 234 4007 bus
269 3954 335 3989 ⁶¹⁸
386 3954 685 4027 oppositis,
740 3969 862 4009 cum
915 3953 1307 4009 benedictione
1338 3954 1642 4024 episcOpali
1696 3958 1754 4007 et

136 4056 267 4112 aqua
291 4041 592 4098 benedicta
640 4042 1074 4113 repellebantur.
1107 4040 1263 4119 Regii
1303 4042 1509 4097 milites
1536 4042 1754 4113 episco-

137 4137 314 4199 patum
363 4132 699 4188 Remensem
757 4130 1169 4202 depraedantur,
1227 4139 1284 4186 et
1331 4129 1429 4185 filii
1485 4129 1755 4186 Heriberti

136 4222 405 4280 abbatiam
444 4224 627 4281 sancti
672 4224 931 4296 Crispini,
958 4223 1313 4298 Ragenoldus
1333 4238 1554 4296 quoque
1585 4222 1756 4279 abba-

139 4315 260 4371 tiam
286 4318 463 4373 sancti
496 4316 743 4373 Medardi
774 4334 789 4383 ;
829 4317 1023 4388 sicque
1059 4314 1342 4371 alterutris
1373 4315 1758 4371 debachantur

138 4405 336 4475 rapinis
399 4412 569 4478 atque
625 4404 1151 4476 depraedationibus.
1212 4403 1541 4476 Tempestas
1587 4403 1758 4458 nimia

1827 1982 1933 2037 que
1974 1966 2041 2019 ad
2084 1966 2515 2021 internetionem
2549 1966 2766 2021 caedunt
2810 1974 2865 2020 et
2890 1968 2957 2000 ⁸³⁸
2998 1974 3190 2021 aterra
3218 1969 3458 2037 ipsorum

1828 2059 2179 2127 disperdunt.
2224 2060 2445 2130 Ipsique
2472 2059 2814 2121 Nortmanni,
2872 2060 2966 2130 qui
2996 2076 3177 2131 nuper
3223 2076 3253 2115 a
3284 2068 3460 2115 trans-

1830 2146 2060 2201 marinis
2087 2147 2426 2201 advenerant
2478 2148 2546 2180 ⁸³9
2583 2146 2929 2217 regionibus,
2970 2162 3160 2203 eorum
3190 2155 3365 2203 terras
3394 2148 3463 2181 ⁸³⁸

1833 2238 2122 2294 invadunt.

1906 2331 2238 2387 Ludowicus
2267 2348 2360 2386 rex
2382 2331 2436 2385 in
2472 2338 2675 2387 terram
2739 2331 3200 2388 Nortmannorum
3245 2330 3465 2404 prolici-

1834 2419 2007 2473 scitur
2028 2436 2153 2474 cum
2186 2418 2411 2474 Arnulfo
2452 2426 2505 2474 et
2547 2419 2770 2475 Erluino
2802 2428 2857 2474 et
2886 2419 3219 2492 quibusdam
3251 2420 3466 2491 episco-

1836 2512 1921 2581 pis
1942 2511 2182 2565 Francia:
2216 2526 2279 2565 ac
2334 2511 2694 2584 Burgundite.’
2747 2511 3007 2567 Arnult'us
3042 2512 3227 2585 itaque
3258 2528 3466 2583 praece-

1836 2602 1977 2657 dens
2005 2619 2214 2677 regem,
2240 2603 2509 2673 quosdam
2536 2604 3029 2669 Nortmannorum,
3056 2605 3150 2675 qui
3180 2604 3468 2660 custodias

1836 2694 2367 2767 observabantapud
2400 2697 2563 2749 Arcas
2595 2696 2723 2763 (92),
2759 2695 2921 2761 fudit,
2946 2703 3000 2750 et
3028 2696 3141 2771 regi
3175 2697 3465 2751 transitum

1838 2784 2205 2854 praeparavit;
2264 2784 2456 2855 sicque
2526 2800 2621 2838 rex
2680 2784 2971 2839 Rodonum
3028 2785 3385 2855 perveniens,
3440 2802 3471 2839 a

1838 2875 2192 2930 Nortmannis
2245 2875 2301 2929 in
2367 2876 2505 2930 urbe
2563 2876 2862 2946 suscipitur
2894 2877 3268 2948 ;quibusdam
3321 2892 3471 2930 mare

1842 2966 2162 3037 petentibus
2186 2967 2281 3037 qui
2324 2983 2450 3021 eum
2484 2968 2748 3023 nolebant
2776 2968 3046 3038 recipere,
3068 2969 3267 3023 ceteris
3288 2967 3474 3022 omni—

1839 3055 1945 3109 bus
1974 3055 2078 3108 sibi
2098 3055 2427 3129 subjugatis.
2472 3055 2624 3128 Hugo
2646 3057 2752 3110 dux
2780 3071 2904 3110 cum
2925 3057 3040 3111 suis
3064 3063 3117 3111 et
3138 3056 3471 3128 quibusdam

1758 3146 2159 3229 CBergundiae
2207 3146 2533 3217 proceribus
2578 3154 2727 3201 trans
2772 3148 3083 3218 Sequanam
3104 3147 3314 3201 faciens
3345 3147 3469 3226 iter,

1842 3237 2067 3305 Bajocas
2095 3251 2272 3306 usque
2304 3236 2580 3305 pervenit,
2636 3243 2690 3289 et
2721 3235 2996 3290 civitatem
3030 3235 3269 3302 obsedit,
3302 3252 3469 3306 quam

1845 3341 1940 3380 rex
1966 3312 2040 3379 ei.
2071 3324 2321 3389 dederat,
2371 3324 2417 3378 si
2472 3340 2599 3378 eum
2654 3324 2722 3378 ad
2774 3324 3157 3379 subiciendam
3195 3325 3301 3379 sibi
3332 3325 3475 3379 hanc

1845 3414 2306 3469 Nortmannorum
2362 3420 2584 3486 gentem
2642 3414 2945 3483 adjuvaret.
2982 3414 3256 3486 Receptus
3289 3421 3473 3470 autem

1847 3524 1940 3561 rex
1980 3523 2010 3561 a
2041 3506 2417 3574 Nortrnannis,
2451 3507 2676 3562 mandat
2722 3506 2868 3571 duci,
2897 3515 2958 3561 ut
3002 3524 3033 3561 a
3063 3506 3304 3578 praefata:
3332 3506 3477 3562 civi-

1848 3599 1973 3656 tatis
2003 3599 2297 3655 obsidione
2326 3600 2592 3654 diseedat.
2619 3600 2735 3664 Quo
2766 3599 3113 3667 discedente,
3149 3617 3241 3655 rex
3273 3600 3330 3654 in
3357 3616 3478 3655 eam

1849 3691 2199 3764 ingreditur;
2233 3691 2379 3745 unde
2412 3697 2467 3745 et
2519 3690 2815 3745 discordiae
2866 3690 3042 3746 fomes
3097 3691 3241 3746 inter
3292 3707 3477 3764 regem

1850 3779 2157 3834 concitatur
2182 3785 2236 3833 et
2265 3778 2462 3833 ducem
2498 3779 2624 3844 ;sed
2654 3788 2711 3832 et
2733 3793 2833 3849 pro
2865 3794 2932 3833 eo
2962 3780 3111 3850 quod
3139 3796 3231 3834 rex
3258 3779 3484 3835 obsides

1853 3873 1922 3927 ab
1958 3872 2385 3939 Ebrocensibus,
2412 3872 2506 3943 qui
2534 3873 2765 3946 ,Hugoni
2810 3873 3021 3928 subditi
3046 3881 3221 3942 erant,
3247 3874 3483 3945 accepit,

1855 3977 1995 4032 quos
2021 3962 2203 4017 eidem
2236 3961 2362 4017 duci
2396 3961 2632 4017 reddere
2666 3962 2862 4018 noluit.
2895 3963 3053 4018 Anno

2510 4056 2843 4111 DCCCCXLV

1856 4127 2040 4183 adhuc
2071 4144 2199 4198 rege
2233 4128 2529 4184 Ludowico
2562 4129 2626 4162 63‘
2676 4129 2825 4199 apud
2884 4128 3190 4184 Rodomum
3225 4129 3489 4202 degente,

1858 4214 2138 4289 Gerberga
2164 4217 2354 4291 regina
2385 4216 2562 4271 ﬁlium
2621 4216 2869 4270 Lauduni
2903 4216 3141 4286 peperit,
3201 4216 3296 4287 qui
3331 4216 3494 4271 Karo-

1860 4306 1946 4361 lus
1972 4306 2039 4361 ad
2080 4309 2497 4363 catezizandum
2554 4309 2623 4342 ⁶³²
2656 4308 2926 4363 vocitatus
2958 4308 3027 4340 ⁸³³
3080 4313 3182 4361 est.
3220 4307 3495 4362 Reversus

1862 4413 1955 4452 rex
1986 4398 2332 4453 Laudunum.
2368 4409 2423 4454 et
2466 4415 2589 4454 cum
2646 4398 2874 4454 Arnulfo
2917 4399 3153 4467 locutus,
3210 4399 3498 4469 dispositis

138 4490 270 4548 facta
297 4504 379 4549 est
403 4495 462 4550 in
497 4507 641 4566 pago
673 4494 965 4557 Parisiaco,
994 4500 1047 4549 et
1108 4491 1269 4549 turbo
1327 4491 1755 4549 vehementissi—
1780 4537 1839 4605 D
1863 4490 2197 4563 quibusdam
2229 4492 2416 4559 rebus,
2456 4492 2764 4548 Rodomum
2788 4492 3125 4564 regreditur.
3170 4494 3232 4547 At
3264 4494 3499 4548 Bernar-

142 4595 253 4605 ..ρ-...-
310 4598 413 4605 ---Α
451 4583 694 4605 ---2-ι..-
756 4582 1033 4605 ---2_---l_...
1097 4582 1288 4605 .J-_..---
1334 4580 1729 4605 ---41_.-2A-2.~.M
1868 4582 1964 4605 .1..-
1998 4580 2425 4605 οει-.-..,...ι....,.;,.
2464 4596 2643 4605 ΑΑῌΑ-
2674 4588 2720 4605 ,ιι
2746 4582 3044 4605 φ...ι.,.1,1---
3075 4582 3408 4605 'l‘.-..-._..---!,.
3434 4582 3499 4605 GR].

142 4595 275 4651 mus,
305 4598 417 4656 quo
448 4583 697 4656 parietes
750 4582 1039 4652 cujusdam
1092 4582 1291 4637 domus
1332 4580 1753 4653 antiquissimae,

142 4672 315 4743 quitm
345 4674 692 4729 validissimo
736 4674 1038 4730 constructi
1094 4674 1163 4707 ⁶²⁰
1205 4680 1461 4728 eemento
1490 4673 1547 4726 in
1574 4677 1761 4728 monte

144 4760 231 4831 qui
257 4762 462 4820 dicitur
491 4763 789 4834 Martyrum
821 4764 952 4832 (91)
1000 4762 1094 4817 diu
1141 4762 1496 4833 perstiterant
1526 4762 1763 4827 immoti,

146 4846 386 4908 funditus
415 4859 549 4908 sunt
579 4853 773 4909 eversi.
808 4852 1082 4909 Feruntur
1114 4862 1299 4909 autem
1331 4852 1613 4907 daemones
1636 4859 1769 4907 tunc

1865 4582 1967 4634 dus
1998 4580 2429 4637 Silvanectensis
2460 4596 2646 4637 comes
2670 4588 2726 4636 et
2746 4582 3046 4637 Tetbaldus
3075 4582 3411 4638 Turonensis
3434 4582 3501 4616 εει

1865 4684 1989 4723 cum
2023 4668 2311 4723 Heriberto
2332 4668 2621 4724 castellum
2665 4670 2811 4741 regis
2843 4668 3233 4725 Montiniacum
3285 4671 3503 4741 paschae

1868 4758 2070 4814 diebus
2101 4760 2367 4833 aggressi,
2384 4759 2634 4830 capiunt,
2664 4760 2971 4815 incendunt
2991 4763 3078 4827 6³⁵,
3099 4761 3503 4816 diruunt.ldem

1870 4869 2094 4925 quoque
2126 4855 2440 4910 Bernardus
2501 4863 2792 4912 venatores
2842 4863 2898 4911 et
2948 4871 3116 4911 canes
3171 4855 3318 4927 regis
3350 4854 3507 4910 inva-

1524 4983 1745 5041 νΑῆιΑε
1776 4984 2153 5041 LECTIONES.

219 5083 285 5121 ⁸9³
336 5084 628 5160 τειᾱυιῆὲ.
674 5086 735 5160 3,
787 5086 866 5160 ⁸⁰⁰Α
895 5087 1338 5160 veromandinse
1368 5101 1508 5160 corr.
1553 5085 1997 5160 verontaudeuse
2030 5090 2082 5142 1.
2138 5088 2201 5121 ⁶⁰¹
2238 5087 2451 5142 radulfo
2498 5088 2553 5155 2,
2597 5088 2665 5121 ⁵0³
2695 5084 2967 5160 ragenarii
2994 5086 3238 5160 3.603‘ad
3267 5085 3509 5160 odonem

153 5171 328 5229 regem
353 5161 409 5215 2.
442 5162 503 5226 3,
526 5159 595 5192 ⁸0⁵
619 5157 1017 5213 adversabatur
1064 5159 1119 5212 2.
1176 5159 1230 5214 3.
1273 5158 1341 5192 δοδ
1373 5158 1519 5212 deest
1570 5160 1623 5213 3.
1684 5158 1753 5191 ⁸³⁸³
1781 5158 2019 5229 odonem
2052 5162 2250 5228 saepius
2292 5160 2346 5214 2.
2395 5161 2447 5215 3.
2503 5160 2570 5193 ⁶⁰⁷

2627 5157 2804 5230 qui
2849 5157 2916 5230 F03
2975 5158 3224 5230 ιίθεεξΒἈ
3258 5158 3326 5191 609
3383 5172 3518 5230 par-

156 5227 291 5301 tit'tp.
324 5247 464 5286 corr.
512 5231 770 5301 particip.
816 5230 863 5284 1.
920 5230 1013 5301 δίο-
1043 5229 1294 5285 abscissa
1322 5229 1376 5283 2.
1444 5229 1495 5283 3.
1540 5229 1603 5263 δη
1667 5236 1834 5284 noctu
1866 5228 1919 5283 2.
1956 5230 2027 5301 M3,
2087 5227 2158 5264 δη
2217 5230 2465 5285 restituta
2503 5230 2588 5285 3b.
2642 5227 2709 5301 διδ
2762 5227 2961 5283 iisdem
2991 5230 3044 5282 3.
3102 5229 3169 5301 εδδ
3202 5227 3346 5282 ferre
3370 5227 3425 5281 2.
3457 5228 3510 5283 3.

158 5298 220 5373 “f5
246 5298 551 5357 nonnullas
582 5303 631 5356 1.
688 5298 864 5373 t“"let
901 5303 956 5356 2.
991 5299 1043 5357 3.
1108 5302 1173 5336 “7
1220 5317 1286 5357 ex
1343 5315 1482 5356 corr.
1530 5316 1567 5373 7a
1625 5301 1647 5354 1
1698 5302 1764 5334 διδ
1822 5300 2076 5356 cruribus
2101 5301 2155 5355 2.
2191 5302 2260 5336 6‘9
2319 5318 2441 5373 quae
2496 5302 2551 5356 2.
2610 5300 2678 5333 ⁶²⁰
2739 5299 3291 5373 ορηεςωοιιιλῖηθεξ

159 5370 274 5425 dam
302 5375 356 5427 2.
391 5375 461 5407 ⁵³³

166 5442 211 5494 1.
244 5444 311 5477 ⁸³⁸⁵
351 5442 509 5501 ίιιὶιό
560 5444 612 5498 1.
681 5444 748 5478 ⁸³⁷
798 5443 943 5499 deest
980 5445 1036 5501 2.
1093 5445 1161 5479 ⁸³⁸
1212 5453 1269 5499 et
1321 5458 1416 5499 eos
1460 5460 1492 5498 a
1529 5444 1585 5510 2,
1644 5444 1699 5500 3.

3328 5314 3511 5370 quen-

494 5390 552 5444 p.
584 5389 656 5429 m.
689 5373 743 5427 2.
772 5372 830 5444 3.
861 5373 929 5407 ⁸³³
982 5373 1333 5428 incusserunt
1361 5402 1430 5412 —
1460 5372 1801 5428 subruerunt
1823 5402 1893 5412 —
1922 5374 2247 5427 evulserunt
2284 5370 2355 5414 -ἐ
2385 5377 2748 5444 vastaverunt
2773 5370 2831 5427 3.
2854 5371 2942 5444 fi“
2983 5370 3148 5444 gatriti
3177 5372 3517 5444 ἓι-Αεηξλιιθεεε

1768 5444 1835 5478 ⁶²⁹
1864 5452 2140 5499 venerant
2191 5444 2225 5501 3
2266 5444 2334 5479 33°
2390 5451 2592 5500 terram
2637 5444 2692 5499 2.
2724 5442 2777 5499 3.
2848 5441 2913 5478 ⁸³⁸
2982 5442 3021 5500 l.
3052 5459 3097 5499 r.
3128 5443 3182 5499 2.
3233 5442 3285 5497 3.
3321 5441 3387 5476 6³³
3415 5454 3515 5495 ca-

166 5513 305 5571 tctiz.
336 5531 479 5572 corr.
523 5514 750 5572 cateciz.
795 5516 851 5572 1.
884 5516 955 5551 ’³³
971 5525 1202 5574 vocatus
1238 5516 1294 5571 2.
1329 5517 1381 5572 3.
1420 5516 1487 5550 ’3‘
1520 5517 1666 5572 deest
1694 5515 1750 5571 2.
1783 5515 1839 5571 3.
1875 5515 1943 5551 εδδ
1971 5516 2009 5571 i.
2034 5516 2167 5571 acd‘.
2198 5516 2253 5571 2.
2280 5515 2334 5570 3.

1749 5614 1960 5676 ΝΟΤΛΕ.

239 5690 347 5763 (9t)
377 5693 761 5750 Montmartre.

1976 5687 2082 5759 (9|)
2114 5689 2346 5757 Arques.
