3874 6410
356 351 462 408 463

1487 357 1857 415 FLODOARDI
1902 358 2210 416 CANONICI
2253 360 2583 416 REMENSIS

3606 361 3705 417 466

356 493 518 559 dens,
547 508 723 566 equos
750 509 939 549 eorum
965 494 1052 551 vel
1088 510 1324 567 quaeque
1373 495 1481 551 sibi
1541 498 1657 552 visa
1706 506 1854 565 sunt,
1884 514 1985 554 au-
2005 503 2055 571 Α
2081 500 2187 555 dus
2213 502 2281 536 6“
2303 502 2688 566 Nortmannus,
2739 499 2835 571 qui
2868 498 3079 569 Bajocis
3100 505 3348 571 praeerat,
3382 499 3607 557 mandat
3634 502 3704 569 ei,

355 585 506 655 fert;
554 586 951 658 Compendium
1001 588 1186 654 etiam,
1236 588 1437 663 regalis
1483 590 1633 644 sedis
1685 591 1980 661 Oppidum,

356 679 609 752 pervadit
638 697 763 737 cum
817 681 1149 754 quibusdam
1203 681 1350 737 villis
1405 681 1588 736 eidem
1636 682 1753 738 sedi
1791 682 1981 750 subje-

356 779 480 834 ctis.
504 779 616 834 Rex
647 778 992 845 Ludowicus,
1033 779 1267 834 collecto
1295 794 1482 835 secum
1514 779 1980 835 Nortmannorum

354 868 617 935 exercitu,
676 868 1165 924 Veromandinsem
1231 868 1300 902 ⁸³⁸
1354 884 1557 942 pagum
1608 868 1979 939 depraedatur,

354 969 750 1033 assumptoque
807 977 932 1017 cum
980 960 1115 1032 ipsis
1168 961 1234 996 ⁸³⁷
1280 961 1503 1017 Erluino
1557 978 1684 1017 cum
1734 969 1889 1033 parte
1910 964 1978 999 ⁸³⁸

353 1051 590 1107 militum
629 1050 858 1115 Arnulﬁ,
903 1051 1001 1106 sed
1055 1059 1110 1107 et
1164 1052 1389 1107 Artoldo
1420 1052 1685 1124 episcopo
1715 1070 1839 1109 cum
1869 1053 1976 1119 his,

352 1145 560 1202 dudum
593 1146 660 1181 ⁸³9
680 1146 773 1217 qui
813 1147 999 1201 Remis
1028 1147 1192 1215 ejecti
1240 1146 1477 1212 fuerant;
1515 1148 1813 1204 comitibus
1840 1165 1981 1221 quo-

336 1222 461 1315 ‘que
500 1239 777 1295 Bernardo
807 1255 871 1295 ac
898 1240 1240 1296 Theoderico
1265 1240 1335 1275 ⁶⁴⁰
1364 1247 1566 1311 nepote
1617 1241 1814 1312 ipsius,
1858 1241 1973 1297 Re-

350 1347 564 1388 morum
590 1329 815 1385 obsidet
842 1328 1059 1387 urbem.
1084 1330 1378 1387 Vastantur
1421 1331 1854 1403 circumquaque
1885 1347 1976 1387 se-

349 1427 526 1496 getes,
584 1418 840 1490 villaeque
882 1418 1225 1490 diripiuntur
1281 1426 1337 1475 et
1394 1421 1591 1491 partim
1647 1427 1975 1488 exuruntur,

349 1526 568 1567 necnon
612 1510 879 1566 aecclesiae
955 1510 1143 1581 plures
1200 1509 1586 1585 eﬂ‘ringuntur.
1644 1512 1872 1576 Quoties
1908 1512 1975 1547 6“

349 1611 652 1678 pugnatum
686 1603 755 1658 ad
786 1610 972 1675 portas
1013 1604 1099 1659 vel
1149 1604 1292 1660 circa
1342 1622 1581 1671 murum,
1613 1605 1881 1660 vulnerati
1910 1621 1978 1660 ex

347 1702 581 1765 utraque
609 1702 764 1764 parte
791 1708 903 1748 non
955 1692 1137 1763 pauci,
1190 1692 1415 1763 quidam
1457 1694 1619 1748 etiam
1656 1694 1974 1765 interempti

348 1791 496 1838 sunt.
530 1784 683 1855 Hugo
709 1782 950 1854 denique
980 1782 1090 1837 dux
1133 1783 1420 1853 proeliatus
1442 1799 1566 1839 cum
1598 1783 1976 1850 Nortmannis,

350 1876 444 1946 qui
503 1874 646 1930 fines
698 1890 828 1931 suos
876 1875 1111 1948 ingressi
1160 1874 1398 1941 fuerant,
1457 1892 1554 1931 eos
1592 1892 1701 1931 non
1763 1876 1982 1930 modica

350 1970 499 2026 caede
531 1971 600 2004 ⁶⁴²
626 1968 787 2037 fudit,
834 1976 890 2024 et
918 1985 949 2024 a
1005 1968 1258 2024 terminis
1307 1969 1423 2024 suis
1468 1970 1672 2038 ejecit;
1708 1970 1981 2041 posthaec

348 2061 537 2117 Remis
577 2061 645 2116 ad
704 2076 894 2135 regem
948 2060 1134 2127 mittit,
1187 2060 1327 2115 dans
1382 2060 1631 2127 obsides,
1686 2070 1746 2115 ut
1797 2061 1981 2136 Rage-

350 2153 551 2209 noldus
592 2169 659 2208 ex
702 2159 857 2223 parte
909 2152 1055 2227 regis
1101 2152 1168 2207 ad
1225 2152 1561 2223 colloquium
1618 2150 1725 2206 sibi
1785 2168 1980 2208 occur-

349 2251 453 2298 rat.
507 2242 622 2307 Quo
664 2242 927 2307 abeunte,
962 2248 1158 2296 tractat
1209 2257 1332 2297 cum
1366 2257 1457 2310 eo,
1504 2241 1586 2296 uti
1629 2257 1722 2295 rex
1752 2239 1980 2296 obsides

350 2337 419 2390 ab
477 2336 708 2409 Hugone
769 2334 1031 2405 episcOpo
1097 2333 1354 2405 accipiat,
1431 2341 1486 2389 et
1551 2333 1620 2389 ab
1688 2334 1982 2389 obsidione

350 2424 610 2480 Remensi
642 2424 932 2488 discedat;
973 2430 1246 2495 quatenus
1273 2423 1342 2458 “3
1388 2422 1533 2477 idem
1570 2423 1769 2493 praesul
1803 2423 1983 2478 deno-

354 2517 562 2571 minato
591 2516 795 2587 placito
832 2516 898 2569 ad
928 2514 1268 2568 reddendam
1301 2513 1571 2569 rationem
1596 2512 1665 2567 de
1697 2513 1977 2578 omnibus,

353 2621 477 2677 quae
504 2621 598 2660 rex
627 2604 696 2659 ab
729 2619 796 2669 eo
845 2603 1142 2674 quaesierat
1188 2602 1279 2668 3“,
1338 2601 1582 2657 accedat.
1630 2601 1841 2665 Quibus
1875 2602 1983 2656 hoc

353 2694 459 2749 sibi
510 2704 701 2749 tenore
753 2692 918 2759 datis,
979 2707 1074 2746 rex
1130 2690 1201 2745 ab
1260 2689 1560 2745 obsidione
1614 2690 1824 2744 recedit
1853 2696 1981 2760 post

355 2788 600 2859 quintam
632 2784 1059 2855 decimam,quo
1093 2782 1288 2838 civitas
1323 2781 1553 2838 obsessa
1578 2780 1777 2848 fuerat,
1806 2781 1976 2836 diem.

355 2878 527 2953 Igitur
546 2877 691 2932 circa
717 2876 941 2931 missam
986 2874 1162 2929 sancti
1209 2872 1481 2928 Johannis
1532 2873 1685 2946 llugo
1712 2873 1822 2927 dux
1863 2872 1982 2943 pla-

353 2970 523 3025 citum
553 2984 674 3023 cum
728 2982 856 3041 rege
910 2982 1010 3037 per
1059 2974 1374 3037 sequestres
1416 2966 1484 3000 ³⁵⁵
1512 2964 1725 3028 habuit,
1795 2964 1849 3018 in
1868 2980 1980 3035 quo

353 3058 749 3116 nihilcerti.6M5
793 3058 861 3111 de
920 3072 1055 3127 pace
1108 3055 1253 3110 inter
1284 3055 1434 3125 ipsos
1464 3053 1852 3124 componenda
1883 3070 1984 3127 ge-

353 3159 520 3218 stum,
542 3149 648 3204 nisi
678 3155 889 3203 tantum
954 3146 1101 3218 quod
1133 3146 1199 3181 ⁸⁵⁷
1230 3145 1483 3201 inducias
1518 3145 1587 3200 ad
1614 3144 1849 3198 invicem
1873 3142 1977 3197 sibi

2085 592 2232 663 quod
2274 593 2342 647 ad
2370 608 2497 647 eum
2527 599 2791 646 venturus
2837 597 2988 645 esset
3035 590 3291 646 condicto
3344 598 3591 662 tempore
3623 592 3707 648 vel

2083 686 2226 755 loco,
2258 687 2303 741 si
2322 702 2415 741 rex
2448 686 2516 740 ad
2542 686 2695 741 illum
2742 687 2920 741 locum
2953 687 3263 742 accederet.
3304 686 3574 745 Veniente
3606 689 3706 743 de-

2083 778 2254 850 nique
2280 793 2409 851 rege
2435 794 2558 834 cum
2590 779 2779 849 paucis
2818 778 2886 833 ad
2917 779 3101 835 locum
3140 780 3578 847 denominatum,
3610 781 3706 835 lia-

2082 872 2308 946 groldus
2354 887 2476 927 cum
2534 871 2889 926 multitudine
2948 872 3413 928 Nortmannorum
3464 881 3707 930 armatus

2080 961 2305 1017 advenit
2340 961 2431 1027 ⁸⁸⁸,
2463 960 2847 1032 invadensque
2886 963 3070 1018 socios
3108 964 3279 1035 regis,
3310 979 3452 1035 pene
3478 972 3705 1020 cunctos

2081 1052 2361 1110 interemit
2388 1053 2477 1107 ⁸³⁸.
2509 1052 2619 1108 Rex
2653 1053 2805 1108 solus
2849 1054 3037 1128 iugam
3077 1054 3223 1122 iniit,
3245 1063 3619 1129 prosequente
3645 1073 3704 1112 se

2082 1146 2324 1219 quodam
2354 1144 2690 1200 Nortmanno
2721 1145 2788 1180 ⁸³⁷
2821 1145 2928 1201 sibi
2958 1144 3125 1202 ﬁdeli.
3146 1146 3275 1202 Cum
3301 1147 3494 1219 quom
3524 1148 3707 1204 Rodo-

2076 1250 2227 1291 mum
2246 1232 2502 1300 veniens,
2535 1235 2971 1305 comprehensus
3001 1245 3084 1290 est
3141 1237 3211 1270 ⁵⁵³
3260 1237 3328 1291 ab
3378 1236 3499 1292 aliis
3545 1238 3705 1293 Nort-

2078 1324 2298 1381 mannis
2326 1338 2465 1396 quos
2480 1324 2585 1379 sibi
2616 1322 2814 1379 ﬁdeles
2843 1340 2963 1380 esse
2983 1324 3227 1397 putabat,
3259 1332 3315 1380 et
3343 1324 3445 1380 sub
3462 1326 3708 1382 custodia

2078 1416 2356 1482 detentus,
2388 1415 2540 1488 Hugo
2571 1429 2815 1485 quoque,
2845 1431 2939 1468 rex
2971 1414 3166 1483 Italiae,
3192 1430 3362 1490 regno
3393 1415 3659 1487 depulsus
3680 1433 3709 1471 a

2079 1504 2214 1570 suis,
2240 1504 2457 1559 etfilius
2477 1503 2649 1575 ipsius
2670 1504 2726 1558 in
2771 1519 3003 1579 regnum
3034 1511 3290 1576 receptus
3314 1505 3383 1541 ⁸⁸⁸
3413 1515 3516 1561 est.
3554 1506 3706 1579 Hugo

2080 1595 2644 1665 praesulAltmontem
2705 1604 2939 1650 castrum
3003 1596 3290 1661 obsidens,
3346 1606 3469 1669 post
3494 1605 3706 1669 septem

2082 1684 2252 1739 ferme
2300 1684 2369 1718 “5
2420 1683 2734 1739 obsidionis
2796 1683 3137 1740 ebdomadas
3188 1686 3404 1755 recipit,
3443 1687 3708 1742 reddente

2080 1775 2215 1829 illud
2250 1776 2474 1831 Dodone
2518 1776 2588 1810 ⁶⁶²
2633 1775 2723 1846 [Η.
2783 1778 2849 1832 R.
2888 1793 2961 1843 tv,
3013 1776 3103 1843 3i,
3158 1777 3215 1831 Ι).
3267 1778 3457 1833 domni
3503 1778 3709 1834 Artoldi

2010 1847 2292 1936 Bfratre],
2323 1865 2417 1919 tali
2476 1864 2581 1920 sub
2639 1873 2853 1933 tenore,
2905 1874 2965 1922 ut
3025 1865 3197 1921 filium
3245 1867 3421 1938 ipsius
3449 1875 3503 1922 et
3535 1867 3707 1923 tilium

2084 1957 2266 2012 fratris
2307 1957 2390 2011 sui
2438 1958 2750 2029 suscipiens
2790 1958 2935 2013 idem
2978 1959 3428 2030 archiepiscopus
3457 1960 3546 2028 ⁸⁸³,
3576 1975 3713 2015 con—

2083 2051 2308 2104 cederet
2333 2050 2414 2104 eis
2438 2057 2638 2105 terram
2672 2057 2891 2122 patrum
2924 2068 3169 2107 suorum.
3207 2052 3434 2126 llugone
3471 2053 3612 2109 duce
3644 2053 3713 2109 de

2082 2139 2232 2212 regis
2264 2140 2551 2209 ereptione
2595 2140 2898 2208 laborante,
2975 2142 3299 2197 Nortmanni
3347 2140 3493 2197 filios
3542 2143 3715 2214 ipsius

2085 2231 2230 2304 regis
2274 2231 2391 2285 dari
2423 2232 2527 2285 sibi
2564 2232 2788 2287 obsides
2849 2240 3123 2305 quierunt,
3185 2249 3286 2289 nec
3332 2234 3494 2289 aliter
3524 2251 3711 2309 regem

2083 2336 2141 2374 se
2181 2320 2509 2376 dimissuros
2566 2331 2857 2377 asserunt.
2894 2323 3123 2377 Mittitur
3178 2322 3345 2399 igitur
3387 2324 3456 2359 5“
3476 2324 3543 2379 ad
3573 2324 3715 2399 regi-

2084 2429 2209 2466 nam
2239 2428 2337 2482 pro
2370 2413 2556 2483 pueris
2582 2402 2715 2478 {illa
2743 2414 3012 2470 minorem
3054 2415 3296 2481 mittens,
3343 2416 3608 2484 majorem
3635 2415 3716 2470 fa-

2085 2508 2228 2555 tetur
2249 2517 2310 2556 se
2343 2518 2452 2557 non
2475 2519 2601 2557 esse
2641 2503 2951 2558 missuram.
2999 2504 3168 2559 Datur
3189 2504 3358 2578 igitur
3389 2505 3588 2573 minor,
3663 2513 3719 2559 et

2087 2600 2146 2646 ut
2175 2608 2268 2647 rex
2327 2594 2653 2660 dimittatur,
2706 2595 2865 2651 Wido
2908 2596 2978 2630 ⁶⁶³
3028 2595 3354 2651 Suessorum
3406 2597 3713 2668 episcOpus

2082 2700 2205 2737 sese
2228 2684 2480 2738 obsidem
2513 2686 2695 2740 tradit.
2727 2686 2995 2741 Dimissus
3026 2687 3213 2758 itaque
3243 2703 3337 2744 rex
3366 2703 3399 2742 a
3420 2686 3722 2743 Nortman-

2084 2774 2191 2841 nis,
2216 2774 2519 2845 suscipitur
2546 2776 2615 2829 ab
2646 2776 2876 2851 Hugone
2905 2778 3188 2849 principe;
3229 2779 3441 2852 quique
3462 2780 3722 2835 commit-

2083 2873 2207 2920 tens
2224 2882 2349 2920 eum
2367 2865 2633 2922 Tctbaldo
2660 2868 3074 2933 5“-°‘7,cuidam
3090 2870 3721 2940 suorum,proficiscitur

2082 2956 2281 3012 Othoni
2316 2957 2430 3031 regi
2463 2957 2701 3012 obviam.
2756 2958 2854 3023 Qui
2901 2977 2993 3015 rex
3036 2959 3231 3015 nolens
3278 2959 3433 3033 loqui
3467 2979 3595 3018 cum
3632 2979 3718 3030 eo,

2083 3049 2251 3104 mittit
2306 3048 2373 3102 ad
2427 3065 2551 3103 eum
2634 3048 2940 3105 Conradum
2993 3052 3187 3107 ducem
3249 3052 3719 3124 Lothariensium,

2083 3136 2215 3191 Cum
2249 3154 2359 3209 quo
2398 3137 2616 3193 locutus
2669 3139 2822 3213 Hugo
2854 3138 3105 3195 infensus
3144 3140 3344 3197 Othoni
3383 3143 3500 3217 regi
3534 3158 3724 3198 rever—

353 3240 630 3295 dederunt
660 3238 727 3273 5“
758 3251 931 3309 usque
960 3235 1031 3290 ad
1063 3235 1308 3290 medium
1360 3251 1608 3290 mensem
1650 3236 1976 3307 Augustum.
2012 3221 2061 3289 C
2086 3226 2235 3282 titur.
2272 3226 2531 3282 Richario
2558 3226 2961 3303 Tungrensium
2993 3229 3229 3299 prazsule
3257 3230 3540 3298 defuncto,
3569 3229 3721 3287 idem

427 3329 519 3384 His
573 3328 647 3383 ita
695 3324 891 3401 gestis,
952 3340 1047 3379 rex
1111 3324 1462 3388 Ludowicus,
1521 3330 1807 3395 assumpto
1876 3323 1980 3378 Er-

356 3424 508 3480 luino
548 3430 602 3477 ct
641 3416 970 3493 quibusdam
1025 3416 1348 3472 domesticis
1377 3416 1494 3472 suis
1550 3432 1762 3481 secum,
1793 3416 1981 3471 Rodo-

354 3528 504 3567 mnm
535 3508 688 3581 petit.
747 3508 991 3561 Domnus
1032 3505 1281 3560 Theotilo
1346 3506 1413 3539 6"”
1446 3505 1795 3560 venerandus
1827 3504 1985 3559 urbis

352 3606 637 3663 Turonica:
672 3601 870 3675 praesul
932 3599 1092 3664 obiit,
1151 3600 1246 3672 qui
1307 3601 1439 3656 dum
1504 3600 1574 3655 de
1644 3616 1781 3671 pace
1839 3599 1988 3653 inter

356 3716 546 3774 regem
599 3705 655 3753 et
703 3695 985 3768 principes
1015 3694 1402 3764 componenda
1452 3699 1715 3759 certaret,
1786 3692 1989 3761 hisque

353 3792 553 3848 studiis
617 3798 918 3862 occupatus
966 3806 999 3845 a
1061 3787 1326 3844 Lauduno
1386 3785 1609 3851 rediret,
1654 3784 1987 3858 zegritudine

354 3881 601 3953 corporis
620 3882 676 3935 in
707 3882 826 3951 ipso
859 3878 1186 3950 deprimitur
1214 3876 1431 3931 itinere.
1459 3872 1704 3944 Cumque
1725 3872 1979 3927 ultimum

350 3978 463 4046 jam
491 3976 861 4031 exhalaret650
913 3974 1197 4045 spiritum,
1246 3969 1506 4043 apparuit
1552 3968 1771 4040 signum
1803 3968 1983 4039 quod-

355 4067 481 4121 dam
515 4066 739 4121 luminis
771 4080 870 4136 per
898 4079 1007 4119 aera
1060 4062 1402 4125 discurrens,
1463 4058 1707 4113 cubitum
1742 4057 1983 4130 longitu-

356 4155 504 4215 dinis
534 4156 737 4210 habere
777 4153 952 4207 visum
986 4150 1190 4219 ;cujus
1234 4148 1439 4204 lumine
1497 4146 1566 4200 ad
1618 4146 1980 4216 depellendas

359 4244 539 4300 noctis
579 4242 837 4297 tenebras
881 4237 1226 4295 sufficienter
1283 4236 1557 4308 perfuncti
1606 4244 1734 4289 sunt
1764 4235 1852 4299 55‘,
1886 4235 1980 4307 qui

358 4336 527 4392 funus
555 4337 676 4404 ejus
705 4331 1057 4389 deducebant
1084 4349 1099 4396 ;
1134 4330 1340 4401 talique
1376 4327 1531 4399 potiti
1590 4327 1859 4381 solamine
1888 4343 1987 4397 per

360 4428 513 4484 milia
543 4428 680 4496 fere,
734 4444 836 4483 ceu
886 4428 1076 4493 fertur,
1133 4427 1392 4479 ducenta.
1451 4420 1777 4476 Turonicam
1810 4436 1983 4492 usque

359 4536 561 4591 corpus
590 4520 710 4588 ejus
747 4516 1258 4590 perferunturbem.
1289 4512 1625 4582 Quodqueiu
1645 4510 1983 4565 monasterio

2083 3323 2426 3394 episcopium
2480 3340 2575 3379 rex
2644 3324 2782 3381 Otho
2841 3326 3079 3399 Hugoni,
3161 3328 3349 3383 abbati
3396 3328 3724 3383 monasterii

2084 3416 2259 3472 sancti
2310 3415 2611 3484 Maximini,
2682 3419 2891 3475 nolenti
2978 3427 3143 3493 atque
3188 3419 3487 3496 refugienti
3538 3420 3720 3484 dedit,

2085 3522 2326 3579 eumque
2347 3508 2590 3565 ordinari
2616 3509 2750 3566 fecit
2767 3510 3127 3584 episcopum;
3161 3521 3215 3569 et
3232 3514 3311 3567 ita
3333 3518 3543 3568 remeat
3565 3518 3722 3568 trans

2097 3595 2372 3653 Rhenum.

2164 3690 2226 3745 ln
2255 3706 2397 3765 pago
2430 3690 2808 3758 Parisiacensi,
2862 3709 3081 3749 necnon
3132 3694 3300 3750 etiam
3341 3712 3441 3768 per
3464 3695 3721 3753 diversos

2090 3779 2159 3815 δθθ
2184 3780 2618 3851 circumquaque
2668 3797 2860 3855 pagos,
2905 3783 3193 3840 hominum
3221 3786 3443 3843 diversa
3473 3789 3723 3844 membra

2088 3867 2231 3942 ignis
2249 3870 2407 3943 plaga
2437 3869 2814 3941 pervaduntur
2840 3890 2854 3938 ;
2889 3889 3122 3946 quaeque
3149 3875 3383 3946 ]sensim
3408 3875 3494 3948 “9]
3527 3884 3724 3932 exusta

2082 3963 2569 4031 consumebantur,
2611 3965 2791 4022 donec
2828 3982 2977 4022 mors
3021 3968 3246 4023 tandem
3297 3966 3722 4041 ﬁniretsuppli-

2082 4056 2184 4110 cia.
2212 4056 2451 4122 Quorum
2479 4058 2728 4130 quidam,
2748 4059 3017 4114 nonnulla
3041 4067 3359 4116 sanctorum
3377 4060 3500 4115 loca
3524 4068 3721 4132 peten-

2086 4155 2189 4215 tes,
2224 4165 2449 4205 evasere
2506 4158 2780 4207 tormenta
2828 4169 2842 4216 ;
2897 4152 3083 4223 plures
3144 4161 3331 4209 tamen
3386 4151 3719 4209 Parisiusin

2084 4241 2336 4296 aacclcsia
2373 4248 2576 4297 sanctae
2620 4242 2715 4297 Dei
2763 4243 3047 4317 genitricis
3104 4243 3285 4299 Mariae
3334 4243 3511 4299 sanati
3567 4251 3718 4310 sunt,

2086 4332 2224 4387 adeo
2255 4341 2603 4405 utquotquot
2632 4335 2729 4391 illo
2753 4336 3046 4406 pervenire
3074 4335 3374 4407 potuerint,
3398 4348 3719 4393 asserautnr

2084 4422 2153 4478 ab
2182 4425 2284 4479 hac
2316 4433 2468 4495 peste
2501 4426 2692 4480 salvati
2722 4444 2735 4492 ;
2770 4443 2912 4498 quos
2936 4427 3089 4502 Hugo
3118 4444 3340 4500 quoque
3371 4429 3481 4484 dux
3500 4429 3718 4500 stipen-

2085 4516 2191 4571 diis
2222 4516 2356 4571 aluit
2391 4516 2707 4573 cotidianis.
2740 4518 2941 4572 llorum
2976 4519 3105 4574 dum
3139 4520 3363 4591 quidam
3410 4520 3618 4577 vellent
3648 4521 3719 4576 ad

358 4612 535 4667 sancti
565 4611 786 4674 Juliani.
821 4611 970 4682 quod
1001 4610 1146 4664 idem
1193 4606 1276 4661 vir
1322 4611 1545 4659 sanctus
1570 4619 1784 4658 summa
1822 4602 1974 4656 insti-
2009 4604 2304 4680 DprOpria
2329 4609 2789 4675 redire,extincto
2821 4610 3718 4689 refervescuntincendio,regres-

360 4712 542 4761 tuerat
565 4704 858 4779 religione,
884 4703 1041 4771 juxta
1064 4700 1378 4772 sepulcrum
1430 4696 1620 4751 domni
1660 4693 1867 4750 Odonis
1900 4710 1988 4748 re-

358 4807 619 4854 verenter
647 4798 925 4861 humatur,
958 4801 1013 4849 et
1044 4792 1245 4848 exinde
1273 4791 1455 4862 ipsum
1480 4789 1747 4860 templum
1781 4787 1989 4841 divinis

363 4887 625 4944 illustrari
658 4888 726 4921 ⁶⁵²
758 4884 1038 4939 miraculis
1068 4882 1396 4937 declaratur.

435 4983 571 5037 Dum
602 4997 696 5036 rex
716 4978 1044 5036 Ludowicns
1071 4977 1145 5012 “3
1170 4982 1478 5032 moraretur
1494 4971 1752 5040 Rodomi,
1769 4971 1991 5046 Hagrol-

2090 4702 2247 4773 sique
2280 4702 2346 4755 ad
2378 4701 2680 4756 tecclesiam
2706 4701 3016 4758 liberantur
3037 4704 3123 4759 δτο.
3152 4706 3307 4762 Anno

2734 4790 3088 4847 DCCCCXLVI

2090 4876 2313 4949 quidam
2342 4884 2523 4933 motus
2555 4878 2697 4933 inter
2735 4879 2878 4935 filios
2939 4881 3209 4939 Heriberti
3240 4885 3458 4942 comitis
3498 4886 3563 4921 ⁶⁷¹
3597 4886 3717 4963 agi-

2094 4974 2280 5024 tantur
2320 4983 2416 5039 pro
2445 4968 2814 5023 hereditatum
2883 4969 3274 5030 distributione
3331 4990 3579 5030 suarum.
3612 4975 3718 5041 Qui

1719 5101 1941 5156 VARUE
1968 5098 2347 5156 LECTIONES.
3310 5174 3315 5183 ἢ

438 5211 508 5248 ⁸³³
536 5212 1033 5267 veromandensem
1092 5209 1143 5263 1.
1195 5206 1263 5242 ⁸³⁷
1304 5207 1411 5262 illis
1460 5206 1517 5262 2.
1566 5206 1618 5261 3.
1664 5205 1731 5240 ⁶³⁸
1765 5212 1918 5276 patre
1973 5206 1985 5259 ε

469 5281 679 5308 ..1...ιηο
735 5284 804 5308 nm
853 5290 1121 5308 mnam“...
1177 5281 1212 5308 ο
1293 5280 1324 5308 9
1392 5277 1461 5308 stt
1499 5277 1775 5308 ,ειηηηι-ςωιεο
1824 5278 1858 5308 ο
1948 5279 1985 5308 u

1973 5205 2027 5260 2.
2063 5203 2131 5237 ‘39
2179 5200 2298 5308 q,d.
2356 5201 2414 5257 2.
2457 5202 2511 5269 3,
2548 5204 2616 5259 Η.
2648 5207 2715 5262 R.
2748 5204 2817 5240 διο
2861 5205 3147 5261 teoderico
3174 5206 3228 5261 2.
3259 5207 3325 5242 5“
3357 5208 3623 5273 Quotiens
3652 5211 3711 5267 2.

1948 5278 1997 5308 [Γ
2059 5276 2094 5308 ι)
2170 5276 2237 5308 23
2277 5283 2595 5308 ραηιιοοίιιηο
2647 5277 2681 5308 ω
2754 5277 2824 5308 656
2882 5286 3030 5308 ηιηοη
3083 5279 3098 5308 1
3184 5286 3393 5308 mnu"...
3448 5281 3482 5308 ο
3555 5282 3587 5308 o
3637 5283 3704 5308 τίς-1

368 5281 438 5316 δι’
467 5281 620 5336 clade
647 5284 700 5337 3.
735 5284 804 5317 διδ

850 5281 1233 5354 quatenus_2.
1291 5280 1346 5354 3_
1392 5277 1466 5354 ⁶⁵ξ
1499 5277 1781 5354 quaesierit
1824 5278 1877 5336 2.
1940 5278 2010 5354 ῌ.
2042 5276 2190 5354 31.“?

2277 5283 2598 5345 sequestros
2647 5277 2699 5331 2.
2754 5277 2824 5311 ⁸⁵⁸
2881 5286 3031 5332 certe
3083 5279 3129 5333 1.
3182 5286 3397 5333 certum
3448 5281 3503 5333 2.
3554 5282 3607 5337 3.
3637 5283 3704 5315 6-.7

367 5352 513 5406 deest
560 5354 615 5406 2.
674 5353 743 5387 ⁸⁸⁸
782 5347 925 5407 deest
978 5353 1032 5406 2.
1090 5352 1159 5387 δι’
1202 5351 1387 5406 testilo
1438 5350 1491 5404 2.
1518 5347 1604 5384 ’⁸⁵0
1654 5348 1898 5403 exalaret
1934 5348 1985 5403 2.

1941 5348 1988 5403 2.
2040 5347 2093 5403 3.
2141 5347 2205 5380 ⁶⁵¹
2267 5361 2537 5415 superscr.
2574 5350 2624 5403 1.
2682 5348 2845 5403 deest.
2902 5347 2936 5403 2
2988 5350 3056 5384 5“
3105 5349 3402 5405 inlustrare
3431 5351 3484 5406 2.
3514 5352 3583 5387 ⁵⁵³
3617 5352 3705 5407 lo-

370 5421 645 5476 dbunicus
685 5422 737 5477 3.
768 5424 835 5456 θδδ
883 5424 967 5477 bai
1013 5423 1199 5477 roldus
1235 5424 1287 5477 2.
1339 5424 1391 5477 3.
1444 5426 1493 5475 et
1524 5423 1677 5487 infra
1726 5421 1793 5453 6⁵⁵
1845 5420 1985 5475 venit

371 5494 722 5546 (normannol
760 5493 813 5544 3.
883 5508 934 5546 ο.
1046 5493 1099 5546 3.
1133 5495 1453 5546 3“cumque
1481 5493 1532 5545 2.
1560 5493 1627 5526 55"
1658 5493 1801 5546 deest
1840 5492 1891 5545 3.
1925 5492 1985 5524 θῦε

1941 5420 2019 5487 ιίι,
2068 5434 2212 5473 carr.
2244 5417 2471 5472 advenit
2515 5418 2569 5485 1,
2596 5418 2896 5475 advenetat
2932 5420 2986 5474 2.
3048 5422 3116 5455 ⁸⁵⁵
3148 5421 3416 5477 interimit
3445 5424 3496 5477 3.
3529 5424 3597 5457 6⁵⁷
3629 5426 3695 5486 Ν,

1941 5492 1993 5524 “3°
2025 5498 2315 5546 susceptus
2341 5490 2394 5542 2.
2420 5489 2471 5544 3.
2504 5491 2591 5545 cui
2623 5492 2887 5546 successit
2920 5491 3207 5546 Lotharius
3236 5492 3381 5546 ﬁlius
3395 5495 3515 5546 eius
3543 5497 3695 5546 Iluao

371 5494 722 5563 (normanno)
760 5493 813 5544 3.
883 5508 934 5563 q.

1046 5493 1099 5548 3.
1133 5495 1453 5564 3“cumque
1481 5493 1532 5545 2.
1560 5493 1627 5526 65"
1658 5493 1801 5564 dces;
1840 5492 1993 5564 3.260
2025 5498 2315 5564 susceptus
2341 5490 2394 5564 2A.
2420 5489 2594 5564 3.Acui
2612 5492 2887 5564 successit
2909 5491 3207 5564 iLotharius
3236 5492 3381 5547 ﬁlius
3395 5495 3515 5561 ejus
3543 5497 3697 5561 [Iugo

376 5561 440 5633 γ.
473 5562 538 5633 ’ἐι
570 5559 756 5616 formae
797 5559 934 5633 cori.
995 5564 1179 5617 fermze
1231 5566 1286 5617 2.
1349 5559 1418 5599 θ’θ’
1449 5564 1634 5619 odone
1682 5564 1733 5616 2.
1769 5562 1822 5615 3.
1887 5562 1957 5595 563
2012 5559 2310 5633 episcopus
2364 5560 2416 5633 2.
2468 5559 2529 5633 3.
2578 5562 2645 5633 ξεί
2701 5564 2840 5616 deest
2896 5563 2950 5615 2.
2984 5563 3052 5597 εδδ
3076 5563 3242 5619 vindo
3275 5564 3308 5619 3
3358 5559 3527 5605 5’5-667
3570 5559 3699 5621 Tel-

368 5630 551 5686 baudo
574 5632 987 5702 Carnotensium
1016 5635 1202 5688 comiti
1232 5637 1383 5702 Hugo
1418 5636 1483 5690 V.
1537 5635 1604 5669 εδδ
1635 5633 1882 5687 diversas
1914 5630 2064 5688 corr:
2115 5630 2365 5688 diversos
2400 5631 2445 5687 l.
2479 5631 2685 5689 divisos
2710 5634 2764 5688 2.
2806 5634 2859 5688 3.
2894 5634 2962 5668 ⁶⁸⁹
2993 5634 3155 5690 deest.
3188 5636 3242 5691 1.
3276 5635 3345 5669 ⁶⁷⁰
3380 5636 3691 5695 liberentur

368 5714 507 5755 corr.
540 5702 844 5755 liberantur
868 5701 921 5753 2.
957 5701 1021 5737 ⁶⁷¹
1056 5704 1219 5759 deest.
1262 5701 1331 5759 2(
1354 5704 1409 5759 3.
