3874 6400
176 422 269 478 465

1670 426 1991 483 ANNALES.

3394 438 3500 495 466

176 568 362 625 tamen,
391 557 623 634 Hugone
673 559 925 631 principe
953 560 1223 617 avunculo
1274 562 1343 597 ⁶⁷²
1380 562 1625 633 ipsorum
1654 578 1778 617 me-
1806 568 1857 637 Α
1887 562 1965 616 sis
1995 563 2062 597 δε*
2092 563 2428 635 accipientes
2457 566 2525 600 ⁸⁸⁵
2546 572 2773 639 utraque
2799 583 2964 623 manu
2987 569 3166 624 eidem
3194 571 3313 626 sedi
3343 573 3504 629 resti-

177 648 365 715 diante,
416 654 704 719 pacantur,
735 648 928 703 divisis
972 648 1102 718 sibi,
1135 657 1295 720 prout
1334 652 1415 706 eis
1458 658 1780 722 competens

175 739 333 793 visum
363 744 465 806 est,
498 740 684 809 rebus.
734 741 889 815 Hugo
916 758 1009 795 rex
1044 742 1210 797 Italiae
1241 759 1271 797 a
1302 744 1414 799 suis
1459 744 1513 798 in
1547 760 1776 818 regnum

176 828 433 899 recipitur.
462 828 784 884 Edmundus
820 830 1116 904 Anglorum
1150 848 1245 886 rex
1271 832 1483 907 legatos
1511 835 1578 888 ad
1605 834 1780 907 Hugo-

176 933 286 971 nem
315 918 618 989 principem
650 935 747 990 pro
775 920 1119 975 restitutione
1148 920 1429 977 Ludowici
1467 922 1613 996 regis
1642 923 1778 976 diri-

174 1011 277 1086 git;
307 1017 356 1065 et
390 1011 536 1066 idem
587 1012 849 1083 princeps
895 1013 1127 1084 proinde
1167 1021 1472 1070 conventus
1528 1017 1779 1086 publicos

174 1117 282 1158 cum
328 1103 622 1174 nepotibus
652 1105 767 1160 suis
797 1105 1030 1177 aliisque
1062 1107 1216 1177 regni
1276 1107 1605 1177 primatibus
1648 1110 1778 1183 agit.

172 1195 390 1251 Marinus
444 1213 589 1269 papa
646 1198 907 1264 decessit,
963 1200 1051 1254 cui
1107 1201 1350 1257 suceesit
1408 1204 1699 1275 Agapitus;
1732 1219 1783 1274 ei

170 1304 261 1358 pax
296 1289 432 1343 inter
466 1289 778 1347 Albericum
824 1291 1110 1362 patricium
1162 1299 1216 1347 et
1258 1293 1542 1365 Hugonem
1591 1310 1776 1369 regem

170 1379 357 1451 [italiae]
411 1381 798 1452 depaciscitur.
860 1383 1014 1458 Hugo
1061 1385 1168 1439 dux
1222 1385 1777 1451 Francorum,ascito

168 1487 337 1528 secum
388 1473 620 1549 Hugone
674 1475 883 1550 [Nigro]
953 1474 1065 1534 filio
1124 1477 1402 1543 Richardi,
1463 1479 1775 1550 ceterisque

167 1562 306 1636 regni
361 1563 716 1632 primatibus,
750 1564 1102 1621 Ludowicum
1159 1582 1368 1641 regem.
1403 1567 1499 1637 qui
1539 1567 1650 1621 fere
1679 1585 1777 1638 per

163 1668 350 1708 annum
377 1653 482 1709 sub
507 1655 762 1710 custodia
787 1655 1138 1712 detinebatur
1156 1658 1301 1728 apud
1326 1658 1647 1713 Tetbaldum
1678 1675 1776 1715 co-

162 1745 356 1813 mitem,
378 1747 433 1801 in
458 1764 691 1822 regnum
720 1748 955 1804 restituit
978 1767 993 1816 ;
1036 1757 1260 1821 recepto
1282 1750 1549 1806 Lauduno
1570 1758 1769 1815 castro,

161 1836 295 1907 quod
325 1836 515 1909 regina
571 1836 847 1911 Gerberga
877 1839 1121 1905 tenebat,
1180 1846 1233 1893 et
1290 1840 1470 1894 eidem
1510 1840 1771 1895 Tetbaldo

160 1929 463 1985 commisso.
521 1929 620 1994 Qui
654 1931 762 1984 dux
796 1930 949 2009 Hugo
1008 1946 1281 1986 renovans
1310 1933 1425 2005 regi
1474 1931 1766 1989 Ludowico
1792 1891 1845 1961 B

157 2026 350 2097 regium
380 2028 651 2082 honorem
683 2027 770 2082 vel
799 2042 1024 2093 nomen,
1063 2027 1113 2081 ei
1145 2026 1215 2060 ⁶⁷³
1252 2043 1379 2081 sese
1411 2042 1537 2082 cum
1567 2029 1767 2082 ceteris

154 2117 295 2191 regni
324 2118 617 2173 committit
647 2119 1000 2189 primoribus.
1035 2117 1356 2172 Edmundus
1385 2134 1479 2173 rex
1501 2125 1766 2173 transma-

152 2207 289 2261 rinus
318 2208 666 2281 defungitur;
713 2224 848 2262 uxor
876 2222 1100 2278 quoque
1139 2208 1288 2281 regis
1321 2207 1574 2274 Othonis,
1609 2222 1765 2263 soror

149 2294 307 2365 ipsius
335 2296 635 2364 Edmundi,
669 2297 933 2352 decessit.

210 2387 411 2462 Regina
469 2388 749 2464 Gerberga
777 2404 954 2459 nuper
978 2390 1045 2443 ad
1089 2389 1360 2445 Othonem
1404 2405 1614 2461 regem,
1656 2388 1765 2443 fra-

148 2484 270 2533 trem
289 2495 472 2548 suum,
496 2480 831 2551 legationem
865 2480 1153 2539 direxerat.
1170 2481 1431 2537 auxilium
1457 2482 1763 2551 deposcens

147 2566 207 2621 ab
231 2583 316 2622 eo.
363 2569 463 2635 Qui
496 2569 825 2633 maximum,
857 2570 1131 2643 colligens
1161 2587 1228 2624 ex
1276 2569 1539 2626 omnibus
1574 2570 1762 2642 regnis

150 2656 252 2711 suis
298 2659 622 2726 exercitum,
677 2659 827 2715 venit
879 2659 936 2714 in
967 2659 1274 2726 Franciam,
1335 2658 1643 2714 Conradum
1691 2660 1758 2693 6""

153 2764 353 2821 quoque
382 2768 577 2806 secum
602 2751 837 2817 habens,
860 2751 1151 2824 Cisalpinae
1183 2752 1367 2807 Galliae
1390 2768 1598 2826 regem.
1628 2751 1759 2817 Qui-

154 2835 243 2892 bus
271 2855 359 2894 rex
385 2840 721 2896 Ludowicus
753 2840 969 2897 obviam
1001 2840 1304 2911 profectus,
1337 2841 1471 2895 satis
1496 2839 1759 2895 amicabi-

152 2929 260 2985 liter
300 2939 359 2987 et
381 2932 692 2989 honorifice
720 2934 1017 3004 suscipitur
1068 2934 1137 2988 ab
1191 2934 1304 2999 eis;
1333 2934 1525 3004 sicque
1557 2933 1760 3004 pariter

150 3023 449 3082 Laudunum
471 3028 790 3097 venientes,
816 3029 1273 3100 considerataque
1297 3029 1457 3082 castri
1481 3027 1757 3094 firmitate,

148 3120 482 3180 deverterunt
523 3124 592 3179 ab
634 3140 727 3193 eo,
762 3125 1092 3180 Remensem
1124 3123 1511 3198 aggredientes
1542 3124 1756 3188 urbem,

146 3225 294 3280 quam
310 3213 601 3286 cingentes
624 3214 945 3280 obsidione,
969 3215 1179 3290 ingenti
1207 3214 1475 3268 vallarunt
1492 3213 1752 3279 exercitu,

146 3299 337 3357 Videns
359 3311 544 3359 autem
574 3305 777 3376 praesul
797 3306 885 3370 ⁸⁷⁵,
938 3306 1112 3379 Hugo,
1146 3305 1498 3360 obsidionem
1529 3319 1587 3357 se
1619 3303 1757 3357 tole-

148 3404 252 3445 rare
283 3407 390 3447 non
437 3410 631 3464 posse,
665 3411 850 3467 neque
880 3402 1044 3450 tanta).
1086 3395 1345 3449 resistere
1395 3391 1754 3458 multitudini,

144 3483 346 3539 loeutus
369 3496 452 3544 est
480 3501 608 3542 cum
639 3488 969 3560 quibusdam
989 3486 1337 3559 principibus
1366 3486 1459 3557 qui
1483 3485 1755 3540 videban-

147 3590 224 3637 tur
249 3585 350 3639 sibi
379 3601 505 3640 esse
532 3581 721 3650 amici,
758 3581 1019 3636 videlicet
1054 3595 1180 3635 eum
1211 3578 1457 3642 Arnulfo,
1491 3578 1585 3649 qui
1637 3577 1759 3646 ejus

146 3689 396 3743 sororem,
429 3682 485 3731 et
514 3673 750 3730 Uddone
785 3672 875 3739 67",
907 3672 999 3743 qui
1031 3672 1252 3726 amitam
1271 3672 1341 3707 673
1367 3671 1546 3742 ipsius
1572 3670 1753 3725 habe-

145 3762 230 3819 bat
255 3782 502 3833 uxorem,
535 3765 639 3820 sed
692 3771 748 3821 et
796 3780 919 3819 cum
970 3763 1279 3818 Hermanno
1332 3762 1400 3797 ’τε
1432 3762 1641 3817 Udonis
1687 3762 1755 3796 δη

141 3853 320 3920 fratre;
363 3856 625 3928 quaesivit
648 3854 717 3909 ab
748 3853 852 3921 eis,
878 3852 1010 3924 quid
1046 3854 1114 3887 63°
1153 3851 1259 3907 sibi
1287 3853 1429 3907 t'orct
1454 3851 1753 3924 agendum.

141 3940 231 4004 Qui
266 3945 369 4000 tale
419 3943 717 4001 consilium
749 3944 1020 3998 dederunt
1067 3942 1140 4007 ei,
1198 3948 1254 3996 ut
1282 3943 1638 4015 egrederetur
1687 3942 1751 3976 ⁶⁸¹

139 4052 253 4092 eum
304 4041 420 4094 suis
451 4046 508 4096 et
538 4039 879 4110 relinqueret
925 4037 1141 4103 urbem,
1171 4037 1300 4108 quia
1328 4037 1382 4091 id
1421 4036 1751 4107 dispositum

141 4130 406 4203 aregibus
436 4136 579 4197 erat,
628 4136 688 4185 ut
733 4128 1073 4186 omnimodis
1125 4128 1514 4199 expelleretur,
1572 4144 1753 4200 neque

141 4221 459 4280 intervenire
488 4230 722 4296 possent
748 4223 895 4294 apud
927 4238 1086 4297 reges
1117 4238 1213 4292 pro
1244 4222 1390 4293 ipso,
1432 4221 1563 4293 quin
1594 4237 1753 4276 erue-

141 4318 316 4367 rentur
367 4314 419 4369 ei
455 4314 605 4371 oculi
661 4312 708 4368 si
756 4313 948 4368 urbem
985 4313 1037 4367 vi
1087 4313 1208 4385 capi
1264 4312 1604 4386 contigisset.
1639 4314 1752 4377 Quo

140 4405 363 4461 consilio
388 4412 657 4477 percepto
678 4420 741 4461 ac
766 4404 883 4459 suis
902 4404 1177 4471 intimate,
1204 4412 1332 4475 post
1355 4404 1567 4459 tertiam
1599 4403 1753 4459 obsi-

140 4494 315 4552 dionis
363 4500 432 4533 ⁶⁸²
463 4499 613 4554 diem
656 4513 779 4552 eum
841 4513 983 4568 pene
1013 4497 1231 4552 cunctis
1279 4497 1370 4568 qui
1402 4512 1589 4551 secum
1624 4503 1752 4551 tunc

138 4588 351 4645 aderant
375 4591 657 4646 militibus
713 4605 973 4663 egressus
1013 4595 1114 4644 est.
1157 4589 1356 4660 Sicque
1415 4605 1575 4663 reges
1627 4606 1748 4644 eum

136 4677 403 4750 episeOpis
419 4688 474 4735 et
487 4678 1229 4752 principibusingredientes
1246 4678 1462 4743 urbem,
1481 4680 1743 4736 domuum

132 4766 398 4823 Artoldum
422 4769 766 4841 fprmsulem,
801 4769 894 4841 qui
935 4768 1142 4822 dudum
1170 4768 1343 4823 fuerat
1370 4769 1604 4837 ejectus,
1636 4770 1743 4824 itc-

132 4874 242 4913 rum
295 4861 363 4895 ⁸⁸³
391 4862 718 4919 intronizari
772 4860 1051 4928 fecerunt;
1105 4878 1267 4933 quem
1301 4861 1594 4917 Rolbertus
1619 4863 1746 4918 Tre-

133 4952 364 5008 verensis
390 4952 851 5023 archiepiscOpus
878 4958 933 5007 et
979 4951 1299 5007 Fredericus
1325 4951 1746 5024 Magonciacen-

1783 4638 1834 4704 D

1883 664 2121 713 tuerunt.
2180 659 2387 714 Deinde
2437 660 2819 741 relinquentes
2870 663 3202 740 Gerbergam
3255 667 3503 741 reginam

1880 749 2085 813 Remis,
2146 752 2254 822 ipsi
2301 768 2461 825 reges
2504 769 2625 808 cum
2659 755 2990 809 exercitibus
3015 757 3151 821 {suis
3210 757 3279 793 ⁶⁸⁶
3308 766 3501 815 terram

1882 839 2126 913 Hugonis
2172 842 2600 913 aggrediuntur;
2665 850 2719 897 et
2777 843 2971 899 urbem
3031 845 3497 903 Silvanectensem

1880 933 2223 995 obsidentes,
2267 939 2328 989 ut
2357 934 2613 988 viderunt
2652 934 3104 1003 munitissimam,
3140 955 3243 995 nec
3282 940 3348 975 ⁸⁸⁷
3380 958 3500 997 eam

1882 1027 2127 1080 valentes
2152 1042 2490 1099 expugnare,
2511 1025 2667 1081 exesis
2696 1026 3025 1098 quibusdam
3056 1046 3305 1087 suorum:
3339 1034 3505 1089 dimi-

1884 1114 2176 1166 serunt“!
2214 1114 2411 1184 Sicque
2440 1120 2590 1168 trans
2608 1115 2915 1186 Sequanam
2944 1121 3505 1189 contendentes,loea

1886 1220 2121 1275 quaeque
2155 1212 2352 1273 praeter
2380 1205 2629 1260 civitates
2656 1207 2913 1278 gravibus
2944 1217 3181 1265 atterunt
3215 1213 3503 1284 depraeda-

1882 1297 2130 1352 tionibus
2157 1299 2245 1363 639,
2288 1305 2600 1371 terramque
2630 1299 3089 1354 Nortmannorum
3122 1308 3499 1375 peragrantes,

1882 1387 2000 1441 loca
2032 1385 2190 1456 plura
2220 1385 2525 1454 devastant,
2570 1387 2810 1458 indeque
2842 1398 3151 1444 remeantes
3182 1391 3270 1458 59°,
3312 1408 3497 1468 regre-

1879 1481 2108 1536 diuntur
2134 1482 2199 1516 σοι
2232 1482 2286 1535 in
2317 1496 2416 1534 sua
2446 1480 2533 1534 ⁸9³.
2568 1479 2834 1534 Deroldus
2878 1478 3328 1537 Ambianensium
3358 1499 3498 1555 prae-

1876 1573 1962 1628 sul
1992 1574 2101 1629 vita
2130 1574 2365 1629 decessit
2404 1573 2490 1626 593.
2524 1572 2683 1627 Anno

2480 1664 2886 1719 DCCLCXLVH.

1876 1759 2027 1831 Hugo
2073 1758 2351 1830 princeps,
2409 1764 2559 1813 moto
2622 1758 2889 1823 exercitu,
2940 1758 2996 1813 in
3040 1758 3248 1815 Arnulfi
3293 1770 3495 1818 terram

1874 1848 2258 1918 proficiscitur,
2280 1847 2611 1919 obsidclque
2631 1847 2894 1918 quasdam
2925 1848 3260 1904 munitiones
3278 1851 3454 1920 ipsius
3480 1870 3495 1919 ;

1873 1937 2134 2008 nulloque
2180 1946 2393 2008 patrato
2426 1945 2587 2008 prout
2634 1937 2873 2007 speravit
2911 1938 3154 2011 negotio,
3203 1941 3497 1996 revertitur

1870 2029 1924 2083 in
1939 2046 2053 2083 sua.
2077 2030 2187 2084 Rex
2212 2046 2434 2101 quoque
2459 2030 2786 2085 Ludowicus
2802 2046 2925 2084 eum
2941 2030 3271 2101 quibusdam
3296 2032 3497 2087 Letha-

1868 2123 2145 2177 riensibus
2175 2123 2478 2177 Mosomum
2527 2124 2613 2186 69",
2663 2124 2810 2195 quod
2845 2124 2997 2197 Hugo
3052 2126 3251 2195 praesul
3283 2126 3492 2195 ejectus

1866 2216 1935 2250 ⁸9⁵
1952 2215 2135 2270 Remis
2158 2215 2381 2270 tenebat
2409 2217 2496 2281 69°,
2521 2216 2775 2281 obsedit;
2800 2217 2897 2271 sed
2923 2233 3026 2271 nec
3051 2217 3172 2288 ipse
3204 2219 3490 2290 quippiam

1861 2322 1961 2376 pro
1991 2306 2132 2361 votis
2161 2305 2430 2372 efficiens,
2476 2305 2873 2360 recedentibus
2905 2305 3125 2360 tandem
3179 2315 3301 2376 post
3332 2324 3494 2362 men-

1864 2414 1981 2452 sem
2009 2398 2489 2462 Lothariensibus,
2516 2397 2634 2467 ipse
2668 2397 2870 2452 Remos
2887 2397 2955 2432 093
2987 2398 3324 2471 regreditur,
3347 2400 3490 2456 Bovo

1864 2485 2277 2540 Catalaunensis
2308 2487 2607 2556 episeOpus
2630 2486 2800 2551 obiit;
2836 2486 3163 2560 eliguntque
3195 2488 3299 2541 sibi
3332 2487 3491 2544 Cata-

1865 2579 2161 2634 launenses
2194 2579 2469 2651 quendam
2495 2579 2737 2634 nobilem
2758 2579 3170 2636 adolescentem
3199 2582 3484 2651 clericum,

1862 2669 2090 2725 nomine
2115 2669 2433 2735 Gibuinum,
2458 2669 2784 2724 Ludowicus
2816 2686 2907 2724 rex
2937 2670 3104 2741 Aquis
3133 2673 3334 2742 pascha
3360 2689 3485 2727 cum

1861 2765 2075 2820 Othone
2106 2780 2233 2838 rege
2275 2765 2539 2831 celebrat,
2572 2774 2629 2819 et
2658 2765 2827 2839 regiis
2867 2765 2937 2819 ab
2968 2781 3034 2819 eo
3075 2767 3376 2821 honoratur
3421 2768 3489 2802 593

1860 2854 2205 2910 muneribus.
2265 2856 2418 2927 Hugo
2460 2854 2722 2926 princeps
2770 2871 2798 2908 a
2834 2855 3167 2926 quibusdam
3225 2872 3492 2927 praesum-

1862 2946 2039 3016 ptiose
2086 2962 2403 3018 persuasus,
2435 2946 2763 3002 Remensem
2794 2963 2919 3001 eum
2966 2948 3197 3021 llugone
3228 2950 3487 3019 praesule,

1861 3038 2016 3109 quasi
2050 3055 2171 3094 mox
2191 3045 2474 3111 capturus,
2506 3038 2828 3112 aggreditur
2854 3037 3084 3103 urbem;
3118 3038 3487 3111 frustratoque

1860 3136 2011 3192 voto,
2035 3127 2426 3197 resistentibus
2457 3126 2715 3181 ﬁdelibus
2736 3126 2881 3200 regis
2903 3133 2958 3180 et
2979 3126 3184 3181 Artoldi
3209 3127 3489 3198 archiepi-

1863 3216 2037 3287 scopi,
2068 3223 2261 3270 octavo
2308 3222 2597 3287 postquam
2625 3215 2960 3269 advenerant
2990 3214 3104 3281 die,
3149 3213 3297 3269 illusi
3330 3232 3486 3271 rece-

1864 3263 2037 3287 υννινη
2072 3263 2257 3270 "ww
2309 3263 2597 3287 π-νυνηπω
2626 3263 2959 3269 --η--τ---πσ
2995 3263 3104 3281 -η,
3149 3263 3297 3269 ------
3331 3263 3454 3271 ην-

1786 3263 1836 3332 C
1858 3308 2012 3362 dunt.
2050 3306 2202 3379 Hugo
2242 3306 2466 3377 praesul,
2499 3305 2781 3360 annitente
2813 3304 2881 3339 699
2918 3304 3189 3360 avunculo
3219 3321 3317 3361 suo
3371 3307 3484 3362 Hu-

1859 3412 2023 3471 gone,
2050 3395 2265 3450 ordinat
2285 3394 2568 3448 Ambianis
2591 3394 2916 3465 episcopum
2942 3393 3268 3448 Tetbaldum
3302 3411 3478 3466 quen-

1860 3487 2008 3553 dam,
2031 3484 2280 3539 ccclesia:
2312 3483 2657 3538 Suessonicm
2690 3482 2975 3538 clericum.
3011 3481 3338 3538 Ludowieus
3364 3499 3479 3551 rex,

1861 3584 2157 3647 expetente
2196 3575 2435 3631 Arnulfo
2491 3577 2715 3643 comite,
2771 3576 3078 3631 Atrabatem
3112 3575 3483 3648 proficiscitur

1858 3685 1980 3723 eum
2008 3665 2229 3720 Artoldo
2253 3665 2538 3736 episeopo,
2567 3666 2809 3737 indeque
2831 3682 2955 3720 eum
2982 3665 3207 3722 Arnulfo
3228 3667 3297 3721 ad
3318 3667 3480 3723 obsi-

1857 3762 2104 3820 dendum
2145 3757 2619 3826 Monasteriolum,
2679 3765 2915 3813 castrum
2964 3759 3204 3832 Rotgarii
3253 3759 3322 3794 70°
3379 3759 3479 3815 filii

1858 3855 2088 3921 Erluini,
2109 3851 2541 3928 progrediuntur
2559 3867 2574 3916 ;
2593 3857 2833 3920 postque
2850 3846 3095 3903 laborem
3111 3846 3473 3918 inefficacem,

1857 3944 2207 4016 pluriumque
2239 3943 2302 3975 ³⁰¹
2355 3948 2560 3995 mortes
2598 3955 2843 4008 suorum,
2897 3956 2997 4011 spe
3039 3939 3231 4011 privati
3288 3957 3478 4016 regre-

1857 4040 2087 4094 diuntur
2116 4038 2183 4091 ad
2216 4036 2460 4108 propria.
2501 4036 2821 4107 Tempestas
2846 4035 3064 4109 {magna
3094 4036 3278 4090 Remis
3306 4035 3478 4091 effusa

1855 4136 1937 4183 est
1959 4144 2059 4200 per
2077 4126 2244 4180 unius
2266 4141 2429 4180 omne
2451 4123 2631 4180 noctis
2661 4124 2898 4196 spatium
2928 4140 3051 4179 eum
3073 4124 3478 4180 eoruseationi-

1858 4222 1960 4276 bus
1988 4223 2056 4255 79’
2083 4219 2360 4276 continuis
2391 4219 2440 4273 ei
2470 4227 2627 4274 terra;
2654 4224 2827 4284 motu,
2851 4217 2992 4272 adeo
3020 4224 3080 4271 ut
3110 4217 3260 4288 putei
3295 4218 3475 4289 reple-

1856 4324 2045 4371 rentur
2072 4324 2127 4369 et
2156 4315 2353 4368 domus
2382 4312 2660 4368 nonnullae
2688 4311 3162 4366 subverterentur.

1927 4407 2241 4463 Conventus
2265 4405 2447 4476 placiti
2467 4420 2658 4479 regum
2683 4403 2961 4459 Ludowici
2980 4403 3278 4459 etOthonis
3308 4420 3479 4475 super

1856 4499 2078 4555 Charam
2122 4499 2229 4567 (93)
2267 4497 2491 4552 fluvium
2532 4496 2774 4551 intrante
2802 4512 2995 4550 mense
3051 4497 3294 4570 Augusto
3321 4499 3475 4553 cele-

1855 4589 2060 4655 bratur,
2094 4589 2322 4661 llugone
2352 4586 2606 4657 principe
2658 4585 2801 4640 circa
2833 4585 3138 4640 Mosomum
3168 4594 3223 4640 et
3251 4586 3474 4643 Duode-

1850 4685 2060 4741 ciacum
2107 4685 2211 4753 (94')
2245 4690 2424 4737 castra
2452 4686 2656 4735 metato
2683 4699 2697 4747 ;
2729 4680 2821 4734 ubi
2865 4697 2952 4735 res
2981 4682 3092 4736 litis
3124 4682 3269 4736 inter
3294 4683 3473 4738 Artol-

1849 4775 1978 4829 dum
2029 4782 2084 4828 et
2142 4774 2424 4848 Hugonem
2461 4773 2746 4827 Remensis
2802 4772 3051 4828 ecclesiae
3082 4773 3347 4844 praesules
3403 4772 3472 4826 ab

1849 4862 2129 4934 epiSCOpis
2150 4862 2390 4917 auditur.
2408 4861 2469 4915 Et
2490 4862 2619 4932 quia
2633 4862 2878 4933 synodus
2895 4868 3026 4917 tunc
3039 4869 3336 4917 convocata
3359 4877 3471 4918 non

1851 4952 2047 5017 fuerat,
2092 4950 2376 5006 altercatio
2421 4949 2779 5006 determinari
2826 4966 2933 5006 non
2978 4950 3176 5020 potuit.
3216 4949 3471 5021 Synodus

1484 5078 1702 5133 VARle
1734 5077 2113 5134 LECTIONES.

200 5180 263 5214 ⁵⁷³
296 5184 599 5238 anumeulo
629 5182 685 5236 2.
759 5182 828 5215 573
855 5188 909 5236 et
941 5182 992 5235 1.
1077 5181 1145 5215 ⁶⁷⁴
1172 5181 1512 5235 ehonradum
1542 5183 1596 5238 2.

138 5264 246 5305 eam
273 5254 328 5306 2.
395 5254 465 5288 ⁸7⁸
501 5253 828 5309 hcrimanno
854 5254 911 5316 2,
943 5254 992 5306 3.
1075 5253 1143 5286 ⁸⁷9
1175 5252 1475 5307 uniddonis
1504 5254 1556 5307 2.

134 5321 192 5396 f2;
247 5325 330 5396 7‘”
356 5326 505 5380 deest
552 5326 600 5379 1.
700 5326 768 5359 6“
797 5324 1262 5396 maguntiacensis
1303 5324 1353 5377 2.

134 5392 195 5427 ⁶⁸⁶
218 5395 375 5451 deest.
414 5398 464 5451 1.

131 5462 605 5540 f”r_egredientur
651 5483 793 5540 corr.
829 5467 1218 5540 regrediuntur
1260 5467 1313 5540 2.

128 5534 174 5587 3.
221 5534 361 5595 HR.
454 5540 526 5574 696
559 5539 836 5594 retinebat
868 5534 922 5593 2‘.
962 5540 1015 5593 3.
1051 5537 1112 5591 Η.
1143 5541 1199 5593 lt.

1398 5468 1465 5500 ⁶⁹²
1493 5467 1585 5521 illa
1616 5468 1667 5520 1.

1681 5183 1750 5217 675
1781 5183 1836 5236 ᾖ.

1648 5254 1717 5288 ⁶⁸⁰
1745 5252 1877 5325 quid
1910 5270 2073 5309 corr..
2106 5254 2252 5324 quod
2275 5254 2327 5307 2.
2399 5252 2461 5285 ⁶⁸¹
2494 5253 2891 5325 egrederentur
2918 5253 2969 5307 2.
3046 5252 3115 5285 ⁶⁸²
3140 5252 3471 5325 obsidiones

1262 5538 1328 5572 δυτ
1357 5539 1524 5593 remis
1574 5555 1715 5593 corr.
1760 5555 1940 5594 remos
1970 5540 2025 5592 1.

1905 5225 1916 5236 .
1948 5183 2002 5236 2.
2038 5183 2187 5236 3.11.
2223 5184 2288 5236 Β.
2370 5182 2437 5214 ⁶τ¹⁵
2465 5180 2686 5235 oddone
2715 5181 2764 5234 1.
2801 5179 3082 5235 uniddone
3108 5179 3164 5235 2.
3231 5179 3299 5214 ⁶⁷⁷
3329 5183 3471 5237 ami-

1443 5326 1509 5397 6375
1542 5325 1669 5396 quia
1722 5324 1800 5379 sic
1859 5325 2015 5378 sedis
2065 5326 2320 5379 Romanae
2370 5324 2665 5397 auctoritas
2716 5326 3160 5397 promulgaverat
3205 5324 3354 5393 Hugo
3404 5328 3466 5380 V.

549 5397 618 5431 ⁸⁸⁷
650 5412 707 5450 n.
759 5412 810 5451 e.
867 5413 958 5450 v.e
1012 5397 1206 5450 desunt
1240 5396 1291 5449 2.
1367 5396 1435 5430 6⁸⁸
1464 5396 1519 5449 d.
1570 5410 1612 5449 s.
1674 5402 1710 5451 t.
1748 5398 1781 5450 S
1834 5398 2028 5450 desunt
2072 5398 2126 5449 2.
2212 5396 2278 5429 ⁵⁸³

549 5484 605 5521 ur
655 5483 793 5521 corr.
829 5467 1218 5521 regrediuntur
1260 5467 1313 5520 2.
1398 5468 1465 5500 ⁶⁹²
1493 5467 1585 5521 illa
1616 5468 1667 5520 1.
1755 5467 1824 5502 (³9³
1853 5468 2073 5521 decedit
2102 5467 2151 5521 3.
2242 5468 2278 5500 δε

1853 5484 2073 5522 (ιρρρωι
2102 5484 2151 5521 ὅ.

2313 5394 2743 5465 praedationibus
2788 5395 2840 5449 3.
2930 5394 2997 5429 6‘3"
3032 5404 3372 5450 revertentes
3411 5398 3464 5451 2.

2242 5468 2310 5500 θοι
2341 5481 2629 5519 mosonum
2661 5467 2713 5520 3.
2789 5468 2856 5500 αδδ
2880 5467 3117 5535 rejeetus
3150 5469 3199 5521 1.
3238 5469 3297 5521 ll.
3329 5485 3377 5522 e.
3412 5469 3465 5521 2.

2102 5540 2167 5571 ωε
2202 5539 2254 5591 h.
2291 5536 2358 5591 ab
2407 5552 2473 5592 eo
2510 5537 2564 5591 2.
2599 5536 2650 5591 3.
2736 5540 2803 5571 6‘39
2831 5539 3004 5594 adnit.
3047 5539 3098 5593 2.
3148 5540 3200 5595 3.
3253 5540 3321 5572 τοο
3348 5546 3465 5593 rot-

129 5608 257 5677 gcrii
291 5610 343 5667 1.
373 5612 440 5646 τοι
475 5610 890 5683 plurimumque
919 5626 1056 5665 corr.
1092 5608 1446 5680 pluriumquc
1474 5609 1526 5664 ‘2.
1559 5610 1627 5643 ⁷⁰²
1657 5611 1809 5666 ehor.
1842 5612 1896 5665 2.

1696 5741 1908 5799 NOT/E.

194 5828 293 5903 (93)
318 5832 490 5890 om.

1920 5836 2027 5908 (94)
2067 5840 2271 5908 Douzy.
