3874 6406
378 398 483 453 479
1511 396 1878 453 FLODOARDI
1920 393 2223 453 CANONICI
2263 395 2592 453 REMENSIS
3621 404 3734 466 480

378 536 620 611 benigne
650 537 986 608 suscipiens,
1016 534 1489 592 eoneessiseidem
1512 536 1700 602 rebus,
1720 534 2002 607 proutsibi
2026 539 2078 608 Α
2104 534 2343 604 mittere,
2397 538 2547 610 quod
2626 538 2785 607 olim,
2845 540 3164 612 priusquam
3229 541 3439 598 Italiam
3490 551 3728 615 peteret.

362 630 553 684 .visum
584 628 708 697 fuit,
735 628 1068 701 quibusdam
1125 629 1182 682 in
1250 628 1401 683 Italia
1455 628 1524 663 ⁸⁰⁸
1554 627 1788 699 paciﬁee
1820 628 1999 683 redire
2102 628 2353 689 Liudulfo
2393 629 2767 704 delegaverat,
2800 637 2856 685 et
2913 640 3201 702 magnates
3225 647 3358 689 suos
3386 634 3569 690 eidem
3596 654 3728 707 pro-

380 722 630 791 permisit
662 739 676 788 ;
705 721 824 792 ipse
855 736 1077 792 quoque
1108 718 1226 775 Otto
1249 720 1391 789 (109)
1419 728 1542 789 post
1562 720 1996 777 celebrationem

379 814 596 884 paschae
628 812 856 883 'Papiam
897 811 1222 886 regreditur.
1278 811 1431 886 Hugo
1487 827 1676 867 comes
1725 828 1853 868 cum
1880 810 1999 868 suis

374 923 541 978 super
596 908 901 963 Maternam
967 905 1192 961 ﬂuvium
1232 907 1434 973 venit;
1495 908 1582 963 cui
1611 908 1853 963 occurrit
1887 908 1997 963 dux

374 995 695 1051 Chonradus
734 1012 857 1051 cum
914 994 1244 1068 quibusdam
1307 995 1767 1051 Lothariensibus
1800 1014 1814 1062 ;
1848 996 2001 1051 obsi-

287 1134 293 1143 .
374 1084 615 1155 dentque
667 1083 876 1155 pariter
912 1083 1283 1140 munitionem
1350 1083 1498 1155 apud
1556 1083 1840 1139 Maroilum
1904 1084 1996 1150 909,

374 1193 537 1248 quam
574 1177 924 1250 Ragenaldus
950 1178 1021 1213 ⁹¹⁰
1051 1192 1241 1233 comes
1295 1193 1418 1233 cum
1448 1176 1767 1232 hominibus
1804 1176 1995 1232 domni

371 1270 577 1323 Artoldi
620 1269 869 1340 praesulis
918 1268 1063 1323 intra
1115 1269 1295 1339 ipsum
1347 1268 1576 1324 ﬂuvium
1626 1285 1806 1340 nuper
1856 1285 1996 1324 con-

368 1363 639 1412 struxerat
681 1357 1110 1430 ;instructisque
1178 1357 1365 1413 multis
1416 1357 1666 1429 undique
1698 1357 1989 1426 machinis,

368 1443 583 1500 fortiter
638 1445 962 1517 opprimunt
1000 1464 1017 1511 ;
1049 1446 1385 1518 tandemque
1425 1461 1535 1502 non
1597 1445 1720 1500 sine
1766 1461 1990 1500 suorum

364 1533 570 1589 damno
600 1534 827 1605 capiunt
856 1541 1020 1606 atque
1048 1534 1413 1601 succendunt,
1446 1534 1534 1589 his
1589 1535 1678 1600 9“,
1721 1534 1813 1606 qui
1847 1535 1993 1589 intus

365 1629 520 1676 erant
557 1623 625 1677 ad
667 1622 832 1677 fidem
894 1622 1172 1678 Cbonradi
1215 1623 1472 1696 egressis.
1529 1624 1772 1695 Nepotes
1814 1622 1992 1696 Hugo-

365 1710 470 1777 nis,
530 1710 844 1766 Heribertus
883 1718 937 1767 et
986 1711 1278 1766 Rotbertus
1321 1712 1412 1779 θη,
1470 1711 1692 1766 interim
1752 1711 1807 1766 in
1873 1713 1994 1768 loco

363 1801 458 1874 qui
488 1802 690 1857 dicitur
711 1802 1096 1858 Mons-Felicis
1121 1802 1227 1857 sibi
1259 1803 1621 1859 munitionem
1678 1804 1991 1869 instruunt;

361 1864 552 1966 sicque
599 1902 708 1949 tam
748 1895 903 1968 [iugo
953 1911 1114 1967 quam
1188 1894 1508 1951 Chonradus
1561 1902 1908 1952 revertuntur
1938 1896 1991 1950 in
2022 1864 2072 1932 Β

360 1999 479 2039 sua.
524 1983 634 2039 Nec
664 2000 836 2050 mora,
896 2000 991 2041 rex
1041 1983 1372 2045 Ludowicus
1423 1992 1478 2043 et
1536 1985 1791 2043 Artoldus
1812 1984 1994 2039 archi-

359 2073 656 2147 episcopus
685 2092 809 2131 cum
841 2077 912 2112 ⁹¹³
943 2076 1262 2148 Ragenaldo
1320 2076 1524 2132 comite
1566 2076 1800 2149 projecti
1829 2092 1996 2149 super

360 2164 659 2220 Materuam
691 2164 937 2232 fluvium,
958 2165 1350 2230 munitionem,
1392 2182 1556 2239 quam
1585 2165 1794 2237 praefati
1827 2164 1990 2236 prin-

361 2257 518 2329 cipes
546 2259 1285 2325 succenderant,restruunt,
1303 2260 1674 2332 custodesque
1708 2259 1781 2314 ibi
1805 2260 1992 2332 plures

360 2346 674 2407 instituunt.
729 2348 864 2402 lnde
920 2364 1014 2403 rex
1073 2365 1196 2404 eum
1252 2348 1569 2424 Ragenaldo
1624 2347 1992 2420 proﬁciscitur

362 2435 419 2491 in
441 2444 624 2507 partes
653 2437 945 2494 Victuriaci
1001 2439 1069 2473 9“
1115 2438 1302 2505 castri,
1346 2438 1493 2511 quod
1523 2438 1746 2493 tenebat
1783 2437 1992 2493 Walte-

361 2527 477 2582 rius
518 2529 768 2600 quidam,
833 2528 927 2600 qui
990 2546 1172 2600 nuper
1226 2545 1257 2584 a
1286 2544 1416 2602 rege
1456 2528 1751 2594 defecerat,
1793 2538 1988 2584 etcum

362 2617 484 2688 ipso
513 2628 693 2675 castro
749 2634 809 2675 se
850 2618 1141 2674 Heriberto
1204 2618 1550 2672 subdiderat.
1620 2616 1784 2687 Cujus
1835 2617 1994 2673 villas

364 2707 876 2778 deprmdationibus
948 2706 1337 2777 incendiisque
1393 2706 1703 2772 devastant,
1771 2721 1991 2762 necnon

364 2798 727 2871 Pontigonem
793 2796 1012 2863 fiscum,
1069 2813 1235 2869 quem
1303 2796 1620 2852 Heribertus
1683 2797 1988 2865 invaserat;

362 2890 638 2960 aliamque
666 2889 1030 2945 munitionem
1087 2905 1185 2953 rex
1210 2896 1401 2945 contra
1463 2889 1829 2945 Victuriacum
1891 2891 1984 2946 in—

360 2980 544 3047 struit,
585 2989 641 3037 et
673 2981 937 3053 quosdam
1008 2978 1115 3036 sibi
1151 2979 1347 3036 ﬁdeles
1389 2997 1454 3036 ex
1481 2981 1709 3053 paribus
1738 2982 1807 3016 ⁹¹⁵
1830 2981 1986 3037 Wal-

361 3074 487 3129 terii
544 3073 611 3129 ad
664 3074 974 3130 custodiam
1029 3073 1169 3129 inibi
1222 3075 1291 3110 ³¹⁶
1345 3073 1571 3130 dimittit
1614 3093 1628 3141 ;
1700 3075 1989 3148 ipsamque

2097 721 2656 779 mittereﬁdelitatem
2707 722 3071 792 jurejurando
3128 723 3351 780 fecerat.
3422 726 3530 783 Rex
3561 729 3730 804 igitur

2100 816 2449 872 Chonradum
2480 816 2545 850 ⁹²¹
2587 832 2618 870 a
2644 815 2846 871 ducatu
2903 815 3342 873 Lothariensium
3371 828 3639 889 removet,
3670 830 3729 878 et

2098 908 2422 965 Chonradus
2470 909 2754 981 quaerebat
2812 919 2870 965 ut
2925 926 3112 984 regem
3150 921 3392 983 caperet.
3425 914 3541 978 Quo
3571 931 3728 970 com-

2100 1009 2276 1074 perte.
2307 1018 2402 1057 rex
2421 1003 2492 1041 9”
2518 1012 2678 1058 caute
2707 1018 2768 1057 se
2800 1019 2967 1077 agere
3019 1003 3206 1074 erepit,
3249 1004 3316 1059 de
3340 1005 3562 1062 interitu
3592 1025 3727 1065 vero

2101 1090 2375 1147 Cbonradi
2426 1106 2727 1163 quaerere;
2760 1090 3085 1147 Chonradus
3141 1101 3326 1149 autem
3379 1096 3584 1166 oppida
3620 1114 3726 1153 sua

2099 1180 2337 1235 munire.
2383 1180 2446 1236 At
2470 1181 2810 1253 Ragenarius
2834 1181 2925 1248 913,
2964 1181 3017 1236 ei
3041 1181 3157 1250 jam
3199 1182 3405 1238 dudum
3438 1184 3725 1256 inimicus,

2098 1276 2380 1347 quoddam
2404 1276 2582 1346 ipsius
2609 1277 3042 1332 munitissimum
3101 1276 3409 1332 obsidetm
3455 1287 3724 1347 castrum,

2095 1366 2334 1445 Colleeta
2358 1368 2427 1402 9³⁵
2460 1368 2673 1441 ergo926
2706 1367 3023 1423 Chonradus
3038 1376 3246 1439 quanta
3273 1368 3451 1439 potuit
3477 1371 3724 1426 militum

2091 1473 2280 1524 manu,
2313 1457 2381 1512 ad
2421 1458 2801 1513 resolvendam
2836 1468 3095 1529 prOperat
3124 1458 3727 1526 ohsidionem.Quibus

2095 1554 2287 1602 mutuo
2311 1547 2630 1619 congressis
2648 1556 2704 1603 et
2731 1548 2985 1619 pluribus
3017 1548 3290 1621 utrimque
3315 1552 3725 1622 peremptism,

2098 1636 2418 1694 Chonradus
2448 1639 2503 1693 in
2564 1639 2745 1714 fugam
2804 1640 3037 1695 vertitur
3074 1642 3234 1707 923,et
3269 1642 3469 1697 urbem
3498 1643 3569 1678 9”
3598 1644 3722 1700 Mo-

2094 1726 2341 1801 gontiam
2383 1728 2452 1762 93°
2482 1728 2805 1804 ingreditur.

2171 1818 2387 1872 Interea
2432 1817 2709 1892 Gerberga
2776 1818 2971 1893 regina
3025 1818 3276 1875 Lauduni
3331 1821 3587 1892 geminos
3637 1829 3727 1878 est

2096 1909 2280 1977 enixa,
2331 1926 2568 1981 quorum
2636 1927 2779 1965 unus
2836 1911 3084 1977 Karolus,
3157 1911 3296 1966 alter
3356 1919 3581 1967 vocatus
3637 1922 3726 1969 est

2097 1999 2392 2054 Heinricus
2421 2016 2436 2066 ;
2470 2000 2569 2055 sed
2626 2001 2916 2057 Heinricus
2962 2016 3085 2057 mox
3115 2002 3182 2037 ’3‘
3232 2009 3357 2073 post
3382 2001 3725 2073 baptismum

2097 2090 2393 2146 defunctus
2423 2099 2524 2147 est.
2562 2092 2816 2163 Synodus
2863 2093 3110 2164 quinque
3155 2093 3542 2164 episcOporum
3574 2095 3727 2166 apud

2095 2191 2347 2237 sanctum
2398 2183 2799 2239 Theodericum
2862 2184 2919 2239 in
2960 2183 3235 2240 territorio
3285 2184 3544 2239 Remensi
3574 2186 3727 2241 cele-

2095 2271 2305 2339 bratur,
2333 2272 2559 2329 Artoldo
2607 2273 3028 2344 archiepiscOpo
3067 2274 3515 2345 praesidenteAd
3555 2292 3726 2347 quam

2094 2369 2321 2418 vocatus
2372 2363 2720 2439 Ragenaldus
2774 2379 2964 2420 comes
2993 2364 3065 2419 ob
3095 2380 3181 2419 res
3207 2364 3630 2425 aaeclesiasticas
3657 2367 3730 2421 ab

2073 2470 2160 2511 -eo
2185 2470 2464 2526 pervasas,
2477 2454 2667 2510 venire
2694 2455 2893 2524 noluit,
2921 2456 3018 2511 sed
3042 2457 3370 2526 deprecatus
3388 2464 3471 2513 est
3508 2473 3728 2532 regem,

2094 2560 2165 2599 ne
2207 2545 2802 2613 excommunicaretur,
2862 2552 2921 2601 ut
2970 2547 3038 2601 ad
3106 2547 3376 2618 synodum
3437 2550 3728 2616 mitteret;

2095 2636 2251 2707 cujus
2280 2637 2804 2705 excommunicatio,
2836 2654 2966 2712 rege
2983 2647 3232 2709 petente,
3257 2649 3388 2695 tunc
3410 2640 3731 2697 intermissa

2096 2732 2199 2780 est.
2234 2724 2356 2780 Otto
2387 2741 2479 2780 rex
2521 2725 2717 2781 urbem
2773 2727 3132 2801 Mogontiam,
3175 2728 3270 2784 ubi
3312 2730 3638 2787 Chonradus
3664 2747 3732 2788 se

2094 2824 2406 2887 receperat,
2434 2816 2657 2872 obsidet
2687 2836 2702 2884 ;
2735 2819 3073 2890 tandemque
3096 2828 3221 2890 post
3246 2821 3390 2878 duos
3420 2823 3534 2878 fere
3563 2839 3734 2878 men-

2091 2923 2182 2962 ses
2209 2923 2341 2963 cum
2366 2924 2591 2984 egresso
2618 2910 2687 2964 ad
2718 2925 2778 2964 se
2806 2910 3097 2966 Chonrado
3149 2910 3388 2979 loeutus,
3445 2922 3503 2969 et
3559 2914 3730 2971 obsi-

2090 2998 2256 3054 dibus
2311 2999 2382 3057 ab
2437 3016 2505 3056 eo
2560 3002 2820 3072 acceptis,
2874 3008 3024 3057 trans
3080 3003 3331 3059 Rhenum
3389 3007 3731 3079 regreditur.

2092 3092 2204 3148 Nec
2241 3109 2419 3159 mora,
2460 3092 2807 3161 Chonradus,
2865 3095 3095 3152 dimisso
3160 3095 3451 3169 Magontiae
3483 3099 3731 3156 militum

364 3166 726 3257 munitionem
753 3165 1023 3257 Odalricoi
1064 3166 1252 3257 abbati
1306 3167 1526 3222 cuidam
1569 3183 1634 3223 ex
1676 3168 1990 3240 Burgundia
2022 3188 2316 3257 Csuorum
2352 3181 2636 3253 ρταιείάίο,
2690 3183 3009 3237 Maliensem
3042 3165 3510 3254 appetif'nrbem,
3552 3201 3729 3257 quam

363 3255 655 3311 committit
709 3274 725 3324 ;

366 3348 568 3404 Remos
612 3364 736 3404 cum
790 3347 982 3422 regina
1038 3349 1353 3406 revertitur.
1409 3350 1664 3407 Artoldus
1710 3351 1993 3422 archiepi-

364 3452 565 3507 seopus
596 3438 652 3493 in
682 3438 1020 3495 monasterio
1050 3439 1223 3495 sancti
1257 3440 1435 3495 Basoli
1468 3441 1772 3497 monachos
1801 3440 1989 3507 mittit,

367 3525 613 3596 expulsis
662 3526 881 3583 clericis
946 3527 1041 3599 qui
1070 3528 1387 3585 serviebant
1418 3529 1494 3585 ibi
1524 3530 1615 3598 9”,
1641 3530 1991 3587 committens

365 3618 503 3675 illud
534 3617 826 3676 Hinemaro
858 3630 913 3676 et
950 3620 1534 3680 Rotmaroabbatibus.
1567 3624 1725 3681 Anno

1006 3726 1329 3785 DCCCCLlll

364 3811 691 3884 incipiente,
717 3815 870 3890 Hugo
922 3817 1182 3891 princeps
1233 3819 1443 3895 legatos
1488 3818 1656 3875 mittit
1698 3820 1766 3875 ad
1798 3835 1985 3893 regem

364 3901 711 3960 Ludovvieum
750 3921 848 3976 pro
899 3923 1033 3977 pace
1079 3924 1143 3965 ac
1181 3909 1249 3944 ⁹¹⁸
1313 3909 1611 3965 concordia
1651 3909 1792 3965 inter
1830 3910 1983 3980 ipsos

356 3990 653 4063 ﬁrmanda,
720 4002 916 4067 petens
974 4005 1034 4054 ut
1097 4000 1290 4074 regina
1331 4000 1609 4074 Gerberga
1637 4016 1798 4056 suum
1836 4007 1985 4070 petat

365 4081 701 4154 colloquium
756 4085 825 4120 9'9
884 4086 1076 4158 ;quod
1124 4094 1179 4143 et
1232 4087 1379 4152 fecit,
1448 4089 1883 4161 muneribusque
1913 4089 1981 4144 ab

781 3264 836 3311 et
869 3256 949 3311 sic
1005 3256 1329 3313 Laudunum
1378 3257 1598 3328 repetit.
1654 3257 1767 3313 Nec
1815 3273 1989 3326 mora,
2046 3256 2053 3257 ί
2095 3291 2220 3330 mox
2251 3274 2305 3330 fu

2200 3293 2220 3329 μί
2251 3274 2450 3330 furtiva
2482 3275 2733 3346 pervadit
2759 3275 3065 3346 irreptione
3094 3276 3184 3330 93’.
3218 3276 3340 3332 Otto
3368 3293 3461 3331 rex
3492 3256 3730 3334 vocatus

2092 3387 2125 3426 a
2155 3369 2321 3426 fratre
2353 3370 2630 3437 Heinrico,
2691 3370 2997 3440 Bajoariam
3055 3370 3124 3404 ⁹³³
3160 3370 3319 3441 petit,
3387 3387 3554 3442 quam
3574 3370 3731 3427 filius

2093 3463 2214 3532 ejus
2242 3462 2553 3530 Liudulfus,
2596 3463 2772 3535 captis
2809 3462 3138 3534 quibusdam
3179 3462 3429 3531 urbibus,
3463 3463 3731 3520 devasta-

2094 3553 2211 3607 bat.
2242 3552 2571 3608 Chonradus
2600 3551 2927 3609 Mettensem
2986 3552 3055 3586 93‘
3096 3567 3320 3623 quoque
3350 3551 3566 3615 urbem,
3595 3561 3731 3623 post

2091 3659 2204 3699 non
2237 3643 2514 3699 modicam
2550 3643 2727 3714 ipsius
2747 3644 3241 3715 depraedationem,
3275 3644 3492 3698 hortatu
3518 3643 3727 3707 935,0eu

2090 3733 2283 3801 fertur,
2313 3733 2583 3805 Agenoldi
2604 3732 2826 3788 abbatis
2887 3733 3132 3805 reliquit.
3190 3731 3502 3787 Wicfredus
3557 3729 3729 3788 Colo-

2089 3824 2304 3879 niensis
2331 3824 2564 3878 antistes
2619 3822 2961 3896 defungitur,
3023 3831 3079 3878 et
3128 3823 3335 3889 Bruno,
3375 3820 3541 3876 frater
3571 3822 3728 3894 regis

2086 3915 2320 3983 Ottouis,
2349 3914 2485 3970 inibi
2515 3914 2763 3986 pontifex
2797 3915 3117 3983 ordinatur;
3147 3914 3238 3970 cui
3265 3915 3429 3970 etiam
3462 3930 3557 3968 rex
3593 3912 3724 3971 Otto
3774 3925 3804 3949 '

2085 4024 2317 4082 regnum
2346 4006 2701 4063 Lothariense
2728 4006 3038 4063 committit.
3065 4008 3221 4062 Anno

2690 4101 3003 4157 DCCCCLIV
3030 4100 3101 4137 9³⁸

363 4173 561 4228 eodem
585 4176 654 4209 92°
681 4176 950 4233 honorata
991 4179 1400 4245 Remosrediit;
1434 4180 1788 4253 obtinuitque
1830 4181 1893 4236 lli

2183 4178 2534 4230 amemoratus
2608 4172 2953 4249 Chonradus,
3033 4180 3189 4244 pacto
3248 4189 3371 4227 cum
3437 4171 3713 4246 Hungaris

363 4278 394 4315 a
417 4278 571 4335 rege,
606 4272 665 4319 ut
697 4266 953 4334 munitio,
986 4284 1109 4338 quae
1135 4277 1327 4324 contra
1356 4269 1718 4324 Victuriacum
1741 4279 1978 4324 castrum
2081 4265 2242 4331 inito,
2272 4281 2368 4321 eos
2400 4281 2496 4337 per
2553 4281 2785 4341 regnum
2838 4264 3195 4321 Lothariense
3244 4263 3493 4332 deducit,
3525 4280 3709 4336 usque

363 4362 677 4412 constructa
741 4356 943 4424 fuerat,
1002 4359 1326 4415 solveretur.
1376 4360 1639 4416 Placitum
1672 4376 1804 4435 ergo
1835 4376 1977 4416 con-
2082 4357 2139 4411 in
2171 4363 2371 4411 terram
2404 4355 2697 4431 Ragenarii
2762 4355 2829 4390 937
2879 4355 3112 4423 scilicet,
3171 4354 3354 4410 aemuli
3411 4355 3516 4419 sui,
3539 4362 3714 4426 atque

359 4443 563 4499 cordia:
591 4462 653 4500 ac
690 4446 844 4517 pacis
888 4463 981 4502 rex
1021 4456 1078 4505 et
1118 4448 1270 4520 Hugo
1324 4449 1602 4505 mediante
1664 4449 1981 4525 quadrage-

360 4533 691 4592 simainiere
720 4540 1048 4596 Suessionis.
1102 4541 1352 4597 Exoritur
1407 4542 1622 4597 interea
1682 4543 1826 4597 inter
1890 4543 1984 4598 Ot-

2085 4449 2359 4504 Brunonis
2386 4447 2633 4519 episcopi
2665 4465 2681 4513 ;
2714 4447 2995 4518 nimiaque
3050 4447 3118 4481 933
3161 4452 3379 4518 peracta
3410 4445 3710 4516 depraeda-

2085 4541 2258 4608 tione,
2300 4556 2424 4595 cum
2480 4539 2668 4611 praeda
2702 4556 2903 4614 magna
2950 4539 3403 4610 captivorumque
3455 4536 3713 4595 multitu-

361 4632 546 4681 tonem
580 4644 765 4704 regem
797 4640 851 4687 et
906 4631 1217 4688 Liudulfum
1252 4631 1423 4688 ﬁlium
1464 4634 1604 4703 ejus,
1635 4632 1979 4688 Chonradum
2006 4634 2207 4704 Ddine
2264 4651 2495 4708 regnum
2540 4635 2929 4711 ingrediuntur
3004 4634 3298 4690 Ludowici.
3349 4633 3548 4704 Sicque
3604 4650 3708 4705 per

363 4734 586 4791 quoque
617 4720 814 4777 ducem
868 4730 921 4777 et
975 4724 1242 4795 quosdam
1297 4725 1453 4800 regni
1492 4724 1670 4797 ipsius
1700 4725 1981 4798 primates,

361 4806 660 4865 discordia.
693 4810 827 4867 Nato
857 4811 1130 4884 siquidem
1174 4812 1289 4888 regi
1322 4812 1436 4871 ﬁlio
1464 4831 1531 4871 ex
1552 4815 1821 4870 moderna
1850 4830 1983 4870 con-

2084 4744 2254 4800 pagos
2279 4729 2347 4762 9³³
2378 4727 2907 4793 Veromandcnsem,
2940 4726 3361 4782 Laudunensem
3399 4734 3569 4797 atque
3599 4727 3708 4781 Re-

2083 4834 2354 4884 mensem,
2393 4816 2846 4872 Catalauneusem
2901 4830 3121 4888 quoque
3172 4820 3539 4881 transeuntes,
3573 4815 3711 4869 Bur-

354 4899 510 4975 juge,
542 4900 829 4959 ferebatur
849 4903 1031 4960 cidem
1065 4921 1237 4977 puero
1268 4922 1362 4962 rex
1402 4922 1634 4983 regnum
1661 4922 1820 4962 suum
1850 4920 1983 4977 pro-
2083 4905 2348 4980 gundiam
2399 4904 2621 4963 intrant.
2681 4906 2918 4971 Quorum
2964 4919 3075 4959 non
3131 4918 3298 4975 parva
3362 4919 3558 4959 manus
3597 4913 3708 4958 tam

1713 5041 1934 5097 VABhE
1958 5038 2339 5096 LECTIONES.

438 5144 901 5232 9(“"foquibusdam,
930 5147 1008 5232 in“
1028 5146 1408 5232 Italiam'p;
1430 5147 1500 5183 9°”
1531 5146 1842 5232 mar-cilium
1872 5148 1925 5232 3..
1980 5148 2050 5232 91_°
2091 5147 2431 5232 ragenoldus
2601 5146 2663 5232 3ἒ
2709 5147 2929 5232 smptus.
2972 5145 3038 5232 οξ
3088 5143 3157 5199 iis
3187 5143 3709 5232 ξεβτίθβζτοιζεγζρξ

366 5214 422 5290 2.
464 5214 533 5290 ῗξῗ
556 5214 610 5290 p.
663 5234 713 5290 c.
769 5236 819 5290 c.
878 5236 929 5290 r.
973 5220 1029 5272 2.
1080 5221 1133 5290 3.
1195 5214 1716 5275 m‘Wicturiaci2.
1767 5218 1836 5254 9'5
1888 5222 1970 5275 ita
2014 5220 2067 5275 1.
2124 5214 2184 5290 ἓξ
2233 5218 2286 5273 3.
2336 5217 2701 5290 partibusdu
2731 5214 2947 5274 Cimsne.
2989 5218 3157 5286 Bouq.
3191 5216 3261 5251 ⁰¹⁶
3314 5214 3387 5269 ibi
3418 5214 3494 5290 3._
3528 5216 3707 5290 9ifilli

373 5286 423 5339 1'
466 5286 628 5367 “fet
658 5289 840 5367 31"“:
882 5289 1299 5367 alloquium}.
1333 5291 1432 5367 _9f°
1471 5306 1539 5347 eo
1558 5290 1643 5367 _2,
1666 5290 1756 5367 Δ3.
1780 5290 1867 5367 ,ξξι
1904 5307 1979 5367 _c.
2017 5291 2062 5344 si
2104 5307 2134 5345 a
2160 5289 2219 5367 2._
2275 5286 2352 5367 οξ
2401 5289 2650 5367 deest}.
2684 5290 2754 5322 “3
2800 5304 2992 5367 regen.
3042 5304 3186 5367 fort.
3229 5288 3525 5367 ⁸ξξειιέςεηβ.
3558 5288 3704 5367 9³⁵9.

370 5372 444 5437 mn.
493 5357 547 5412 2.
598 5358 650 5416 3.
682 5359 776 5437 J9”
806 5357 1045 5437 collecte
1099 5364 1154 5418 2.
1207 5362 1278 5397 935
1330 5361 1503 5437 igitur
1518 5357 1637 5437 ες
1662 5362 1716 5418 3.
1779 5362 1847 5437 “f7
1881 5361 2253 5437 interemptis
2303 5362 2357 5437 ξ.
2409 5361 2599 5437 ἔξεῃθεεξ
2649 5376 2842 5437 versus
2864 5357 2981 5437 'est
3039 5359 3093 5412 2.
3147 5359 3297 5437 3.229
3325 5357 3384 5437 in
3417 5358 3609 5437 urbem
3650 5359 3703 5415 3.

366 5424 437 5505 :30
463 5429 814 5505 maguntiani
840 5431 933 5505 _2_._
953 5432 1008 5498 3,
1070 5424 1401 5489 constante?
1462 5434 1526 5468 ⁹³¹
1587 5424 1733 5491 deest
1784 5433 1820 5487 Ξ
1878 5434 1946 5469 9³³
1978 5424 2181 5505 ἱιπθρί,
2213 5434 2267 5505 2.
2320 5433 2373 5505 3.
2420 5432 2491 5505 93?
2514 5432 2781 5505 baioriam
2800 5431 2857 5505 2.
2884 5430 2953 5464 93"
2984 5430 3315 5485 metensium
3346 5430 3399 5484 3.
3428 5430 3704 5505 935_ortatu

463 5494 738 5582 936A'Anno
796 5499 935 5563 Lllll
987 5494 1115 5577 post
1170 5505 1656 5579 nongentesimum
1710 5505 1762 5563 1.
1806 5506 1876 5541 937
1932 5494 2252 5582 ragna’ri'i.
2310 5504 2379 5538 9³⁸
2437 5503 2783 5576 niminiaque
2833 5504 2887 5558 3.
2931 5507 3186 5573 typorum
3238 5517 3434 5557 errore.
3489 5501 3559 5535 939
3608 5519 3707 5573 pa-

363 5581 496 5639 gum
523 5568 580 5623 2.

1968 5646 2178 5705 NOTIE.

436 5744 593 5819 (109)
614 5746 692 5801 De
719 5745 1052 5821 Berengario
1085 5752 1428 5810 Flodoardus
1456 5755 1733 5829 cogitasse
1763 5754 2018 5812 videtur:
2052 5756 2172 5813 Otto
2204 5756 2310 5812 hoc
2327 5771 2475 5812 anno
2490 5754 2721 5812 minime
2752 5753 2808 5809 in
2837 5753 3046 5813 Italiam
3062 5752 3233 5813 venit.
