3874 6410
402 383 511 442 483

406 534 592 592 clesiae
643 530 806 587 militi
862 525 1186 592 abstulerat,
1230 518 1528 596 pugnando
1576 516 1788 588 recepit
1821 516 2027 584 ;etin.

407 628 586 683 iantes
613 621 909 699 Ragenarii
930 635 995 676 ac
1011 618 1217 674 milites
1241 613 1508 686 quosdam
1536 611 1743 666 ibidem
1774 611 2030 666 inventos

405 733 595 774 secum
627 714 890 779 abduxit;
921 711 1213 780 ipsumque
1243 712 1478 759 castrum
1531 701 1806 772 direptum
1838 700 2030 756 incen-

406 808 504 864 dit.
539 807 694 873 llugo
712 805 968 876 princeps
980 799 1138 856 obiit.
1176 796 1455 870 Gerberga
1476 792 1669 869 regina
1692 791 2031 862 colloquium

406 896 603 953 habuit
627 910 751 950 cum
792 892 1048 945 Brunone
1088 885 1255 940 fratre
1280 898 1403 949 suo,
1428 880 1522 936 ubi
1551 878 1817 951 praedicto
1848 877 2031 949 Rage-

405 986 562 1043 nario
588 981 893 1040 suimilites
918 986 974 1035 et
1003 975 1242 1031 infantes
1273 973 1582 1030 redduntur
1612 987 1628 1036 ;
1663 967 1871 1043 regiam
1901 980 2033 1022 vero

408 1074 812 1149 possessiones,
870 1084 1007 1142 quas
1061 1065 1140 1120 illi
1199 1063 1481 1137 quondam
1537 1059 1878 1115 Gislebertus
1924 1057 2035 1112 dux

405 1165 555 1223 dotis
616 1161 842 1217 nomine
910 1157 1164 1222 dederat,
1235 1153 1628 1209 restituuntur.
1673 1149 2035 1221 Episcopatus

404 1251 744 1309 Trevirensis
774 1248 992 1305 cuidam
1024 1244 1291 1316 Haynrico
1322 1242 1413 1311 973,
1470 1241 1616 1317 regis
1665 1238 1879 1295 Ottonis
1908 1253 2038 1309 pro-

408 1343 643 1415 pinquo,
699 1339 880 1394 datur.
941 1334 1237 1390 Fulbertus
1303 1328 1716 1386 Camaracensis
1739 1326 2037 1397 episcopus

407 1433 726 1506 defungitur
753 1448 769 1497 ;
801 1436 856 1485 et
876 1429 1057 1501 ipsum
1086 1424 1431 1497 episc0pium
1453 1422 1671 1477 cuidam
1706 1417 2035 1490 Berengario

406 1522 839 1580 Transrhenensi
893 1521 1095 1576 clerico
1178 1517 1461 1581 tribuitur,
1525 1512 1713 1584 nepoti
1772 1509 2031 1575 Bovonis,

410 1614 829 1673 Catalaunensis
855 1613 924 1647 οτι
969 1609 1251 1684 quondam
1310 1605 1581 1678 episcOpi,
1613 1602 1823 1675 quique
1850 1598 2036 1654 Remis

407 1713 695 1770 ordinatur
719 1710 787 1765 ab
818 1707 1041 1764 Artoldo
1063 1705 1482 1776 archiepisc0po
1508 1702 1595 1756 ωδ.
1631 1701 1787 1754 Anno

1050 1796 1395 1854 DCCCCLVIl

407 1897 646 1970 quadam
678 1900 839 1949 nocte
867 1891 923 1945 in
971 1903 1164 1944 mense
1226 1885 1491 1941 Januario
1524 1883 1791 1939 illustrata
1821 1887 1905 1938 est
1932 1896 2041 1936 tec-

409 1987 581 2043 clesia
611 1982 903 2040 Remensis
929 1986 1133 2035 sanctae
1166 1977 1260 2032 Dei
1283 1975 1572 2051 genitricis
1612 1978 1841 2044 repente
1872 1970 2037 2041 paulo

411 2082 539 2148 post
565 2073 806 2129 mediam
841 2078 1062 2126 noctem
1087 2068 1158 2102 97°
1183 2082 1386 2141 magno
1414 2063 1710 2136 splendore
1764 2065 2039 2133 praesente

408 2167 616 2222 domno
641 2162 867 2218 Artoldo
890 2157 1328 2230 archiepiscOpo,
1355 2153 1682 2209 ammirante
1711 2152 1781 2187 977
1813 2166 2038 2224 quoque

408 2258 617 2332 pariter
651 2254 938 2312 Withardo
991 2252 1243 2309 custode.
1296 2247 1583 2304 Lotharius
1642 2262 1737 2302 rex
1777 2246 1832 2300 in
1871 2259 2039 2315 supe-

405 2348 610 2404 riorem
643 2345 926 2418 profectus
979 2349 1063 2399 est
1103 2337 1796 2414 Burgundiam.Bellorum
1836 2333 2041 2390 tumul-

406 2445 497 2494 tus
537 2439 816 2510 agitantur
845 2437 992 2492 inter
1022 2435 1359 2500 Brunonem,
1387 2448 1455 2487 ex
1480 2428 1716 2502 praesule
1742 2428 1960 2492 ducem,
1985 2433 2040 2481 et

406 2528 776 2602 Ragenarium
796 2526 1054 2582 comitem
1085 2532 1420 2594 ceterosque
1445 2519 1832 2576 Lotharienses
1872 2516 2037 2582 ;item

409 2621 468 2676 in
499 2621 730 2676 Francia
775 2620 917 2674 inter
966 2617 1294 2672 Balduinum
1332 2614 1506 2669 ﬁlium
1559 2609 1767 2667 Arnulﬁ
1822 2617 1877 2664 et
1908 2609 2039 2664 Rot-

409 2714 624 2787 garium
654 2713 934 2785 quondam
954 2709 1160 2765 Erluini
1187 2708 1259 2764 ob
1290 2713 1529 2763 castrum
1556 2704 1928 2759 Ambianense
1948 2700 2038 2756 9".

412 2805 708 2861 Rotbertus
737 2802 885 2858 ﬁlius
911 2799 1184 2857 Heriberti
1243 2814 1306 2853 se
1336 2796 1592 2853 Lothario
1622 2795 1741 2868 regi
1786 2792 2043 2850 commit-

412 2894 499 2950 tit.
529 2893 824 2949 Lotharius
853 2908 948 2957 rex
977 2906 1100 2946 cum
1133 2895 1301 2944 mat'e
1331 2886 1401 2922 ⁰⁷⁹
1456 2892 1511 2940 et
1566 2884 1733 2939 amita
1790 2882 1862 2917 ⁹⁸⁰
1918 2899 2038 2951 sua,

412 2982 605 3038 relicta
636 2980 880 3054 Hugonis
931 2979 1022 3046 9⁸³,
1061 2976 1280 3033 obviam
1338 2974 1517 3053 pergit
1549 2973 1604 3028 in
1630 2988 1833 3046 pagum
1858 2970 2043 3027 Cama-

412 3091 703 3134 racensem
736 3071 1008 3129 avunculo
1040 3086 1144 3127 suo
1176 3068 1440 3124 Brunoni.
1472 3066 1678 3122 Videns
1706 3080 1837 3121 vero
1862 3064 2041 3139 Rage—

412 3166 621 3233 narius,
649 3180 761 3220 non
790 3178 952 3234 posse
976 3175 1034 3215 se
1059 3159 1311 3215 venienti
1364 3157 1621 3214 resistere
1670 3153 2035 3221 multitudini,
2061 3177 2112 3248 Ο

411 3255 482 3311 ad
510 3255 821 3310 Brunonem
850 3250 1002 3306 venit
1027 3249 1117 3303 9”.
1152 3249 1216 3303 At
1248 3248 1379 3320 quia
1406 3246 1669 3319 quaesitos
1698 3245 1831 3300 dare
1863 3243 2040 3299 noluit

410 3343 656 3410 obsides,
689 3358 815 3397 eum
846 3341 916 3376 “3
932 3341 1113 3394 Bruno
1167 3336 1671 3408 comprehendens,
1719 3334 1823 3390 sub
1853 3339 2042 3389 custo-

412 3436 504 3491 dia
534 3432 1007 3490 secumdeduxit:
1065 3446 1169 3486 nec
1217 3429 1393 3485 multo
1451 3434 1578 3499 post
1603 3433 1754 3482 trans
1786 3426 2036 3481 Rhenum

411 3527 468 3581 in
499 3525 724 3581 exilium
745 3523 916 3577 misit.
965 3520 1253 3577 Liudulfus
1307 3519 1521 3575 Ottonis
1567 3518 1737 3585 ﬁlius,
1769 3516 1865 3588 qui
1887 3531 2030 3587 pene

410 3621 582 3671 totam
630 3611 946 3668 obtinuerat
1003 3611 1237 3676 italiam,
1293 3609 1449 3676 obiit,
1508 3608 1890 3679 sepeliturque
1917 3605 2033 3660 Ma-

409 3706 613 3782 gontiaa
633 3704 781 3778 apud
805 3713 1053 3762 sanctum
1086 3703 1377 3759 Albanum.
1410 3703 1568 3757 Anno

1045 3790 1409 3847 DCCCCLVIII

410 3898 653 3949 castrum
686 3890 1030 3947 Codiciscum
1044 3888 1268 3960 quidam
1298 3886 1491 3942 fideles
1545 3885 1752 3943 Artoldi
1781 3881 2035 3957 praesulis

412 3982 758 4041 clandestina
788 3981 1017 4052 capiunt
1047 3978 1356 4050 irruptione
1380 3978 1467 4029 9“.
1509 3976 1822 4032 Harduinus
1843 3977 2034 4046 subje-

413 4079 536 4128 ctus
559 4070 830 4138 Tetbaldi,
882 4068 972 4124 cui
1016 4066 1316 4122 Tetbaldus
1370 4065 1517 4119 idem
1564 4063 1918 4120 commiserat
1944 4080 2037 4120 ca-

414 4168 610 4229 strum,
640 4159 837 4216 videns
878 4156 1146 4228 oppidum
1196 4160 1438 4226 captum,
1499 4151 1749 4226 confugit
1800 4152 1869 4186 “5
1908 4168 2031 4208 cum

417 4252 535 4308 suis
565 4252 622 4309 in
652 4267 858 4307 arcem.
890 4248 1017 4303 Erat
1042 4254 1226 4303 autem
1266 4245 1433 4302 turris
1472 4245 1565 4299 illa
1593 4242 1929 4300 ﬁrmissima.
1954 4244 2033 4300 Ad

413 4357 578 4413 quam
633 4337 1058 4415 expugnandam
1111 4334 1344 4392 veniens
1420 4349 1516 4389 rex
1567 4332 1858 4387 Lotharius
1904 4348 2029 4388 cum

413 4434 620 4489 domno
665 4432 886 4488 Artoldo
928 4437 984 4486 et
1043 4427 1329 4485 nonnullis
1378 4425 1503 4481 aliis
1550 4424 1828 4499 episcopis
1866 4431 2030 4497 atque

1540 359 1929 423 FLODOARDL
1948 355 2254 414 CANONICI
2293 354 2625 413 REMENSIS

2062 1813 2115 1882 Β

3643 356 3749 411 481

2052 490 2104 558 Α
2130 485 2397 543 ecclesiae
2426 483 2717 541 Remensis
2753 490 2807 539 et
2837 482 2982 549 aliis,
3022 498 3405 555 quoscumque
3432 482 3631 539 ascisci
3657 499 3757 554 po-

2128 579 2252 645 tuit,
2284 579 2478 634 amicis
2528 577 2772 633 advenit.
2824 577 2973 650 Rege
3003 577 3226 633 tandem
3274 576 3528 633 Lothario
3552 577 3756 632 adven-

2129 667 2695 735 tante,mediantibus
2743 666 3025 721 Heriberto
3069 681 3133 720 ac
3180 664 3441 720 Rotberto
3474 665 3749 731 fratribus,

2134 767 2371 814 castrum
2420 756 2679 825 jussione
2729 755 2976 811 Tetbaldi
3027 754 3296 810 redditur.
3338 755 3457 810 Otto
3513 771 3609 810 rex
3636 756 3756 809 bel-

2135 848 2246 903 lum
2277 849 2346 883 938
2377 848 2644 902 adversus
2691 846 2966 900 Sarmatas
2995 844 3189 899 habuit
3243 844 3332 898 939.
3363 844 3549 900 Bruno
3599 843 3758 900 Colo-

2136 937 2351 993 niensis
2371 935 2824 1006 archiepiscOpus
2870 950 2995 990 cum
3039 933 3282 988 exercitu
3317 932 3757 987 Lothariensiurn

2136 1050 2237 1106 per
2264 1033 2548 1089 Franciam
2575 1030 2943 1104 proﬁciscitur
2992 1030 3051 1085 in
3094 1029 3491 1104 Burgundiam,
3541 1028 3761 1084 locutu-

2139 1143 2234 1182 rus
2258 1142 2385 1182 cum
2416 1124 2701 1181 sororibus
2722 1141 2785 1180 ac
2816 1122 3118 1194 nepotibus
3143 1122 3279 1178 suis.
3307 1123 3465 1177 Anno

2777 1214 3093 1271 DCCCCLIX

2137 1312 2321 1367 Bruno
2344 1311 2542 1366 iterum
2572 1310 2643 1345 ⁹⁹⁰
2686 1309 2743 1364 in
2772 1307 3055 1363 Franciam
3112 1307 3286 1373 venit,
3336 1314 3391 1360 et
3420 1306 3569 1377 apud
3598 1304 3766 1360 Com-

2138 1401 2401 1472 pendium
2436 1417 2558 1456 cum
2615 1398 2810 1472 regina
2853 1412 3045 1453 sorore
3084 1412 3148 1452 ac
3193 1395 3491 1467 nepotibus
3519 1395 3635 1449 suis
3651 1395 3765 1448 dis-

2135 1492 2492 1549 cordantibus
2518 1507 2615 1562 pro
2647 1490 2978 1562 quibusdam
3020 1489 3234 1555 castris,
3286 1492 3408 1559 qnze
3446 1504 3539 1541 rex
3563 1487 3769 1541 Lotha-

2136 1582 2252 1637 rius
2281 1597 2345 1636 ex
2401 1580 2723 1655 Burgundia
2779 1585 3086 1649 receperat,
3137 1576 3476 1649 colloquium
3519 1575 3762 1640 habuit;

2139 1674 2545 1745 obsidibusque
2593 1673 2755 1740 datis,
2815 1688 3006 1743 pacem
3046 1669 3358 1741 interipsos
3400 1684 3580 1740 usque
3597 1668 3670 1721 ad
3696 1667 3759 1700 99‘

2140 1762 2383 1818 futurum
2443 1762 2702 1833 placitum
2748 1761 2817 1795 9”
2878 1760 3106 1832 pepigit.
3164 1758 3451 1813 Lotharius
3492 1774 3587 1812 rex
3637 1772 3761 1810 cum

2141 1861 2314 1907 matre
2368 1851 2560 1923 regina
2593 1849 2874 1906 Coloniam
2934 1848 3308 1920 proﬁciscitur
3349 1848 3418 1882 993
3472 1847 3530 1901 in
3559 1844 3765 1900 diebus

2140 1946 2380 2018 paschae,
2413 1952 2724 2001 moraturus
2750 1944 2852 1999 hac
2880 1943 3175 1998 festivitate
3206 1959 3331 1998 cum
3357 1941 3633 1996 avunculo
3665 1954 3765 1994 suo

2140 2037 2415 2091 Brunone.
2461 2035 2706 2106 Dataque
2754 2034 2831 2088 illi
2902 2032 3197 2089 securitate
3252 2031 3322 2085 de
3353 2046 3525 2105 regno
3568 2030 3767 2084 Lotha-

2141 2129 2346 2196 riense,
2397 2136 2452 2183 et
2502 2126 2832 2199 quibusdam
2863 2127 3109 2197 acceptis
3158 2124 3227 2179 ab
3275 2122 3546 2179 avunculo
3577 2121 3765 2187 donis,

2142 2221 2468 2277 Laudunum
2498 2219 2810 2276 revertitur.
2872 2218 3258 2274 Lotharienses
3287 2232 3319 2270 a
3372 2216 3513 2270 duce
3551 2215 3768 2269 Bruno-

2142 2330 2213 2369 ne
2263 2314 2333 2349 99‘
2380 2313 2714 2380 desciscunt,
2755 2311 3025 2367 suadente
3078 2309 3611 2382 quodamlmmone,
3675 2305 3768 2378 qui

2143 2402 2265 2470 ejus
2294 2402 2509 2474 pridem
2543 2402 2894 2458 consiliarius
2921 2401 3179 2456 extiterat
3208 2406 3260 2455 et
3290 2398 3359 2454 ab
3379 2413 3445 2453 eo
3475 2413 3660 2468 nuper
3689 2413 3769 2451 re-

2142 2503 2404 2561 cesserat,
2434 2502 2659 2566 propter
2716 2493 2923 2564 oppida
2953 2494 3205 2564 quaedam
3254 2492 3499 2563 ipsorum
3532 2489 3765 2552 novitia,

2141 2598 2265 2653 qua:
2331 2584 2477 2638 idem
2530 2583 2639 2637 dux
2684 2583 2857 2637 everti
2890 2581 3269 2653 praecipiebat,
3327 2579 3548 2649 aliaque
3595 2592 3767 2631 onera

2143 2672 2278 2742 ipsis
2307 2672 2376 2707 995
2404 2672 2646 2741 insueta,
2677 2688 2800 2743 quae
2844 2670 3262 2740 illisimponere
3293 2667 3435 2723 velle
3463 2666 3763 2721 ferebatur.

2143 2761 2354 2825 Quibus
2372 2760 2728 2831 postmodum
2759 2757 3000 2812 evocatis
3046 2758 3135 2825 9“,
3186 2756 3534 2811 Fredericum
3589 2771 3767 2826 quen-

2142 2850 2266 2904 dam
2291 2848 2550 2905 comitem
2581 2848 2664 2902 eis
2684 2847 2803 2901 vice
2826 2861 2925 2899 sua
2972 2845 3235 2916 praefecit.
3269 2843 3533 2898 Arnulfus
3581 2859 3766 2899 comes

2143 2938 2327 2994 Remis
2355 2938 2526 3004 venit,
2558 2943 2613 2992 et
2641 2935 2945 2992 aecclesiam
2967 2940 3168 2990 sanctae
3201 2933 3384 2990 Maria:
3405 2948 3520 2989 non
3544 2933 3763 2989 modico

2141 3030 2357 3106 argenti
2402 3030 2649 3101 pondere
2707 3027 3015 3083 muneravit
3074 3044 3088 3093 ;
3148 3027 3298 3081 unde
3341 3041 3502 3092 arcas,
3561 3025 3767 3098 quibus

2140 3122 2317 3177 sancti
2333 3121 2518 3176 Calisti
2549 3120 2616 3154 ’97
2648 3119 2938 3191 sanctique
2973 3117 3173 3174 Nicasii
3225 3134 3289 3173 ac
3336 3125 3538 3173 sanctae
3570 3118 3766 3172 Eutro-

2142 3213 2511 3286 piazmembra
2567 3219 2989 3282 ceterorumque
3037 3218 3352 3266 sanctorum
3412 3211 3766 3282 quorundam

2142 3307 2376 3382 pignera
2406 3304 2785 3372 continentur,
2808 3311 3017 3358 ornata:
3058 3304 3142 3359 vel
3166 3310 3442 3372 coopertae
3489 3302 3559 3336 993
3615 3310 3765 3358 sunt.

2142 3395 2250 3451 Sed
2290 3403 2346 3449 et
2397 3394 2675 3465 quendam
2707 3392 3120 3467 evangeliorum
3177 3391 3336 3460 hujus
3393 3391 3665 3446 aecclesiae
3696 3391 3765 3445 li-

2141 3484 2300 3539 brum
2333 3498 2466 3538 auro
2497 3486 2839 3556 argentoque
2889 3479 3170 3536 decoravit
3199 3497 3213 3546 ;
3258 3480 3598 3535 monasterio
3630 3494 3766 3550 quo-

2135 3588 2244 3645 que
2269 3572 2338 3607 99°
2367 3570 2544 3627 sancti
2596 3569 2832 3644 Remigii
2878 3569 3026 3624 dona
3065 3568 3314 3635 contulit,
3371 3566 3616 3623 Castrum
3676 3567 3764 3622 Di-

2134 3659 2466 3716 vionem1°°°
2494 3658 2794 3715 Rotbertus
2823 3672 3010 3714 comes
3044 3658 3275 3726 invadit,
3318 3657 3463 3730 regis
3515 3657 3764 3728 expulsis

2137 3752 2417 3808 ﬁdelibus.
2472 3750 2820 3822 Quapropter
2866 3750 3075 3806 accitus
3134 3750 3221 3785 ¹⁰⁰¹
3274 3750 3454 3804 Bruno
3509 3748 3665 3822 regis
3703 3764 3763 3802 ac

2134 3845 2342 3917 reginae
2382 3844 2652 3915 petitione
2676 3887 2690 3911 ,
2724 3842 2780 3897 in
2822 3843 3193 3917 Burgundiam
3221 3841 3370 3898 venit
3390 3856 3515 3896 cum
3549 3840 3646 3874 ¹⁰⁰²
3668 3840 3763 3894 Lo-

2135 3933 2505 3989 thariensibus
2536 3931 2771 4004 aliisque
2803 3931 2907 3986 sibi
2942 3931 3182 3986 subditis
3202 3930 3456 4003 populis;
3490 3928 3755 3998 idemque

2135 4029 2395 4089 castrum,
2453 4021 2551 4075 sed
2609 4028 2664 4075 et
2709 4020 2904 4075 Trecas
2940 4020 3215 4075 civitatem
3265 4035 3429 4092 quem
3490 4017 3754 4090 praefatus

2134 4112 2446 4184 potiebatur
2474 4112 2790 4181 Rotbertus,
2832 4111 3128 4167 obsidione
3146 4110 3325 4167 vallat.
3345 4111 3501 4166 Anno

2788 4237 3087 4294 DCCCCLX

2131 4351 2279 4423 apud
2306 4352 2614 4407 Almontem
2645 4358 2884 4407 castrum
2928 4350 3242 4423 proditores
3298 4346 3528 4419 quidam
3555 4347 3755 4419 deprea

2132 4444 2291 4500 hcnsi
2311 4449 2439 4500 sunt
2465 4460 2496 4499 a
2521 4443 2791 4508 Manasse,
2835 4450 3039 4514 nepote
3073 4441 3263 4497 domni
3291 4440 3501 4496 Artoldi
3545 4456 3755 4510 praesu-

415 4526 733 4622 οοῐῐξίίίδιιε,
766 4523 1170 4622 Ρθξάυδξ-ῗθῐξθ
1190 4520 1985 4622 ιδξιΠ-(Ῥδδίάθίξδάρῐξιξίξξδε
2014 4539 2109 4622 iD
2133 4537 2221 4605 lis,
2253 4553 2317 4591 ac
2341 4536 2583 4592 damnati
2617 4536 2919 4607 suspendio
2949 4535 3115 4603 ;inter
3133 4549 3272 4606 quos
3327 4532 3494 4587 etiam
3541 4532 3755 4603 presbi-

412 4619 638 4676 tandem
670 4618 966 4690 nepotibus
1001 4615 1265 4672 Harduini
1313 4616 1384 4650 9“
1420 4613 1666 4686 acceptis
1714 4612 2029 4681 obsidibus,

410 4707 480 4762 ab
511 4706 809 4763 obsidione
836 4705 1161 4761 disceditur.
1208 4705 1341 4760 Tum
1381 4702 1678 4759 Tetbaldus
1706 4702 2031 4773 adveniens,

412 4797 622 4871 Oppido
666 4813 778 4854 non
834 4797 1120 4868 recipitur,
1152 4812 1517 4868 reversusque
1541 4812 1642 4867 per
1664 4811 1867 4869 pagum
1894 4794 2033 4850 Lau-

412 4889 727 4971 dunensem
779 4897 833 4946 et
883 4888 1276 4946 Suessonicum
1333 4888 1543 4959 rapinis
1597 4885 1927 4953 desaeviens,
1975 4886 2034 4941 in

411 5000 513 5039 sua
537 4983 864 5057 regreditur.
898 4982 1159 5039 Homines
1178 4980 1425 5036 Tetbaldi
1442 4980 1803 5036 munitionem
1835 4979 2035 5051 [quan-

413 5075 539 5131 dam
583 5076 698 5148 937],
742 5092 863 5149 quae
899 5082 1127 5132 vocatur
1164 5075 1319 5141 Fara,
1365 5071 1716 5128 tradentibus
1771 5086 1893 5126 eam
1923 5071 2032 5126 sibi

413 5168 747 5239 quibusdam
792 5170 1192 5242 proditoribus,
1239 5169 1483 5241 capiunt.
1539 5167 1619 5222 Ad
1667 5181 1832 5239 quam
1881 5166 2033 5222 obsi-

411 5259 652 5316 dendam
683 5261 880 5319 Rorico
932 5263 1132 5335 praesul
1163 5260 1566 5329 Laudunensis,
1606 5275 1731 5316 cum
1764 5258 2036 5315 militibus

2132 4633 2215 4681 ter
2259 4626 2505 4697 quidam.
2548 4625 2776 4680 Munitio
2851 4641 3015 4696 quam
3088 4632 3286 4680 vocant
3334 4624 3597 4680 Macerias
3644 4625 3753 4689 “’03,

2134 4717 2239 4772 sita
2271 4718 2361 4752 ¹⁰⁰⁵
2401 4733 2568 4787 supra
2625 4717 2827 4773 Mosam
2883 4716 3026 4771 infra
3073 4724 3270 4772 terram
3327 4716 3614 4771 Remensis
3651 4733 3754 4772 aec-

2133 4809 2335 4877 clesiae,
2367 4809 2588 4864 Artoldo
2616 4808 3034 4880 archiepiscOpo
3089 4809 3342 4865 redditur
3408 4808 3616 4879 [coram
3667 4810 3753 4843 ¹⁰⁰⁵

2134 4898 2424 4953 Frederico
2499 4897 2941 4953 Lothariensium
2995 4898 3155 4970 duce]
3217 4914 3249 4953 a
3297 4897 3613 4963 Lantberto,
3662 4896 3753 4969 qui

2135 5006 2256 5044 eam
2288 4996 2476 5046 tenere
2494 4989 2914 5060 prohibebatur.
2950 4989 3252 5045 Richardus
3282 4988 3429 5044 ﬁlius
3472 4988 3752 5056 Willelmi,

2133 5081 2594 5136 Nortmannorum
2626 5080 2895 5152 principis
2919 5080 3032 5149 ¹⁰⁰⁶,
3075 5079 3240 5136 filiam
3262 5080 3529 5155 Hugonis,
3560 5079 3756 5135 Trans-

2136 5169 2369 5242 sequani
2398 5169 2488 5203 ¹⁰⁰τ
2506 5169 2784 5242 quondam
2837 5169 3121 5241 principis,
3178 5170 3331 5226 ducit
3370 5169 3460 5203 ¹⁰⁰⁸
3506 5185 3750 5224 uxorem.

2137 5258 2427 5315 Divionem
2484 5259 2761 5331 quandam
2815 5259 3204 5328 munitionem,
3238 5276 3401 5332 quam
3466 5259 3612 5334 regis
3664 5259 3753 5314 Lo-

1662 5376 1675 5387 ‘
1769 5366 1992 5424 VARIAE
2013 5366 2395 5424 LECTlONES.

487 5465 559 5502 973
588 5467 815 5545 hayrico
848 5470 1006 5545 1._cf,
1050 5472 1225 5545 _Hugo
1259 5473 1376 5545 __Y.,
1427 5469 1683 5545 hainrico
1737 5469 1790 5526 2.
1836 5468 2085 5545 bein‘rico
2129 5469 2184 5524 3.
2218 5468 2288 5503 97‘
2353 5470 2731 5545 catalaunensi
2780 5471 2834 5545 2.
2863 5470 2939 5545 οττξ
2960 5449 3252 5545 ’θρίεοορο
3306 5473 3359 5529 2.
3393 5473 3445 5529 3.
3477 5473 3549 5509 97°
3577 5474 3752 5529 media

416 5546 581 5625 noete
598 5538 1021 5625 62.nfz7‘adr‘n.“
1042 5538 1208 5625 2:..3.
1254 5538 1786 5625 1"’“gzitmbianensem
1960 5541 2310 5625 οπηηλωευε
2354 5540 2406 5605 2,
2458 5542 2512 5598 3.
2570 5543 2640 5625 οξθ
2671 5543 2871 5625 Αᾶῐηέοᾶ
2913 5543 2993 5625 3'.
3026 5538 3092 5578 '9‘"
3152 5538 3361 5617 h'ugoni
3418 5546 3472 5599 1.
3502 5547 3555 5602 3.
3599 5546 3668 5580 ⁰³²
3703 5562 3746 5599 v.
3812 5540 3817 5547 ’

412 5609 567 5683 51518.
598 5611 653 5666 2.
705 5607 777 5683 θέε
804 5609 1038 5683 deest}.
1074 5612 1146 5647 9“
1195 5613 1503 5683 irreptione
1532 5615 1587 5667 2.
1658 5612 1977 5683 inruptione
2026 5612 2080 5668 3.
2140 5610 2210 5647 9⁸³
2262 5628 2312 5668 c.
2371 5629 2416 5667 s.
2478 5614 2628 5670 conf.
2669 5614 2724 5671 2.
2775 5613 2834 5671 3.
2887 5613 2959 5649 ⁹⁸⁶
3006 5607 3308 5671 ανάιιίηἰυὲ.
3342 5616 3397 5671 2.
3428 5617 3497 5651 997
3526 5618 3671 5672 deest
3702 5616 3749 5669 1.

410 5677 481 5715 ³⁸⁸
529 5682 677 5737 deest
731 5679 788 5744 2,
841 5679 896 5733 3.
948 5680 1018 5715 “9
1082 5683 1257 5737 habiit

408 5751 557 5810 schte
609 5749 1095 5820 m.1.”‘iB.d,.
1138 5753 1193 5807 2.
1247 5754 1297 5808 3.

1351 5726 1362 5739 .
1410 5684 1493 5765 “9°.
1529 5684 1695 5764 etiam
1753 5685 1818 5765 2..
1863 5683 1915 5737 3.
1969 5684 2035 5719 ⁹⁰¹
2088 5684 2145 5765 in
2200 5683 2253 5737 3.
2302 5684 2373 5718 ’9‘
2421 5684 2458 5739 f.
2516 5694 2735 5768 tempus
2781 5685 2971 5757 placiti
3032 5687 3087 5741 2.
3116 5687 3168 5742 3.
3199 5686 3268 5722 9‘3
3304 5704 3467 5793 p—r,
3503 5688 3541 5755 i,
3572 5688 3630 5756 d,
3662 5704 3752 5769 pa-

1356 5755 1425 5790 995
1480 5754 1588 5793 ιΙΙιςι
1634 5755 1669 5793 9
1750 5755 1821 5788 091)
1873 5760 2144 5793 ravnnnhc
2217 5754 2251 5793 9
2326 5755 2358 5793 2
2410 5756 2479 5790 997
2534 5757 2717 5793 malan
2750 5756 2783 5793 2
2833 5757 2904 5792 998
2931 5760 3218 5793 nnmnhn‘
3279 5757 3748 5793 99mnnnalnnun-

1480 5754 1589 5809 illis
1634 5755 1687 5808 2.
1750 5755 1821 5788 ⁰⁰⁶
1873 5754 2164 5810 revocatis.
2217 5754 2272 5809 2.
2326 5755 2379 5810 3.
2410 5756 2479 5790 997
2534 5754 2719 5813 calixti
2749 5754 2803 5814 3.
2833 5757 2904 5792 9”
2931 5763 3165 5814 comntaz
3194 5760 3247 5813 1.
3279 5754 3349 5794 πυ

3099 5763 3165 5813 ιω
3194 5760 3247 5813 1.
3279 5760 3349 5794 9’9
3376 5760 3748 5815 monasterio—

449 5775 557 5810 Lzme
609 5775 682 5809 In.
722 5775 778 5806 1.
812 5775 991 5829 “tu.
1027 5775 1095 5820 u,-
1139 5775 1193 5807 τ.
1247 5775 1297 5808 ῡ.
1357 5775 1425 5790 ’συ
1480 5775 1589 5809 llllS
1635 5775 1687 5808 Ζ.
1752 5775 1821 5788 νυν
1873 5775 2164 5810 revocatis.
2217 5775 2272 5809 Ζ.
2326 5775 2379 5810 ό.
2412 5775 2475 5790 "'
2534 5775 2719 5813 cauxu
2749 5775 2803 5814 ὅ.
2835 5775 2904 5792 "'°
2931 5775 3052 5813 com
3099 5775 3165 5813 UB
3194 5775 3247 5813 1.
3281 5775 3349 5794 ’νυ
3376 5775 3745 5815 monaSterio—

449 5838 521 5881 ue
550 5824 606 5892 2,
656 5822 749 5859 ¹⁰⁰⁰
800 5820 1087 5892 divtonum
1142 5824 1196 5878 2.
1262 5825 1312 5879 3.
1375 5824 1461 5859 ¹⁰⁰¹
1519 5825 1801 5879 accinctus
1857 5825 1912 5882 3.
1972 5826 2063 5860 ¹⁰⁰²
2115 5826 2287 5880 deest.
2333 5826 2389 5882 2.
2448 5827 2539 5862 ¹⁰⁰³
2594 5827 2855 5883 materias
2899 5829 2955 5883 2.
2988 5775 3269 5884 ‘00Psitam
3312 5831 3364 5885 3.
3402 5831 3494 5865 ¹⁰⁰δ
3524 5848 3574 5885 c.
3609 5830 3666 5884 F.
3700 5830 3745 5883 L.

454 5935 467 5949 .
502 5890 697 5953 desunt
726 5895 780 5950 1.
810 5890 904 5925 ¹⁰⁰⁶
932 5892 1191 5964 princeps
1218 5892 1274 5959 2,
1298 5894 1349 5950 3.
1384 5894 1474 5929 ¹⁰⁰⁷
1506 5901 1643 5949 tram
1688 5896 1997 5964 Sequanam
2019 5895 2073 5952 2.
2104 5896 2160 5952 3.
2184 5895 2276 5929 ¹⁰⁰⁸
2305 5895 2461 5952 duxit
2485 5897 2536 5955 3.
2894 5910 2903 5917 '
