3874 6410
123 409 224 465 489

1626 413 1950 469 ANNALES.

3366 407 3472 464 490

123 542 739 623 ιςειφςιιίρειῖῃθαιοιιτςξ
760 559 919 623 πιαῃ-
991 561 1118 623 mus
1170 543 1421 623 fadeptus
1465 551 1548 623 est
1593 545 1738 623 jura.
1766 557 1819 623 Α
1844 549 1952 599 tate
1982 543 2226 598 redditas
2278 541 2482 617 gratias
2513 540 2644 604 ,vita
2682 539 2940 604 decessit,
2974 537 3231 594 videlicet
3281 537 3474 613 vigilia

123 616 234 670 dat.
266 614 530 668 Mat/tilde
557 617 609 668 et
644 616 923 671 Alberada
995 617 1128 672 Mira
1149 624 1204 672 et
1232 614 1476 672 inaudita
1509 617 1745 672 inunda-

123 688 248 756 ναίω
317 687 544 760 [uerunt
614 687 912 755 Gerbergw.
988 689 1066 744 tio
1097 689 1364 760 pluvizcet
1391 689 1573 760 fragor
1605 689 1745 743 toni-

125 735 196 814 'De
221 735 482 812 Mathilde
514 735 777 832 processit
804 735 913 816 ἧο-
986 735 1540 832 ti‘uifac‘c‘enus-cat‘io
1571 735 1744 832 fulgo-

125 831 307 897 dulfus
370 845 488 894 rex,
531 834 581 882 et
623 830 909 887 Mathild-is
984 831 1059 886 ris
1089 829 1303 886 decima
1343 831 1614 886 Katendas
1641 829 1743 886 Au-

124 917 270 956 soror
321 900 473 974 ejus.
510 903 586 954 De
623 901 904 956 Alberada
975 903 1120 974 gusti
1147 902 1348 958 accidit
1377 904 1573 958 1035967
1615 904 1721 958 9‘58

86 973 522 1028 'Ermentrudis.
616 973 693 1027 De
777 976 900 1029 Ma-
972 973 1096 1028 969.

126 1045 292 1098 thilde
315 1045 434 1112 ﬂlia
456 1043 740 1098 Mathildw
771 1047 902 1100 Ber-
973 1046 1100 1102 970.

127 1121 221 1170 ta.
335 1117 411 1168 De
541 1117 902 1172 Ermentrude
973 1119 1097 1172 971.

123 1188 320 1254 Agnes.
352 1190 428 1241 De
459 1187 620 1240 Berta
641 1189 904 1244 Ceraldus
977 1189 1102 1243 972.

126 1259 458 1313 Genevensis.
530 1261 605 1312 De
690 1261 902 1327 Agnete
973 1261 1097 1314 973.

132 1330 288 1385 Wido
319 1329 482 1384 ¹⁰⁸²-⁴.
971 1333 1099 1386 974.

190 1639 349 1694 Anno
373 1638 479 1695 976
505 1637 778 1694 destruxit
831 1637 1381 1708 Adelbcrognominc
1412 1653 1523 1694 non
1554 1637 1750 1695 merito

123 1733 600 1804 archiepiscopus,
653 1739 938 1788 arcuatum
989 1747 1150 1804 epus,
1213 1732 1362 1804 quod
1415 1738 1536 1786 erat
1589 1747 1752 1786 secus

124 1824 304 1880 valvas
357 1823 624 1879 (ecclesias
676 1831 882 1879 sanctae
940 1824 1119 1880 Maria)
1175 1824 1464 1879 Remensis
1518 1839 1536 1892 ;
1584 1839 1751 1894 supra

1845 635 2016 692 sancti
2049 637 2268 692 Thema:
2320 633 2556 706 apostoli
2599 639 2723 704 post
2749 631 2943 686 laudes
2974 631 3071 686 Dei
3099 629 3470 686 matutinales.

1848 729 1972 800 lpso
1995 742 2141 782 anno
2173 726 2318 783 circa
2347 741 2598 781 mensem
2655 724 2957 797 Augustum
2986 731 3201 795 septem
3229 722 3474 778 denariis

1846 815 2134 872 emcbatur
2162 814 2274 870 vini
2306 814 2545 869 modius.

1919 909 2073 964 Auno
2096 908 2200 964 977
2244 907 2516 962 Adalbero
2575 904 2933 975 1"*",juvei1is,
2981 904 3078 976 qui
3126 912 3244 959 erat
3268 919 3334 958 ex
3367 903 3474 958 Lo-

1847 997 2011 1053 tharii
2038 1005 2200 1052 natus
2250 1013 2440 1072 regno,
2485 994 2744 1052 Roriconi
2775 995 3040 1065 episcOpo
3081 992 3348 1049 successit
3379 993 3474 1047 tali

1847 1085 2032 1149 modo.
2067 1093 2314 1164 Septima
2361 1091 2576 1147 decima
2631 1091 2722 1126 ¹⁰⁹²
2753 1089 3025 1145 Kalendas
3075 1087 3380 1150 Februarii,
3415 1087 3471 1142 in

1848 1189 2029 1244 natale
2058 1189 2234 1244 sancti
2271 1188 2508 1244 Marcelli
2533 1187 2933 1259 papze,donum
2952 1187 3225 1257 episcOpii
3257 1185 3477 1239 Laudu-

1849 1281 2039 1336 nensis
2064 1281 2328 1337 accclesias
2388 1281 2442 1334 in
2471 1281 2589 1350 ipsa
2641 1277 3136 1350 accepitzecclesia
3191 1277 3473 1332 Lautharii

1849 1371 1998 1444 regis
2031 1371 2342 1446 largitione.
2398 1370 2608 1425 Deinde
2630 1386 2804 1425 nonas
2834 1369 2926 1402 “’93
2949 1367 3220 1422 Kalendas
3250 1365 3472 1437 Aprilis,

1847 1460 2040 1533 vigilia
2067 1461 2326 1515 videlicet
2357 1459 2795 1514 annuntiationis
2849 1457 3164 1522 dominicas,
3197 1454 3477 1527 presbiter

1851 1563 1935 1608 est
1957 1553 2046 1587 ¹⁰⁰⁴
2075 1553 2364 1608 ordinatus
2421 1552 2476 1606 in
2508 1551 2827 1623 praescripta
2857 1557 3058 1606 sanctae
3081 1549 3261 1604 Mariae
3281 1548 3474 1604 accele—

1851 1643 1934 1699 sia
1971 1645 2040 1699 ab
2087 1643 2508 1714 archiepiSCOpo
2567 1643 2918 1698 Adelberone
2973 1641 3178 1698 Remis.
3221 1640 3474 1713 Denique

1849 1735 1944 1771 ²⁰⁹⁵
1972 1744 2161 1806 postea
2191 1735 2465 1790 Kalendas
2519 1735 2722 1806 Aprilis
2749 1734 3045 1804 episcopus
3065 1739 3148 1788 est
3187 1733 3475 1788 ordinatus

1853 1827 1908 1882 in
1926 1835 2115 1884 sancto
2148 1827 2454 1900 palmarum
2501 1827 2614 1882 die.
2671 1825 2805 1880 Exin
2863 1825 3187 1880 Laudunum
3230 1825 3472 1890 rediens,

123 1916 270 1988 quod
317 1917 490 1972 altare
544 1917 718 1972 sancti
774 1917 1071 1972 Salvatoris
1129 1917 1457 1982 habebatur,
1486 1926 1542 1972 et
1571 1916 1752 1972 fontes
1779 1921 2066 1989 Bsacrum
2113 1915 2356 1970 chrisma
2399 1915 2633 1970 sacravit
2713 1914 3106 1970 accclesiastico
3153 1930 3329 1984 more,
3381 1914 3474 1968 die

120 2009 260 2064 miro
289 2025 462 2081 opere
488 2016 646 2064 erant
679 2009 866 2080 positi.
900 2010 958 2063 Et
991 2008 1048 2064 in
1081 2009 1203 2080 ipso
1235 2017 1484 2081 tempore
1517 2011 1750 2082 quadra-

123 2096 350 2170 gesimae
379 2095 493 2164 ¹⁰⁸⁶,
525 2096 753 2166 majoris
809 2097 1132 2153 ebdomada:
1164 2099 1302 2153 feria
1331 2107 1545 2170 quarta,
1589 2099 1750 2154 tertia

123 2187 338 2241 decima
383 2186 660 2241 Kalendas
715 2187 836 2241 Maii
890 2187 1126 2242 indietio
1181 2188 1271 2222 ¹⁰⁸⁷
1327 2199 1542 2260 quarta,
1600 2187 1747 2242 circa

126 2279 365 2334 mediam
399 2279 571 2348 diem,
624 2279 830 2335 bellum
887 2281 1069 2354 agitur
1125 2283 1268 2337 inter
1296 2282 1572 2347 Karolum,
1604 2281 1747 2356 regis

120 2371 290 2427 ﬁlium
318 2371 544 2428 fratrem
577 2372 746 2442 (143),
779 2380 834 2428 et
856 2373 1212 2429 Godcfridum
1243 2383 1408 2446 atque
1433 2375 1742 2441 Arnulfum,

118 2460 509 2517 Lotharienses
561 2462 812 2516 comites.
857 2465 916 2517 In
973 2480 1084 2535 quo
1124 2463 1276 2530 bello
1326 2465 1651 2519 ceciderunt
1681 2481 1742 2519 ex

118 2562 269 2627 parte
322 2555 510 2610 Karoli
565 2556 637 2610 de
673 2556 999 2626 proceribus
1054 2557 1241 2612 Emmo
1271 2557 1342 2612 de
1395 2557 1620 2633 Longia,
1653 2558 1747 2629 qui

119 2647 226 2700 eral
253 2646 420 2701 miles
450 2646 697 2720 llugonis
722 2647 902 2716 ducis,
933 2655 986 2703 et
1019 2648 1193 2703 Hetdo
1240 2648 1330 2683 ¹⁰⁸⁸
1358 2647 1537 2703 fidelis
1569 2649 1750 2704 Karoli

122 2745 175 2792 et
199 2737 292 2793 alii
328 2755 344 2806 ;
381 2755 447 2793 ex
503 2745 656 2809 parte
705 2755 837 2794 vero
891 2739 1174 2796 Godefridi
1229 2740 1403 2796 multo
1429 2739 1618 2810 plures
1651 2757 1664 2805 ;
1697 2745 1750 2794 et

119 2827 234 2899 ipse
259 2827 600 2884 Godefridus
621 2829 812 2884 lancea
839 2829 1124 2900 perfossus
1163 2829 1231 2884 ad
1262 2836 1462 2884 terram
1496 2829 1698 2884 cecidit
1730 2846 1744 2894 ;

121 2919 342 2975 tandem
378 2935 412 2974 a
441 2919 558 2974 suis
587 2929 710 2990 post
741 2919 876 2973 solis
896 2933 1152 2974 occasum
1166 2929 1466 2992 utcumque
1495 2920 1748 2974 sublatus

118 3011 553 3083 deportatusque
583 3017 686 3066 est.
719 3011 818 3076 Qui
866 3020 1058 3082 postea
1083 3027 1184 3082 per
1229 3012 1406 3084 spatia
1437 3019 1747 3084 temporum

117 3101 270 3168 vixit,
335 3101 444 3157 sed
504 3117 806 3173 numquam
856 3101 1104 3171 pristina:
1159 3101 1380 3158 sanitati
1428 3103 1748 3173 plenissime

121 3194 409 3249 restitutus
435 3191 558 3248 fuit.
590 3192 850 3248 Arnulfus
875 3193 1112 3264 quippe,
1135 3201 1198 3248 ut
1227 3192 1412 3248 ferunt
1471 3193 1746 3262 nonnulli,

1849 2020 1980 2060 vero
2025 2005 2244 2075 paschae
2275 2002 2515 2076 primum
2570 2003 2662 2037 ¹⁰θ⁶
2714 2004 2768 2056 in
2825 2003 3047 2074 propria
3077 2003 3286 2058 resedit
3316 2004 3469 2058 sede.

1849 2096 2114 2152 Hadulqu
2149 2097 2534 2152 Noviomensis
2587 2096 2903 2167 episcopus,
2960 2097 3242 2152 nativitate
3299 2095 3477 2152 sancti

1849 2186 2063 2257 prolixo
2097 2185 2320 2257 paralisi
2349 2185 2590 2257 pessime
2623 2201 2945 2256 percussus,
2976 2185 3264 2240 nativitatc
3297 2185 3474 2240 sancti

1847 2282 2117 2338 Johannis
2137 2283 2409 2354 Baptistae,
2443 2299 2566 2353 quae
2583 2288 2696 2335 tum
2722 2281 2990 2352 temporis
3022 2280 3302 2336 dominica
3321 2281 3473 2336 acci-

1849 2374 1928 2430 dit
1959 2374 2068 2439 die,
2101 2375 2360 2445 spiritum
2417 2373 2691 2428 exhalavit
2749 2374 2860 2423 “’97.
2896 2372 3022 2442 Ipso
3050 2389 3195 2428 anno
3227 2383 3475 2444 tempore

1845 2466 2138 2522 vindemiae
2165 2481 2366 2537 magna
2414 2463 2515 2518 fuit
2561 2464 2722 2533 cepia
2770 2463 2905 2528 vini,
2940 2463 2995 2517 iu
3028 2472 3238 2518 tantum
3271 2471 3332 2519 ut
3363 2479 3473 2519 non

1847 2557 2085 2626 amplius
2115 2571 2214 2626 pro
2240 2570 2350 2610 uno
2397 2553 2510 2607 vini
2559 2553 2648 2587 ³09⁸
2688 2554 2874 2609 modio
2904 2553 3224 2609 venditores
3242 2553 3344 2606 nisi
3379 2561 3476 2607 aut

1849 2645 2097 2718 quinque
2119 2655 2210 2700 aut
2235 2651 2497 2716 quattuor
2516 2657 2616 2698 seu
2645 2644 2858 2698 tresw”
2877 2643 3138 2698 denarios
3168 2643 3235 2696 ab
3263 2649 3476 2714 empto-

1850 2743 2004 2798 ribus
2021 2740 2392 2812 accipiebant.

1923 2836 2078 2890 Anno
2130 2833 2236 2890 978
2278 2833 2358 2889 vir
2404 2831 2620 2888 Domini
2679 2831 3032 2887 lllalcallanus
3086 2833 3199 2900 “0°,
3248 2832 3476 2888 natione

1849 2925 2197 2991 Hibernicns,
2230 2925 2287 2978 in
2310 2923 2494 2996 vigilia
2524 2923 2700 2980 sancti
2749 2924 3020 2978 Vincentii
3045 2923 3224 2979 levitze
3247 2929 3301 2978 et
3330 2939 3476 2978 mar-

1852 3019 1971 3072 tiris
1987 3015 2569 3081 vitamtransitoriam,
2597 3030 2760 3086 quam
2789 3015 3034 3070 habebat
3091 3029 3312 3070 exosam
3363 3014 3476 3082 “0',

1851 3113 2122 3178 deseruit,
2154 3118 2210 3166 et
2229 3127 2353 3166 cum
2371 3111 2480 3165 Deo
2507 3109 2652 3176 vivo,
2705 3109 2791 3164 cui
2825 3110 2915 3144 ¹¹⁰²
2939 3109 3325 3165 indesinenter
3343 3108 3474 3163 dum

1849 3202 2031 3256 adhuc
2045 3201 2252 3254 viveret
2271 3198 2502 3254 servivit
2550 3198 2660 3264 “03,
2688 3197 2874 3252 vivere
2907 3198 3140 3252 tcliciter
3169 3197 3468 3256 inchoavit.

123 3288 302 3365 fugam
332 3288 551 3346 tamdiu
575 3305 828 3344 remeans
879 3290 1075 3358 tenuit,
1135 3305 1426 3361 quousque
1460 3290 1512 3344 in
1534 3290 1758 3362 prepria
1781 3295 1829 3363 C
1854 3292 1951 3359 Qui
1973 3292 2232 3364 praefatus
2257 3290 2428 3346 abbas
2476 3289 2532 3344 in
2557 3289 2650 3323 “0‘
2675 3303 2904 3360 corpore
2926 3289 3201 3355 humatus,
3236 3289 3477 3360 quiescit

120 3385 371 3453 veniens,
405 3383 698 3456 quiescere
724 3381 900 3455 quivit
949 3383 1072 3454 Ipso
1105 3383 1159 3436 in
1184 3399 1328 3438 anno
1353 3384 1512 3438 tertia
1539 3383 1754 3438 decima
1855 3389 1909 3443 in
1937 3387 2185 3443 aecclesia
2213 3385 2360 3440 beati
2419 3383 2701 3438 Michaelis
2744 3383 3089 3458 archangeli;
3119 3384 3274 3453 cujus
3299 3383 3474 3439 abba—

121 3472 395 3530 Kalendas
421 3473 670 3530 Januarii
699 3475 898 3545 praesul
930 3473 1130 3530 Rorico
1185 3480 1391 3528 sanctae
1417 3473 1754 3528 Lauduncu-
1853 3477 2008 3545 tiam,
2030 3477 2158 3532 dum
2185 3473 2547 3546 corporaliter
2594 3473 2650 3526 in
2700 3473 2807 3528 hoc
2859 3473 3048 3528 seculo
3091 3474 3282 3530 vivens
3312 3489 3474 3528 mau-

121 3565 195 3622 sis
222 3568 518 3634 aecclesiae,
551 3567 647 3639 qui
703 3577 820 3622 erat
872 3567 1099 3640 langore
1133 3567 1224 3600 ¹ο⁸⁹
1253 3565 1473 3637 paralisi
1505 3565 1596 3600 ¹⁰⁹⁰
1625 3581 1751 3620 cor-
1853 3569 2053 3635 sitm”,
2085 3567 2178 3640 pio
2203 3564 2582 3622 moderamine
2615 3565 2771 3620 rexit.

114 3666 327 3730 reptus,
355 3665 485 3730 post
514 3657 718 3714 multas
747 3673 812 3714 ac
841 3657 1058 3713 debitas
1088 3658 1199 3713 Deo
1227 3673 1328 3730 pro
1371 3657 1492 3729 ipsa
1517 3656 1754 3714 infirmi-

1665 3811 1954 3890 Explicit.

1489 3950 1708 4006 VARIIE
1741 3950 2118 4007 LECTIONES.

190 4069 340 4111 ¹⁰⁸²-⁴
376 4072 522 4127 Hinc
559 4071 804 4126 dimidim
832 4073 1052 4140 paginas
1105 4073 1346 4140 spatium
1400 4077 1556 4126 vocat
1583 4073 1634 4126 ’1.
1679 4073 1771 4106 ¹⁰⁸δ
1833 4073 1931 4126 Hic
1995 4071 2175 4140 deﬁcit
2205 4069 2357 4124 codd.
2391 4067 2431 4140 2
2455 4081 2513 4140 ει,-
2549 4063 3086 4140 1mquadragesimo
3117 4062 3171 4140 3ἐ
3201 4060 3478 4140 ‘°?f_iiidi-

120 4142 304 4218 ctione
341 4143 449 4218 Δ3.Δ
488 4142 582 4177 ¹⁰⁸⁸
611 4143 686 4218 _d,
995 4145 1046 4198 3.
1108 4133 1212 4218 “33f
1243 4145 1529 4218 languore
1559 4145 1626 4218 ελ
1678 4144 1787 4218 ¹⁰ἓ¹ίξγ
1828 4133 2097 4218 parilisis_
2122 4141 2320 4218 3.”-‘1091
2371 4137 2657 4218 adulberto
2679 4133 2767 4192 ’2,
2791 4133 3111 4218 amicitiem.
3144 4134 3196 4187 3.
3231 4133 3480 4218 1032‘s?-

120 4213 292 4283 ptimo
323 4213 552 4270 decimo
607 4203 683 4269 3.’
731 4214 788 4269 h.
833 4215 924 4248 “’93
983 4231 1130 4270 nona
1187 4215 1240 4269 3.
1305 4203 1456 4270 ῐῗόηο
1504 4215 1556 4269 3.
1602 4203 1667 4268 Ἰ).
1729 4203 1842 4250 ¹⁰⁹⁴’
1871 4217 2014 4268 deest
2067 4213 2120 4268 3.
2167 4213 2257 4247 “’95
2287 4210 2474 4265 Remis
2506 4209 2746 4283 denique
2789 4207 2840 4264 3.
2890 4205 3266 4283 _“’”‘?_p_rima2
3297 4208 3324 4258 ?
3353 4203 3479 4283 3b.

122 4273 209 4357 ῗθῗτ
242 4286 488 4341 exalaxit
535 4285 587 4342 3.
643 4285 764 4357 “’9?
797 4284 907 4357 vini
956 4303 1068 4342 uno
1120 4286 1172 4340 3.
1237 4286 1328 4320 1°99
1359 4302 1414 4357 q.
1457 4301 1682 4343 severos
1744 4287 1800 4341 d.
1843 4287 1892 4341 3.
1931 4285 2023 4320 ¹¹⁰⁰
2066 4283 2411 4357 Malcallinus
2438 4283 2471 4336 3
2518 4273 2856 4336 malcanus3
2889 4281 2940 4334 ι).
2987 4273 3072 4312 ¹¹θ¹
3122 4290 3379 4330 exossam
3405 4273 3473 4328 2.

123 4355 214 4390 ¹²⁰²
245 4374 376 4414 cum
417 4357 658 4414 Domino
681 4355 840 4426 cujus
867 4356 918 4414 3.
957 4359 1047 4392 “03
1079 4355 1393 4414 serviverat“
1415 4357 1470 4425 3,
1515 4359 1606 4394 “0‘
1623 4361 1766 4414 deest
1819 4359 1872 4413 2.
1905 4357 1996 4392 ίίθδ
2027 4372 2073 4410 s.
2107 4361 2357 4411 maneret
2387 4355 2441 4408 3.

1704 4619 1913 4678 NOTAE.

187 4761 340 4836 (143)
372 4761 578 4820 Filium
609 4761 897 4830 Ludovici,
929 4761 1156 4818 fratrem
1193 4761 1460 4829 Lotharii,
1485 4777 1702 4836 regum.

467 5909 771 5970 PATROL.
823 5905 1158 5980 CXXXV.

3142 5903 3214 5964 16
