3874 6428
132 418 226 476 493
646 419 726 473 DE
766 419 1130 475 TRICMPHIS
1170 418 1431 475 CHRISTI
1477 419 1557 474 ET
1598 419 1688 473 SS.
1734 416 2140 473 PALAZSTINXE
2181 418 2357 472 LIBRI
2400 418 2588 473 TRES.
2630 448 2698 457 —
2741 418 2867 473 LIB.
2912 419 2953 475 I.
3367 421 3477 476 494

130 544 380 618 Angelico
392 544 571 598 doctis
595 543 807 598 monitu
838 543 1173 617 pastoribus.
1208 547 1269 601 In
1294 552 1345 601 te
1777 551 1830 617 Α
1857 540 1896 596 0
1914 542 2239 609 Jerusalem,
2262 540 2415 612 pacis
2446 558 2570 613 quae
2597 540 2736 596 visio
2758 542 2905 597 dicta

132 635 351 690 C(BIiCUS
372 642 633 690 ostensus
663 636 821 707 panis
854 652 965 711 quo
998 638 1183 693 vivere
1202 636 1452 712 gaudent
1858 629 2151 685 Paciﬂcum
2191 646 2378 704 regem
2409 631 2626 701 spernis
2656 630 2667 684 l
2698 632 2835 697 Quid
2880 632 3068 687 munia
3108 632 3265 703 pacis

128 726 348 799 Agmina
376 727 525 783 celsa
547 729 684 800 poli,
716 729 922 801 gaudet
950 745 1060 801 quo
1091 729 1275 785 vivere
1308 728 1566 795 mundus,
1851 722 2087 788 Amittis,
2124 724 2333 793 prOprii
2365 723 2639 777 contraria
2670 723 2935 792 nominis,
2964 724 3176 780 audens

129 818 264 888 (146)
300 817 560 872 Primitiis
587 819 813 885 nostris,
842 818 969 874 inte
995 818 1225 874 salvatio
1252 825 1437 873 nostra
1851 814 2143 869 Auctorem
2174 814 2347 885 pacis,
2370 815 2463 886 qui
2504 816 2800 870 conciliare
2823 818 3084 888 supernis

131 909 269 971 Visa,
301 910 537 965 docente
564 919 733 977 astro,
765 911 1081 983 donataque
1098 928 1331 967 munere
1362 911 1549 984 digno,
1852 905 1957 959 Res
1986 905 2122 975 petit
2152 906 2445 972 humanas,
2480 909 2859 977 pessumdare.
2899 910 3119 964 Perdita
3150 926 3405 982 quaerens

133 1002 330 1074 Hisque
360 1002 498 1058 ﬁdes
528 1011 645 1059 toto
676 1011 735 1059 ut
764 1014 983 1060 maneat
1012 1006 1263 1061 devolior
1292 1021 1429 1073 meo,
1850 996 2101 1051 Terribili
2138 1007 2357 1068 spectas
2380 1000 2706 1055 morientem
2738 1002 2979 1072 pessima
3003 1003 3182 1057 vultu.

131 1094 362 1167 Virginis
387 1111 453 1150 ex
489 1097 689 1151 haustu
713 1098 909 1152 sacrati
934 1098 1050 1153 haec
1075 1099 1193 1170 ipsa
1225 1098 1403 1153 Mai-im
1845 1088 1999 1153 Quod
2017 1089 2301 1160 pavefacta
2321 1100 2470 1148 metu
2504 1091 3009 1167 fugiuntelementa
3040 1095 3261 1151 videre!

130 1184 297 1239 Stella
318 1185 505 1239 nitens
537 1186 691 1257 putei
722 1187 975 1260 signatur
1004 1187 1158 1243 fonte
1188 1188 1355 1256 tueri,
1710 1242 1721 1247 κ
1842 1183 2003 1238 Terra
2032 1186 2235 1251 tremit,
2281 1187 2462 1243 radios
2488 1189 2679 1244 condit
2716 1190 2795 1244 sol
2824 1190 2947 1245 luce
2969 1189 3174 1265 fugata,

128 1276 392 1331 Omnibus
420 1277 565 1332 haud
598 1279 824 1349 passim,
857 1280 1081 1335 mundis
1100 1280 1267 1336 modo
1319 1279 1507 1347 corde,
1541 1285 1747 1335 retecta
1846 1272 1983 1326 Saxa
2039 1281 2289 1346 crepant,
2347 1284 2707 1334 nomumenta
2784 1284 2996 1349 patent,
3055 1285 3183 1334 sunt
3252 1280 3482 1337 carbasa

127 1366 253 1429 Quae
292 1366 593 1422 tenebrosa
630 1368 749 1435 diu,
782 1385 904 1440 quae
935 1368 1146 1441 perﬁda
1167 1370 1333 1426 corda
1347 1369 1603 1444 gerebas,
3146 1372 3371 1443 [scissa;

128 1458 460 1516 Caelilumen
494 1461 650 1517 humi
671 1461 899 1517 latitans
935 1461 1163 1537 Egypte
1197 1477 1465 1517 reservas,
1856 1455 2054 1510 Durior
2075 1462 2128 1511 et
2157 1456 2302 1512 saxis
2331 1458 2515 1513 nescis
2552 1457 2664 1513 fera
2686 1459 2938 1516 scindere
2965 1460 3129 1517 corda
3163 1461 3177 1515 I

125 1555 351 1623 Nazara,
381 1557 680 1633 magniﬁco
720 1556 850 1612 felix
880 1556 1228 1628 splendescis
1259 1556 1482 1613 alumno
1854 1542 2123 1600 Fundilus
2150 1562 2421 1615 eversam:
2454 1563 2564 1619 quo
2593 1549 2866 1620 Pmdcme
2896 1556 3052 1605 rem“

127 1643 224 1708 Qui
259 1643 706 1711 terrenafovens,
736 1645 985 1700 coelestia
1014 1645 1136 1701 luce
1154 1652 1394 1712 serenat,
1855 1639 2134 1707 Νονίπιυεν
2167 1648 2223 1697 εἰ
2249 1643 2445 1717 dignas
2476 1644 2707 1699 SOlVisse
2739 1644 2983 1716 piamine
3022 1660 3234 1716 poenas.

130 1735 519 1809 Humanasque
538 1736 750 1793 animas
777 1753 980 1809 supero
1004 1737 1217 1812 fulgore
1258 1738 1548 1793 decorans.
1855 1738 1918 1789 At
1948 1752 2097 1792 nunc
2124 1738 2179 1792 in
2210 1739 2410 1793 melius
2434 1745 2684 1811 reparata
2714 1741 2921 1808 nitens,
2951 1742 3205 1814 pretiosae

126 1826 199 1880 De
227 1826 455 1898 propria
493 1827 695 1882 virtute
721 1828 805 1882 sui
830 1827 977 1883 bona
1006 1836 1207 1883 cuncta
1236 1826 1533 1881 ministrat.
1774 1897 1820 1910 ἢ
1856 1830 2025 1904 Ligna
2053 1834 2233 1889 crucis
2263 1850 2474 1902 servas,
2517 1842 2572 1891 et
2603 1835 2751 1891 celsa
2784 1843 2992 1908 tropaea
3022 1839 3332 1910 rcsignans,
3438 1858 3443 1863 ·

126 1897 252 1978 Quae
285 1916 500 1987 pridem
537 1916 783 1971 tenebris
808 1932 1017 1984 errans,
1052 1916 1292 1983 Galilaea,
1325 1916 1557 1980 latebas,

1945 1944 1985 1981 τι
1998 1928 2111 1996 jam
2142 1929 2519 1985 Christiferum
2568 1933 2849 2002 placamus
2892 1933 3106 1989 honore
3137 1934 3475 2005 sepulcrum,

126 2007 357 2077 Suspice
389 2023 748 2082 progressum
780 2008 970 2063 lumen
993 2008 1062 2063 de
1096 2008 1306 2063 lumine
1330 2022 1542 2062 verum.
1856 2018 2011 2073 Unde
2042 2019 2256 2075 inferna
2283 2032 2482 2092 petens
2510 2029 2695 2093 portas
2735 2021 3009 2099 confregit
3038 2026 3234 2080 Averni

126 2097 200 2191 Tu
232 2114 479 2171 quoque,
514 2100 686 2174 digna
710 2099 871 2167 Cana,
893 2108 1049 2173 grato
1084 2100 1269 2155 laetare
1300 2100 1502 2154 decore
1854 2113 2058 2187 Agnus,
2082 2120 2135 2168 et
2165 2131 2466 2191 exsurgens
2482 2118 2692 2173 tumulo
2720 2118 2898 2189 spolia
2921 2097 3102 2190 ampla
3134 2121 3366 2177 reduxit.

267 2192 515 2288 Vfiiidum
538 2192 655 2248 νίηί
685 2195 940 2288 οοηφρίῑ
970 2194 1196 2288 ilnjpha
1234 2208 1508 2264 δεροτθπι·
1854 2210 2062 2281 Inclyta
2090 2228 2198 2282 qua
2225 2189 2385 2268 niveo
2416 2214 2578 2268 tellus
2607 2215 2817 2269 radiata
2838 2189 3058 2281 decore,

127 2278 344 2384 Ξίηῗξτίδ
372 2289 660 2337 εοηίθοίοε
688 2283 1022 2384 τηθάίφηίξδ
1047 2283 1447 2384 θθηξῖῗδδνξέοδο
1854 2303 2109 2376 Corporis
2134 2324 2196 2362 ac
2223 2309 2423 2362 summi
2456 2318 2632 2364 tactus
2656 2312 2881 2381 Oppleta
2908 2312 3126 2384 vigore,

126 2371 437 2429 Morborum
478 2382 738 2448 aegrotos,
774 2375 933 2445 pulso
965 2375 1056 2430 dat
1085 2375 1307 2430 turbine
1332 2376 1505 2429 laetos.

1853 2394 2050 2450 Hausta
2082 2399 2259 2468 replet
2288 2400 2450 2454 variae
2481 2400 2748 2455 mundum
2778 2401 3076 2472 splendore
3100 2402 3283 2458 nitela;
3317 2421 3330 2457 :

125 2462 257 2564 filia
290 2462 698 2564 (ἷθβῗιξινηδυηξο
727 2464 997 2564 ,νίτιυίιιῐη
1030 2480 1258 2564 {Imque
1291 2463 1535 2538 Ρίηὲυίδν
1851 2485 2097 2541 Morbida
2128 2462 2378 2544 membra
2429 2491 2640 2559 levans,
2669 2462 2834 2564 atque
2881 2500 2996 2549 atra
3035 2508 3253 2547 venena
3294 2491 3477 2562 repel-

124 2550 411 2607 Ditescens
440 2554 633 2607 harum
666 2552 776 2607 late
795 2553 1075 2628 respergis
1095 2555 1346 2620 odorem,
2627 2550 2639 2559 ’
2742 2550 2760 2564 ⁸
3206 2550 3366 2655 nens:

122 2646 232 2711 Quo
262 2647 437 2703 variis
467 2655 769 2719 properant
799 2654 995 2722 gentes
1032 2648 1358 2721 regionibus
1386 2649 1466 2703 uti
1851 2648 2026 2712 Quare
2050 2665 2195 2704 nunc
2223 2652 2401 2727 magis
2432 2669 2492 2707 es
2517 2660 2632 2710 toto
2660 2653 2998 2710 venerabilis
3028 2655 3167 2710 orbe

122 2737 181 2791 Et
208 2738 417 2792 ﬂamen
438 2738 566 2793 vitae
597 2753 765 2791 sensu
795 2745 1019 2808 captare
1052 2736 1204 2793 fideli
1851 2738 2019 2802 Quam
2049 2740 2326 2811 quondam
2359 2742 2523 2797 unius
2553 2758 2752 2799 curans
2772 2743 3045 2800 solemnia
3073 2744 3277 2819 gentis,

122 2829 347 2886 Sidonis
367 2828 631 2901 Tyriique
661 2828 785 2894 viri,
820 2828 1103 2901 Syriaeque
1123 2830 1327 2896 coloni,
1849 2832 2003 2888 Mons
2032 2835 2188 2901 uber,
2220 2852 2380 2892 mons
2408 2838 2708 2906 exsultans,
2749 2855 2911 2896 mons
2939 2839 3165 2915 pinguis
3188 2838 3367 2907 olivae,

126 2923 325 2979 Plebes
339 2922 659 2993 Judaeazque
692 2921 1137 2995 Samaritumque
1160 2930 1411 2979 catervae.
1850 2924 2299 2983 Immarcescibili
2330 2930 2578 2986 retinens
2598 2931 2829 3007 vestigia
2858 2930 2987 2988 feno

122 3016 406 3074 Bethania?
432 3016 613 3081 tellus,
634 3016 857 3089 gemina
885 3016 1085 3072 virtute
1118 3016 1357 3092 refulges
1390 3035 1404 3070 :
1848 3015 2018 3082 Felix,
2044 3035 2166 3091 quae
2198 3020 2436 3089 Domini,
2470 3022 2643 3078 Patris
2669 3023 2868 3079 solium
2893 3023 3204 3092 subeuntis,

116 3111 238 3167 Aret
265 3129 381 3185 qua
410 3114 637 3180 sterilis,
672 3116 850 3190 surgit
881 3117 950 3172 de
983 3123 1162 3173 morte
1196 3116 1395 3174 fidelis.
1850 3112 2187 3186 Impressere
2219 3117 2413 3188 pedes,
2446 3118 2572 3174 coeli
2610 3134 2855 3176 convexa
2877 3125 3150 3190 petentes.

118 3198 155 3254 Ο
173 3201 417 3275 Solyma:
440 3219 665 3273 nomen,
687 3205 947 3278 quoniam
976 3213 1028 3261 te
1048 3205 1296 3262 carmine
1327 3198 1604 3283 pangam'l

1634 3326 1845 3384 CAPUT
1891 3328 1956 3383 II.

1262 3456 1341 3516 De
1370 3457 1615 3519 ecclesia
1644 3458 1813 3520 beata
1848 3457 2056 3520 Marios
2100 3457 2296 3538 (147).

118 3588 266 3646 Felix
296 3606 332 3647 o
363 3588 523 3646 vallis
551 3584 834 3661 Josaphat,
876 3605 999 3662 quae
1031 3590 1280 3645 membra
1318 3589 1495 3647 beatte
1772 3595 1821 3665 ε
1843 3593 1954 3648 Arti
1995 3592 2129 3665 quid
2140 3593 2355 3668 jungat,
2389 3593 2594 3649 divinis
2625 3598 2806 3650 terrea
2837 3595 3039 3651 cedant
3066 3612 3080 3649 :

121 3679 368 3755 Virginis
395 3687 558 3753 atque
576 3682 671 3736 Dei
694 3681 982 3755 genitricis
1010 3681 1215 3737 habere
1238 3683 1415 3738 locata
1846 3684 1886 3736 A
1916 3681 2108 3739 ferulis
2136 3698 2338 3754 pueros
2361 3692 2470 3738 tres
2508 3689 2721 3750 evocet,
2742 3684 2960 3756 hacque
2979 3685 3207 3753 juvetur

120 3772 295 3847 Digna
328 3780 554 3843 reperta
596 3771 844 3842 quidem,
885 3770 983 3826 sed
1029 3787 1140 3827 non
1164 3771 1509 3828 abscondere
1554 3771 1745 3827 mundi
1850 3777 2094 3832 Innocua
2114 3775 2399 3832 annitente
2428 3791 2595 3830 manu
2627 3792 2641 3842 ;
2674 3785 3012 3848 superetque
3042 3776 3310 3833 laborem.

116 3864 293 3938 Digna
324 3864 422 3919 diu
451 3862 691 3931 stellam,
720 3862 891 3917 divini
913 3863 1135 3918 luminis
1164 3865 1367 3930 aulam,
1848 3867 2057 3923 Mature
2084 3883 2318 3943 surgens
2339 3868 2581 3923 monitus
2611 3866 2702 3921 ille
2745 3866 2912 3922 edere
2943 3874 3119 3923 certat

118 3959 261 4016 Luce
283 3967 696 4027 coruscantem,
725 3976 888 4032 quam
920 3959 1212 4031 Splendida
1234 3959 1348 4014 lilia
1372 3961 1595 4032 vallant,
1850 3957 2208 4029 Pusiolosque
2246 3956 2433 4013 schola
2465 3964 2576 4012 tres
2614 3957 2810 4024 acciet,
2852 3964 3020 4029 utque
3060 3956 3334 4028 probetur

116 4052 374 4110 Humano
411 4053 629 4129 generi,
654 4053 888 4111 rutilans
905 4070 1027 4125 qua;
1050 4054 1223 4123 janua
1252 4054 1393 4109 lucis
1852 4046 2214 4118 Simplicitate
2238 4046 2408 4101 Deum
2440 4046 2701 4121 gaudere,
2735 4053 2983 4118 patratur
3014 4045 3071 4100 in
3103 4047 3239 4102 hora

116 4140 357 4208 Eﬁ‘ulsit,
389 4140 627 4212 caelique
667 4139 869 4211 palatia
900 4140 1047 4196 celsa
1075 4141 1319 4196 reclusit.
1852 4140 1944 4195 His
1973 4139 2122 4212 quod
2162 4140 2334 4195 multa
2362 4140 2542 4196 virum
2598 4157 2797 4196 manus
2834 4147 2949 4196 arte
3008 4155 3274 4213 moraque
3306 4140 3475 4213 nequi

112 4237 481 4296 Constantino
508 4237 689 4293 aulam
728 4239 885 4308 cujus
914 4236 1215 4295 fabricante
1246 4240 1570 4311 parandam,
3252 4229 3371 4302 [νίιι

112 4334 374 4391 Traditur
404 4336 513 4390 huc
538 4340 720 4389 vastas
748 4332 907 4389 illum
938 4334 1277 4405 applicuisse
1316 4334 1605 4390 columnas

1848 4319 2007 4374 Alma
2027 4318 2253 4391 quidem
2276 4334 2449 4390 puero
2479 4334 2602 4392 quae
2634 4319 2871 4390 praebuit
2900 4318 3073 4375 ubera
3094 4318 3329 4383 Christo.

111 4428 403 4499 Aptandas
430 4426 611 4498 operi,
633 4436 751 4483 tum
781 4425 996 4482 nisibus
1025 4426 1224 4483 ordine
1254 4427 1444 4498 plures

1849 4410 1977 4466 Sola
2006 4410 2103 4465 Dei
2133 4410 2389 4485 genitrix,
2417 4417 2471 4466 et
2500 4411 2653 4484 virgo
2685 4426 2960 4482 puerpera
2983 4411 3120 4474 sola,

113 4518 373 4576 Artifices
396 4518 618 4575 trivisse
647 4518 789 4586 dies,
822 4518 971 4573 nulla
1000 4526 1118 4574 arte
1138 4519 1385 4588 juvante.

1847 4501 1975 4565 Quae
2005 4500 2131 4556 cmli
2159 4500 2295 4557 fovit
2326 4500 2471 4576 regis
2495 4500 2735 4573 puerilia
2775 4501 3043 4571 membra,

114 4610 346 4667 Cassato
376 4609 604 4665 tandem
636 4608 848 4684 ingenii
886 4609 1175 4665 conamine
1203 4618 1423 4676 cuncto,
1846 4597 2145 4652 Parvorum
2166 4595 2368 4650 rectrix
2394 4605 2449 4651 et
2476 4595 2850 4667 simplicitatis
2882 4596 3119 4652 amatrix

110 4703 284 4779 Virgo
301 4703 553 4776 benigna
578 4700 743 4758 docet
770 4716 879 4772 qua
906 4700 1018 4756 sint
1048 4701 1252 4757 virtute
1282 4701 1529 4757 locanda;
1559 4718 1574 4756 :

1779 4766 1831 4779 ﬁ
1849 4691 2048 4763 Enitet,
2078 4690 2456 4765 exemplisque
2481 4692 2675 4762 probat
2706 4708 2766 4749 se
2799 4708 3031 4751 noscere
3058 4708 3276 4766 parvos.

114 4766 407 4850 Admonet
435 4766 748 4860 a-adicolam,
781 4766 905 4862 post
933 4790 1087 4847 irrita
1112 4797 1293 4863 coepta
1323 4806 1610 4864 soporum,
1779 4766 1840 4835 D

1637 4924 1846 4982 CAPUT
1887 4922 1981 4979 III.

1241 5062 1320 5122 De
1342 5078 1531 5140 puero
1562 5063 1634 5122 ab
1665 5064 1804 5138 igne
1836 5058 2086 5120 liberato
2116 5053 2354 5134 (147³³).

114 5188 208 5248 Sic
240 5207 482 5264 puerum
502 5192 742 5249 truciore
771 5205 906 5267 rOgo
935 5191 1229 5263 Babylonis
1256 5193 1533 5262 adactum,
1852 5190 2109 5246 Mollibus
2148 5196 2208 5246 ut
2229 5190 2456 5262 plumis,
2496 5191 2672 5246 roseis
2695 5192 3040 5249 discumbere
3079 5196 3276 5265 prunis

116 5282 294 5346 Quem
326 5290 505 5354 pater.
535 5281 935 5354 aspidibusque
970 5282 1215 5354 ferisque
1247 5282 1489 5340 ferocior
1518 5284 1618 5352 ira,
1858 5281 2131 5346 Cernitur,
2162 5289 2217 5335 et
2245 5287 2435 5351 raptus
2465 5280 2654 5351 p0puli
2695 5282 2935 5352 stipante
2965 5297 3195 5356 corona,

119 5372 362 5448 Ignibus
386 5373 673 5442 injectum.
697 5374 1079 5445 superaddens
1108 5375 1309 5430 robora
1338 5374 1595 5443 flammis,
1860 5371 2136 5435 Quaeritur
2164 5379 2224 5424 ut
2244 5377 2471 5440 superet
2502 5378 2610 5424 tam
2641 5378 2793 5425 vasta
2822 5371 3079 5429 incendia
3106 5376 3289 5433 salvus
3313 5378 3342 5433 ?

122 5462 276 5517 Pane
296 5462 414 5533 poli
446 5469 665 5533 pastum
696 5462 914 5531 clausit,
942 5461 1212 5539 ﬂagrante
1253 5463 1494 5531 camino,
1865 5462 1982 5530 Illa,
2011 5460 2155 5529 infit,
2177 5461 2378 5516 mulier
2406 5461 2667 5516 cathedra
2693 5478 2817 5535 qum
2847 5465 3007 5520 sedet
3038 5466 3092 5520 in
3127 5469 3254 5524 aula

124 5558 434 5614 Contutum
476 5558 671 5630 patriis
695 5558 874 5614 vetuit
900 5557 1221 5615 fornacibus
1247 5560 1370 5617 uri:
1866 5553 1980 5616 Qua
2008 5551 2216 5623 διιππρεὶ
2244 5566 2467 5622 panem,
2501 5566 2736 5622 Puerum
2774 5553 3087 5611 Sinuamine
3127 5567 3380 5634 gestans,

129 5649 233 5715 Qui
267 5651 432 5718 dum,
460 5657 635 5706 matre
653 5659 933 5726 gemente,
954 5652 1107 5708 omni
1132 5652 1480 5708 concurritur
1505 5651 1661 5720 urbe,
1874 5646 2101 5703 Palliolo
2131 5663 2219 5701 me
2250 5646 2495 5702 contexit
2517 5662 2586 5702 ne
2624 5657 2879 5725 tangeret
2909 5651 3080 5724 ignis.

205 5776 355 5856 (μβ)
378 5775 475 5856 Hic
502 5774 698 5847 incipit
721 5775 897 5832 codex
918 5793 1018 5835 ms.
1050 5776 1397 5834 bibliotheca:
1415 5775 1769 5835 S.Genovefze
1944 5779 2283 5856 (tﬁjGreg.
2317 5779 2517 5856 T_uron.
2553 5780 2649 5856 ubi
2668 5798 2869 5856 supra,
2901 5799 3024 5856 cap.
3056 5787 3108 5841 9.

132 5846 501 5903 Parisiensis.
1944 5846 2116 5921 (ην)
2149 5846 2307 5923 Grég.
2342 5852 2546 5908 Turon.
2590 5853 2681 5908 ubi
2713 5846 2899 5926 supra,
2931 5846 3051 5929 cap.
3088 5858 3175 5914 IO.
