3874 6410
390 366 499 420 495
1158 364 1526 421 FLODOARDI
1566 364 1875 423 CANONlCl
1917 369 2246 427 REMENSIS
2287 372 2624 430 OPUSCULA
2664 376 2978 432 METRICA.
3642 384 3749 441 496

1900 526 2120 585 CAPUT
2168 530 2251 586 ιν.

1046 623 1126 681 De
1152 621 1456 695 beneﬁciis
1486 622 1849 700 quibusdam
1875 628 2162 701 praestitis
2188 644 2294 706 per
2322 628 2561 687 beat-um
2593 626 2853 691 Mariam
2900 626 3093 709 (148),

401 767 621 841 Colligit
651 767 767 821 hinc
795 779 990 836 parvos
1020 763 1124 817 hac
1145 760 1497 832 simplicitate
1521 762 1781 829 nitentes,
2047 767 2097 834 Α
2129 763 2191 818 Et
2218 764 2379 836 stipis
2409 764 2655 838 indignis
2674 765 2851 821 victus
2889 767 3162 823 solamina
3188 767 3402 824 confert
3428 785 3442 823 :

397 862 543 927 Quos
563 860 882 928 ubicunque
906 863 1121 929 tegens,
1152 853 1360 908 mundo
1385 853 1594 908 solatur
1622 853 1676 908 in
1705 853 1875 909 omni.
2129 857 2331 913 Horrea
2357 857 2443 913 vel
2474 857 2674 913 subitae
2706 858 2932 930 replens
2961 858 3334 915 cumulamine
3365 858 3563 935 frugis,

398 958 435 1012 E
465 955 670 1028 quibus
697 952 749 1008 in
772 951 991 1023 Solyma
1020 948 1207 1020 plures
1238 955 1445 1005 tutatur
1485 967 1500 1015 ;
1533 954 1762 1024 egentes
2124 951 2288 1007 Sacra
2329 950 2415 1008 vel
2440 950 2681 1007 aureolis
2707 966 2950 1008 onerans
2978 951 3172 1008 altaria
3199 953 3414 1008 massis.

392 1044 659 1102 Confovet
686 1058 750 1097 ac
776 1040 903 1098 vitae
928 1037 1188 1113 suffragia
1219 1046 1441 1111 praestat
1463 1037 1704 1094 alumnis
1733 1056 1750 1093 :

1919 1163 2130 1222 CAPUT
2166 1167 2227 1221 V.

1251 1269 1329 1327 De
1353 1266 1617 1346 quodam
1652 1268 1912 1343 pignora
1944 1267 2050 1328 Dei
2078 1268 2401 1330 Genitricis
2426 1269 2656 1349 ferente
2683 1270 2883 1353 (149).

396 1409 578 1482 Ipsius
603 1406 733 1463 hinc
762 1404 987 1478 quidam
1021 1417 1250 1457 sumens
1280 1401 1371 1473 pia
1404 1401 1661 1476 pignora,
1692 1401 1884 1457 morbo
2130 1405 2607 1483 Prosuhiguntque
2662 1408 2848 1486 ﬂagris
2900 1419 3144 1483 captum,
3212 1410 3546 1485 plexumque
3574 1410 3756 1469 relin-

396 1505 584 1574 Leprae
616 1509 814 1557 exutus
842 1498 1003 1570 aquis
1034 1495 1235 1551 Christi
1265 1495 1595 1566 baptismate
1627 1495 1769 1551 sacri
3463 1503 3687 1576 [quunt,

394 1598 575 1670 (Saepe
610 1594 818 1666 quibus
842 1591 934 1647 tali
978 1590 1166 1662 plures
1204 1606 1234 1644 a
1256 1588 1383 1644 labe
1411 1588 1711 1661 levantur),
2128 1587 2226 1643 Vix
2259 1588 2349 1644 ille
2388 1606 2716 1666 exsurgens,
2735 1591 2984 1647 cinerum
3008 1599 3068 1649 ut
3096 1591 3581 1664 recidivarecepta

395 1689 533 1743 Dum
565 1685 763 1758 repetit
793 1683 1049 1755 patriam,
1083 1681 1286 1737 deserti
1320 1681 1537 1736 interna
1567 1679 1811 1737 latrones
2133 1680 2400 1752 Respicit,
2433 1682 2679 1737 incensis
2700 1690 2905 1739 astrata
2925 1683 3190 1739 immunia
3223 1683 3435 1756 prunis,

396 1778 756 1833 Perscrutans
785 1773 1007 1845 patitur,
1025 1772 1253 1846 gerulus
1283 1771 1525 1826 nudatur
1563 1770 1789 1838 amictu,
2132 1771 2326 1827 Nescia
2356 1772 2612 1841 fervoris,
2642 1775 3107 1846 pretiosagjacere
3137 1776 3361 1840 talenta,

395 1873 619 1928 Munera
645 1887 809 1942 capsa
835 1876 1030 1941 tegens
1047 1867 1279 1938 rapitur,
1312 1864 1633 1939 fulvumque
1666 1873 1854 1938 putata
2133 1864 2667 1939 Ipsaquegdespecto
2698 1868 2997 1924 renitentia
3034 1869 3279 1942 tegmina
3319 1868 3470 1924 fumo
3506 1885 3521 1935 ;

396 1967 679 2025 Occultare
700 1965 909 2032 dolum,
935 1979 1090 2035 spem
1124 1960 1295 2017 fracta
1324 1960 1609 2033 intercipit
1637 1961 1753 2016 auri
1784 1978 1799 2026 ;
2128 1963 2245 2017 Non
2274 1963 2714 2037 sensisseignes,
2737 1981 2959 2021 omnem
2991 1965 3266 2037 sprevisse
3290 1980 3574 2036 vaporem.

395 2062 628 2134 Moxque
652 2075 786 2132 pyra
813 2074 1046 2114 accensa
1076 2054 1317 2111 ﬂammis
1348 2054 1570 2111 inventa
1603 2055 1916 2123 retrudunt,
2051 2120 2100 2134 _‘
2130 2054 2423 2112 Immemor
2450 2057 2580 2112 hinc
2609 2073 2786 2129 paenae
2824 2057 3075 2129 gaudens
3104 2058 3230 2113 data
3268 2056 3497 2129 prmmia
3522 2056 3690 2125 tollit,

2050 2120 2103 2189 Β
2125 2142 2303 2199 Laatus
2334 2144 2443 2200 iter
2461 2120 2659 2217 carpit,
2691 2120 2872 2216 coepto
2905 2145 2961 2199 in
2991 2161 3091 2211 sua
3124 2120 3342 2202 tramite
3372 2145 3545 2201 ducit.

1908 2265 2116 2321 CAPUT
2168 2266 2256 2320 Vl.

1596 2372 1674 2431 Dc
1700 2372 1950 2447 ﬂuentis
1976 2370 2326 2431 Jordanicis
2371 2368 2561 2450 (150).

404 2520 643 2576 Vulnera
673 2516 955 2590 praedictis
975 2531 1083 2588 qua
1112 2514 1268 2586 plura
1296 2512 1548 2569 lavantur
1575 2512 1629 2566 in
1661 2511 1827 2566 undis
2131 2509 2422 2579 Marmora,
2455 2519 2694 2568 sacratas
2723 2512 3047 2588 contingere
3067 2527 3172 2569 nec
3211 2511 3354 2569 valet
3382 2512 3582 2580 undas,

403 2610 660 2683 Corporis
680 2616 845 2681 atque
871 2607 1095 2673 animae,
1126 2604 1328 2660 mulier
1356 2619 1495 2676 quas
1514 2601 1794 2657 moenibus
1824 2599 1956 2657 olim
2131 2599 2403 2657 Ulteriora
2443 2607 2639 2672 petens
2668 2602 2870 2670 amnis,
2902 2602 3277 2676 linquensque
3316 2610 3583 2660 meatum.

405 2699 773 2755 Hiericunteis
800 2695 991 2751 nimiis
1022 2693 1242 2750 addicta
1273 2691 1491 2765 piaclis,
1984 2714 2003 2729 ο
2131 2690 2312 2746 Mirari
2343 2698 2565 2763 praestat
2592 2693 2832 2765 pupulas
2878 2694 3152 2750 edisserat
3178 2701 3336 2749 actus

406 2788 653 2844 Solemni
699 2787 767 2841 de
791 2800 946 2840 more
978 2790 1197 2854 petens,
1228 2780 1492 2852 permista
1528 2777 1743 2850 piorum
2132 2777 2364 2834 Conscia
2394 2779 2583 2853 ﬂagilii
2616 2782 2879 2857 regitant,
2907 2783 3041 2837 serit
3071 2783 3162 2837 illa
3192 2790 3405 2854 patrata

404 2875 753 2952 Agminibus,
778 2872 978 2928 ﬂuctus
1006 2870 1137 2926 dum
1166 2868 1360 2925 nititur
1389 2867 1569 2923 amnis
1587 2865 1750 2935 inire,
2134 2869 2407 2942 Exposita:
2434 2888 2665 2928 narrans
2705 2879 2894 2944 partus
2933 2874 3135 2929 edente
3163 2880 3319 2929 reatu

404 2970 594 3027 Aversi
621 2969 858 3045 fugiunt.
881 2966 1094 3039 liquido
1132 2970 1403 3020 renuente
1435 2962 1673 3024 ﬂuento.
2134 2961 2387 3017 Admissa
2415 2970 2632 3019 octonae
2661 2963 2769 3019 sibi
2802 2964 3097 3036 parricidia
3134 2965 3330 3037 prolis.

404 3060 534 3114 Tam
563 3059 667 3114 diri
693 3056 920 3112 infando
942 3052 1172 3110 sceleris
1198 3051 1511 3108 contamine
1537 3048 1708 3124 tangi.
2136 3048 2302 3119 Cujus
2328 3051 2458 3106 dum
2480 3051 2671 3123 plebes
2689 3053 2898 3108 scelera
2937 3054 3298 3129 expurgarier
3324 3061 3469 3125 orat,

408 3150 667 3223 Improba
701 3148 966 3206 cedentes
995 3144 1249 3217 sequitur
1272 3158 1371 3216 per
1395 3139 1893 3212 limpidalymphas
2136 3139 2317 3196 Aﬂ'u’sa
2350 3142 2467 3198 haec
2496 3141 2776 3214 precibus,
2809 3143 3025 3199 lacinus
3051 3159 3123 3200 ne
3149 3144 3394 3217 duplicct
3417 3144 3594 3213 efﬂat,

1911 3264 2121 3323 CAPUT
2161 3268 2275 3323 Vll.

1659 3372 1737 3431 De
1762 3378 1969 3432 sancto
1997 3370 2234 3433 Joanne
2262 3373 2511 3452 Baptist.

409 3520 577 3576 Vates
604 3531 714 3589 quo
745 3530 909 3571 nemo
941 3513 995 3569 in
1024 3509 1321 3567 muliebria
1350 3507 1583 3582 pignora
1602 3504 1801 3575 major,
2062 3508 2112 3577 (ζ
2143 3504 2205 3561 Et
2234 3514 2399 3577 caput
2427 3505 2667 3580 Egypti,
2700 3507 3020 3579 Spectabilis
3050 3524 3273 3582 aequore
3301 3525 3523 3584 magno,

412 3611 510 3666 llic
538 3607 703 3664 undis
730 3606 938 3678 primus
964 3602 1154 3659 docuit
1186 3605 1408 3674 peccata
1438 3594 1607 3652 lavari
1641 3613 1656 3662 ;
2141 3595 2349 3651 Clarior
2376 3596 2496 3666 ejus
2522 3596 2678 3653 adest
2699 3598 2982 3667 membris,
3014 3599 3108 3653 ubi
3132 3598 3359 3670 przedita
3385 3598 3557 3672 fulget
3589 3617 3604 3653 :

411 3705 729 3761 Ablutorem
745 3700 896 3758 orbis
926 3700 1128 3775 dignus
1151 3710 1373 3769 quoque
1396 3693 1608 3768 tingere
1638 3688 1901 3761 lymphis,
2140 3690 2274 3745 Ossa
2301 3690 2603 3746 Palaestina:
2631 3691 2788 3771 cujus
2817 3690 3050 3747 collecta
3080 3691 3344 3759 Sebastaz,

412 3800 646 3871 lusuper
668 3794 896 3853 assertis
924 3791 1175 3868 gaudens
1204 3804 1267 3843 se
1294 3785 1616 3859 impendere
1645 3782 1786 3850 veri,
2142 3782 2369 3857 Ignibus
2389 3789 2597 3853 erepta,
2628 3789 2684 3838 et
2716 3783 2955 3855 Solymis
2977 3782 3188 3855 perlata
3209 3783 3488 3856 Philippo,

413 3887 716 3963 Relliquias
746 3884 840 3960 qui
872 3883 1001 3940 almi
1028 3881 1240 3957 spargit
1266 3881 1396 3935 dum
1423 3875 1671 3949 corporis
1696 3873 1840 3939 orbi,
2142 3878 2314 3933 Patris
2346 3878 2623 3933 Athanasii
2657 3884 2785 3937 sunt
2807 3879 2914 3934 hoc
2940 3878 3123 3954 legata
3150 3876 3303 3933 fidei.

412 3985 679 4042 Panditur
707 3980 948 4057 egregiis
974 3970 1251 4034 mundum
1268 3976 1506 4032 lustrare
1535 3970 1779 4045 tropaeis.
2140 3970 2206 4024 At
2231 3974 2399 4042 caput
2427 3969 2613 4026 herois
2638 3969 2882 4041 positum
2906 3968 3227 4026 thnicide
3257 3983 3442 4024 messe

413 4075 555 4132 Urbs
573 4074 643 4131 ab
672 4071 982 4129 Alexandro
1013 4069 1225 4126 ducens
1253 4065 1555 4123 clarissima
1578 4077 1806 4129 nomen,
2142 4058 2343 4115 Festivi
2374 4058 2556 4115 cultus
2583 4059 2731 4116 claro
2765 4057 3079 4116 celebratur
3104 4059 3341 4116 honore.

1908 4177 2117 4237 CAPUT
2158 4177 2295 4233 Vill.

1609 4284 1687 4344 De
1714 4282 2058 4360 apostolicis
2085 4280 2254 4339 Petro
2286 4286 2338 4339 et
2373 4276 2584 4339 Paulo.

421 4433 618 4501 Roma,
638 4438 802 4501 caput
826 4433 1091 4501 praestans
1119 4423 1272 4481 orbis
1314 4420 1576 4493 praeclara
1606 4416 1922 4489 triumphis,
2142 4415 2313 4480 Quem
2352 4420 2573 4469 vertens
2601 4414 2743 4469 caelo
2761 4414 3059 4485 alloquitur
3086 4411 3274 4468 divina
3303 4417 3569 4482 potestas,

417 4523 537 4578 Jam
568 4537 726 4594 mage
749 4521 895 4575 celSa
934 4516 1045 4573 fide
1074 4513 1271 4570 Christi
1296 4510 1613 4585 praeclarier
1643 4524 1767 4563 esse
2142 4509 2561 4580 Prorisiensque
2593 4508 2703 4578 poli
2737 4508 3000 4578 cupidum
3029 4506 3098 4560 ad
3124 4504 3345 4579 fastigia
3375 4503 3548 4560 tollit:

420 4612 670 4684 Caepisti,
694 4609 824 4664 tidei
855 4606 1103 4680 patronis
1136 4603 1270 4660 fulta
1300 4602 1498 4667 beatae,
2145 4603 2204 4658 Et
2233 4603 2396 4658 docet
2428 4601 2484 4655 in
2514 4604 2690 4669 crelis,
2717 4606 2968 4655 terrenas
3004 4598 3155 4654 unde
3183 4597 3427 4663 doceret,

419 4705 847 4779 leiclavigero
875 4708 1152 4774 pastorum
1179 4695 1434 4770 principe
1464 4694 1626 4749 Petro
2148 4698 2403 4752 Pasceret
2421 4712 2484 4751 ac
2513 4704 2751 4763 mentes,
2784 4694 2924 4764 sacri
2956 4694 3050 4766 qui
3082 4692 3295 4749 semina
3333 4688 3490 4745 verbi

420 4798 805 4869 Doctrinaeque
833 4801 985 4865 typo,
1017 4792 1302 4847 doctorum
1331 4786 1586 4858 praeduce
1598 4781 1787 4838 Paulo.

2064 4810 2124 4880 D
2147 4789 2287 4845 Orbe
2317 4789 2452 4844 serit
2487 4795 2621 4853 toto,
2654 4794 3049 4859 sanatquoque
3079 4798 3312 4857 corpore
3350 4782 3579 4852 multos,

421 4892 667 4949 Hebrazis
696 4902 930 4962 quorum
961 4889 1271 4956 praeceptor
1298 4878 1517 4934 deditur
1548 4876 1708 4942 alter,

2064 4874 2109 4880 —
2144 4883 2207 4938 Et
2230 4884 2489 4953 juvenem
2515 4880 2582 4935 de
2604 4885 2781 4935 morte
2808 4880 2971 4945 levat,
3013 4877 3113 4933 sed
3144 4877 3382 4949 plurima
3403 4874 3594 4930 corda.

420 4981 725 5037 Absolvens
752 4974 1038 5044 verboque
1064 4972 1243 5046 ligans
1268 4984 1330 5022 ΒΘ
1351 4965 1537 5035 indice
1568 4971 1805 5027 ῐηθιιῐθεν
2144 4971 2205 5024 lli
2232 4977 2284 5024 te
2316 4968 2571 5024 sublimis
2600 4968 2724 5024 coeli
2757 4983 2926 5039 super
2953 4975 3101 5047 astra
3128 4964 3390 5031 ferentes,

421 5073 639 5127 Arbiter
671 5066 953 5133 Ecclesiae,
986 5063 1153 5119 dictat
1182 5076 1284 5116 ceu
1317 5058 1552 5129 Spiritus
1583 5054 1660 5108 illi
2143 5060 2513 5114 Instrumenta
2542 5058 2726 5113 ferunt
2756 5057 2825 5113 de
2866 5064 2919 5112 te
2952 5073 3052 5129 per
3084 5055 3304 5113 climata
3329 5052 3521 5109 mundi

423 5160 682 5215 Discretis
704 5173 897 5229 poenas
919 5153 1155 5220 meritis,
1185 5151 1269 5206 vel
1302 5147 1528 5221 praemia
1545 5145 1804 5200 reddens.
2144 5150 2410 5205 Militibus
2431 5148 2604 5221 pacis,
2630 5165 2729 5220 per
2753 5164 2876 5220 quae
2906 5146 3135 5203 victoria
3147 5144 3348 5220 surgit.

406 5248 1035 5324 .Munerishincpmprii
1060 5248 1145 5302 fur
1168 5246 1388 5311 labitur,
1416 5258 1554 5298 uxor
1569 5250 1624 5296 et
1644 5241 1884 5306 haerens,
2145 5246 2407 5311 Quorum,
2454 5244 2630 5311 Ρριι-θ,
2661 5257 2904 5308 crucem,
2944 5240 3212 5314 gladium,
3243 5237 3333 5308 pic
3365 5235 3552 5302 paulo,
3590 5233 3761 5290 Nero-

426 5347 612 5399 Simon
634 5343 823 5397 fraude
858 5342 1019 5412 perit,
1049 5339 1306 5395 Thabitas
1323 5338 1393 5391 de
1425 5335 1617 5390 funere
1644 5332 1840 5405 surgit,
3591 5326 3703 5397 [nis

429 5434 615 5506 Surgit
638 5441 691 5487 et
719 5434 934 5494 zEneas,
957 5440 1010 5488 et
1027 5450 1137 5489 nou
1168 5427 1509 5486 numeranda
1531 5434 1768 5487 caterva,
2148 5427 2322 5491 Passi,
2341 5425 2629 5497 praecelsas
2654 5422 2933 5479 meruistis
2957 5421 3009 5475 in
3039 5421 3245 5476 aethere
3268 5418 3450 5474 sedes.

428 5522 704 5575 Alterura;
732 5520 1013 5589 verboque
1043 5518 1463 5591 repletgentilia
1493 5515 1662 5570 corda

499 5667 827 5741 (148)6reg.
848 5667 1049 5723 Turon.
1086 5672 1176 5724 ubi
1195 5687 1381 5740 supra,
1422 5685 1543 5738 cap.
1578 5667 1665 5720 tl.
2217 5662 2352 5732 (150)
2387 5659 2547 5733 Greg.
2590 5657 2795 5713 Turon.
2827 5655 2923 5711 ubi
2955 5669 3141 5725 supra,
3174 5667 3295 5723 cap.
3328 5651 3418 5706 88.

498 5757 642 5825 (149)
672 5753 831 5823 Greg.
858 5753 1061 5824 Turon,
1082 5758 1179 5813 ubi
1208 5773 1398 5827 supra,
1426 5769 1549 5825 cap.
1580 5755 1668 5809 17.
