3874 6400
144 420 249 477 497
677 420 762 476 DE
799 421 1165 479 TBIUMPIIIS
1205 423 1465 480 CHRISTI
1506 426 1585 482 ET
1624 427 1716 484 SS.
1758 427 2164 485 PALAZSTINXE
2204 427 2380 483 LIBRI
2418 426 2603 484 TRES.
2648 460 2711 470 --
2756 428 2879 485 LIB.
2928 428 2966 485 I.
3391 432 3496 489 498

1649 581 1861 640 CAPUT
1903 585 1989 641 IX.

1409 690 1488 750 De
1520 690 1733 753 Jacobo
1761 691 1952 772 fratre
1981 693 2246 755 Domini.

142 822 283 878 Elia
310 839 478 891 nunc,
500 823 832 893 Jerusalem,
863 841 987 898 quae
1014 842 1175 883 versa
1197 828 1410 885 vocaris
1790 838 1840 906 Α
1866 832 2077 889 Editus
2107 849 2139 889 a
2166 833 2335 890 sociis
2363 839 2416 890 te
2448 834 2657 905 primus
2678 835 2977 907 episcopus
3015 854 3246 906 ornans,

141 914 266 1008 Iam
292 922 580 1008 renovata,
610 917 903 991 crucisque
935 935 1138 993 gerens
1176 921 1427 977 miranda
1458 928 1663 995 tropaea
1871 929 2085 985 Arentis
2114 929 2295 1001 plebis
2324 930 2417 1003 qui
2448 937 2673 1002 pectora
2706 931 2855 988 sicea
2880 933 3137 1008 rigando,

146 1005 366 1072 Christi,
399 1009 952 1080 servorumque'ejus
981 1025 1245 1067 venerare
1277 1012 1552 1083 sepulcra,

1870 1024 2118 1082 Luminis
2149 1040 2180 1080 e
2209 1025 2381 1081 radiis
2408 1026 2698 1083 terebrans
2724 1027 3001 1102 nigrantia
3019 1030 3210 1097 corda,

145 1096 387 1162 Quorum
421 1105 549 1171 post
579 1099 875 1156 Dominum
929 1100 1169 1157 «Iacobus
1199 1102 1295 1158 tibi
1350 1104 1603 1178 tegmina
1649 1105 1768 1177 pri-
1872 1115 2008 1169 Dum
2041 1116 2206 1173 docet
2225 1118 2444 1174 excelsa
2462 1136 2630 1191 super
2650 1096 3013 1177 astrawsedere
3043 1122 3389 1195 magistrum.

1496 1250 1499 1251 ν
1560 1197 1702 1270 [mus
1871 1202 2182 1261 Parietibus
2222 1207 2414 1278 templi
2453 1209 2704 1281 dejectus
2733 1218 2787 1266 et
2818 1210 2998 1265 hostia
3026 1210 3225 1275 factus,

141 1281 443 1340 Continuat
473 1281 627 1375 ﬁdei,
658 1285 861 1359 legitur
889 1287 986 1359 qui
1018 1287 1188 1343 frater
1216 1288 1336 1345 Iesu
1876 1293 2152 1367 Excipitur
2179 1298 2342 1367 cmlo,
2372 1301 2579 1372 populo
2600 1318 2826 1375 quoque
2858 1307 2993 1358 teste
3035 1301 3252 1357 beatus.

140 1374 390 1432 Sacratui
421 1372 538 1450 (sic)
568 1393 816 1447 servans,
848 1379 1034 1436 Justus
1064 1382 1397 1456 cegnomine
1424 1382 1627 1453 dictus,
2617 1372 2634 1375 ν
2734 1372 2768 1421 ί

1669 1516 1880 1574 CAPUT
1920 1520 1982 1574 X.

1382 1616 1462 1675 De
1488 1626 1692 1680 sancto
1720 1618 1955 1682 Joanne
1983 1624 2270 1701 apostolo.

137 1742 231 1834 Sic
260 1742 786 1834 EphesumgChristo
817 1744 1002 1801 dilecti
1034 1744 1529 1805 membraJoannis
1880 1752 2071 1822 Fonte,
2100 1770 2267 1827 supra
2294 1764 2488 1829 pectus
2532 1756 2735 1834 dignus
2762 1756 3027 1813 recubare
3058 1758 3318 1832 Magistri.

137 1832 446 1903 Extollunt,
476 1833 640 1902 eujus
664 1841 885 1906 superat
907 1836 1166 1893 facundia
1194 1839 1483 1896 mundum.
1879 1848 1938 1901 In
1970 1863 2135 1905 cruce
2170 1849 2418 1905 confixus
2445 1832 2627 1917 matri,
2651 1866 2816 1921 quem
2851 1852 3071 1917 manda,
3105 1852 3301 1907 adesse

138 1926 241 2018 Qui
273 1934 429 2018 casto
456 1928 579 1983 zelo
600 1927 850 2018 praeclari
882 1928 1102 1986 velleris
1129 1930 1344 2003 Agnum
1876 1938 2040 2015 Virgo
2070 1956 2226 1996 sacer
2255 1957 2428 1997 sacrae
2454 1950 2643 1997 custos
2664 1950 2724 1997 ut
2750 1943 2988 2018 vlrginrs
3016 1949 3215 1999 exstet.

136 2015 396 2071 Zebedeo
428 2023 584 2087 patre
604 2016 852 2085 dimisso,
886 2034 1012 2075 cum
1040 2019 1203 2077 fratre
1225 2031 1469 2091 secutus,
1876 2026 2089 2099 Quique
2130 2028 2240 2085 fide
2266 2028 2424 2085 fortis
2460 2030 2736 2086 violentos
2764 2015 2963 2102 passus
2989 2046 3218 2108 agones.

131 2110 245 2181 Ipsi
276 2128 392 2182 prae
424 2112 655 2183 reliquis
700 2115 929 2184 speciali
953 2115 1207 2191 jungitur
1236 2132 1394 2173 unus.
1804 2191 1842 2195 _
1877 2117 2082 2177 Exsilio
2113 2130 2297 2178 trusus
2328 2122 2525 2179 didicit
2541 2123 2800 2195 mysteria
2826 2123 2973 2190 creli,
3154 2130 3159 2135 “

131 2202 371 2273 Αίΐθοιυ,
413 2205 647 2278 capiens
674 2213 879 2265 aeterno
918 2210 1178 2286 dogmata
1214 2211 1342 2269 vita
1804 2191 1855 2259 Β
1878 2215 1979 2270 Ore
2004 2222 2221 2281 tonans,
2249 2212 2491 2268 animam
2521 2191 2729 2288 regnis,
2761 2212 2854 2268 dat
2884 2211 3133 2269 membra
3163 2213 3358 2286 quieti.

1655 2337 1864 2396 CAPUT
1904 2339 1995 2396 XI.

1296 2444 1375 2503 De
1401 2443 1614 2505 Jacobo
1642 2443 1841 2524 fratre
1867 2446 2067 2506 sancti
2093 2443 2371 2505 Joannis.

131 2581 194 2635 At
224 2580 415 2636 fratris
437 2580 655 2648 Jacobi,
688 2579 961 2649 Callaecia,
993 2600 1226 2656 corpore
1254 2584 1452 2658 fulges,
1878 2585 2184 2642 Clariﬁcum
2214 2582 2453 2657 propriae
2493 2583 2633 2640 lucis
2671 2592 2980 2641 monstrare
3011 2585 3248 2641 nitorem

134 2673 250 2738 Qua
276 2671 431 2744 capit
463 2680 770 2729 extremum
813 2675 1059 2746 locuples
1090 2675 1348 2747 Hispania
1377 2675 1566 2731 ﬁnem.
1879 2678 2170 2749 Diseipulis
2199 2677 2383 2743 vellet,
2426 2675 2632 2748 quibus
2661 2676 2780 2732 hinc
2818 2686 3069 2746 spectare
3093 2676 3359 2744 dedisset,

76 2816 79 2823 ,
135 2765 412 2838 Praecipui
441 2766 679 2838 pastoris
706 2773 824 2822 erat
874 2768 968 2840 qui
998 2766 1142 2823 fidus
1171 2767 1449 2831 alumnus,
1875 2771 2159 2826 Pollicitus
2188 2778 2421 2825 mortem
2456 2782 2568 2822 non
2609 2768 2697 2824 his
2727 2768 2881 2840 prius
2924 2786 3047 2824 esse
3076 2769 3394 2837 videndam,

135 2860 268 2915 Nam
300 2858 445 2914 vidit
472 2859 766 2915 Dominum
796 2860 1015 2931 qualem
1050 2875 1149 2932 per
1175 2862 1336 2916 smela
1374 2860 1625 2917 videbit:
1875 2862 2044 2928 Quam
2077 2861 2235 2916 daret
2257 2860 2343 2916 his
2371 2860 2560 2916 lumen
2590 2860 2808 2915 venturi
2839 2876 3071 2916 cernere
3110 2862 3288 2935 regni.

139 2947 432 3004 Excellens
460 2948 601 3004 adeo
631 2948 863 3013 meritis,
898 2956 959 3005 ut
985 2949 1184 3004 tertius
1213 2965 1335 3005 esse
1876 2951 2030 3007 Hunc
2059 2951 2245 3027 gladio
2274 2948 2537 3022 Solymis,
2572 2950 2818 3007 Herodes
2847 2965 3013 3017 saeve,
3042 2952 3276 3018 necasti,

138 3038 261 3108 Ipse
295 3045 607 3093 mereretur
639 3038 818 3105 testis,
848 3052 969 3094 cum
1003 3038 1180 3114 gloria
1210 3038 1426 3096 Christi.
1871 3040 1980 3097 Sed
2006 3046 2183 3096 metas
2211 3038 2383 3096 orbis.
2429 3045 2479 3093 te
2510 3039 2796 3107 damnato,
2825 3039 2920 3095 ille
2950 3039 3196 3097 decorat.

1643 3171 1853 3226 CAPUT
1898 3171 2013 3228 XII.

1524 3272 1601 3332 De
1630 3281 1837 3334 sancto
1867 3271 2129 3332 Andrea.

133 3406 410 3473 Andreas,
439 3406 658 3478 pollens
687 3422 856 3478 opere
886 3415 941 3462 et
971 3423 1228 3463 sermone
1252 3406 1448 3476 virilis,
1797 3413 1847 3482 (ζ
1877 3409 1954 3463 Ad
1986 3420 2148 3480 quam
2178 3422 2502 3482 germanum
2534 3408 2762 3465 deducit
2800 3423 2988 3465 amore
3016 3408 3326 3465 colendam.

136 3502 628 3575 Splendoremque
659 3504 847 3558 calens
873 3503 1077 3558 divinae
1107 3503 1288 3558 visere
1323 3502 1483 3571 lucis,
1876 3502 1971 3557 llic
1992 3501 2227 3572 Scythia:
2255 3500 2477 3572 populis
2498 3500 2591 3554 ubi
2613 3499 2795 3556 dulcia
2824 3501 2997 3558 verba
3024 3501 3217 3557 salutis

140 3592 287 3648 Inter
315 3590 627 3663 discipulos
649 3591 923 3648 renitebat
949 3600 1136 3648 mente
1161 3591 1410 3648 Joannis.
1873 3591 2140 3661 Tradidit,
2181 3591 2495 3663 exemplum
2556 3590 2809 3662 sequitur
2852 3607 3076 3663 quoque
3122 3591 3293 3646 Morte
3334 3590 3502 3663 Magi-

135 3684 325 3739 Audiit
356 3690 409 3740 at
437 3684 714 3739 Christum
740 3691 801 3740 ut
821 3685 1147 3756 peccamina
1183 3684 1378 3740 tollere
1410 3684 1601 3740 mundi
3316 3683 3429 3755 [tri,

138 3776 294 3833 Ilunc
325 3793 456 3833 mox
491 3783 576 3832 est
606 3776 846 3849 pedibus
877 3778 1043 3834 modo
1082 3793 1215 3846 non,
1250 3777 1382 3850 quin
1423 3778 1591 3834 corde
1611 3793 1773 3833 secu-
1875 3777 2011 3832 Dum
2040 3775 2220 3830 crucis
2251 3774 2536 3847 amplexus
2574 3772 2716 3828 votis
2746 3779 2830 3828 est
2854 3771 3039 3828 cordis
3067 3772 3319 3844 adeptus.

1570 3870 1697 3943 [tus,
1874 3865 2008 3922 Ossa
2045 3866 2207 3920 beata
2236 3862 2412 3920 Patris
2441 3862 2717 3918 retinebat
2745 3860 2978 3918 Achaica
3008 3862 3189 3932 cujus,

134 3962 410 4037 Repperit
440 3971 495 4020 et
521 3979 710 4019 veram
742 3964 942 4027 lucem,
976 3962 1294 4019 flammante
1324 3954 1570 4030 lucerna,
1876 3955 2380 4029 Constantin0p01is
2419 3971 2539 4028 quae
2565 3971 2716 4011 nunc
2744 3962 3076 4011 veneranter
3097 3953 3353 4010 honorat.

1629 4090 1839 4146 CAPUT
1886 4089 2026 4144 XIII.

1501 4195 1579 4253 De
1605 4206 1812 4254 saneto
1842 4191 2138 4252 Matt/tam.

138 4330 367 4388 Iustitia
388 4332 597 4389 donate
627 4332 745 4399 Dei,
770 4333 1044 4401 Mattluee,
1074 4331 1338 4407 refulges,
1880 4326 1955 4383 Te
1987 4336 2303 4384 monstrans
2341 4325 2604 4394 hominis,
2644 4326 2854 4382 celsum
2886 4342 3055 4398 super
3099 4326 3302 4381 :ethcra
3334 4333 3506 4382 trans-

138 4424 317 4488 Quem
349 4423 420 4479 de
444 4423 727 4495 publicola
754 4430 1029 4489 sanetum,
1064 4423 1134 4478 de
1174 4422 1342 4477 divite
1372 4420 1606 4495 largum,
3286 4418 3430 4490 [fcrt,

136 4513 213 4568 De
242 4522 510 4569 exactore
544 4512 696 4584 pium
725 4512 990 4568 Dominus
1019 4511 1173 4566 dedit
1208 4525 1331 4565 esse
1361 4509 1634 4575 datorem,
1880 4511 1980 4577 Qui
2001 4518 2313 4582 postquam,
2355 4510 2531 4564 lucem
2574 4509 2819 4564 tenebris
2857 4508 3061 4565 inferre
3092 4510 3356 4581 parando,

138 4602 200 4660 Et
230 4604 304 4659 de
328 4604 459 4673 jure
487 4603 592 4659 fori
617 4603 729 4675 juri
758 4604 882 4658 tulit
910 4602 1132 4658 aetheris
1163 4601 1276 4657 alti.
1874 4602 2187 4674 Ethiopum
2211 4605 2461 4675 gentnm,
2481 4604 2708 4667 peccato
2740 4604 2795 4651 et
2822 4613 3054 4668 corpore
3085 4598 3320 4673 nigram,

136 4697 343 4752 Christi
375 4697 759 4771 Evangelicum
791 4697 1001 4768 primus
1030 4711 1286 4751 sermone
1316 4700 1546 4765 paterno
1877 4691 2178 4747 Candorem
2213 4688 2446 4743 nitidum
2478 4686 2712 4741 docuisti
2745 4701 2966 4740 sumere
2999 4686 3213 4741 Chrisui.

135 4785 375 4853 Scribis,
400 4794 460 4842 ut
485 4785 737 4842 excelsus
756 4785 1177 4842 servilcsinduit
1197 4791 1366 4840 artus.
1796 4794 1853 4862 D
1880 4780 2117 4853 Martyrii
2149 4780 2383 4851 palmam
2416 4776 2655 4850 caelique
2688 4776 2917 4832 mereris
2956 4778 3242 4833 honorem.

137 4880 417 4946 Quocirca
447 4880 617 4938 facies
650 4881 891 4939 caelestis
912 4881 1090 4957 gloria
1116 4896 1308 4937 currus

1630 5005 1840 5060 CAPUT
1890 5001 2021 5058 XIV.

1511 5115 1587 5174 De
1615 5121 1820 5173 sancto
1852 5110 2152 5186 Philippo.

141 5256 439 5312 Excellens
471 5254 680 5309 tumqu
709 5252 1015 5325 llicrapolis
1048 5259 1208 5309 aucta
1240 5251 1496 5324 Philippi,
1878 5244 2138 5317 Hancque
2178 5241 2342 5298 [idem
2389 5240 2621 5312 Scythiae
2653 5238 2874 5311 populis
2909 5255 3175 5313 spargens
3222 5239 3349 5311 pius
3402 5240 3508 5294 im-

138 5348 242 5414 Qui
273 5346 445 5403 Verbi
477 5345 717 5413 Patrem,
748 5360 881 5401 vero
905 5345 975 5400 de
1000 5344 1208 5400 lumine
1236 5358 1514 5416 quaerens,
3300 5328 3436 5401 [plet

137 5438 367 5493 Discere
402 5433 708 5506 promeruit
736 5433 991 5489 Genitum
1028 5433 1306 5490 Genitoris
1333 5432 1538 5489 habere
1876 5425 2203 5496 Barbaricas
2229 5424 2381 5498 largo
2407 5423 2672 5480 doctrinae
2702 5421 2916 5477 semine
2947 5428 3145 5479 terras.

140 5530 468 5604 Fulgorem,
500 5527 662 5601 parili
690 5526 870 5584 lucem
896 5528 965 5584 de
996 5530 1119 5583 [nec
1147 5527 1428 5596 micando,
1877 5515 2013 5570 Ilinc
2040 5523 2163 5585 post
2192 5513 2457 5569 ecclesias
2495 5519 2749 5581 structas,
2793 5528 2929 5583 quas
2957 5511 3155 5567 ordine
3194 5525 3353 5569 sacro

139 5620 536 5690 Virtutemque
560 5617 733 5672 Patris
761 5618 881 5673 Nati
908 5618 1108 5673 virtute
1137 5617 1332 5673 nitere.
1877 5607 2151 5680 Disponit,
2174 5607 2342 5662 vasus
2370 5608 2511 5662 Αείὲε
2541 5608 2631 5678 pia
2661 5607 2918 5679 dogmata
2959 5608 3107 5663 νίιῖὲο

144 5713 322 5785 Atque
356 5710 577 5765 Patrem
610 5709 665 5763 in
712 5709 870 5775 Nato,
900 5709 1203 5782 Natumque
1244 5710 1297 5765 in
1340 5710 1496 5766 Patro
1529 5724 1774 5775 manere,
1878 5704 2145 5776 Prodigus
2168 5718 2264 5758 ore
2285 5703 2435 5769 serit,
2461 5702 2702 5776 coelique
2730 5703 2789 5758 in
2820 5702 2953 5759 sede
2986 5702 3213 5760 locatur.

146 5806 209 5862 Et
248 5804 374 5863 viso
405 5801 566 5870 Nato,
599 5801 809 5858 Patrem
842 5818 1065 5874 quoque
1097 5803 1198 5860 rite
1224 5802 1420 5859 videri.
