3874 6408
375 407 479 463 499
1120 404 1492 460 FLODOARDI
1532 403 1841 460 CANONICI
1883 402 2214 458 BEMENSIS
2255 398 2597 458 OPUSCULA
2638 398 2947 456 METRICA.
3627 397 3732 453 500

1865 536 2075 593 CAPUT
2123 536 2232 592 XV.

1690 650 1695 655 '
1750 636 1829 695 De
1855 645 2062 697 sancto
2100 636 2343 696 Thoma.

375 754 638 821 Thomas,
678 751 770 824 qui
806 751 1091 821 Didymus,
1125 748 1267 803 latus
1297 748 1632 804 inscrutatur
1661 755 1911 820 apertum
2026 760 2070 820 Α
2102 749 2292 804 Omnis
2328 757 2384 803 et
2413 748 2468 803 in
2498 754 2686 803 nostra
2715 752 2940 803 curatur
2966 753 3154 802 mente
3191 744 3437 813 cicatrix,

376 848 439 900 In
467 862 636 902 cruce
660 843 857 901 conﬁxi
887 856 1151 897 mucrone
1190 840 1444 896 satellitis
1471 841 1643 916 Agni:
2105 844 2241 898 Dum
2272 843 2448 915 patuit
2477 842 2750 897 Christum
2782 857 2911 896 vera
2941 858 3064 897 eum
3097 857 3262 898 carne
3288 843 3517 896 redisse.

378 937 494 1000 Quo
528 935 837 999 dubitante,
872 930 1010 986 ﬁdes
1038 929 1202 985 nobis
1226 928 1474 985 ﬁrmatur
1503 929 1718 997 herilis,

2106 937 2261 992 Hunc
2289 936 2512 1005 ubijam
2544 937 2756 991 Parthis
2784 952 2847 991 ac
2866 936 3041 991 Medis
3078 935 3293 990 semina
3321 934 3475 990 verbi

376 1029 523 1104 Lege
546 1027 699 1083 necis
728 1025 997 1080 Christum
1029 1024 1155 1079 vitae
1197 1041 1479 1079 remeasse
1508 1024 1714 1089 soluta;
2106 1028 2415 1103 Respergit,
2443 1044 2545 1099 pro
2581 1044 2709 1101 rege
2739 1044 2839 1083 suo
2865 1028 3014 1083 videt
3050 1029 3205 1082 India
3235 1044 3478 1098 passum,

376 1121 625 1190 Dumque
653 1116 939 1172 cicatrices
969 1115 1127 1189 digiti
1164 1116 1546 1171 moderamine
1587 1123 1805 1185 tractat,
2108 1122 2260 1178 Unde
2288 1123 2474 1196 proba:
2500 1123 2684 1179 studio
2714 1124 3035 1178 translatum
3069 1123 3248 1194 plebis
3274 1122 3561 1177 Edessem.

376 1211 609 1266 Maxima
625 1217 892 1265 sanantur
922 1208 1228 1263 dubitantis
1255 1208 1482 1263 vulnere
1512 1210 1716 1275 cordis,
2106 1214 2296 1270 Fertur
2324 1230 2528 1286 corpus
2558 1215 2725 1270 humo
2755 1213 2896 1269 caalo
2928 1230 3085 1268 mens
3106 1211 3316 1268 inditur
3343 1211 3473 1268 alto.

1863 1338 2071 1398 CAPUT
2117 1343 2250 1399 XVI.

1650 1442 1728 1501 De
1758 1452 1961 1505 sancto
1990 1445 2441 1505 Bartholomaeo.

376 1556 783 1631 Suspendentis
813 1572 987 1628 aquas
1016 1562 1204 1611 natum
1232 1573 1397 1628 quem
1438 1558 1613 1631 gratia
1645 1557 1793 1624 fecit,
2114 1563 2172 1617 ln
2204 1579 2314 1634 qua
2333 1560 2639 1637 gloriﬁcum
2674 1577 2773 1633 pro
2801 1560 2996 1616 Christi
3026 1559 3251 1614 nomine
3281 1574 3501 1614 cursum

376 1655 776 1710 Bartholomaee
806 1668 979 1721 sacer,
1010 1668 1153 1707 verm
1186 1659 1243 1707 tu
1273 1653 1400 1709 vitis
1428 1652 1650 1708 haberis
2113 1653 2512 1710 Consummans
2543 1654 2745 1726 gladio,
2779 1654 2903 1708 cceli
2934 1660 3147 1707 secreta
3188 1651 3391 1722 petisti.

378 1745 703 1803 Fructiﬁcus
732 1746 963 1817 palmes,
1004 1746 1136 1801 huic
1176 1746 1510 1802 indiscissus
1539 1748 1832 1803 adhaerens
2112 1746 2315 1812 Insula,
2347 1759 2511 1816 quam
2558 1743 2799 1814 Liparim
2827 1741 3025 1796 dictam
3068 1740 3235 1795 Siculi
3270 1739 3436 1794 maris
3463 1739 3629 1794 unda;

376 1839 777 1910 Fecundosque
815 1837 1005 1893 ferens
1034 1844 1162 1908 apto
1192 1853 1291 1908 pro
1322 1846 1572 1909 tempore
1611 1838 1826 1906 botros,
2110 1839 2269 1905 Dant,
2295 1844 2385 1891 tua
2413 1835 2659 1906 suscepit
2686 1841 2830 1889 terra
2862 1833 3166 1907 Gangetide
3206 1832 3472 1899 membra,

380 1932 536 1987 Unde
563 1946 794 1985 merum'
820 1928 950 1984 ﬁdei
983 1930 1148 2005 longe
1190 1930 1410 2002 lateque
1440 1931 1765 2002 pr0pinans,
2111 1929 2362 2004 lnsignes
2391 1928 2576 1983 valida
2594 1927 2856 1983 referenti
2875 1934 3086 1980 amorte
3112 1924 3446 1995 triumphos,

380 2026 493 2082 IIoc
523 2023 726 2080 sobriis
755 2024 905 2099 large
936 2023 1174 2095 tribuis;
1217 2025 1368 2096 quod
1397 2032 1453 2080 et
1491 2025 1647 2080 India
1677 2024 1935 2096 sumpsit,
2111 2022 2239 2087 Quae
2272 2021 2724 2075 Beneventanam
2752 2024 2999 2072 tutantur
3036 2014 3281 2091 tegmine
3319 2015 3556 2087 plebem.

1857 2151 2068 2208 CAPUT
2112 2150 2271 2206 XVII.

1637 2257 1715 2318 De
1742 2256 1968 2319 sanctis
1996 2255 2240 2318 Simone
2271 2261 2323 2313 et
2347 2252 2529 2312 Juda.

386 2376 579 2431 Simon
611 2375 843 2441 Zelotes,
878 2373 1220 2428 Chananaeus
1261 2373 1520 2447 idemque
1550 2381 1765 2441 vocate,
2042 2375 2095 2443 Β
2118 2373 2157 2426 Α
2187 2377 2407 2443 pastore
2449 2369 2595 2424 bono
2627 2383 2867 2439 vereque
2911 2372 3137 2439 potente
3168 2367 3430 2441 magistro

384 2464 605 2519 Scilicet
630 2463 737 2518 hoc
765 2462 886 2518 vico
909 2462 1119 2517 ducens
1150 2477 1484 2537 cognomen,
1516 2477 1784 2533 aquarum
2120 2462 2295 2517 Ambo
2323 2461 2590 2517 doctrinze
2620 2460 2906 2530 capientes
2934 2475 3163 2514 munera
3193 2476 3385 2527 sacrae,

384 2556 453 2611 In
484 2572 597 2628 quo
617 2554 897 2622 materies,
930 2554 987 2608 in
1025 2553 1140 2609 vini
1180 2569 1339 2609 versa
1365 2554 1635 2627 vigorem,
2121 2552 2208 2607 Sal
2243 2558 2403 2606 terra:
2434 2549 2581 2613 facti,
2614 2548 2845 2604 stolidas
2875 2548 3105 2603 condire
3145 2548 3318 2618 parati

386 2645 641 2701 Ostendit
689 2642 959 2699 Christum
1003 2659 1184 2698 rerum
1215 2643 1505 2698 Dominum
1547 2658 1672 2697 esse
1710 2648 2014 2713 potentem.
2119 2642 2352 2708 Mentcs,
2372 2642 2463 2695 lux
2492 2638 2649 2708 dicti,
2675 2639 2934 2694 tenebras
2967 2638 3251 2709 depellere
3285 2639 3453 2695 docti.

385 2735 674 2807 ZEgyptus,
702 2738 953 2788 veterum
987 2730 1160 2785 sacris
1188 2731 1461 2785 maculata
1489 2731 1742 2799 deorum,
2121 2737 2263 2801 Quas
2284 2735 2373 2789 ubi
2405 2734 2639 2790 diversis
2663 2733 2992 2809 regionibus
3013 2749 3107 2788 ore
3137 2732 3390 2806 fugastis,

386 2824 545 2879 Tetra
573 2823 741 2877 dente
768 2822 915 2893 capit
939 2822 1050 2875 vim
1082 2820 1245 2875 Verbi
1268 2821 1395 2889 jure
1426 2821 1709 2891 perennis.
2120 2829 2363 2885 Persidis
2401 2828 2639 2903 ingressi
2671 2827 2975 2898 penetralis
3015 2842 3184 2901 regna
3212 2828 3471 2895 minacis,

387 2916 455 2967 At
482 2911 625 2966 Juda
657 2910 873 2977 Jacobi,
904 2908 1117 2963 Tadcus
1143 2925 1366 2981 Quoque
1394 2909 1487 2980 qui
1521 2909 1778 2965 vocitaris
2121 2919 2276 2973 Sicut
2308 2933 2439 2973 oves
2470 2916 2710 2989 prompti
2734 2917 2789 2970 in
2821 2915 3006 2971 medio
3032 2931 3329 2987 prOpcrare
3360 2917 3646 2988 luporum,

392 3006 599 3077 (Longe
630 3004 698 3058 ab
726 3019 793 3059 eo
837 3003 1049 3058 distans
1089 3003 1384 3058 Dominum
1413 3002 1507 3075 qui
1554 3002 1799 3075 prodidit
1829 3003 2016 3071 orbis},
2119 3008 2251 3064 Astu
2280 3007 2560 3079 serpentis
2578 3022 2700 3061 cum
2734 3006 3089 3078 simplicitate
3121 3006 3395 3063 columbae

393 3094 686 3149 Lebbaeum
712 3092 807 3148 sed
842 3092 988 3147 enim
1022 3099 1364 3147 memorante
1405 3093 1570 3147 corde
1602 3098 1875 3159 vocatum,
2124 3104 2415 3171 canentes,
2445 3104 2539 3175 qui
2574 3104 2731 3174 plura
2762 3104 2875 3158 Deo
2906 3102 3033 3158 dum
3068 3086 3220 3158 lucra
3252 3105 3507 3175 parastis,

395 3187 654 3243 Corculus
682 3186 740 3241 in
771 3192 958 3241 nostra
987 3185 1154 3240 latum
1196 3185 1344 3256 quod
1382 3200 1517 3240 voce
1563 3184 1804 3254 sonabit,
2123 3196 2419 3249 Innumero
2441 3192 2635 3248 Christi
2665 3192 2870 3263 p0pulo
2896 3192 2989 3264 pia
3019 3192 3121 3247 sub
3146 3193 3281 3268 juga
3311 3193 3500 3262 ducto,

394 3276 640 3332 Luminis
678 3275 960 3347 aspersisti
993 3274 1140 3330 inter
1167 3275 1277 3329 duo
1305 3274 1535 3330 ﬁumina
1566 3291 1759 3329 semen
2121 3284 2357 3357 martyrii
2389 3286 2610 3340 domum
2642 3284 2812 3360 digno
2844 3284 3150 3340 certamine
3181 3301 3402 3341 cursum

396 3374 473 3429 De
502 3372 688 3428 medio
713 3371 901 3443 patriae
921 3369 1213 3427 fluviorum
1245 3386 1449 3427 nomen
1477 3369 1727 3426 habenti.
2124 3372 2441 3446 Explentes,
2463 3374 2677 3430 animas
2702 3374 2841 3431 caelo
2872 3374 3043 3443 datis,
3074 3390 3199 3431 ossa
3225 3375 3519 3447 sepulcris.

1860 3502 2067 3560 CAPUT
2106 3504 2289 3560 XVIII.

1760 3607 1839 3667 De
1866 3615 2076 3668 sancto
2108 3608 2383 3667 Matthia.

399 3723 623 3779 Matthia
645 3738 876 3779 numero
905 3721 1167 3794 splendes
1200 3722 1375 3779 electe
1406 3722 1693 3794 replendo,
2059 3728 2108 3797 (ζ
2132 3723 2369 3795 Spiritus
2403 3721 2628 3777 irradiat
2658 3727 2882 3777 sanctus
2909 3729 2963 3776 te
2996 3721 3229 3794 pignore
3259 3722 3473 3779 donans

398 3815 729 3872 Anteferens
753 3816 928 3886 justo,
962 3816 1181 3871 Domini
1213 3831 1375 3888 quem
1407 3814 1582 3891 gratia
1613 3816 1811 3885 sanxit,
2129 3814 2371 3870 Muneris
2396 3814 2603 3870 excelsi
2634 3819 2689 3869 et
2726 3830 2929 3884 supere
2961 3814 3290 3869 charismate
3319 3814 3564 3882 ﬁrmans,

401 3908 559 3962 Sorte
586 3906 878 3961 ministerii
906 3905 1156 3981 dignum,
1192 3921 1303 3978 quo
1333 3906 1535 3981 gaudia
1561 3905 1714 3977 pacis
2130 3908 2195 3963 Ut
2224 3908 2377 3963 testis
2416 3906 2634 3963 Domini
2664 3905 2837 3962 factus
2859 3906 2927 3961 de
2958 3914 3134 3963 morte
3168 3908 3469 3979 triumpho,

401 3997 681 4054 Proferres
711 3996 941 4062 mundo,
983 3994 1257 4050 duodena:
1297 3993 1448 4049 sedis
1484 3996 1719 4067 adeptus
2134 4000 2258 4055 Visa
2285 3999 2430 4055 feras
2453 4000 2628 4056 oculis
2655 3999 2857 4071 passim
2888 3999 3150 4055 miracula
3190 3999 3411 4065 Christi,

404 4092 461 4144 In
504 4089 657 4145 caelis
686 4088 922 4160 apicem,
955 4087 1160 4142 cecidit
1198 4102 1307 4159 qua
1337 4086 1589 4158 proditor
1615 4094 1767 4144 atrox
2133 4094 2313 4167 thue
2333 4109 2497 4149 vocas
2512 4093 2668 4149 cmlis
2694 4093 2898 4148 Iudae-a3
2928 4094 3110 4168 gentis
3135 4093 3407 4158 alumnos,

405 4184 673 4252 Auctoris,
706 4181 944 4254 propriae
975 4196 1196 4254 quoque
1225 4181 1551 4253 perditionis
1584 4188 1815 4238 amator.
2135 4182 2382 4239 Caelestis
2401 4183 2525 4239 solii
2558 4190 2852 4255 provectus
2891 4183 3103 4241 honore
3134 4182 3396 4255 quiescis.

1880 4311 2089 4368 CAPUT
2140 4312 2285 4367 XIX.

1614 4411 1690 4470 De
1726 4415 1952 4474 cwteris
1986 4413 2214 4474 Christi
2256 4413 2540 4473 testitbus.

403 4533 632 4588 Culmen
677 4529 963 4603 apostolici
988 4527 1356 4604 transegimus
1385 4527 1599 4583 ordinis
1625 4527 1815 4594 altum,
2135 4528 2379 4595 Materia,
2413 4527 2549 4600 quin
2581 4534 2635 4583 et
2665 4535 2914 4582 nostrum
2943 4542 3209 4599 superare
3239 4525 3545 4591 Maronem,

404 4624 645 4680 Eximios
667 4623 884 4680 modica
905 4621 1095 4676 titulos
1117 4618 1690 4687 recinenteCamena,
2136 4619 2285 4673 Bella
2325 4625 2507 4672 tamen
2542 4634 2664 4689 quia
2693 4617 2818 4688 quis
2843 4617 3013 4692 gessit
3050 4617 3309 4671 detexere
3338 4615 3510 4670 nostri

402 4717 636 4783 Nomina
658 4716 942 4789 signantes
972 4712 1232 4767 duodeno
1260 4710 1478 4785 singula
1502 4727 1684 4765 versu.
2134 4715 2251 4769 Non
2283 4723 2364 4770 est
2393 4714 2685 4785 pr0positi,
2719 4730 2841 4768 cum
2876 4730 2979 4769 nec
3009 4728 3299 4768 numerare
3331 4727 3606 4784 queamus
3630 4712 3661 4744 "’

404 4807 467 4861 At
493 4821 642 4861 nunc
682 4803 933 4858 militiam
966 4801 1091 4857 coeli
1118 4800 1360 4872 ﬁdeique
1386 4808 1616 4871 trOpaea,
2134 4806 2227 4861 Vel
2262 4804 2381 4859 loca
2411 4820 2525 4875 prae
2554 4804 2741 4859 stricto
2782 4808 2865 4859 sat
2896 4803 2997 4858 erit
3026 4802 3353 4858 meminisse
3373 4802 3555 4856 relatu

404 4897 737 4969 Multiplices
768 4894 978 4966 palmas
998 4891 1410 4964 inﬁnibilesque
1438 4907 1692 4957 coronas,
2135 4900 2392 4965 Quaedam
2427 4900 2757 4954 athletarum
2782 4899 2996 4955 Domini
3031 4896 3396 4953 celeberrima
3425 4896 3645 4964 bustis;

404 4997 528 5047 Arte
558 4991 785 5063 quidem
813 4996 1000 5044 nostra
1031 4988 1202 5044 multo
1232 4988 1440 5056 majora
1471 5002 1755 5052 canamus,
2137 4991 2286 5044 Inter
2310 5004 2433 5061 quae
2467 4989 2696 5060 reliquis
2733 4986 3037 5044 venerabili
3065 4987 3201 5042 AZlIa
3228 4993 3452 5058 praestat

407 5081 468 5139 Et
494 5081 925 5155 quaz‘Maeonium
964 5081 1182 5139 valeant
1221 5079 1477 5135 evincere
1504 5085 1684 5135 vatem
2132 5076 2359 5133 Miriﬁco
2389 5077 2552 5150 Regis
2588 5085 2952 5133 monumento
2992 5084 3192 5131 cuncta
3218 5073 3481 5149 regentis.

1899 5211 2110 5268 CAPUT
2160 5211 2267 5266 XX.

1608 5313 1688 5372 De
1717 5311 1936 5386 David,
1970 5311 2247 5371 Simeone
2276 5318 2328 5369 et
2359 5310 2558 5370 Anna.

405 5432 501 5487 llic
530 5430 815 5485 citharista
853 5439 1008 5488 catus
1036 5434 1205 5503 mitis,
1239 5434 1363 5505 pius
1391 5440 1554 5505 atque
1586 5431 1790 5499 ﬁdelis,
2047 5435 2105 5504 Ι)
2132 5429 2242 5485 Sed
2273 5429 2508 5484 Domino
2536 5428 2978 5501 Phlegetontaeas
3007 5424 3283 5481 referente
3316 5424 3545 5495 rapinas

402 5518 513 5573 Rex
547 5517 741 5583 David,
773 5520 930 5587 cujus
958 5521 1130 5577 voluit
1156 5523 1225 5577 de
1248 5524 1460 5579 semine
1482 5523 1747 5587 Christus,
2132 5525 2363 5594 Raptus,
2395 5531 2449 5577 et
2478 5524 2718 5577 eethcrca
2747 5523 2983 5577 donatus
3019 5519 3264 5576 creditur
3304 5518 3447 5573 aula.

395 5610 526 5665 Jure
555 5608 843 5682 pudicitiae
869 5626 1090 5669 saerans
1128 5615 1233 5669 sibi
1267 5616 1507 5691 Virginis
1536 5616 1740 5679 alvum,
2131 5616 2228 5671 Hic
2258 5616 2420 5670 etiam
2451 5614 2656 5686 plures,
2682 5630 2822 5686 quos
2844 5612 3044 5668 saacula
3075 5612 3254 5684 prisca
3278 5610 3550 5678 tulerunt,

398 5698 633 5753 Sumere
673 5697 930 5751 mortales
961 5699 1183 5755 humani
1212 5705 1460 5775 corporis
1497 5712 1670 5770 artus,
2132 5705 2375 5758 lllustres
2409 5703 2576 5775 positi
2613 5720 2772 5777 reges
2813 5701 3104 5773 sanctique
3142 5699 3451 5771 prophetae.

392 5787 449 5842 In
472 5785 777 5848 mausolzeo
809 5787 1016 5861 legitur
1043 5792 1317 5864 locuplete
1332 5797 1599 5866 locatus;
2132 5796 2228 5851 Hic
2259 5796 2498 5869 Symeon
2522 5796 2723 5865 justus,
2749 5795 2899 5850 celso
2932 5794 3025 5866 qui
3071 5792 3315 5849 Flamine
3346 5793 3550 5859 clarus,
