3874 6398
148 368 247 425 501
679 363 761 417 DE
797 359 1160 416 TRIUMPHIS
1198 360 1454 418 CHRISTI
1496 363 1577 418 ET
1618 362 1712 417 SS.
1754 359 2161 416 PALASSTlNz’E
2199 362 2375 419 LIBRI
2416 365 2602 420 TRES.
2643 395 2713 406 —
2753 364 2878 420 LIB.
2923 366 2963 419 Ι.

3396 368 3501 424 50?.

149 496 497 566 Responsum
529 489 699 562 capit,
731 488 877 544 haud
908 503 1153 561 unquam
1183 503 1244 544 se
1287 498 1466 545 morte
1487 488 1766 547 obiturum
1798 489 1849 559 Α
1880 486 2081 541 Sedula
2108 504 2231 559 qua}
2256 491 2460 561 templo
2499 490 2734 565 degens,
2759 491 2978 559 jejunia
3006 492 3216 549 ducens

149 587 441 640 Auctorem
459 582 641 637 donec
667 577 961 634 meruisset
985 593 1217 633 cernere
1254 579 1414 634 vitm:

151 678 269 742 Quo
306 676 424 732 viso
448 673 590 745 petit
608 672 821 728 absolvi
851 672 959 728 sibi
981 672 1201 728 vincula
1225 673 1426 740 carnis,

150 759 270 815 Non
303 769 559 817 metuens
596 768 851 824 mortem,
894 760 1099 836 dignus
1128 761 1259 833 quia
1296 761 1477 817 visere
1496 762 1700 836 vitam;

149 851 270 905 Non
299 851 494 906 mortis
522 852 760 907 horrens
788 851 1064 919 umbram,
1085 854 1217 923 quia
1238 868 1469 908 noscere
1502 855 1703 921 lucem,

152 942 405 1014 Paceque
425 950 747 1014 conspecta,
770 943 1003 1013 cupiunt
1031 944 1384 1016 requiescere
1412 946 1682 1001 membra.

151 1036 251 1093 Hic
280 1037 522 1093 Phanuel
559 1038 766 1109 proles,
807 1038 991 1093 viduis
1015 1054 1240 1111 quoque
1270 1039 1445 1095 forma
1475 1040 1669 1097 salutis

147 1134 302 1186 Anna
328 1132 700 1205 prophetissa,
734 1131 900 1189 tribui
933 1147 1057 1203 quae
1079 1131 1326 1187 nascitur
1349 1132 1486 1187 Aser
1513 1152 1530 1189 :

1877 575 2097 645 Crebra,
2138 581 2423 652 Deumque
2454 597 2675 656 rogans,
2717 582 2885 637 servit
2914 584 3001 637 cui
3033 591 3195 639 nocte
3227 584 3432 657 dieque

1876 671 2026 725 Dona
2059 674 2361 743 prOphetiae
2399 674 2521 729 cceli
2552 674 2887 730 charismata
2910 677 3147 747 sumpsit
3179 694 3193 730 :

1879 760 2199 816 Emmanuel
2228 770 2417 817 natum
2458 778 2567 818 non
2597 763 2778 818 solum
2811 765 2980 838 digna
3003 765 3146 819 tueri

1879 852 2212 919 Vaticinans,
2247 854 2302 909 in
2332 870 2399 909 eo
2422 855 2625 911 meruit
2649 855 2785 926 quin
2818 856 3023 912 famina
3049 858 3213 924 ferre,

1879 944 2031 999 Hunc
2064 946 2248 1000 multis
2268 948 2506 1017 positum
2531 948 2840 1019 praedicens
2874 966 2997 1005 esse
3022 951 3220 1017 ruinae,

1878 1032 2223 1089 Continuans
2252 1036 2403 1107 quod
2436 1043 2489 1091 et
2515 1035 2746 1092 advenis
2785 1038 3056 1095 surrectio
3081 1040 3289 1096 multis.

1644 1264 1855 1320 CAPUT
1896 1267 2029 1322 XXI.

1491 1396 1570 1457 De
1610 1408 1817 1459 sancto
1857 1399 2178 1479 Stephano.

148 1543 321 1600 lsthic
350 1542 645 1617 praecipuis
674 1557 897 1615 quoque
920 1551 1378 1600 consummantur
1404 1561 1611 1618 agones

144 1632 439 1702 Militibus,
466 1632 1031 1706 quorumStephanus
1059 1632 1361 1689 certamine
1396 1635 1575 1706 primo

146 1724 275 1780 Post
313 1724 589 1780 Christum
619 1724 755 1780 lethi
788 1724 1014 1779 liventia
1046 1725 1155 1780 tela
1179 1725 1545 1797 triumphans,

144 1813 400 1870 Nominis
433 1814 562 1869 hinc
593 1813 800 1885 proprii
826 1814 996 1868 scitur
1017 1812 1231 1884 cepisse
1273 1827 1534 1868 coronam

142 1907 418 1976 Tempore
446 1921 557 1978 quo
588 1906 851 1961 Dominus
881 1907 1062 1963 dirum
1105 1924 1268 1964 cruce
1308 1907 1524 1963 vicerat
1546 1908 1813 1963 hostem.‘

143 1997 278 2052 Nam
312 1997 447 2053 dum
479 1997 675 2053 levitas
704 1998 875 2053 sacris
914 1999 1178 2055 assistere
1211 2000 1418 2055 mensis

146 2091 337 2147 Ccetus
368 2090 727 2162 apostolicus,
760 2098 973 2162 septem
1035 2108 1176 2163 quos
1200 2092 1440 2164 Spiritus
1480 2092 1658 2148 almus

138 2180 403 2249 Exornat,
436 2181 648 2244 statuit,
683 2180 874 2236 divino
905 2182 1331 2237 numinelectus

143 2270 237 2326 His
270 2272 416 2328 lucis
456 2270 706 2343 locuples
736 2272 1078 2343 praeponitur
1107 2271 1478 2328 archidiacon.

135 2369 255 2425 Mox
281 2366 526 2423 imbpem
556 2367 839 2422 sermonis
867 2384 1061 2442 agens,
1093 2368 1297 2424 virtute
1328 2377 1606 2435 coruscat,

135 2459 523 2532 Prodigiisque
564 2459 723 2515 novis
753 2459 960 2532 populo
989 2475 1132 2516 nova
1163 2458 1383 2535 fulgura
1414 2467 1702 2517 monstrat.

133 2552 309 2616 Quem
342 2557 534 2605 contra
564 2550 856 2625 Synagoga
886 2567 1121 2623 crepans
1150 2553 1365 2607 Satanae
1407 2547 1704 2616 blateratu,

137 2645 388 2701 Bellabat
419 2644 637 2708 rabido,
672 2645 1027 2719 libertinique
1060 2647 1307 2715 remissi,

143 2738 320 2810 Atque
354 2737 514 2794 nothi
539 2737 885 2809 Cyrenenses
918 2738 1132 2795 fervore
1164 2741 1395 2811 perusti,

142 2828 324 2883 Turba
365 2835 424 2884 et
448 2828 942 2883 Alexandrinorum
986 2828 1292 2901 Cilicesque
1322 2845 1610 2901 procaces,

142 2917 245 2972 Aut
265 2917 414 2991 Asia;
446 2916 671 2989 reliqui.
700 2916 807 2971 Sed
840 2932 953 2973 non
983 2933 1249 2988 superare
1282 2917 1539 2989 sephiam

141 3008 410 3064 Flaminis
440 3015 534 3065 aut
569 3010 745 3065 sancti
779 3016 1081 3081 potuerunt
1111 3010 1304 3065 sistere
1336 3010 1503 3066 rivos.

142 3101 374 3173 Captum
409 3100 645 3157 concilio
677 3107 924 3156 statuunt
949 3111 1005 3156 et
1027 3117 1228 3178 magna
1252 3109 1581 3174 queruntur,

140 3193 440 3249 Mutandas
471 3192 611 3268 legis
630 3193 803 3265 Moysi
835 3194 984 3266 quod
1015 3194 1342 3249 traditiones

141 3285 350 3342 Dixerit
390 3285 460 3340 ab
490 3285 644 3353 Jesu,
675 3286 865 3358 templi
897 3286 1243 3342 accelerante
1270 3286 1508 3341 ruinam.

210 3380 271 3434 In
286 3394 528 3452 quorum
556 3378 743 3435 medio
764 3380 915 3435 velut
942 3379 1177 3454 angelus
1206 3393 1302 3435 ore
1333 3393 1598 3434 coruscus

137 3470 280 3526 Voce
310 3477 517 3526 tonans
548 3468 746 3540 patria,
778 3469 859 3525 sic
879 3469 1089 3524 lumine
1120 3467 1365 3541 fulgidus
1388 3467 1509 3523 infit
1542 3486 1555 3523 :

143 3583 169 3605 -
201 3559 398 3614 Patres
429 3564 593 3630 atque
618 3558 720 3613 viri
750 3557 966 3626 fratres,
1000 3573 1122 3613 mea
1142 3558 1343 3613 sumite
1359 3559 1547 3613 verba.

140 3647 429 3716 Majestate
451 3647 597 3702 Deus
627 3646 848 3702 radians
877 3647 1135 3717 apparuit
1160 3647 1294 3701 olim

137 3740 376 3795 Abrahae
406 3750 620 3808 nostro,
644 3739 849 3812 placito
883 3739 988 3795 sibi
1019 3754 1186 3795 carne
1217 3738 1456 3811 parenti,

136 3830 477 3902 Praecipiens
500 3830 595 3886 olli
623 3848 636 3885 :
668 3829 830 3886 Terra
858 3831 1089 3887 discede
1121 3838 1350 3902 paterna

134 3921 531 3992 Approperans
560 3918 709 3986 aliis,
743 3919 842 3975 tibi
875 3935 1000 3992 quae
1039 3927 1443 3985 monstravero,
1487 3917 1698 3994 regnis.

136 4010 397 4068 Chaldaea
423 4012 725 4085 egrediens
750 4011 1016 4067 habitavit
1039 4011 1224 4067 denuo
1249 4010 1487 4066 Charran
1516 4030 1531 4079 ;

136 4102 262 4158 Post
287 4102 626 4174 obitumque
648 4102 818 4174 patris
837 4104 955 4158 haec
980 4103 1128 4158 hunc
1154 4102 1384 4157 deduxit
1411 4102 1463 4157 in
1487 4118 1635 4170 arva,

136 4192 245 4248 Nec
272 4192 435 4248 dedit
465 4193 594 4248 hinc
624 4192 728 4263 ipsi
760 4200 1025 4264 quantum
1039 4192 1199 4264 pedis
1227 4191 1433 4247 abdere
1467 4208 1661 4263 passus

136 4287 264 4351 Quit
288 4304 302 4341 :
329 4295 517 4342 tamen
545 4287 663 4341 haec
687 4287 809 4356 ejus
839 4286 1017 4342 soboli
1050 4286 1315 4341 tradenda
1344 4285 1670 4357 spepondit,

141 4379 274 4434 Cum
306 4379 501 4435 senior
530 4379 710 4434 fessus
739 4379 945 4435 carnali
979 4378 1135 4449 prole
1175 4383 1406 4433 careret.

136 4468 246 4523 Sed
265 4479 360 4524 tua
389 4470 690 4544 progenies
717 4469 917 4523 alienis
945 4469 1131 4523 accola
1157 4468 1338 4538 (dixit)

139 4562 388 4617 Ruribus
420 4563 639 4628 existet,
670 4562 912 4633 graviter
933 4568 1159 4616 tractata
1176 4578 1277 4631 per
1293 4576 1472 4615 annos

138 4655 332 4710 Fermc
367 4654 829 4727 quadringentos,
872 4654 1137 4708 famulatu
1176 4655 1419 4725 pessime
1452 4669 1662 4724 pressa,

135 4747 291 4802 Exiet
319 4754 490 4817 atque
520 4746 642 4801 loco
670 4747 806 4799 mihi
826 4746 1118 4817 postmodo
1137 4745 1344 4801 serviet
1372 4747 1498 4810 isto,

129 4839 353 4895 Judicio
383 4847 606 4911 gentem
628 4837 716 4893 cui
737 4836 991 4892 servierit
1018 4853 1241 4908 quoque
1268 4836 1523 4892 subdam.

135 4930 262 4986 Post
292 4936 755 4986 testamentorum
795 4928 1145 4985 circumcisio
1174 4936 1415 4999 sumpta,

135 5026 400 5081 Procreat
418 5024 549 5080 inde
567 5038 738 5081 senex
768 5026 939 5094 lsaac,
972 5040 1083 5097 quo
1114 5032 1278 5080 natus
1309 5024 1470 5080 Iacob

140 5115 227 5169 Bis
259 5132 363 5171 sex
392 5122 723 5187 progenerat
753 5115 1015 5186 praeclaro
1046 5116 1320 5192 sanguine
1342 5121 1546 5186 patres,

137 5209 371 5264 Invidia:
401 5208 607 5281 Ioseph
640 5225 781 5281 quos
805 5209 1048 5265 vendere
1070 5209 1209 5265 livor
1250 5208 1453 5283 adegit.

141 5301 236 5356 llic
262 5302 484 5356 Pharon
519 5301 852 5377 ingreditur,
886 5301 1121 5357 Domino
1162 5300 1463 5356 comitante
1493 5314 1759 5372 superno,

136 5393 410 5449 Omnibus
432 5392 645 5463 eripuit
670 5394 888 5449 salvans
914 5395 1009 5466 qui
1040 5394 1296 5467 pestibus
1317 5394 1470 5448 illum
1505 5410 1520 5459 ;

135 5487 238 5542 Per
276 5503 447 5559 quem
472 5501 598 5542 mox
630 5487 855 5558 sapiens
885 5488 1157 5543 Pharaoni
1190 5494 1246 5543 et
1275 5494 1464 5564 gratus
1482 5486 1719 5541 habetur
1746 5503 1761 5553 ;

134 5577 287 5631 Hunc
316 5575 415 5648 qui
448 5573 765 5647 praeficiens
793 5592 965 5650 regno
997 5577 1314 5648 praeponuit
1336 5584 1391 5632 et
1420 5577 1578 5632 aulae.

136 5665 435 5741 Egyptum
465 5664 596 5719 inde
620 5678 854 5721 onerosa
887 5666 1064 5722 fames
1090 5668 1423 5739 Canaanqne
1439 5666 1726 5738 premebat
1751 5683 1766 5733 ;

138 5759 349 5816 Excitat
376 5759 494 5814 haec
522 5757 761 5830 primum
794 5766 977 5831 patres
1004 5760 1260 5837 angustia
1286 5767 1537 5825 nostros;

1884 1550 2057 1605 Vendi
2082 1551 2158 1606 ibi
2181 1560 2463 1625 comperto
2494 1552 2772 1612 frumenta
2804 1557 2992 1614 videre
3017 1559 3319 1631 Canopum.

1886 1642 2034 1698 lianc
2064 1660 2287 1716 quoque
2326 1646 2457 1702 dum
2516 1656 2793 1720 repetunt,
2831 1651 3039 1724 Joseph
3090 1663 3242 1725 patet
3284 1656 3509 1731 agnitus

3309 1748 3438 1821 [illis

1888 1827 2015 1891 Quae
2050 1837 2335 1903 postquam
2370 1832 2570 1889 Phario
2603 1835 2717 1909 regi
2748 1838 2957 1907 perlata
2988 1837 3260 1907 feruntur,

1886 1920 2097 1976 Patrem
2141 1939 2263 1978 cum
2292 1926 2707 1999 generistturba
2736 1930 2840 1984 sibi
2877 1933 3054 2002 poscit
3090 1934 3284 2004 loseph

1884 2012 1963 2068 Ad
1995 2030 2158 2085 quem
2183 2033 2306 2071 cum
2342 2018 2529 2074 decies
2556 2022 2800 2092 septenis
2830 2024 3077 2097 quinque
3101 2026 3312 2099 jugatis

1884 2103 2184 2159 Descendit
2214 2108 2450 2178 propria!
2481 2108 2674 2181 stirpis
2705 2111 2997 2168 animabus
3029 2115 3207 2171 Iacob.

1882 2197 1981 2262 Qui
2017 2206 2312 2272 postquam
2338 2202 2448 2257 vita
2480 2203 2801 2278 defungitur
2831 2206 2974 2278 ipse,
3006 2216 3301 2283 patresque

1880 2287 1972 2341 Bis
1998 2289 2117 2343 seni
2149 2289 2372 2346 Sichem
2409 2292 2502 2347 lati
2525 2294 2807 2367 positique
2838 2298 3095 2368 sepulcro

1880 2376 2153 2432 Abraham
2189 2380 2367 2450 pretio
2395 2383 2540 2454 quod
2561 2392 2872 2456 sumpserat
2895 2387 3059 2443 Emor
3080 2388 3133 2443 in
3156 2399 3363 2462 empto.

1880 2463 2147 2536 Tempore
2174 2470 2428 2538 promissi
2470 2480 2799 2543 properante
2821 2477 2967 2547 quod
2994 2477 3112 2548 ipse
3144 2480 3404 2550 professu

1877 2555 2109 2611 Abrahae
2136 2556 2311 2613 fuerat
2332 2560 2616 2630 Dominus,
2648 2563 2806 2634 plebs
2836 2567 3008 2621 crevit
3036 2577 3091 2622 et
3122 2568 3322 2643 ingens

1878 2646 2124 2703 Efficitur
2156 2651 2413 2723 populus,
2449 2654 2628 2710 donec
2658 2672 2753 2711 rex
2776 2659 2999 2714 nescius
3017 2661 3214 2715 horum

1880 2736 2097 2792 Eminet
2122 2739 2379 2811 Egypto,
2408 2743 2960 2819 circumveniensque
2991 2748 3219 2805 colonos

1803 2804 1855 2872 Β
1876 2825 2118 2895 Addicit,
2296 2804 2550 2903 proprios
2583 2804 3029 2906 exponereietho

1880 2919 2233 2993 Compellens
2259 2924 2502 2997 genitos.
2534 2925 2750 2998 Moyses
2770 2935 2903 2985 tunc
2932 2939 3095 2985 natus
3125 2938 3178 2986 et
3197 2932 3317 2988 mdo

1879 3011 2162 3068 Mensibus
2184 3023 2267 3071 est
2298 3017 2475 3087 patria
2494 3017 2718 3074 latitans
2738 3020 2912 3075 tribus
2946 3021 3171 3078 abditus
3190 3024 3356 3080 hosti.

1880 3101 2073 3157 Gratus
2092 3110 2147 3159 at
2173 3104 2481 3162 Altithrono
2513 3106 2665 3164 ﬂuvii
2698 3110 2829 3164 dum
2863 3111 3096 3166 traditur
3124 3113 3283 3179 ulvae,

1880 3196 2165 3271 Regigena
2194 3206 2402 3270 raptus,
2437 3198 2605 3267 fotus,
2629 3201 2750 3257 vice
2781 3203 2951 3273 prolis
2965 3214 3204 3273 amatus,

1879 3285 2104 3340 Artibus
2133 3287 2370 3343 excellet
2400 3288 2631 3354 Phariis,
2660 3290 2879 3347 virtutis
2905 3301 2962 3349 et
2991 3303 3116 3351 actu

1877 3375 2068 3431 Lustra
2089 3393 2291 3450 gerens
2314 3388 2462 3447 octo,
2493 3381 2792 3439 meditatur
2806 3383 2983 3441 visere
3011 3385 3207 3442 fratres
3232 3430 3244 3443 .

1877 3467 2234 3540 Pelleumque
2288 3468 2465 3524 virum
2489 3469 2719 3528 Hebraeo
2757 3473 2865 3528 vim
2892 3475 3119 3531 tendere
3151 3493 3387 3535 cernens

1874 3560 2131 3630 Percutit,
2158 3570 2325 3636 atque
2357 3578 2487 3619 suos
2520 3570 2671 3620 retur
2707 3567 2952 3623 sensisse
2991 3569 3357 3642 propinquos,

1814 3672 1821 3677 ·
1875 3657 1969 3712 His
1988 3674 2088 3730 per
2124 3673 2249 3713 eum
2272 3657 2535 3713 Dominus
2554 3658 2720 3713 vellet
2739 3659 2869 3731 quia
2890 3659 3032 3717 ferre
3059 3660 3316 3719 salutem.

1874 3747 2023 3813 Quos
2062 3748 2444 3820 imprudentes
2482 3749 2612 3806 odio
2644 3749 2872 3822 rixaque
2903 3751 3148 3808 furentes

1876 3837 2214 3911 Corripiens,
2239 3840 2415 3909 audit,
2447 3839 2843 3912 Princeps,aut
2871 3840 3078 3896 arbiter
3104 3851 3163 3897 ut
3190 3843 3267 3899 sis

1875 3929 2005 3994 Quis
2035 3930 2207 3993 dedit,
2241 3936 2295 3984 et
2322 3939 2535 3984 nostras
2561 3928 2745 3984 valeas
2771 3929 2929 3985 finire
2959 3932 3216 4002 querelas
3250 3932 3279 3986 ?

1874 4020 2031 4074 Mene
2063 4030 2121 4075 ut
2151 4021 2270 4076 heri
2288 4019 2542 4075 Pharium
2564 4019 2761 4095 jugulo
2775 4022 3015 4092 plectere
3037 4023 3297 4080 colonum
3319 4023 3347 4078 τ

1874 4109 2119 4165 Territus
2159 4110 2244 4185 his
2275 4109 2488 4181 Moyses
2518 4111 3245 4183 disponituradvenaterrte,

1789 4181 1839 4251 (ἶ
1870 4181 2171 4275 Aufugiens
2203 4200 2441 4267 Madian,
2475 4181 2620 4258 bino
2640 4208 2722 4258 est
2752 4219 2860 4275 qua
2890 4204 3121 4279 pignore
3155 4181 3383 4264 mactus.

1869 4291 2243 4367 Quadraginta
2281 4294 2442 4348 annis
2461 4293 2538 4348 illi
2572 4295 2674 4348 hac
2697 4296 2894 4350 tellure
2926 4295 3185 4367 peractis,

1868 4388 2110 4460 Angelus
2131 4387 2221 4443 hic
2243 4386 2509 4463 flagrante
2542 4386 2663 4442 rubi
2696 4395 3029 4443 monstratur
3058 4388 3113 4443 in
3142 4389 3290 4464 igne.

1869 4476 1984 4540 Quo
2006 4476 2241 4557 mirante
2265 4476 2441 4531 facem
2471 4474 2700 4531 scrutari
2741 4493 2966 4548 remque
2981 4489 3206 4549 parante

1865 4571 1975 4626 Vox
2010 4571 2146 4626 facta
2174 4578 2255 4626 est
2284 4588 2297 4625 :
2334 4592 2357 4621 α
2387 4571 2497 4645 Ego
2512 4586 2631 4625 sum
2659 4577 2874 4641 patrum
2903 4572 3049 4626 Deus
3077 4573 3486 4644 ipsetuorum.»

1866 4664 2139 4720 Attonitus
2170 4663 2383 4739 Moyses
2414 4679 2523 4719 non
2552 4665 2724 4719 audet
2751 4681 2977 4720 cernere
3002 4673 3212 4721 contra.

1864 4758 1963 4823 Qui
1996 4758 2262 4813 Dominus
2293 4780 2303 4811 :
2335 4758 2623 4813 «Pedibus
2652 4757 2755 4813 tibi
2780 4758 3152 4813 calceamenta
3176 4759 3411 4826 resolve,

1864 4849 1993 4902 Nam
2028 4848 2179 4903 locus
2202 4864 2254 4901 in
2290 4864 2398 4920 quo
2430 4855 2542 4902 stas
2573 4854 2789 4903 constat
2809 4848 2940 4920 quia
2970 4855 3113 4903 terra
3137 4855 3347 4903 sacrata
3377 4856 3463 4904 est

1862 4937 2101 4992 Verbera
2131 4938 2268 4992 dura
2291 4938 2400 4993 mei
2432 4938 2645 5010 populi,
2681 4939 2895 4993 Pelusia
2910 4955 3078 5010 regna

1862 5027 2031 5091 Quem
2063 5027 2329 5095 retinent,
2363 5028 2496 5096 vidi,
2528 5028 2794 5104 gemitum
2826 5027 2955 5099 quia
2984 5027 3213 5083 auribus
3241 5026 3398 5083 liausi

1868 5115 2253 5188 Descendique
2285 5116 2521 5189 tegendo
2553 5116 2678 5171 illos
2704 5131 2813 5186 quo
2844 5115 3044 5170 missus
3062 5115 3292 5170 abibis.»

1866 5210 1962 5265 Hic
1990 5211 2221 5282 Moyses,
2245 5209 2350 5263 sibi
2374 5210 2657 5281 prrelatum
2686 5224 2849 5280 quem
2875 5206 3017 5261 ferre
3050 5216 3342 5282 negarunt,

1864 5300 2136 5371 Principis
2157 5306 2323 5371 atque
2353 5298 2738 5368 Redemptoris
2767 5298 2886 5353 vice
2913 5298 3146 5354 mittitur
3176 5298 3307 5367 illis,

1866 5392 2115 5447 Caelicola
2145 5392 2307 5445 simul
2339 5400 2585 5456 ostenso,
2618 5390 2915 5446 comitante
2932 5407 3030 5462 per
3062 5391 3268 5467 ignem.

1866 5482 1959 5537 His
1986 5481 2161 5557 signis
2188 5481 2373 5536 educit
2391 5496 2488 5536 eos
2528 5497 2627 5553 per
2654 5495 2779 5535 rura
2798 5482 3029 5553 Syenes,

1789 5556 1844 5625 Ι)
1867 5556 2208 5645 Ιηίιυθίηιειτί
2240 5572 2424 5627 Rubro
2456 5573 2687 5627 rutilans
2719 5580 2773 5628 et
2795 5573 3015 5629 ininvia
3060 5576 3207 5632 sicca

1875 5667 2080 5720 Lustris
2106 5672 2230 5720 octo
2260 5665 2607 5736 prophetavit
2634 5681 2882 5738 quoque,
2914 5684 3024 5740 quo
3058 5669 3203 5725 Deus
3224 5671 3422 5744 (aiens)

1874 5759 2116 5830 Tempus
2137 5756 2261 5826 erit,
2281 5756 2479 5812 vestris
2508 5757 2578 5811 de
2610 5756 2870 5815 fratribus
2893 5760 3095 5818 excitet
3116 5778 3311 5829 unum,
