3874 6420
369 381 476 438 503
1137 375 1506 432 FLODOARDI
1547 374 1849 430 CANONICI
1892 369 2223 427 REMENSIS
2265 370 2598 426 OPUSCULA
2640 369 2952 427 METRICA.
3614 372 3716 431 505

370 510 654 581 Tanquam
683 521 774 561 me
813 512 1014 569 vatem,
1042 518 1141 558 vos
1172 501 1538 557 observabitis
1566 501 1766 571 ipsum.
2013 502 2063 569 Α
2094 495 2498 567 Omnipotentis
2525 495 2663 562 heri,
2697 497 2825 551 dum
2858 496 3081 552 Saulum
3121 503 3306 553 mente
3337 496 3614 555 furentem

372 600 580 669 Nempe
609 602 723 652 erat
756 593 1014 649 Ecclesiae
1040 593 1298 663 princeps
1325 591 1543 645 deserta
1579 589 1817 645 tenentis
2101 587 2159 639 ln
2188 601 2325 640 nece
2353 592 2463 640 tam
2493 592 2682 640 sancta
2712 585 2805 657 qui
2838 592 3247 640 consentaneus
3278 602 3399 641 esse

372 693 635 765 Angelico
667 705 836 760 super
865 687 971 741 alta
1000 685 1127 740 Sina
1153 684 1420 739 solamine
1452 682 1641 737 fultus.
2098 674 2216 731 Non
2258 675 2462 739 ῐὶῐηῑιίῐ,
2493 690 2711 729 versum
2742 674 3029 730 Videamus
3057 675 3304 743 nomine,
3334 676 3503 730 Corde
3534 694 3552 730 ε

371 783 621 853 Sumpsit
646 779 792 835 enim
821 779 943 833 vitae
959 776 1118 831 nobis
1147 775 1278 829 dare
1303 775 1489 841 verba,
1524 773 1623 829 sed
1664 774 1784 845 ejus

2100 768 2175 822 De
2205 768 2368 824 Saulo
2382 767 2630 835 Paulum,
2661 766 2961 839 patientem
3004 768 3073 823 de
3100 784 3262 824 cruce
3288 769 3512 825 factum.

371 852 644 929 Noleban‘t
666 870 836 940 jussis
866 868 1037 924 nostri
1059 882 1119 921 se
1139 866 1380 921 subdere
1409 873 1609 938 patres,

2099 856 2399 928 Exsequias
2424 857 2687 928 Stephani
2721 864 3018 928 properant
3042 857 3323 913 celebrare
3363 858 3574 926 ﬁdeles,

372 962 639 1017 Cordibus
676 958 851 1014 aversi
891 956 1063 1021 duris,
1091 957 1382 1027 Aaronque
1409 955 1705 1025 jubentes:
2097 948 2270 1019 Atque
2301 948 2542 1003 timorati
2585 948 2962 1021 lacrymasque
2993 949 3200 1004 dedere
3240 949 3492 1021 profusas
3523 968 3537 1016 ;

378 1071 398 1101 ι
433 1051 538 1105 Fac
576 1048 741 1104 nobis
773 1062 912 1118 quos
941 1061 1043 1100 nos
1063 1045 1318 1101 volumus
1341 1047 1656 1116 praecedere
1685 1046 1862 1111 divos,
2097 1040 2473 1112 Gamalielque
2505 1056 2605 1095 suo
2636 1042 2897 1113 princeps
2926 1042 3020 1114 qui
3051 1058 3176 1098 rure
3212 1044 3412 1100 locavit

370 1147 484 1200 Dux
513 1148 701 1198 noster
732 1141 943 1211 Moyses
968 1140 1063 1194 ubi
1098 1138 1169 1196 sit
1210 1140 1428 1195 nescire
1460 1139 1713 1195 fatemur.
1750 1167 1768 1187 η
2098 1130 2229 1185 055a
2260 1130 2336 1201 pii
2369 1130 2541 1197 lesliS,
2576 1130 2734 1199 cuius
2769 1138 3057 1187 servantur
3084 1131 3290 1206 agello,

370 1234 504 1289 Tum
524 1234 663 1287 bove
690 1230 929 1285 conﬂato
953 1246 1107 1284 sacra
1141 1230 1313 1285 libant
1345 1246 1498 1285 more
1529 1230 1783 1301 profano,
2101 1224 2287 1279 Donec
2317 1222 2668 1278 Christicolas
2700 1223 2917 1279 fervens
2946 1224 3229 1281 tribulatio
3252 1234 3482 1298 pressat.

374 1326 435 1378 ln
459 1322 614 1377 factis
639 1336 901 1374 manuum
933 1319 1101 1374 laetati
1118 1321 1287 1375 corde
1318 1337 1538 1375 suarum
1571 1338 1584 1385 ;
2172 1314 2466 1370 Postmodo
2497 1322 2728 1385 septeno
2758 1316 3025 1389 regnabat
3048 1317 3319 1375 Honorius
3340 1336 3485 1376 anno
3580 1359 3585 1363 η

370 1412 697 1482 Militiasque
716 1409 869 1463 dedit
898 1409 1043 1463 Deus
1068 1410 1171 1464 hos
1200 1410 1405 1465 servire
1436 1411 1711 1480 polorum,
2103 1407 2165 1460 Et
2193 1406 2502 1478 baptisterii
2524 1406 2794 1461 Lucianus
2821 1409 2877 1462 in
2903 1410 3020 1464 aede
3047 1410 3284 1466 cubabat
3316 1428 3329 1465 :

372 1501 438 1555 Ut
467 1499 745 1569 Scriptura
771 1498 1165 1570 prOphetarum
1195 1500 1274 1554 sic
1315 1500 1560 1570 patrihus
1584 1497 1705 1554 infit
1732 1517 1744 1554 :
2101 1495 2298 1550 Mentis
2329 1495 2386 1550 in
2418 1512 2647 1550 excessu
2676 1495 2817 1551 facto
2842 1497 2926 1551 cui
2954 1498 3198 1553 cernitur
3223 1515 3352 1555 ecce

371 1595 507 1647 Dum
540 1592 759 1646 deserta
792 1591 1053 1646 terebatis
1081 1591 1222 1659 loca,
1255 1591 1476 1647 victima
1508 1592 1758 1664 nunquid
2101 1588 2366 1643 Procerus
2396 1588 2760 1660 placidusque
2788 1605 2975 1657 senex,
3008 1590 3270 1663 vultuque
3302 1593 3556 1662 decorus,

372 1683 586 1739 Avobis
615 1682 798 1738 oblata
837 1683 972 1737 mihi
1002 1681 1027 1737 ‘?
1056 1684 1262 1738 Domus
1283 1684 1418 1738 arsit
1448 1684 1616 1739 Iacob

2100 1678 2274 1732 Barba
2308 1678 2600 1749 promissa,
2636 1679 2893 1735 candenti
2927 1688 3105 1736 tectus
3143 1682 3368 1751 amictu,

372 1772 804 1844 Sumpsistisque
838 1771 1052 1827 Moloch
1081 1772 1340 1838 tentoria,
1372 1772 1557 1827 sidera
1585 1773 1856 1851 Rempha,
2035 1829 2076 1851 Η
2107 1768 2269 1837 Cujus
2297 1770 2354 1823 in
2407 1775 2650 1825 etxremo
2675 1770 2962 1827 radiabant
2991 1773 3240 1841 margine
3269 1777 3512 1847 pulchra:

374 1864 518 1927 Quas
544 1878 642 1917 vos
672 1867 887 1916 constat
918 1861 1231 1917 adorandas
1270 1861 1570 1934 sculpsisse
1592 1838 1814 1938 ﬁguras:
2030 1829 2081 1897 Β
2109 1862 2494 1936 Contextzeque
2517 1879 2730 1932 cruces,
2762 1880 2894 1920 auro
2927 1882 3025 1937 pro
3048 1867 3221 1925 limite
3244 1867 3422 1936 limbi,

376 1956 639 2021 Quocirca
672 1955 888 2024 ejiciam
924 1970 1025 2010 vos
1052 1954 1423 2011 moeniatrans
1454 1954 1773 2028 Babylonis.
2109 1955 2320 2028 Quique
2352 1953 2524 2026 pedes
2553 1954 2746 2030 caligis
2773 1956 2990 2012 decoris
3019 1960 3265 2016 munitus
3298 1961 3515 2017 honesti

376 2050 625 2105 Aulaeum
666 2048 843 2103 fuerat
863 2048 1114 2119 patribus
1147 2064 1249 2119 per
1277 2048 1441 2103 devia
1464 2048 1670 2104 nostris
2108 2052 2283 2123 Atque
2305 2052 2564 2109 caduczeo
2593 2055 2885 2126 praesignis
2912 2056 3136 2112 ductilis
3164 2060 3301 2126 auri,

378 2143 533 2209 Quod
563 2144 706 2197 Deus
731 2149 955 2197 ostenso
980 2141 1165 2197 docuit
1192 2142 1571 2217 paradigmate
1606 2143 1871 2216 Moysem.
2110 2144 2327 2199 Leniter
2357 2146 2633 2219 attingens
2663 2147 2827 2214 hunc,
2858 2164 2966 2220 quo
2988 2165 3046 2203 se
3067 2149 3420 2207 Gamalielem

379 2236 491 2290 lloc
521 2250 740 2306 quoque
762 2250 884 2289 cum
915 2235 1097 2289 Jesum
1131 2235 1301 2290 nostri
1343 2234 1611 2291 induxere
1642 2242 1898 2307 parentes
2110 2236 2377 2303 Prodidit,
2401 2239 2658 2313 egregius
2690 2237 2865 2294 fuerat
2895 2241 2982 2295 cui
3015 2241 3219 2298 Paulus
3250 2243 3507 2301 alumnus
3536 2263 3552 2312 ;

381 2330 441 2382 ln
474 2335 697 2395 terram,
731 2333 945 2402 gentes,
977 2344 1141 2399 quam
1174 2329 1495 2399 possedere,
1537 2344 1776 2400 superno
2108 2330 2352 2397 Addens,
2385 2337 2510 2404 post
2533 2332 2747 2404 aliquas
2775 2334 2939 2404 coepit
2958 2350 3094 2406 quas
3123 2333 3264 2390 ferre
3298 2337 3589 2407 loquelas:

381 2417 630 2488 Expulsae
663 2423 819 2484 nutu,
843 2417 1156 2488 mansitque
1182 2419 1235 2471 in
1264 2423 1515 2488 tempora
1530 2417 1720 2484 David,
2118 2446 2133 2469 ι
2182 2422 2405 2478 cautela
2429 2424 2671 2479 tumulos
2693 2440 2903 2479 summa
2943 2432 2999 2481 tu
3030 2426 3260 2497 perfode
3289 2434 3531 2498 nostros,

382 2506 482 2572 Qui
503 2512 688 2577 gratus
708 2504 945 2559 Domino
976 2506 1137 2577 petiit
1166 2505 1435 2576 reperiret
1462 2513 1521 2561 ut
1547 2507 1723 2561 aedem
2113 2515 2172 2569 Et
2201 2516 2418 2587 patefac
2450 2516 2646 2571 humili
2668 2518 2980 2588 squalentia
3006 2535 3131 2574 rure
3159 2521 3430 2592 sepulcra.
3470 2545 3492 2565 -

383 2600 509 2669 Ipse
540 2598 649 2653 Deo
681 2597 873 2660 Jacob,
903 2597 1163 2652 Salomon
1195 2598 1390 2652 struxit
1430 2598 1517 2652 cui
1540 2598 1828 2670 templum,
2113 2607 2223 2662 Hoc
2245 2616 2528 2678 quaerente
2574 2608 2735 2663 simul
2775 2625 3007 2680 quorum
3046 2611 3316 2667 tumulata
3347 2612 3600 2681 jacerent

384 2692 493 2747 Sed
524 2707 637 2747 non
667 2690 947 2745 excelsum
980 2690 1237 2744 manibus
1264 2690 1359 2744 lita
1381 2690 1610 2745 delubra
1650 2693 1914 2749 claudunt
2115 2698 2351 2768 Corpora
2382 2716 2396 2752 :
2432 2718 2457 2749 (ι
2490 2698 2753 2761 Domnus,
2786 2700 2881 2766 ait,
2913 2699 3224 2770 Stephanus
3250 2702 3341 2758 hic
3393 2702 3608 2774 primus
3635 2702 3748 2758 ha-

384 2783 454 2838 Os
481 2781 626 2835 vatis
653 2779 805 2836 velut
833 2779 954 2851 ipse
986 2779 1074 2834 sui
1105 2786 1337 2834 testatur
1365 2780 1698 2852 adimplens.
3212 2856 3215 2859 _
3493 2794 3683 2865 [betur

386 2872 559 2926 Sedes
588 2870 921 2935 est'cmlum,
946 2868 1094 2923 basis
1119 2875 1201 2923 est
1231 2869 1365 2923 mihi
1390 2875 1533 2924 terra
1563 2871 1795 2941 pedalis,
2116 2881 2217 2935 Pro
2251 2877 2461 2935 Christo
2483 2880 2694 2950 Solymi
2721 2880 2964 2952 lapidum
2983 2895 3147 2953 quem
3181 2882 3332 2936 caede
3363 2892 3669 2953 necarunt,

388 2963 670 3033 Quamque
697 2961 921 3016 domum
978 2961 1113 3015 mihi
1172 2960 1447 3027 οοηάοιίε,
1494 2962 1613 3017 100a
1664 2980 1856 3035 quam:
1894 2983 2014 3022 ma-
2116 2974 2329 3044 Quique
2368 2974 2715 3031 sacerdotum
2737 2974 2897 3043 jussu
2928 2974 3192 3031 dimissus
3222 2976 3508 3032 cdendus.

1703 3053 1890 3125 [ncndi
1915 3055 1943 3109 7
2118 3069 2209 3123 Est
2239 3068 2469 3123 canibus
2489 3067 2737 3140 dirisque
2769 3066 2901 3123 feris
2941 3084 3049 3140 qua
3082 3067 3257 3124 Cedar
3285 3070 3490 3126 abitur.

389 3143 508 3198 Νοη
538 3157 662 3196 mea
691 3141 839 3196 00153
871 3155 1068 3231 manu?
1094 3140 1373 3210 Plasmans
1392 3140 1509 3195 hac
1525 3143 1711 3197 omnia
1739 3143 1869 3199 Ϊθοίῑ
1889 3145 1917 3198 Ῡ
2045 3206 2088 3231 ,η
2119 3160 2272 3224 Quod
2300 3159 2470 3214 vetuit
2499 3159 2587 3215 cui
2625 3167 2798 3214 morte
2828 3158 2995 3213 fidem
3026 3176 3277 3215 servasse
3307 3161 3535 3231 patebat

390 3231 613 3327 δρίῐῖίίυί
640 3245 861 3327 (ξιιοξίυθ
890 3246 989 3327 "95
1012 3229 1162 3327 ‘almo
1202 3231 1471 3327 cf’mraire
1500 3232 1731 3327 ειμάειίε
2042 3209 2091 3273 C
2116 3209 2207 3311 ξεί
2235 3269 2338 3327 ego
2377 3260 2689 3308 sanctorum
2720 3259 2922 3308 ccetum
2949 3253 3278 3325 turbamque
3308 3209 3532 3308 iridelem

392 3325 628 3382 Auribus
654 3323 1077 3416 ineircumCiSiS}
1101 3323 1313 3416 “Wic‘?
1343 3326 1582 3394 Ρτοθδοίν
2118 3323 2428 3410 Asciscens,
2452 3344 2599 3399 suasi
2630 3351 2818 3399 nostro
2846 3341 3081 3397 ferretur
3109 3323 3309 3416 agello.

394 3418 461 3473 Ut
488 3416 652 3472 vestri
685 3423 811 3470 ante
842 3420 1024 3485 patres
1044 3414 1352 3489 jugulando
1381 3431 1528 3486 saepe
1550 3419 1870 3489 prophetas.

2120 3438 2348 3507 Quoque
2378 3442 2596 3506 patrum
2627 3440 2785 3489 sueto
2818 3434 3029 3506 positus
3058 3414 3326 3504 sepelitur
3357 3434 3591 3491 honore.

394 3509 586 3564 lnfesti
609 3508 826 3563 cunctis
857 3525 870 3572 ;
902 3507 1211 3577 praenuntia
1238 3508 1403 3563 verba
1434 3508 1632 3565 locutis

2127 3530 2296 3594 Quem
2324 3529 2489 3584 simul
2513 3528 2781 3603 attiguum
2814 3526 3067 3582 invenies
3099 3527 3339 3582 retinere
3369 3528 3636 3584 locellum

393 3600 827 3669 Adventusjusti
859 3616 1021 3672 quem
1054 3601 1369 3671 proditione
1403 3603 1639 3659 necastis
1672 3622 1685 3667 ;

2125 3622 2461 3677 Nicodemus
2487 3637 2646 3676 meus
2668 3620 2761 3676 ille
2788 3636 2966 3691 nepos
2997 3628 3099 3687 est,
3129 3619 3372 3675 Christus
3402 3621 3552 3675 Iesus

395 3692 657 3767 Angelico
684 3690 863 3764 legem
895 3705 1035 3761 quos
1063 3691 1379 3786 Ρθΐοθρίδδθ
1413 3691 1588 3747 rem“
2126 3713 2369 3769 Flamine
2400 3728 2562 3786 quem
2593 3717 2782 3767 sancto
2811 3690 3023 3778 docuit,
3056 3711 3393 3783 lymphaque
3420 3713 3671 3781 renasci,

397 3787 639 3853 consult,
668 3800 942 3882 έδφῄνθτθ
964 3800 1068 3882 Ρίῗθ
1082 3785 1388 3882 φυδίοάᾲίδδθ
1430 3787 1696 3882 Nomm"
2122 3812 2389 3882 Quodque
2417 3785 2525 3864 Sibi
2556 3808 2737 3874 Petro,
2769 3824 2896 3864 mox
2921 3816 3087 3880 atque
3122 3809 3335 3864 Joanne
3366 3815 3690 3878 peractum,

468 3880 719 3972 Μίίηδηῖξε
758 3880 844 3972 Pis
872 3879 1057 3934 verbis
1088 3880 1319 3954 ingratis
1349 3881 1575 3972 δυάδυὲ
1604 3883 1812 3939 haustis
2129 3879 2661 3957 Undeﬁsacerdotum
2692 3912 2969 3969 proceres,
2998 3879 3233 3972 indigna
3258 3896 3577 3964 frementes,

394 3973 616 4027 Viscera
640 3968 936 4036 dissiliunt,
968 3976 1301 4041 rumpuntur
1337 3971 1505 4026 corda
1535 3971 1737 4039 furore,

2126 3988 2252 4043 lrati
2282 3988 2434 4044 hunc
2459 3994 2747 4043 removent
2776 3986 3033 4058 primatu,
3060 3968 3275 4043 tradere
3304 3988 3463 4044 morti

396 4070 635 4124 Stridula
661 4080 983 4138 pressorum
1035 4072 1295 4121 resonant
1335 4068 1669 4137 crepitacula
1700 4066 1946 4126 domum.
2126 4079 2348 4135 connisi
2384 4096 2399 4146 ;
2429 4077 2562 4133 texit
2580 4078 2681 4132 sed
2706 4094 2828 4133 cum
2860 4076 3169 4133 reverentia
3200 4077 3393 4133 nostri,

396 4157 461 4209 At
486 4164 692 4226 martyr
722 4161 968 4219 sanctus,
1000 4155 1266 4224 przecelso
1299 4155 1545 4210 Flamine
1573 4157 1792 4226 plenus,

2130 4168 2271 4223 Urbe
2303 4175 2488 4222 tamen
2523 4166 2665 4238 pulsi
2697 4166 2909 4238 rapitur
2936 4166 3200 4222 convulsa
3227 4166 3495 4237 supellex,

397 4245 716 4315 SUSCiPi‘mS
739 4245 930 4312 008103,
964 4244 1209 4299 (“Vinum
1243 4244 1419 4299 Cernit
1448 4246 1736 4301 Ῑῖοηοτθπι-
2131 4264 2300 4329 Quem
2357 4275 2582 4334 quoque
2658 4259 3043 4315 semianimem
3101 4258 3360 4333 linquunt
3410 4260 3758 4316 cruciatibus

400 4336 460 4389 Et
489 4342 773 4389 stantema
801 4334 1009 4389 dextris
1046 4334 1235 4388 aeterni
1256 4334 1429 4388 Patris
1453 4335 1654 4396 Iesum.
3417 4350 3646 4421 [actum.

399 4428 598 4499 Sicque
629 4428 804 4482 ait:¢
850 4427 927 4481 En
968 4427 1131 4481 video
1183 4426 1302 4480 caeli
1335 4426 1469 4480 mihi
1513 4428 1732 4483 culmen
1776 4435 2026 4499 apertum

404 4522 580 4592 Atque
610 4520 857 4575 hominis
887 4520 1080 4574 Natum
1113 4519 1338 4574 Virtutis
1355 4520 1541 4576 dextra
1568 4527 1869 4576 tenentem.
1894 4543 1915 4573 ι
2131 4540 2231 4606 Qui
2259 4547 2391 4596 tunc
2421 4548 2642 4596 curatus
2674 4540 2840 4611 paulo
2864 4539 2994 4593 inde
3027 4545 3310 4610 superstes
3335 4538 3576 4593 haben".

476 4612 701 4650 Λητ-ῖιηια
723 4613 1019 4650 ηιιρινιιροςρ
1052 4612 1125 4650 m;
1161 4628 1282 4650 nam
1316 4612 1546 4650 vnnihnc
1578 4612 1807 4650 ςτηηιηηι
2044 4582 2101 4650 D
2132 4638 2164 4650 η
2210 4635 2232 4650 ..
2345 4645 2353 4650 .
2695 4637 2705 4650 .
2853 4637 2866 4650 .
2965 4637 2975 4646 .
3044 4637 3054 4647 .
3206 4643 3214 4650 .
3294 4636 3305 4646 .
3412 4635 3424 4650 .
3450 4635 3463 4650 ς

468 4612 702 4667 Auribus
723 4613 1020 4668 obstructis
1052 4612 1129 4666 illi
1160 4628 1288 4666 aera
1316 4612 1547 4667 vocibus
1578 4612 1833 4683 implent,
2044 4612 2101 4650 υ
2130 4635 2566 4708 Det-ungulqu
2602 4637 2775 4707 pedes
2800 4637 2867 4691 ad
2897 4637 3059 4708 primi
3083 4636 3338 4708 martyris
3359 4635 3529 4690 addo.

398 4705 808 4775 unanimesque
840 4711 1035 4774 Ρθίιιηῐ
1092 4704 1435 4775 Stephanum
1456 4703 1842 4777 δίιηυὶίιηρθιο
1874 4712 2026 4762 ιοηό
2127 4727 2343 4783 Tertius
2366 4727 2459 4782 ille
2479 4703 2625 4781 mihi
2656 4703 2910 4783 retinens
2936 4703 3244 4783 commune
3259 4726 3572 4797 sepulcrum

399 4803 653 4874 Urbeque
681 4802 997 4873 propellunt
1023 4801 1383 4873 lapidantque
1409 4802 1488 4857 rei
1518 4804 1915 4869 venerandum,

2129 4817 2297 4872 Filius
2336 4824 2418 4871 est
2438 4817 2641 4871 Abibas
2669 4834 2846 4883 meus,
2877 4818 3021 4872 almo
3055 4817 3206 4873 fonte
3237 4822 3481 4872 renatus.

396 4892 522 4946 Dira
540 4908 740 4946 manus
781 4892 991 4956 mitem,
1018 4897 1138 4945 trux
1182 4890 1471 4959 blandum,
1523 4908 1667 4946 saeva
1698 4892 2021 4967 benignum.

397 4987 603 5041 Saxoso
626 4992 832 5057 martyr
856 4984 1191 5040 venerabilis
1220 4987 1393 5041 imbre
1409 4988 1614 5057 petitus

2132 4444 2285 4500 llunc
2315 4459 2418 4519 ego
2449 4443 2763 4515 suscipiens
2791 4441 3042 4497 adhiberi
3070 4443 3275 4498 mando
3300 4442 3576 4498 medelam
3605 4460 3621 4496 :

2127 4909 2340 4965 Mecum
2367 4911 2622 4967 vicenum
2652 4910 2779 4966 vitae
2811 4910 2941 4965 dum
2974 4909 3227 4981 provehit
3254 4925 3482 4974 annum,

2125 4994 2407 5060 Praedictis
2431 5003 2627 5059 Christi
2660 5002 2878 5058 famulis
2912 5019 3066 5060 sacra
3095 5003 3356 5060 dantibus
3387 5002 3488 5069 illi,

396 5080 619 5136 Invocat
650 5096 663 5146 ;
701 5103 725 5127 α
787 5079 936 5132 lianc
965 5078 1225 5145 animam,
1279 5077 1411 5133 Jcsu
1458 5079 1713 5148 Domine,
1745 5081 1926 5153 accipe

1989 5102 2014 5134 η
2124 5097 2329 5152 Doctus
2358 5093 2451 5149 hic
2480 5092 2705 5147 assidue
2733 5108 2856 5148 cum
2891 5092 3058 5149 Paulo
3089 5108 3243 5148 sacra
3275 5091 3507 5148 vacabat

1629 5168 1910 5239 [Clamans-
2126 5191 2186 5244 ln
2218 5188 2427 5260 templo
2454 5187 2750 5249 meditans.
2782 5201 2847 5241 ac
2880 5187 3089 5241 lumine
3120 5185 3259 5259 legis
3287 5184 3610 5240 abundans.

396 5262 456 5315 Et
486 5260 681 5331 positis
717 5261 956 5333 genibus
973 5278 1172 5336 magna
1194 5278 1315 5317 cum
1348 5278 1481 5318 voce
1513 5270 1803 5334 precatur:

2124 5283 2286 5340 Liber
2311 5296 2378 5336 co
2410 5279 2629 5334 solitum
2661 5278 2796 5335 vitio
2827 5279 2917 5334 cui
2948 5278 3188 5334 subdere
3216 5294 3338 5333 sese

395 5352 513 5404 «Ne
545 5357 753 5448 statuas
785 5352 916 5417 illis,
948 5353 1107 5408 Deus.
1144 5354 1250 5410 hoc
1270 5354 1375 5409 sibi
1407 5354 1614 5410 crimen
1647 5354 1814 5411 inuri.
1849 5377 1868 5406 ι
2122 5376 2213 5430 Est
2240 5388 2417 5448 genus
2445 5373 2771 5437 humanum,
2801 5377 2981 5425 tectus
3008 5370 3208 5424 virtute
3239 5383 3502 5439 superna,

394 5437 510 5531 Quo
538 5434 686 5531 dicto
715 5451 967 5531 somnum
1000 5442 1150 5511 pacis
1169 5442 1308 5514 petit
1338 5443 1396 5496 in
1426 5459 1561 5499 nece
1590 5444 1782 5498 fortem
2121 5434 2343 5519 Coalivbis
2371 5470 2425 5516 et
2451 5460 2577 5515 vitm
2606 5434 2855 5531 locuples
2886 5459 2942 5513 in
2978 5475 3113 5530 pace
3135 5434 3366 5529 quievit.

393 5524 998 5625 Invictumquetencns
1021 5531 1286 5599 animum,
1320 5548 1429 5604 quo
1452 5534 1647 5588 concio
1669 5533 1810 5588 victa
1841 5540 1941 5588 est.
2122 5554 2249 5609 Cum
2283 5551 2648 5625 primogenim
2677 5524 2877 5619 co'njux
2905 5524 3029 5603 ,πέλ
3045 5524 3269 5603 credere
3302 5544 3513 5600 Christo

391 5618 503 5716 ξξοθ
525 5613 756 5716 νίῐξθθηδ
782 5614 1015 5686 lapides:
1038 5637 1257 5693 quoque
1303 5641 1402 5695 Ι)Γο
1430 5625 1803 5696 ῙδΡῘάδηίίῧυδ
1829 5642 2013 5684 Omns-
2119 5613 2382 5712 Vitantes,
2411 5613 2519 5700 alio
2551 5644 2717 5716 positi
2750 5613 3087 5698 tumulautur
3117 5641 3173 5696 in
3202 5655 3351 5694 arvo.

385 5706 755 5809 N°c_p°.t“e"’.
785 5721 977 5809 prices
1004 5725 1159 5809 ⁸³⁸ῗο
1190 5715 1459 5769 coemisse
1490 5716 1706 5787 Prom“
2118 5736 2499 5809 Sarc0phagos
2524 5706 2716 5790 horum
2746 5747 2914 5805 quare
2941 5728 3218 5803 spectabis
3249 5728 3446 5783 inanes

382 5792 659 5867 Martyris,
690 5792 756 5845 ad
792 5795 990 5852 solium
1019 5801 1119 5855 sed
1148 5805 1540 5862 conscendisse
1569 5807 1817 5863 sciuntur
2118 5792 2432 5884 Nobisgum”
2448 5827 2627 5883 meriti
2667 5792 2799 5898 qui;
2830 5840 2942 5881 ηοη
2968 5792 3319 5897 ξρίῐυίεεοθιιε
3346 5820 3471 5879 visi,
3507 5840 3533 5872 »
