3874 6398
144 369 247 426 505
667 362 751 419 DE
790 358 1157 417 TRIUMPHIS
1197 359 1461 416 CHRISTI
1500 359 1580 415 ET
1618 359 1709 415 SS.
1751 358 2151 416 PAL/ESTINIE
2191 360 2367 417 LIBRI
2404 360 2593 418 TRES.
2633 391 2704 403 —
2744 361 2873 415 LlB.
2917 359 2957 413 ι.
3380 358 3487 417 506

147 500 253 555 Hoc
281 496 553 570 rogitante
579 492 686 549 loci
714 505 938 548 nomem
970 504 1082 561 quo
1112 496 1383 561 quareret
1402 488 1549 557 illos,

1789 492 1843 561 Α
1870 485 2157 560 Condigna
2184 488 2330 543 socia
2353 490 2482 546 cleri
2502 490 2801 547 comitante
2821 497 3058 547 caterva.

147 587 296 644 inﬁt:
331 612 357 634 κ
388 587 532 661 Agro
552 583 608 639 in
632 588 820 637 nostro
849 595 1016 651 quem
1034 594 1183 633 nunc
1211 593 1474 635 sermone
1504 578 1767 651 Syrorum
1870 576 1969 642 Qui
2001 578 2091 649 pia
2117 581 2442 635 muneribus
2473 580 2732 651 pretiosis
2758 596 2885 636 ossa
2916 586 3254 653 prementes,

143 680 286 735 More
316 677 606 732 beatorum
636 673 812 727 fertur
840 668 1125 742 possessio
1152 667 1300 725 trito.
1331 690 1359 719 π

149 771 288 827 Visio
315 770 404 826 cui
444 766 642 824 similis
672 765 987 835 iterumque
1018 761 1327 834 iterumque
1370 761 1592 817 videtur

146 860 491 931 Presbytero,
523 856 746 914 tandem
763 853 1111 925 Solymorum
1136 853 1314 927 pergit
1344 852 1413 907 ad
1441 850 1677 920 urbem,-

146 950 397 1009 Pontifici
427 950 675 1006 monitus
714 946 964 1003 referens
995 946 1112 1001 haec
1141 953 1340 1001 cuneta
1364 944 1586 1011 Joanni,

145 1049 241 1114 Qui
272 1047 410 1102 fusis
438 1044 731 1100 Dominum
761 1042 1019 1113 lacrymis
1056 1041 1341 1097 benedicit
1371 1048 1622 1105 ovanter,

146 1138 383 1193 Advocat
409 1142 463 1191 et
493 1142 676 1206 patres
697 1132 891 1189 vicinis
921 1131 1155 1187 urbibus
1175 1132 1373 1198 almos,

117 1248 123 1254 ’
146 1230 275 1295 Quis
295 1229 425 1283 dum
457 1234 761 1283 monstrato
792 1224 1074 1280 foderetur
1102 1224 1158 1278 in
1185 1238 1386 1298 aggere
1414 1237 1622 1287 coram,

144 1325 305 1379 Terra
323 1331 563 1377 tremore
592 1324 800 1391 crepat,
820 1317 1150 1389 Spirensque
1167 1314 1462 1392 fragrantia
1483 1315 1663 1388 surgit

147 1415 237 1470 Cui
263 1414 511 1470 similem
540 1413 636 1485 qui
669 1412 812 1469 forte
843 1411 1072 1465 aderant
1098 1408 1341 1465 sensisse
1372 1417 1660 1483 negarent,

144 1509 215 1563 Se
244 1507 605 1580 paradysiaeo
634 1505 946 1580 gaudentes
977 1509 1199 1558 nectare
1240 1501 1413 1573 pasci.

145 1597 312 1667 Cujus
340 1596 529 1652 σάοι-ιδ
551 1611 713 1667 opem
736 1593 903 1649 variis
923 1591 1226 1662 sumpsisse
1254 1589 1416 1645 levati

146 1690 182 1744 E
204 1689 416 1746 morbis
439 1688 628 1745 decies
656 1686 873 1759 septeni
904 1692 1126 1756 tresque
1159 1684 1427 1738 resultant

146 1779 281 1833 Huic
302 1778 480 1834 habiti
518 1784 689 1834 testes
717 1776 896 1849 Operi,
929 1791 1051 1831 cum
1085 1775 1239 1829 Patre
1272 1778 1485 1838 notato,

145 1868 349 1924 Praesul
375 1868 727 1924 Eleutherius
753 1838 993 1933 Uierico,
1022 1863 1485 1934 Eustominusque
1514 1860 1767 1927 Sebaste,
1794 1838 1845 1905 Β

1870 665 2155 724 Obstructo
2186 669 2390 736 loculo,
2419 671 2661 743 propriis
2690 670 2910 726 rediere
2948 672 3246 727 cathedris.

1939 760 2071 816 Ossa
2103 762 2261 817 beata
2291 764 2420 819 Sion
2449 763 2712 836 Stephani
2744 779 2856 818 non
2894 769 3148 835 tempore
3176 764 3348 819 multo

1872 854 1997 908 Post
2026 861 2280 910 revocata
2309 856 2466 921 nitet,
2492 856 2702 926 primus
2730 872 2840 929 qua
2864 856 2932 910 ad
2959 872 3115 911 sacra
3144 856 3420 911 minister.

1869 947 2032 1002 Arida
2058 954 2170 1003 tum
2200 949 2509 1021 squaliebat
2536 950 2758 1016 humus,
2800 948 3312 1025 sitientibus'arvis,

1872 1039 1954 1102 Vi,
1988 1040 2107 1095 sine
2140 1040 2409 1110 temperie
2437 1039 2699 1111 lymphae,
2730 1040 2925 1095 durata
2950 1038 3177 1105 caloris;

1869 1131 2005 1186 Ecce
2029 1138 2255 1202 repente
2286 1133 2399 1203 poli
2440 1133 2609 1188 facies
2636 1134 2785 1202 latet,
2812 1150 2940 1189 aere
2970 1133 3149 1188 nubes

1868 1222 2233 1289 Denseseunt,
2265 1223 2591 1295 subiIusque
2623 1222 2751 1295 polo
2783 1222 3093 1278 demittitur
3117 1220 3298 1276 imber

1870 1317 1944 1367 Ac
1960 1314 2100 1389 rigat
2124 1315 2313 1369 eximii
2344 1316 2552 1370 meritis
2580 1323 2633 1370 et
2665 1315 2877 1370 honore
2910 1322 3101 1386 parato
3124 1321 3137 1336 '

1872 1405 2124 1477 Martyris
2153 1413 2375 1461 arentes
2405 1406 2556 1480 largo
2582 1407 2851 1462 solamine
2881 1420 3126 1477 campos.

1873 1495 2045 1565 llujus
2084 1511 2184 1566 per
2211 1495 2389 1550 varias
2418 1496 2728 1551 clarescunt
2767 1496 2998 1567 pignora
3036 1501 3231 1559 terras,

1873 1584 2093 1640 Prodita
2120 1600 2245 1657 quae
2276 1585 2449 1658 signis
2475 1586 2680 1656 passim
2712 1584 3044 1639 decorentur
3071 1581 3296 1653 opimis,

1874 1677 2112 1743 Quorum
2145 1679 2313 1734 multa
2344 1678 2591 1749 quidem,
2623 1683 2812 1731 sancte
2843 1676 3163 1753 Augustine,
3188 1673 3425 1741 fateris,j

1872 1770 2112 1825 Plurima
2144 1784 2268 1842 qua!
2289 1768 2428 1825 fiunt
2450 1769 2537 1825 vel
2568 1768 2711 1824 facta
2738 1767 2894 1823 fuere
2920 1775 3189 1823 tacentur.

1613 1991 1824 2047 CAPUT
1871 1991 2033 2047 XXII.

1021 2097 1099 2156 De
1130 2104 1337 2156 sancto
1365 2093 1642 2155 Simeone
1671 2103 1722 2152 et
1751 2092 2007 2171 reliquis
2045 2094 2217 2153 ίΕιίω
2245 2093 2628 2170 prwsulibus.

147 2232 273 2287 Post
298 2229 571 2286 Jacobum
599 2229 826 2286 Simeon
870 2230 1215 2302 Solymorum
1245 2230 1315 2284 ad
1345 2245 1500 2284 sacra
1545 2230 1778 2298 levatur,

145 2321 378 2377 Auditor
402 2319 622 2376 Domini
653 2320 837 2376 dictus
866 2336 1113 2392 quoque,
1142 2336 1309 2376 carne
1337 2320 1707 2392 prOpinquus,

145 2410 319 2464 Filius
348 2416 407 2463 ut
435 2407 715 2480 Cleophaa,
736 2409 912 2464 sancti
946 2408 1041 2480 qui
1073 2408 1241 2464 frater
1270 2409 1491 2480 Ioseph,

143 2504 390 2577 Virginis
408 2512 631 2559 aeterna:
669 2503 861 2576 sponsi
895 2510 951 2558 et
980 2504 1101 2558 sine
1127 2518 1389 2575 compare
1421 2503 1634 2558 matris.

148 2597 243 2652 llic
267 2597 513 2669 Symeon
541 2595 720 2651 fessus
748 2596 928 2662 senio,
951 2610 1062 2666 quo
1100 2602 1353 2666 tempore
1376 2595 1637 2667 princeps

145 2688 411 2758 Trajanus
449 2687 635 2760 gladio
667 2686 866 2742 Christi
907 2686 1142 2743 vexabat
1179 2687 1347 2755 ovile,

147 2781 487 2837 Verberibus
515 2781 705 2836 multis
734 2780 931 2837 Christi
955 2780 1058 2835 sub
1091 2781 1316 2836 nomine
1347 2781 1531 2849 tritus,

148 2876 383 2930 Centum
411 2881 468 2929 et
494 2873 688 2946 viginti
717 2881 1007 2945 postquam
1040 2880 1594 2946 transageratannos,

149 2971 407 3042 Martyrio
448 2970 636 3025 rutilat
664 2969 931 3036 moriens,
974 2969 1155 3025 crucis
1193 2969 1372 3024 hostia
1401 2968 1577 3027 factus

144 3059 348 3115 Judice
380 3075 506 3115 cum
538 3057 771 3129 reliquis
795 3058 1039 3113 animum
1072 3058 1311 3113 mirante
1337 3059 1530 3134 vigore

145 3153 273 3206 Tam
304 3151 492 3207 valido
531 3150 774 3216 ﬁrmum,
806 3150 995 3206 senior
1018 3151 1347 3227 grandaevus
1375 3157 1435 3207 ut
1461 3152 1626 3223 hujus

148 3242 420 3314 Supplicii
449 3246 705 3313 prompto
732 3241 1034 3297 cruciatum
1058 3249 1284 3313 pectore
1310 3242 1495 3299 ferret.

148 3335 451 3392 Pontifices
476 3333 713 3406 Solymis
732 3334 947 3390 clarent
974 3335 1026 3389 hi
1058 3334 1304 3407 denique
1332 3334 1498 3406 prisci
1528 3352 1541 3389 :

147 3427 272 3484 Mox
294 3432 424 3499 post
451 3426 602 3481 hunc
630 3427 845 3495 Justus,
876 3427 1132 3483 Zachmus
1157 3426 1307 3493 hinc,
1331 3427 1463 3482 inde
1491 3427 1712 3495 Tobias,

146 3518 444 3589 Benjamin
473 3524 681 3584 sextus,
722 3524 836 3573 tum
879 3518 1151 3590 septimus
1180 3533 1303 3574 esse
1327 3520 1570 3575 Joannes

147 3609 369 3676 Fertur,
400 3607 653 3664 Matthiae
699 3616 823 3680 post
852 3610 1025 3677 hunc,
1074 3611 1437 3681 sequiturque
1476 3610 1781 3682 Philippus.

148 3701 414 3757 Succedit
443 3701 653 3757 Seneca
681 3701 889 3767 Justus,
933 3707 1057 3773 post
1081 3701 1266 3756 denuo
1299 3701 1459 3756 Levi:

151 3795 295 3850 Hinc
334 3795 592 3865 Ephrem,
620 3796 851 3868 Joseph,
874 3795 998 3852 finis
1020 3797 1214 3853 horum
1243 3812 1466 3870 quoque
1494 3796 1687 3866 Judas,

1878 2229 2079 2285 Judaaa
2104 2236 2482 2285 memorantur
2505 2229 2601 2295 ibi,
2635 2228 2728 2301 qui
2753 2227 2917 2299 plebe
2954 2227 3169 2299 probati

1879 2318 2131 2390 Praeponi
2165 2321 2476 2394 Christique
2509 2321 2671 2377 fidem
2705 2322 2953 2377 tenuisse
2977 2319 3209 2396 benigni
3236 2338 3249 2374 :

1879 2412 2120 2477 Quorum
2149 2414 2416 2469 Matthias.
2450 2414 2633 2469 stabili
2656 2414 2956 2470 certamine
2986 2428 3262 2488 pugnans,

1880 2507 2155 2580 Multaque
2175 2526 2274 2581 pro
2305 2509 2499 2565 Christi
2531 2527 2727 2582 passus
2755 2511 2959 2582 pietate
2987 2508 3218 2582 quievit,

1880 2602 2043 2671 Cujus
2066 2603 2229 2674 plena
2258 2600 2370 2659 ﬁde
2392 2611 2684 2659 narrantur
2712 2604 2949 2675 plurima
2975 2609 3147 2678 gesta.

1876 2692 1957 2758 At,
1987 2694 2315 2761 Jerusalem,
2344 2701 2637 2767 postquam
2670 2701 2929 2750 renovata
2960 2693 3183 2749 renides

1872 2787 2083 2847 Judaeis
2114 2787 2288 2859 patria
2314 2787 2512 2860 pulsis,
2536 2787 2641 2842 sibi
2673 2795 2730 2843 et
2758 2787 2896 2842 urbe
2923 2792 3147 2861 negata,

1882 2884 1943 2939 Ut
1977 2883 2091 2951 jam
2119 2896 2231 2935 non
2262 2880 2373 2935 illis
2400 2880 2611 2935 licitum
2644 2887 2738 2935 tua
2764 2881 2941 2936 visere
2969 2895 3113 2945 rura,

1876 2975 2264 3046 Telluremque
2294 2974 2486 3045 procul
2514 2975 2599 3028 vel
2629 2980 2983 3044 prospectare
3010 2978 3293 3042 paternam

1885 3071 2154 3126 Gentibus
2173 3069 2454 3134 admissis,
2485 3084 2677 3139 pacem
2707 3067 3058 3123 servantibus
3097 3066 3152 3120 in
3183 3072 3258 3130 te,

1890 3164 2049 3232 XElia,
2071 3162 2323 3218 Romulei
2345 3162 2677 3234 cognomine
2704 3160 2849 3215 dicta
2870 3158 3108 3230 tyranni.

1883 3254 2131 3313 Pacificis
2162 3253 2359 3309 Christi
2387 3252 2613 3308 famnlis
2644 3251 2907 3306 habitatio
2930 3248 3091 3304 facta.

1884 3350 2012 3405 Post
2040 3346 2357 3418 praelibatos
2385 3351 2439 3400 te
2477 3344 2692 3400 Marcus
2730 3344 3026 3415 epise0pus
3064 3348 3223 3397 ornat

1861 3420 2150 3494 'Gentibus
2177 3454 2207 3492 e
2231 3435 2657 3507 nostrisprimus
2683 3441 2736 3490 te
2767 3433 2969 3507 praesul
2991 3434 3247 3506 adeptus,

1805 3548 1855 3616 Ο
1886 3526 2125 3598 Martyrii
2154 3526 2337 3597 palma
2359 3526 2506 3580 claro
2538 3525 2633 3595 qui
2662 3524 2865 3600 dignus
2891 3539 3090 3598 agone.

1885 3615 2142 3670 Succedit
2171 3614 2349 3669 Marco
2382 3615 2663 3677 Casxanus,
2700 3612 2923 3667 Publius
2953 3612 3088 3668 olli:

1884 3704 2148 3759 Maximus
2174 3704 2306 3758 hinc
2325 3703 2597 3775 sequitur,
2628 3702 2903 3768 Julianus,
2927 3702 3114 3769 Gaius,
3149 3710 3205 3758 et
3234 3702 3372 3758 alter

1885 3797 2159 3865 Julianus,
2193 3796 2520 3869 Capitoque,
2553 3794 2750 3850 Valens
2785 3801 2840 3850 et
2862 3793 3197 3850 Dolicianus.

1628 3926 1838 3984 CAPUT
1886 3927 2052 3983 XXIII

1273 4026 1353 4086 De
1380 4030 1610 4088 sanctis
1642 4030 1923 4089 Narcisso
1953 4038 2005 4089 et
2043 4028 2408 4090 Alemandro.

148 4175 281 4230 Post
309 4187 454 4245 quos
482 4170 784 4237 Narcissus,
815 4169 1075 4225 redolens
1099 4168 1202 4225 ﬂos
1231 4174 1395 4242 atque
1423 4171 1679 4241 decorus,

150 4269 428 4325 Ecclesia:
459 4268 643 4323 laetum
673 4266 907 4337 Solyma:
939 4265 1206 4337 respersit
1233 4266 1485 4334 odorem,

149 4362 329 4432 Cujus
359 4360 501 4415 mira
530 4359 664 4414 satis
692 4365 747 4414 et
776 4358 1015 4429 plurima
1042 4364 1197 4430 gesta
1228 4358 1486 4414 renident
1512 4376 1528 4424 ;

147 4451 419 4506 Naturam
450 4449 629 4504 laticis
652 4448 844 4521 pingui
872 4447 966 4519 qui
999 4447 1161 4501 vertit
1189 4447 1355 4503 olivo.

148 4544 411 4614 Namque
439 4540 845 4613 oleiquondam
879 4539 1010 4594 dum
1042 4538 1336 4594 deficiente
1357 4539 1573 4611 liquore

146 4634 456 4707 Lampadis
484 4634 781 4689 exhaustus
819 4649 943 4688 cum
973 4632 1183 4688 lumine
1214 4633 1495 4705 linqueret
1522 4634 1697 4708 ignis:

147 4724 422 4780 Ecclesia:
453 4721 674 4777 famulis
704 4721 949 4777 fomenta
977 4737 1076 4776 nec
1100 4720 1216 4792 ipsa
1243 4722 1556 4791 subessent,

146 4814 498 4884 Laetitia:un
522 4813 644 4867 dies
677 4812 904 4881 jamjam
935 4811 1213 4884 paschalis
1238 4812 1481 4880 adesset,

147 4907 429 4962 Maximus
451 4906 583 4960 hinc
609 4903 817 4975 populo
844 4918 1071 4970 mceror,
1095 4902 1333 4959 turbatio
1352 4904 1502 4960 clero

147 4995 432 5052 incutitur
459 5011 473 5060 ;
506 4990 637 5047 fidei
666 4991 948 5046 Narcissus
969 4998 1022 5046 at
1049 4991 1265 5064 integer
1292 4993 1439 5059 altae,

144 5089 399 5157 Imperat
426 5099 457 5138 e
488 5090 670 5154 puteis
701 5081 918 5137 laticem
949 5080 1054 5136 sibi
1083 5080 1227 5136 ferre
1254 5080 1546 5151 ministris,

143 5181 334 5245 Quam
366 5191 594 5231 sumens
623 5180 762 5240 orat,
795 5173 1081 5229 benedicit
1111 5174 1313 5246 datque
1343 5173 1606 5231 lucernis.

140 5273 251 5327 Pro
280 5269 430 5325 mira
457 5268 643 5324 subito
664 5268 918 5343 stupidus
955 5268 1151 5323 virtute
1179 5268 1401 5325 videres

142 5358 387 5426 Pabula,
419 5374 491 5413 ne
522 5356 745 5411 sibimet
767 5356 1022 5433 fugerent
1049 5357 1323 5413 contraria
1350 5356 1607 5428 flammae,

142 5452 439 5509 Materiem
470 5450 712 5523 lymphm
738 5450 860 5506 laato
893 5450 1227 5506 denscscere
1257 5450 1451 5526 pingui

139 5544 431 5600 Pallorem
462 5548 518 5597 et
543 5541 735 5595 latices
763 5540 925 5596 viridi
964 5548 1208 5597 mutasse
1237 5542 1444 5611 colore,

138 5639 626 5705 Praestantemquc
655 5634 760 5688 sibi
803 5649 1065 5705 superum
1096 5635 1399 5707 sumpsisse
1419 5635 1689 5710 vigorem,

213 5780 351 5853 (150
366 5779 413 5851 ³⁵)
450 5777 544 5835 Sic
567 5778 808 5834 codices.

1887 4173 2271 4244 Adversosque
2295 4170 2428 4227 facis
2448 4168 2789 4226 flammarum
2822 4166 3086 4223 alimenta
3112 4165 3334 4221 dedisse

1888 4263 2021 4331 Quis
2049 4263 2190 4319 solet
2216 4260 2526 4336 exstingui;
2561 4260 2746 4317 lichno
2779 4259 3055 4335 gaudente
3087 4256 3278 4312 foveri.

1891 4359 2138 4415 Luminis
2165 4359 2259 4414 hic
2282 4358 2550 4429 splendor
2576 4357 2739 4413 solito
2770 4365 2882 4411 tum
2913 4354 3112 4410 clarior
3141 4352 3295 4419 arsit,

1892 4448 2122 4522 Largius
2151 4448 2350 4502 educto
2378 4445 2573 4501 Christi
2604 4444 2852 4500 bonitate
2879 4444 3055 4499 nitore
3089 4460 3103 4505 ;

1891 4537 2081 4609 Obque
2112 4536 2282 4593 fidem
2314 4536 2507 4591 fratres
2537 4536 2844 4591 decernunt
2868 4533 3117 4588 muneris
3140 4532 3311 4602 hujus

1891 4629 2128 4704 Pignora
2155 4627 2478 4683 firmandam
2512 4626 2648 4682 tanti
2676 4640 2898 4682 servare
2938 4624 3193 4697 liquoris.

1892 4722 1949 4777 F.
1985 4723 2195 4792 μεθ’).

1963 4811 2212 4883 Denique
2238 4809 2618 4866 Narcissidum
2651 4824 2810 4865 mens
2836 4806 3137 4865 immobilis
3151 4806 3337 4873 instat,

1891 4907 1965 4962 Ac
1987 4906 2124 4975 justi
2149 4906 2395 4979 rectique
2413 4912 2576 4961 tenax
2605 4915 2660 4962 et
2700 4913 2814 4961 tuta
2846 4903 3072 4972 resistit,

1892 5000 2121 5064 Quidam
2155 4998 2432 5070 falsiloqui
2476 4999 2675 5054 vitiatae
2708 4996 2911 5053 mentis
2937 4994 3192 5062 homulli,

1889 5089 2086 5144 Judiee
2126 5087 2366 5157 iustifico
2391 5088 2589 5162 dignas
2627 5086 2871 5159 perferre
2900 5086 3161 5142 timentes

1891 5181 2228 5236 Criminibus
2249 5196 2463 5252 pinnas,
2493 5187 2836 5251 praesumunt
2860 5177 3072 5251 ﬁngere
3098 5175 3307 5231 {cadum

1890 5273 2359 5345 Concinnantque
2400 5272 2518 5326 viro
2547 5271 2677 5327 saevi
2707 5270 2893 5326 scelus
2921 5269 3125 5326 addere
3153 5275 3363 5326 sancto.

1891 5366 2027 5423 Hine
2054 5365 2339 5420 auditores
2360 5364 2567 5419 adeunt
2595 5370 2875 5435 testesque
2906 5362 3232 5430 subornant,

1808 5453 1867 5522 D
1893 5454 2122 5511 Fraudis
2151 5454 2450 5526 participes
2490 5460 2544 5508 et
2561 5456 2878 5525 juramenta
2908 5453 3114 5525 pacisci

1886 5546 2005 5600 Non
2036 5549 2325 5598 metuunt:
2348 5558 2492 5597 unus
2506 5542 2587 5599 sic
2616 5558 2676 5597 se
2707 5557 2820 5598 non
2859 5542 3006 5618 ignis
3029 5543 3245 5610 adurat,

1887 5633 2259 5706 Cenfieiatque
2291 5649 2534 5707 sequens
2564 5631 2790 5690 morbus
2818 5650 2891 5690 ne
2920 5635 3118 5712 regius
3136 5634 3334 5708 ipsum,
