3874 6406
362 338 469 393 507
1141 348 1511 406 FLODOABDI
1553 350 1855 408 CANONICI
1898 353 2226 410 REMENSIS
2266 353 2603 409 OPUSCULA
2642 353 2952 412 METB!CA.
3608 362 3712 418 508

364 462 691 537 Luminibus
713 464 883 535 jurat,
914 465 1008 522 ﬁat
1037 482 1107 523 ne.
1135 470 1331 526 tertius
1358 471 1581 528 absens.

368 551 463 606 His
481 553 748 610 adversus
770 571 895 610 eum
919 572 981 611 se
1001 573 1133 613 vera
1158 559 1352 616 tulisse
1371 561 1626 634 ligantes.

365 643 627 703 Crederet
655 648 883 704 assertis
913 651 1165 721 quamvis
1195 658 1326 708 tunc
1355 670 1519 710 nemo
1549 654 1752 723 ﬁdelis,

364 733 519 798 Quod
549 736 713 791 vitam
745 745 912 811 atque
945 740 1265 809 pudicitiam
1299 758 1462 813 quam
1496 744 1726 802 duxerat
1751 747 1915 804 annis

363 820 646 879 Narcissus
677 825 871 896 primis
897 837 1177 885 constaret
1200 847 1433 888 noscere
1455 834 1632 905 pluris

363 911 380 963 l
390 927 488 981 pse
518 920 701 968 tamen
727 930 837 971 non
862 915 1002 972 ferre
1030 918 1221 975 valens
1253 926 1359 976 tam
1378 922 1526 978 dicta
1552 925 1815 995 probrosa

360 1002 600 1074 Tamque
632 1004 863 1074 profana
890 1023 1107 1076 vacare,
1139 1010 1330 1084 legens
1368 1013 1591 1071 deserta
1620 1017 1839 1088 petivit,

363 1095 422 1150 Et
451 1107 666 1177 secreta
696 1100 884 1156 colens
915 1102 1070 1159 latuit
1107 1107 1486 1178 compluribus
1514 1111 1697 1178 annis,

360 1186 635 1243 Semotam
670 1192 1068 1265 s0pbicamque
1098 1211 1301 1269 gerens
1320 1198 1442 1255 sine
1472 1200 1692 1257 turbine
1722 1201 1888 1258 vitam

359 1277 423 1331 At
452 1292 562 1332 non
586 1278 679 1334 ille
719 1281 912 1337 oculus
937 1285 1320 1357 complectens
1356 1288 1546 1344 omnia
1573 1291 1697 1345 visu

357 1373 636 1430 Adversus
658 1392 852 1446 poenas
883 1379 938 1434 in
969 1388 1221 1453 tempore
1251 1384 1421 1460 longa
1452 1394 1729 1443 moratur:

356 1462 471 1519 lmo
512 1480 611 1535 per
640 1466 757 1522 haec
779 1484 903 1540 quae
928 1472 1245 1528 sancierant
1272 1490 1397 1530 mox
1429 1474 1599 1549 digna
1629 1479 1908 1549 rependit,

356 1552 456 1616 Qui
483 1562 733 1610 sanctum
768 1556 1038 1634 ﬂagrante
1068 1561 1181 1617 doli
1213 1565 1482 1634 pepulere
1512 1582 1753 1634 veneno,

352 1638 591 1697 Arbitrio
625 1643 754 1697 dum
786 1646 911 1717 quis
941 1649 1168 1720 preprio
1195 1651 1301 1706 sibi
1332 1652 1474 1708 lecta
1504 1655 1766 1726 capessit,

351 1733 566 1789 Primus
587 1738 759 1804 enim,
794 1740 975 1795 tacitae
1003 1742 1244 1797 scintilla
1271 1750 1522 1816 tempore
1553 1748 1733 1803 noctis

349 1822 741 1880 Succendente
783 1827 1036 1896 domum,
1069 1840 1225 1886 ustos
1251 1831 1418 1887 simul
1440 1834 1575 1889 arsit
1605 1835 1661 1889 in
1692 1835 1885 1911 ignes;

348 1912 444 1967 Ast
472 1915 644 1969 alium
675 1917 903 1973 morbus
933 1921 1172 1990 pedibus
1198 1925 1449 1995 pervadit
1476 1925 1547 1980 ab
1579 1926 1708 1983 imis

350 2002 433 2056 Ad
454 2019 753 2073 summum,
785 2008 1116 2081 scanditque
1138 2020 1304 2084 caput
1330 2014 1590 2070 decretus
1616 2016 1838 2086 eodem,

353 2093 449 2147 His
480 2095 555 2150 ita
584 2100 954 2170 consumptis,
986 2117 1226 2159 cernens
1254 2113 1310 2161 at
1336 2107 1533 2162 tertius
1561 2109 1733 2163 altum

357 2183 511 2239 llaud
532 2185 760 2242 latuisse
791 2189 951 2245 dolos
981 2192 1300 2263 Dominum,
1328 2211 1389 2250 se
1422 2198 1622 2271 vulgus
1648 2203 1841 2269 aperte

358 2275 584 2345 Projicit
615 2279 670 2333 in
698 2281 968 2351 medium,
1003 2295 1260 2362 relegens
1293 2303 1360 2342 ex
1398 2288 1594 2345 ordine
1625 2291 1912 2362 probrum,

356 2367 447 2422 Sic
476 2368 693 2426 facinus
713 2372 896 2429 nitens
926 2374 1184 2447 lacrymis
1212 2379 1456 2436 immane
1478 2380 1655 2452 piare,

353 2458 601 2516 Fletibus
631 2462 873 2519 aflictam
906 2465 1044 2522 fusis
1076 2469 1361 2526 ulciscitur
1394 2479 1590 2542 artem,

353 2553 490 2608 Dum
523 2555 688 2611 ducta
721 2559 871 2613 luctu
900 2560 1108 2617 residet
1137 2563 1377 2638 caligine
1409 2581 1608 2633 cacus,

425 2650 681 2708 Narcisso
712 2652 925 2711 interea
955 2655 1184 2712 latebrae
1217 2669 1431 2715 secreta
1465 2660 1687 2717 fovente

355 2743 625 2818 Allegitur
654 2748 827 2801 sacris
852 2749 1053 2819 praesul
1074 2752 1404 2825 cognomine
1435 2753 1590 2820 Dius,

357 2836 527 2898 Quem
559 2845 772 2907 raptum
800 2839 1054 2909 sequitur
1075 2841 1371 2912 Germano,
1396 2844 1632 2900 Gordius
1662 2846 1838 2902 illum.

362 2925 497 2981 Hinc
525 2927 678 2983 velut
708 2928 932 2985 horrida
952 2939 1079 3003 post
1105 2933 1304 3007 gelidae
1335 2935 1638 3006 spiramina
1665 2937 1876 2995 brumae

356 3019 615 3091 Affectus,
648 3026 874 3096 zephiro
902 3028 1064 3084 terris
1083 3029 1311 3087 afﬁante
1340 3032 1552 3097 solutis,

357 3116 672 3188 Purpureus
696 3119 858 3176 viridi
879 3139 1115 3198 surgens
1136 3126 1239 3183 ﬂos
1278 3129 1532 3203 gramine
1554 3137 1770 3199 vernat,

355 3208 510 3261 Haud
544 3207 708 3264 aliter
735 3211 984 3281 subiens,
1018 3215 1145 3271 divo
1176 3222 1234 3271 ut
1266 3218 1549 3275 redivivus
1591 3221 1802 3279 honore

357 3298 628 3356 Redditur
651 3303 909 3360 Ecclesiae
938 3306 1247 3377 Narcissus,
1279 3309 1525 3384 itemque
1551 3319 1776 3387 rogatur

358 3387 658 3445 Prazsideat
686 3391 894 3462 populo
934 3392 1235 3468 divinaque
1265 3398 1457 3454 munia
1482 3408 1698 3470 tractet,

357 3481 450 3534 Ast
472 3496 620 3555 aegro
643 3480 825 3539 fessus
845 3486 1025 3554 senio,
1053 3487 1182 3543 dum
1208 3491 1501 3548 commoda
1527 3493 1707 3564 plebis

359 3568 553 3625 Omnia
583 3569 727 3628 ferre
759 3574 975 3647 nequit,
1009 3577 1223 3634 cmlesti
1254 3581 1485 3638 numine
1515 3581 1682 3639 ducto

2014 488 2064 553 Α
2090 477 2252 534 Sedis
2279 477 2593 534 Alexandro
2622 493 2815 534 secum
2839 495 2997 536 sacra
3026 480 3270 537 culmina
3298 482 3536 552 oonfert,

2088 573 2476 645 Cappadocum
2495 574 2678 649 gentis
2701 574 3001 630 moderans
3030 576 3124 647 qui
3141 577 3270 645 jura
3289 580 3571 646 sacerdos,

2086 668 2382 739 Spectandi
2400 668 2520 723 loca
2541 674 2734 723 sancta
2751 669 2971 735 avidus,
3004 670 3149 726 hanc
3168 679 3228 726 ut
3252 672 3393 743 petit
3423 673 3646 741 urbem,

2088 762 2219 817 Esse
2243 762 2518 817 reveletur
2542 762 2805 837 plebique
2845 765 3079 837 senique
3102 767 3396 821 tenendus.

2088 856 2275 911 Excita
2302 856 2492 928 sicque
2523 857 2612 913 die
2642 858 2801 929 plebs
2841 875 2952 930 quo
2984 867 3320 935 cognoverat
3352 860 3507 915 Illum

2087 947 2287 1003 Adfore
2315 952 2631 1015 venturum,
2664 965 2975 1021 properans
2998 966 3058 1005 se
3078 950 3360 1006 mmnibus
3389 948 3553 1007 offert

2086 1038 2257 1094 Obvia
2282 1039 2465 1093 danda
2493 1039 2613 1095 viro
2637 1057 2651 1106 ;
2692 1056 2797 1096 vox
2829 1041 3046 1098 intonat
3074 1058 3203 1098 ecce
3234 1049 3463 1114 repente

2087 1133 2313 1190 Coelitus
2341 1141 2568 1202 attacta,
2597 1135 2812 1191 cunctis
2848 1136 3199 1208 capientibus
3218 1152 3351 1191 aure
3377 1153 3392 1191 :

2085 1253 2111 1278 οι
2159 1230 2371 1285 Sumite
2403 1229 2725 1301 pontiﬁcem
2755 1231 2954 1287 vestris
2978 1247 3146 1303 quem
3178 1231 3418 1287 destinat
3443 1231 3555 1287 aris

2084 1320 2466 1392 Omnipotens.
2507 1341 2532 1373 ι
2580 1321 2683 1377 Ubi
2714 1338 2931 1377 summa
2971 1329 3121 1394 patet
3149 1321 3441 1378 manifesta
3460 1323 3720 1378 voluntas

2085 1408 2367 1485 Contiguis
2397 1410 2647 1482 patribus
2689 1418 2884 1467 sancto
2915 1419 2969 1467 et
2998 1412 3239 1480 seniore,
3271 1420 3503 1485 repente

2085 1501 2532 1572 Communizvoto
2572 1504 2763 1575 populi
2794 1505 3142 1560 concorditer
3171 1511 3351 1561 actum

2085 1594 2427 1666 Suscipiunt,
2471 1602 2698 1669 cogunt,
2729 1597 2991 1663 retinent,
3023 1605 3383 1665 venerantur,
3413 1598 3713 1654 honorant.

2086 1686 2333 1759 Denique
2365 1688 2673 1755 Narcissus,
2702 1705 2925 1744 sursum
2966 1691 3284 1746 certaminis
3314 1691 3568 1763 eXplens,

2088 1777 2217 1833 Post
2246 1787 2468 1834 centum
2499 1778 2587 1833 bis
2608 1786 2663 1834 et
2685 1786 2916 1836 octonos
2937 1796 3078 1852 quos
3101 1780 3307 1836 vixerat
3334 1795 3534 1846 annos,

2045 1834 2067 1898 ί
2089 1867 2250 1924 Urbis
2279 1870 2585 1926 Alexandro
2611 1834 3010 1941 tutandae—jui'e
3026 1834 3229 1928 relicto

2085 1961 2163 2016 Ad
2190 1961 2481 2017 Dominum
2516 1978 2775 2037 pergens,
2806 1964 3128 2020 meritorum
3159 1980 3389 2021 munere
3416 1963 3642 2038 gaudet.

2158 2054 2376 2110 Naviter
2395 2054 2703 2127 advigilans
2732 2071 3023 2111 successor
3047 2057 3237 2112 munia
3269 2063 3485 2123 tractat,

2001 2128 2004 2130 ⁷
2087 2142 2474 2199 Condecorans
2501 2143 2649 2209 data,
2684 2144 2815 2199 dum
2843 2145 3046 2201 Decius
3077 2145 3324 2201 fervente
3353 2144 3599 2219 procella

2085 2232 2269 2295 Saevit,
2294 2233 2439 2288 ovile
2467 2232 2566 2288 Dei
2596 2233 2920 2306 disperdere
2954 2235 3175 2290 turbine
3202 2242 3442 2294 tentans.
3517 2247 3521 2250 '

2085 2322 2295 2395 Nempe
2325 2331 2386 2378 ut
2422 2324 2625 2380 canitie
2657 2326 2963 2396 Splendens
2991 2326 3268 2382 renitebat
3296 2344 3536 2398 amoena,

2087 2414 2618 2472 Caesaream‘ductus
2638 2418 2882 2474 crudelis
2906 2420 3028 2494 lege
3049 2421 3291 2491 tyranni,

2084 2506 2318 2562 Nomine
2347 2523 2447 2579 pro
2478 2509 2694 2565 Domini
2730 2510 2946 2567 laetatur
2971 2527 3195 2569 carcere
3226 2514 3406 2581 trudi;
3449 2583 3454 2589 _

2083 2593 2443 2666 Afﬂictusque
2484 2596 2577 2652 diu
2606 2612 2795 2654 sacros
2824 2608 3173 2657 consummat
3200 2617 3410 2677 agones

2084 2682 2435 2755 Martyriique
2462 2686 2634 2756 capit,
2677 2685 2894 2743 Christo
2925 2689 3226 2758 tribuente,
3259 2708 3547 2751 coronam.

2088 2771 2380 2839 Eusebius,
2420 2772 2637 2841 fultum,
2669 2775 2831 2845 cujus
2861 2793 2922 2832 se
2953 2776 3295 2836 bibliotheca
3323 2783 3469 2855 (151)

2086 2863 2368 2918 Materiam
2392 2864 2701 2936 sumpsisse
2729 2867 2896 2923 docet
2922 2869 3186 2939 praeclara
3217 2876 3447 2931 notandi

2089 2950 2346 3006 Ecclesiae
2373 2952 2572 3007 Christi
2602 2953 2774 3008 titulis
2815 2972 2937 3027 qua:
2968 2964 3122 3030 gesta
3152 2957 3423 3017 feruntur.

2087 3042 2387 3114 Presbyter
2414 3042 2575 3112 hujus
2604 3044 2898 3101 Alexandri
2929 3049 3279 3103 venerandus
3317 3051 3387 3104 ab
3419 3051 3548 3122 ipso

2089 3133 2340 3188 Clemens
2371 3133 2627 3189 Ecclesiae
2665 3136 3057 3193 transmittitur
3094 3138 3471 3197 Antiochenm.

2007 3206 2057 3275 C
2085 3224 2254 3289 Quem
2303 3242 2526 3298 quoque
2556 3236 2866 3299 praeceptor
2895 3229 3157 3285 virtutum
3187 3231 3447 3289 laudibus
3487 3251 3724 3303 ornans,

2088 3316 2220 3372 Esse
2247 3318 2593 3375 sacerdotem
2628 3318 2830 3392 allegat
2866 3321 3142 3392 probitate
3172 3322 3415 3391 beatum,

2089 3409 2495 3466 Commendans
2517 3411 2769 3467 radiante
2799 3428 2989 3468 senem
3017 3414 3222 3484 pietate
3246 3415 3577 3486 probatum;

2089 3498 2257 3568 Cujus
2282 3500 2430 3571 apud
2462 3500 2714 3571 Solymos
2745 3502 3044 3573 praesentia
3072 3519 3307 3561 munere
3337 3504 3539 3563 Christi

2090 3593 2355 3669 Detegata
2381 3595 2475 3651 Dei
2506 3596 2775 3667 populum
2804 3595 3116 3654 firmaverat
3144 3606 3390 3655 auctum.

1815 3722 2026 3779 CAPUT
2075 3722 2254 3779 XXIV.

1342 3850 1423 3911 Dc
1456 3851 1742 3928 Macario,
1776 3854 2040 3917 Maximo
2077 3864 2131 3916 et
2163 3854 2395 3934 Cyrico,
2429 3859 2737 3935 episcopis.

360 3976 659 4034 Pontifices
689 3988 817 4051 post
842 3981 952 4038 hoc
984 3982 1221 4057 Solymae
1250 3986 1451 4044 virtute
1481 3989 1743 4057 nitentes,

360 4070 622 4145 Dogmate
664 4072 935 4142 praeclari,
968 4082 1283 4132 statuuntur
1312 4078 1369 4132 in
1402 4078 1598 4135 ordine
1632 4082 1844 4152 plures.

359 4161 598 4226 Quorum
624 4164 1170 4237 Macarius,'pretiosi
1198 4170 1354 4226 notio
1381 4170 1518 4247 ligni

362 4252 495 4306 Dum
523 4268 703 4308 crucis
735 4253 971 4311 inventae
1002 4257 1208 4328 p0pulo
1239 4258 1548 4329 dubitante,
1580 4262 1820 4329 vacillat,

281 4392 290 4401 .
359 4345 614 4409 Quaerere
643 4354 1031 4420 comprOperat
1060 4349 1366 4421 cpiramine
1385 4353 1636 4409 membra
1660 4355 1871 4426 relicta,

357 4440 707 4511 Apponitque
735 4458 928 4499 cruces
958 4444 1180 4515 pariter,
1210 4463 1349 4519 quas
1378 4446 1520 4504 forte
1552 4458 1801 4522 repertas

360 4528 688 4587 Constabat:
719 4536 920 4605 spretis
949 4539 1049 4593 sed
1080 4539 1163 4594 eis
1194 4539 1420 4596 immota
1448 4541 1778 4610 manebant;

358 4620 519 4679 Tacta
549 4622 706 4697 vigor
732 4642 895 4683 cruce
922 4628 1141 4686 viviﬁca
1169 4646 1294 4687 mox
1318 4631 1547 4688 intimus
1566 4634 1749 4702 intrat,

360 4711 533 4786 Inque
564 4714 886 4784 repentinos
912 4727 1165 4789 reparata
1192 4722 1483 4778 resuscitat
1520 4730 1695 4779 actus.

360 4804 629 4863 Maximns
654 4808 873 4865 illorum
901 4827 1133 4868 consors
1159 4829 1224 4869 ac
1246 4814 1407 4871 miles
1427 4816 1621 4871 herilis

361 4904 465 4960 Pro
504 4904 710 4976 pietate
740 4905 965 4980 ﬁdeqne
999 4909 1117 4977 Dei,
1140 4910 1236 4982 qui
1270 4911 1479 4982 poplite
1511 4912 1646 4968 laevo

358 4996 585 5052 Succiso
616 4997 876 5065 instabat,
904 4998 1094 5055 dextro
1123 5015 1345 5072 quoque
1385 5000 1594 5057 lumine
1623 5002 1871 5074 dempto,

360 5090 470 5144 Hac
499 5107 715 5167 magnae
744 5093 875 5150 ﬁdei
904 5096 1156 5171 gaudens
1183 5098 1405 5173 insigne
1443 5097 1689 5173 gerebat.

362 5178 563 5249 Martyr
588 5180 864 5252 Cyriacus,
888 5186 1095 5260 quique
1126 5194 1181 5243 et
1209 5187 1540 5262 cognomine
1577 5188 1766 5254 Judas,

364 5268 461 5323 Hic
506 5284 699 5339 poenas
727 5278 1006 5346 quondam
1043 5279 1222 5335 varias
1260 5280 1570 5350 multasque
1610 5280 1980 5351 triumphans,

365 5362 491 5416 Post
511 5379 771 5422 manuum
796 5380 1102 5445 segmenta,
1130 5374 1290 5451 ignes
1328 5382 1383 5431 et
1412 5376 1611 5448 pocula
1637 5375 1871 5449 plumbi,

332 5508 335 5513 λ
363 5456 603 5528 Postque
638 5460 1051 5536 triumphatum,
1084 5472 1489 5544 candentiaque
1516 5488 1642 5534 aera,
1668 5471 1977 5547 grabatum,

360 5551 646 5626 Virgarum
671 5553 873 5627 plagas.
905 5561 1194 5634 adipisque
1219 5565 1458 5637 salisque
1481 5565 1693 5621 calores

1999 5228 2059 5297 D

2089 3992 2399 4049 Exstinctos
2432 3993 2718 4065 precibus,
2749 3993 3007 4051 colubros
3038 3995 3260 4069 oleique
3290 4013 3548 4070 vapores,

2092 4081 2318 4137 Pectore
2355 4081 2589 4148 deﬁxus,
2632 4090 2910 4156 contoque
2950 4084 3169 4141 interna
3198 4087 3424 4157 petitus,

2084 4172 2374 4230 Victricem
2402 4174 2638 4246 palmam
2670 4176 2858 4230 rutilat
2883 4184 3207 4232 constanter
3236 4178 3495 4249 adeptus,

2083 4266 2230 4320 Alter
2257 4266 2522 4322 Macarius
2561 4267 2887 4323 Hermonem
2929 4269 2985 4323 in
3016 4284 3170 4325 sacra
3199 4276 3423 4327 secutus

2079 4358 2313 4414 Nomine
2340 4357 2532 4425 fertur,
2564 4366 2621 4414 ut
2644 4360 2750 4415 hoc
2769 4360 2972 4436 dignus
2998 4362 3297 4418 virtutibus
3327 4364 3470 4419 altus
3494 4382 3507 4431 ;

2080 4449 2361 4525 Dogmatis
2392 4450 2651 4525 egregius
2688 4451 2829 4507 nitet
2869 4452 2957 4507 hic
2986 4452 3283 4524 splendore
3315 4454 3570 4525 Cyrillus,

2080 4543 2183 4598 Pro
2225 4542 2351 4599 ﬁdei
2376 4545 2612 4615 sceptris
2640 4546 2941 4600 certamina
2967 4546 3202 4617 plurima
3226 4563 3442 4618 passus,

2082 4636 2239 4705 Saepe
2269 4636 2493 4707 quidem
2529 4635 2741 4707 pulsus,
2775 4638 2873 4692 sed
2905 4638 3038 4694 sede
3070 4638 3344 4715 insignius
3365 4646 3595 4707 auctus;

2082 4724 2254 4790 Quem
2287 4726 2425 4780 mira
2454 4726 2709 4797 sequitur
2727 4726 2896 4783 fultus
2922 4728 3195 4799 probitate
3226 4727 3487 4786 Joannes.

2081 4816 2351 4872 Praeterea
2379 4818 2587 4889 plures,
2620 4835 2853 4891 quorum
2884 4820 2979 4893 qui
3013 4820 3240 4877 nomina
3268 4822 3423 4877 novit
3500 4823 3510 4830 ’

2083 4910 2173 4965 Vel
2224 4925 2539 4980 numerum,
2570 4911 2673 4967 scit
2726 4918 2925 4967 cuncta
2968 4912 3132 4981 Deus,
3185 4912 3290 4969 hac
3340 4913 3479 4969 urbe
3513 4916 3712 4971 trium-

3441 5007 3638 5078 [phant

2079 5095 2173 5150 Vel
2208 5096 2381 5166 patria
2406 5095 2604 5151 sancti.
2637 5094 2876 5151 Cunctos
2908 5097 3034 5168 quis
3070 5096 3257 5154 dicere
3287 5100 3462 5169 possit

2080 5187 2224 5250 Quos
2254 5185 2341 5240 hic
2377 5184 2635 5257 discipuli
2677 5184 2876 5241 Christi
2906 5185 3120 5242 tinxere
3155 5186 3395 5257 lavacro,

2086 5278 2256 5348 lnquc
2288 5275 2397 5331 ﬁde
2427 5284 2575 5332 recta
2601 5293 2873 5343 meruere,
2902 5293 2967 5332 ac
3003 5277 3248 5333 culmine
3277 5278 3420 5344 vitae,

2081 5371 2217 5425 Dum
2257 5369 2459 5446 legitur
2487 5379 2710 5425 sanctus
2739 5369 2974 5440 quadam
3007 5370 3109 5426 tria
3137 5369 3310 5425 millia
3344 5370 3541 5426 Petrus

2081 5459 2446 5515 Consecrasse
2478 5459 2589 5527 die,
2633 5460 2868 5531 quadam
2900 5467 3027 5530 post
3056 5459 3231 5514 millia
3259 5459 3530 5531 quinque,

2080 5554 2250 5610 Millia
2278 5561 2391 5609 tum
2422 5570 2656 5626 quorum
2686 5553 2847 5610 nobis
2870 5570 3051 5626 neque
3085 5554 3301 5630 c0gnita
3334 5570 3572 5609 summa.

434 5722 576 5792 ttat)
617 5723 751 5778 Vide
783 5726 1008 5787 Eusebii
1035 5732 1328 5791 Historiam
1361 5736 1813 5807 ecclesiasticam,
1847 5737 1973 5793 libri
2006 5755 2055 5793 v1
2087 5753 2208 5809 cap.
2240 5737 2329 5792 11.
