3874 6396
148 378 248 433 509

650 372 733 428 DE
772 372 1135 429 TRIUMPHIS
1177 372 1439 430 CHRISTI
1467 373 1562 429 ῬΤ
1605 376 1701 429 SS.
1744 370 2152 428 PALASS'I‘INZE
2190 367 2370 424 LIBRI
2407 365 2595 421 TRES.
2638 393 2703 404 --
2746 362 2872 418 LIB.
2916 361 2984 416 ll.

3378 354 3483 411 510

1611 507 1819 565 CAPUT
1872 508 2025 564 XXV.

1386 612 1464 672 ϐε
1490 612 1782 689 Hesychia
1809 622 1861 672 et
1897 611 2238 688 Philagrio.

148 742 432 813 Presbyter
460 739 789 811 Hesychius,
819 739 1023 795 veteris
1050 740 1145 811 qui
1175 740 1405 813 mystica
1430 740 1568 817 legis

146 832 540 901 Saerorumqne
569 828 792 883 umbras
822 829 891 883 ad
930 827 1142 903 fulgida
1172 829 1383 885 lumina
1411 837 1655 903 raptans,

150 923 205 975 ln
226 921 413 975 vinum
447 917 787 974 transfundit
807 934 997 990 aquas,
1028 918 1361 993 ubidignius
1390 935 1625 992 usquam

148 1014 205 1068 Ni
237 1029 348 1085 qua
382 1012 678 1083 praecipuae
717 1011 943 1087 viguere
973 1019 1186 1066 remota
1217 1019 1450 1067 notaret.

148 1106 237 1160 llic
266 1105 412 1159 inter
440 1103 676 1175 populos
706 1103 916 1173 sephiae
943 1102 1242 1173 splendore
1272 1100 1483 1158 nitebat

151 1196 469 1271 Philagrius;
495 1210 759 1249 manuum
788 1209 1043 1267 quaerens
1069 1194 1333 1249 alimenta
1364 1194 1586 1250 labore:

145 1288 316 1359 Atque
348 1286 587 1341 libenter
612 1286 774 1355 in0ps
812 1286 1236 1355 etjpaupertatis
1264 1285 1495 1340 amicus.

148 1378 243 1444 Qui
272 1378 554 1451 quondam
587 1377 813 1432 invento
837 1377 1141 1433 solidorum
1172 1377 1284 1432 dite
1311 1377 1563 1433 crumino

148 1471 330 1525 Restat
360 1476 416 1525 et
445 1474 725 1541 exspectat
746 1485 941 1540 passus
970 1468 1096 1523 dum
1132 1469 1332 1523 damna
1360 1475 1622 1523 recurrat.

148 1568 346 1620 Aurum
372 1563 619 1619 restituit
647 1561 826 1629 ﬂenti,
857 1570 1179 1635 partemque
1207 1562 1455 1634 precanti

142 1656 395 1712 Sumeret
423 1653 675 1716 obnisus,
711 1669 997 1708 nummum
1031 1653 1101 1709 de
1128 1653 1278 1707 mille
1319 1668 1423 1707 nec
1455 1668 1625 1707 unum

1789 751 1838 817 Α
1868 743 2127 797 Attrectat
2154 739 2441 810 laudisque
2470 736 2631 792 simul
2664 733 2938 807 praeconia
2966 731 3111 787 fasso

1867 830 2109 903 Aufugit,
2132 845 2194 884 ac
2215 828 2420 883 strictis
2443 826 2687 882 cmlestia
2707 824 2973 895 competit
2992 821 3112 876 alis.

1867 920 2118 974 Justinus
2145 918 2320 972 nitido
2354 916 2575 970 radians
2604 913 2901 985 splendore
2922 910 3135 982 s0phia':
3190 972 3197 977 _

1869 1010 2076 1083 Editur,
2107 1010 2207 1063 hac
2238 1007 2412 1062 oritur
2447 1006 2655 1076 Ioseph
2690 1004 2915 1075 regione
2937 1008 3168 1073 parente

1869 1102 1969 1167 Qui
2000 1110 2189 1156 sancta
2226 1102 2407 1156 valide
2439 1117 2538 1172 pro
2569 1100 2861 1174 relligione
2890 1096 3168 1159 laborans,

1869 1190 2129 1263 Augustis
2159 1190 2350 1253 libros,
2392 1190 2616 1261 pietatis
2647 1190 2857 1244 honore
2885 1186 3108 1257 politos,

1872 1283 2025 1338 Haud
2048 1284 2227 1341 crucis
2254 1283 2477 1339 erubuit
2497 1283 2742 1349 tradens,
2771 1285 3056 1352 spectante
3085 1283 3308 1331 senatu.

1872 1375 2261 1448 Opprobrium,
2298 1377 2488 1430 divina
2516 1375 2720 1442 ferens,
2754 1375 2996 1428 humana
3021 1369 3282 1424 refellens
3307 1384 3320 1420 :

1871 1469 2111 1536 Iudaeos,
2140 1479 2465 1541 gentesque,
2490 1469 2864 1538 haeresesque,
2894 1472 2949 1519 et
2980 1464 3114 1518 falsa
3144 1459 3494 1530 triumphans

1874 1560 2272 1631 Spectatusque
2292 1559 2470 1629 palam
2493 1558 2677 1613 Jesum
2697 1558 2958 1611 decorare
2988 1552 3312 1626 magistrum

1872 1656 2115 1711 Exsultat
2144 1653 2415 1711 celebrem
2448 1652 2660 1708 Christo
2693 1650 2903 1705 fudisse
2933 1661 3203 1704 cruorem.

1610 1778 1816 1835 CAPUT
1862 1780 2034 1837 XXVI.

1043 1882 1122 1942 De
1149 1883 1350 1942 Maria
1378 1881 1757 1959 Magdalena,
1802 1879 2037 1943 Lazaro
2067 1892 2119 1943 et
2156 1883 2369 1961 Joseph
2396 1882 2585 1943 Justo.

146 2018 407 2075 Pluribus
434 2019 553 2076 haec
581 2019 747 2075 tellus
776 2018 906 2076 hinc
936 2018 1128 2092 priscae
1157 2019 1298 2094 legis
1328 2018 1585 2085 alumnis,

126 2112 273 2167 ‘lnde
311 2125 466 2165 novae
494 2109 701 2176 rutilat,
727 2108 922 2164 Christi
936 2124 1075 2180 quos
1096 2110 1297 2183 gratias
1323 2111 1514 2165 salvat.

144 2204 251 2257 Hac
277 2215 507 2274 quoque
537 2198 859 2279 Magdalene
886 2200 1117 2273 regione
1143 2200 1312 2255 Maria
1329 2201 1566 2264 renidet,

144 2293 502 2350 Daemonibus
533 2292 730 2364 pulsis,
760 2292 920 2348 Jesus
945 2309 1055 2364 qua
1084 2293 1347 2348 Flaminis
1377 2294 1506 2348 almi

147 2390 207 2444 Ut
230 2388 515 2444 ferventer
551 2393 699 2443 amet
730 2394 879 2460 patet
918 2404 1042 2443 esse
1074 2403 1354 2459 capacem.

143 2479 309 2548 Cujus
342 2478 419 2533 ita
450 2476 665 2533 Christo
697 2477 904 2548 placuit
933 2478 1157 2533 dilectio
1189 2494 1348 2550 pura,

145 2571 205 2626 Ut
233 2570 441 2646 Stygiis
466 2558 623 2625 illum
654 2570 981 2625 redeuutem
1016 2570 1191 2642 prima
1216 2570 1428 2626 videret
1462 2587 1476 2636 ;

146 2663 203 2715 Et
239 2662 496 2718 claustris
526 2661 711 2729 Erebi,
741 2659 984 2717 violenta
1014 2662 1134 2734 lege
1147 2662 1343 2725 soluta,

149 2755 239 2810 llic
286 2770 466 2828 prope
515 2753 837 2810 Bethaniam
889 2753 1012 2822 tibi,
1063 2754 1263 2809 Lazare
1319 2762 1530 2821 sancte,
1583 2751 1774 2825 sepul-

1528 2860 1677 2899 crum

1528 2860 1677 2899 crum

148 2932 297 2988 Unde
338 2943 536 3005 quater
556 2933 705 2990 deno
734 2940 1029 3006 postquam
1061 2939 1116 2988 te
1145 2933 1261 2988 sole
1292 2844 1551 3002 retentaI,
1689 2888 1702 2914 ’

146 3023 286 3081 Mors
316 3026 559 3100 superis,
583 3026 818 3082 Domino
848 3041 1069 3099 parens,
1087 3025 1406 3081 tremefacta
1432 3026 1664 3085 remisit.

1878 2020 1974 2075 llic
2004 2021 2201 2077 domus
2222 2019 2454 2075 ecclesia
2480 2028 2564 2074 est
2581 2024 2671 2073 tua
2697 2023 3121 2085 sanctarumque
3147 2026 3418 2067 sororum.

1872 2115 2100 2186 Ioseph,
2126 2114 2221 2186 qui
2247 2113 2451 2179 Justus,
2481 2112 2653 2183 patria
2670 2110 2772 2164 hac
2792 2115 3140 2164 consummat
3164 2119 3420 2177 agonem,

1874 2207 2042 2271 Quem
2068 2204 2265 2260 Christi
2298 2204 2526 2259 comites
2553 2202 2706 2257 Judze
2725 2201 2844 2255 vice
2876 2205 3022 2253 sorte
3053 2196 3351 2271 legendum

1874 2296 2080 2369 Dignus
2105 2293 2405 2365 apostolico
2437 2291 2817 2362 censentquia
2833 2291 2958 2360 jure
2998 2286 3228 2341 nitebat.

1799 2419 1848 2486 Β
1877 2377 2099 2435 Interuo
2127 2389 2308 2435 tamen
2342 2381 2571 2435 arbitrio
2590 2396 2711 2434 sors
2734 2377 2931 2455 legerit
2958 2376 3062 2431 etsi

1876 2474 2177 2540 Matthiam,
2205 2471 2450 2527 ofﬁcium
2489 2472 2701 2541 Ioseph
2745 2469 3105 2526 nihilominus
3125 2465 3321 2537 implet

1875 2563 2149 2619 Doctrinae
2179 2573 2407 2629 sanctae,
2439 2577 2645 2634 supero
2676 2576 2978 2616 succensus
3008 2574 3219 2613 amore.

1878 2653 2031 2708 Unde
2054 2653 2244 2709 furens
2266 2652 2584 2708 Judmorum
2617 2667 2820 2706 vesana
2849 2657 3067 2705 caterva

1877 2743 2058 2798 Multis
2088 2743 2236 2798 hunc
2259 2742 2430 2817 agitat
2462 2736 2678 2813 probris
2709 2740 3031 2809 ;ferturque
3059 2734 3191 2790 fidei

1880 2841 2102 2896 Potatus
2127 2839 2285 2895 titulo
2308 2840 2385 2893 nil
2413 2839 2571 2894 triste
2594 2837 2787 2892 tulisse
2810 2851 3053 2899 veneno;

1881 2934 2085 3006 Ilioque
2105 2932 2217 2988 Deo
2245 2933 2469 2988 demum
2492 2931 2714 3003 supplet
2742 2930 3001 2985 vincente
3031 2925 3394 2996 triumphum.

973 3228 1481 3320 INCIPIT
1546 3229 1943 3317 LIBER
2007 3226 2693 3317 SECUNDUS

1563 3411 1770 3467 CAPUT
1817 3410 2100 3466 PRIMUM.

1223 3529 1303 3590 De
1331 3529 1605 3591 vindicta
1637 3529 1869 3591 Christi
1897 3530 2007 3589 sub
2048 3529 2422 3609 Vespasiano.

150 3663 388 3719 Plurima
429 3668 697 3735 praeterea
727 3663 964 3734 Solyma:
981 3662 1261 3719 celebrata
1287 3668 1493 3735 tropaea

148 3755 394 3812 Diversis
450 3755 669 3810 nituere
697 3753 896 3809 modis.
933 3754 1070 3809 llinc
1090 3753 1354 3828 gentibus
1382 3754 1534 3809 olim.

148 3848 404 3919 Depulsis
426 3848 579 3903 vario
607 3847 711 3902 sub
730 3856 997 3918 tempore,
1034 3854 1088 3902 et
1118 3846 1256 3902 urbe
1278 3848 1527 3916 subacta,

142 3941 357 3997 Judmis
388 3940 585 3997 crebro
616 3940 886 3995 bellorum
910 3939 1133 3994 turbine
1166 3940 1348 4007 tectis,

140 4035 433 4092 Justorum
460 4034 675 4090 meritis
706 4034 944 4106 praelatis
984 4034 1228 4091 culmine
1267 4036 1424 4109 regni

144 4129 314 4185 Sacra
344 4129 472 4205 lege
503 4129 622 4195 Dei,
664 4129 825 4184 claris
855 4135 909 4184 et
940 4128 1009 4183 ab
1041 4129 1202 4183 hoste
1233 4129 1435 4200 quietis

143 4221 486 4293 Contemptu
516 4219 760 4288 afﬂictis,
786 4220 989 4292 captis,
1025 4228 1079 4275 et
1099 4220 1168 4275 ab
1210 4221 1368 4276 hoste
1385 4221 1598 4277 necatis

146 4318 516 4390 Extrusisque
536 4317 676 4383 solo,
707 4317 915 4388 templo
957 4317 1221 4389 librisque
1249 4317 1491 4388 perustis
1518 4335 1531 4372 :

148 4406 437 4478 Correptis
468 4405 847 4481 peregrinatu,
872 4406 1158 4478 patriaque
1186 4406 1426 4477 receptis

146 4497 277 4553 Post
309 4498 484 4553 etiam
516 4497 669 4551 varia
697 4496 971 4552 bellorum
1010 4505 1197 4571 strage
1229 4497 1447 4565 levatis,

143 4587 323 4658 Atque
360 4587 663 4641 reservatis
693 4586 873 4641 donec
903 4586 1091 4641 divina
1122 4601 1369 4659 prepago

148 4678 481 4735 Emmanuel
508 4679 685 4753 surgit
716 4679 785 4734 de
817 4678 1048 4746 lumine,
1079 4679 1291 4754 virgine
1320 4678 1431 4734 feta

146 4771 204 4825 ln
237 4786 413 4843 quem
446 4770 765 4842 praecipites
797 4769 1037 4842 lapidem
1068 4770 1349 4826 offendere
1378 4770 1555 4826 ruina:
1589 4788 1604 4836 ;

141 4866 385 4939 Surgere
410 4879 520 4919 nec
574 4871 890 4935 properant,
922 4864 1141 4920 veniam
1170 4864 1301 4919 dum
1362 4878 1583 4919 sumere
1613 4864 1786 4920 vitant

142 4953 249 5008 Per
279 4951 525 5008 eomites
556 4951 776 5018 Christi,
810 4951 1014 5024 quibus
1045 4952 1281 5027 allegata
1313 4959 1500 5008 reatus

141 5043 358 5110 Cassio,
391 5041 599 5097 dilatus
626 5041 739 5097 fere
762 5041 1132 5117 quadraginta
1164 5058 1265 5114 per
1306 5056 1482 5098 annos

138 5131 415 5187 Vindictae
445 5130 667 5204 gladius
696 5130 872 5186 veniae
903 5140 1218 5203 superesset
1238 5138 1296 5186 ut
1321 5138 1494 5198 actus,

135 5224 199 5277 At
219 5223 431 5294 pietate
464 5220 561 5275 Dei
586 5228 774 5292 spreta
802 5221 949 5278 subit
980 5220 1116 5278 ultio
1146 5222 1354 5297 digna,

140 5315 522 5371 Praecelerant
554 5320 740 5368 tamen
773 5315 1061 5369 exordium
1094 5308 1353 5386 portenta
1380 5313 1647 5384 futurum,

140 5404 543 5479 Prodigiisque
576 5403 721 5459 datis
753 5412 1032 5460 terrentur
1057 5406 1180 5461 luce
1208 5405 1431 5463 minaci.

136 5497 313 5553 Stella
337 5496 600 5568 quidem,
625 5495 846 5551 frameae
860 5496 1077 5564 similis,
1107 5496 1330 5553 fulsisse
1352 5514 1453 5569 per
1473 5514 1676 5554 annum

137 5592 493 5664 lmpendens
526 5598 700 5647 totum
722 5593 1005 5648 sceleratae
1036 5593 1267 5649 traditur
1291 5594 1439 5661 urbi,

132 5684 545 5756 Pestiferisque
580 5692 762 5739 truces
794 5684 1030 5740 ﬂammis
1059 5685 1259 5741 arsisse
1290 5692 1540 5743 cometae.

134 5776 402 5848 Dumque
420 5773 508 5830 sui
540 5772 823 5831 celebrare
855 5784 1051 5848 parant
1070 5777 1342 5833 solemnia
1367 5777 1612 5846 Pascbze,

1878 3663 2048 3719 Paulo
2081 3670 2207 3735 post
2236 3661 2474 3717 mediam
2508 3661 2694 3716 fanum
2727 3660 2818 3714 lux
2848 3659 3059 3734 fulgida
3088 3666 3307 3714 noctem

1882 3755 2258 3822 Circumdans,
2290 3755 2346 3809 in
2359 3763 2595 3826 utroque
2615 3767 2844 3825 vagans,
2876 3751 3107 3806 horrore
3131 3754 3407 3805 coruscat.

1882 3844 2039 3908 Quod
2069 3844 2237 3899 rebus
2265 3843 2490 3917 quidam
2542 3840 2851 3915 auspicium
2897 3842 3169 3913 replicare
3198 3837 3459 3897 secundis
3489 3857 3503 3893 :

1883 3938 1982 3993 Ast
2010 3937 2127 4006 alii,
2151 3953 2386 4010 quorum
2419 3935 2597 4007 potuit
2625 3950 2784 3989 mens
2811 3933 2999 3989 sanior
3026 3949 3171 4000 esse,

1811 4061 1862 4130 Ο
1886 4026 2129 4082 lnfausta
2161 4030 2471 4082 memorant
2496 4024 2768 4080 turbatam
2800 4022 2922 4078 luce
2951 4020 3219 4093 quietem.

1885 4119 2144 4174 Pluribus
2173 4117 2303 4173 inde
2333 4115 2737 4172 motislethalia
2758 4114 2915 4188 signa
2948 4112 3241 4167 trahebant

1885 4211 1985 4276 Qui
2025 4210 2221 4266 moniti
2255 4217 2507 4265 temnunt
2529 4208 2786 4280 lacrymis
2814 4209 3014 4281 punire
3045 4213 3276 4280 patrata,

1887 4306 1947 4360 Et
1978 4303 2352 4379 dedignantur
2381 4302 2652 4358 scelerum
2685 4300 2893 4357 deﬂere
2924 4300 3121 4372 piacla,

1890 4394 1979 4448 llis
2009 4394 2176 4449 etiam
2208 4393 2364 4448 festis
2384 4392 2610 4449 vitulam
2630 4400 2871 4446 mactare
2901 4389 3168 4445 ministris

1888 4484 2196 4555 Applicitis,
2230 4484 2358 4537 dum
2390 4481 2590 4539 cervici
2632 4482 2844 4538 vibrata
2873 4481 3086 4537 securis

1887 4572 2190 4647 Deﬂgenda
2220 4572 2402 4639 micat,
2445 4571 2684 4643 peperit,
2707 4588 2860 4627 sacra
2883 4570 3146 4643 ponderis
3178 4570 3343 4640 hujus

1893 4665 2181 4719 lmmutata
2210 4663 2649 4719 docensarcanis
2684 4662 2924 4739 legibus,
2957 4677 3175 4737 agnam.

1891 4756 2059 4820 Quem
2091 4762 2266 4810 mater
2297 4770 2541 4810 renuens
2579 4753 2858 4809 balantem
2920 4767 3220 4829 agnoscere
3267 4755 3510 4822 partum,

1890 4850 2052 4926 Legis
2080 4850 2218 4906 dura
2241 4850 2414 4906 sacris
2439 4850 2594 4924 juga,
2627 4847 2855 4903 mitibus
2875 4847 3072 4902 aemula
3093 4849 3382 4909 monstrat,

1890 4944 1964 4995 Ac
1990 4943 2238 4999 trucibus
2262 4942 2489 5014 proprio
2520 4940 2718 5015 gladiis
2739 4940 2999 5012 pellenda
3025 4936 3246 4993 sacello.

1894 5034 2124 5090 Interior
2150 5034 2341 5106 templi
2374 5049 2495 5105 quae
2536 5031 2869 5104 respiciebat
2898 5030 3069 5086 Eoum

1881 5128 2059 5184 Ianua
2085 5129 2213 5184 dote
2243 5127 2449 5202 gravis,
2480 5125 2659 5182 solido
2685 5131 2947 5195 c00perta
2975 5120 3219 5184 metallo,

1885 5217 2156 5273 Ponderis
2182 5215 2392 5279 eximii,
2421 5215 2509 5269 bis
2547 5213 2707 5268 denis
2736 5220 2885 5268 mota
2906 5209 3171 5267 ministris

1885 5312 2012 5376 Qua
2044 5309 2407 5366 claudebatur
2435 5308 2520 5363 vix
2562 5305 2981 5378 impellentibus
3020 5319 3151 5372 aera,

1800 5407 1860 5477 D
1892 5403 2099 5458 Conatu
2131 5416 2348 5457 summo
2374 5398 2668 5472 patefacta.
2702 5398 3005 5455 recluditur
3034 5398 3201 5462 ultro,

1887 5495 2148 5551 Vectibus
2175 5501 2341 5566 atque
2371 5492 2510 5547 seris
2533 5490 2664 5546 ferri
2686 5490 3110 5562 penetrantibus
3125 5489 3236 5545 alte

1889 5588 2027 5642 Dum
2051 5586 2263 5641 munita
2280 5585 2422 5641 foret
2452 5583 2648 5639 mediae
2679 5583 2783 5638 sub
2815 5590 3066 5654 tempore
3097 5582 3290 5639 noctis.

1888 5682 2135 5754 Postque
2166 5681 2311 5737 diem
2344 5680 2543 5736 festum
2570 5696 2739 5752 parvo
2768 5679 3021 5737 volvente
3054 5679 3277 5735 dierum

1888 5774 2187 5843 Curriculo,
2229 5783 2417 5843 noctu,
2451 5773 2686 5832 necdum
2710 5774 3043 5832 cedentibus
3074 5773 3307 5838 umbris,
