  <div class='ocr_page' id='page_1' title='image "/cluster/home/n/w/nwhite01/storage/ocr_20150623/134-135/uc1.31175013627537/775.png"; bbox 0 0 3874 6456; ppageno 0'>
   <div class='ocr_carea' id='block_1_1' title="bbox 374 395 477 451">
    <p class='ocr_par' dir='ltr' id='par_1_1' title="bbox 374 395 477 451">
     <span class='ocr_line' id='line_1_1' title="bbox 374 395 477 451; baseline -0.019 0"><span class='ocrx_word' id='word_1_1' title='bbox 374 395 477 451; x_wconf 82' lang='grc'>511</span> 
     </span>
    </p>
   </div>
   <div class='ocr_carea' id='block_1_2' title="bbox 363 521 1814 597">
    <p class='ocr_par' dir='ltr' id='par_1_2' title="bbox 363 521 1814 597">
     <span class='ocr_line' id='line_1_2' title="bbox 363 521 1814 597; baseline 0.001 -20"><span class='ocrx_word' id='word_1_2' title='bbox 363 522 468 578; x_wconf 85' lang='lat' dir='ltr'>Per</span> <span class='ocrx_word' id='word_1_3' title='bbox 495 522 695 579; x_wconf 74' lang='lat' dir='ltr'>cmlum</span> <span class='ocrx_word' id='word_1_4' title='bbox 725 539 920 581; x_wconf 89' lang='lat' dir='ltr'>currus</span> <span class='ocrx_word' id='word_1_5' title='bbox 939 524 1265 597; x_wconf 90' lang='lat' dir='ltr'>equitesque</span> <span class='ocrx_word' id='word_1_6' title='bbox 1295 523 1482 579; x_wconf 89' lang='lat' dir='ltr'>volare</span> <span class='ocrx_word' id='word_1_7' title='bbox 1510 521 1768 579; x_wconf 89' lang='lat' dir='ltr'>videntur</span> <span class='ocrx_word' id='word_1_8' title='bbox 1798 541 1814 590; x_wconf 85' lang='lat'><strong><em>;</em></strong></span> 
     </span>
    </p>
   </div>
   <div class='ocr_carea' id='block_1_3' title="bbox 362 611 1662 678">
    <p class='ocr_par' dir='ltr' id='par_1_3' title="bbox 362 611 1662 678">
     <span class='ocr_line' id='line_1_3' title="bbox 362 611 1662 678; baseline 0.001 -12"><span class='ocrx_word' id='word_1_9' title='bbox 362 611 615 668; x_wconf 88' lang='lat' dir='ltr'>Nubibus</span> <span class='ocrx_word' id='word_1_10' title='bbox 642 620 863 669; x_wconf 67' lang='lat' dir='ltr'>armatae</span> <span class='ocrx_word' id='word_1_11' title='bbox 890 629 1012 670; x_wconf 90' lang='lat' dir='ltr'>sese</span> <span class='ocrx_word' id='word_1_12' title='bbox 1043 613 1662 678; x_wconf 76' lang='lat' dir='ltr'>immiscere&#39;cohortes,</span> 
     </span>
    </p>
   </div>
   <div class='ocr_carea' id='block_1_4' title="bbox 368 703 1747 779">
    <p class='ocr_par' dir='ltr' id='par_1_4' title="bbox 368 703 1747 779">
     <span class='ocr_line' id='line_1_4' title="bbox 368 703 1747 779; baseline 0.003 -22"><span class='ocrx_word' id='word_1_13' title='bbox 368 703 692 779; x_wconf 80' lang='lat' dir='ltr'>Agminibus</span> <span class='ocrx_word' id='word_1_14' title='bbox 720 705 918 760; x_wconf 83' lang='lat' dir='ltr'>subitis</span> <span class='ocrx_word' id='word_1_15' title='bbox 946 704 1288 761; x_wconf 89' lang='lat' dir='ltr'>circumdare</span> <span class='ocrx_word' id='word_1_16' title='bbox 1306 704 1361 759; x_wconf 89' lang='lat' dir='ltr'>in</span> <span class='ocrx_word' id='word_1_17' title='bbox 1393 720 1517 759; x_wconf 90' lang='lat' dir='ltr'>aere</span> <span class='ocrx_word' id='word_1_18' title='bbox 1538 719 1747 773; x_wconf 86' lang='lat' dir='ltr'>muros,</span> 
     </span>
    </p>
   </div>
   <div class='ocr_carea' id='block_1_5' title="bbox 368 793 1677 867">
    <p class='ocr_par' dir='ltr' id='par_1_5' title="bbox 368 793 1677 867">
     <span class='ocr_line' id='line_1_5' title="bbox 368 793 1677 867; baseline 0.002 -20"><span class='ocrx_word' id='word_1_19' title='bbox 368 793 529 849; x_wconf 88' lang='lat' dir='ltr'>Festo</span> <span class='ocrx_word' id='word_1_20' title='bbox 557 794 720 849; x_wconf 88' lang='lat' dir='ltr'>etiam</span> <span class='ocrx_word' id='word_1_21' title='bbox 754 794 900 851; x_wconf 91' lang='lat' dir='ltr'>dicto</span> <span class='ocrx_word' id='word_1_22' title='bbox 928 795 998 850; x_wconf 92' lang='lat' dir='ltr'>de</span> <span class='ocrx_word' id='word_1_23' title='bbox 1028 793 1434 867; x_wconf 77' lang='lat' dir='ltr'>quinquaginta</span> <span class='ocrx_word' id='word_1_24' title='bbox 1476 794 1677 851; x_wconf 89' lang='lat' dir='ltr'>diebus</span> 
     </span>
    </p>
   </div>
   <div class='ocr_carea' id='block_1_6' title="bbox 368 884 1524 962">
    <p class='ocr_par' dir='ltr' id='par_1_6' title="bbox 368 884 1524 962">
     <span class='ocr_line' id='line_1_6' title="bbox 368 884 1524 962; baseline 0.002 -23"><span class='ocrx_word' id='word_1_25' title='bbox 368 884 516 940; x_wconf 89' lang='lat' dir='ltr'>More</span> <span class='ocrx_word' id='word_1_26' title='bbox 544 886 861 942; x_wconf 90' lang='lat' dir='ltr'>sacerdotes</span> <span class='ocrx_word' id='word_1_27' title='bbox 882 887 1045 943; x_wconf 90' lang='lat' dir='ltr'>solito</span> <span class='ocrx_word' id='word_1_28' title='bbox 1075 886 1313 962; x_wconf 89' lang='lat' dir='ltr'>caligine</span> <span class='ocrx_word' id='word_1_29' title='bbox 1346 885 1524 941; x_wconf 88' lang='lat' dir='ltr'>noctis</span> 
     </span>
    </p>
   </div>
   <div class='ocr_carea' id='block_1_7' title="bbox 366 973 1988 1048">
    <p class='ocr_par' dir='ltr' id='par_1_7' title="bbox 366 973 1988 1048">
     <span class='ocr_line' id='line_1_7' title="bbox 366 973 1988 1048; baseline 0.004 -20"><span class='ocrx_word' id='word_1_30' title='bbox 366 973 502 1029; x_wconf 91' lang='lat' dir='ltr'>Dum</span> <span class='ocrx_word' id='word_1_31' title='bbox 526 976 790 1047; x_wconf 91' lang='lat' dir='ltr'>templum</span> <span class='ocrx_word' id='word_1_32' title='bbox 816 976 1119 1043; x_wconf 89' lang='lat' dir='ltr'>introeunt,</span> <span class='ocrx_word' id='word_1_33' title='bbox 1142 976 1408 1047; x_wconf 86' lang='lat' dir='ltr'>strepitus</span> <span class='ocrx_word' id='word_1_34' title='bbox 1430 991 1653 1033; x_wconf 89' lang='lat' dir='ltr'>sensere</span> <span class='ocrx_word' id='word_1_35' title='bbox 1681 984 1988 1048; x_wconf 86' lang='lat' dir='ltr'>sonantes;</span> 
     </span>
    </p>
   </div>
   <div class='ocr_carea' id='block_1_8' title="bbox 369 1068 1645 1143">
    <p class='ocr_par' dir='ltr' id='par_1_8' title="bbox 369 1068 1645 1143">
     <span class='ocr_line' id='line_1_8' title="bbox 369 1068 1645 1143; baseline 0.005 -21"><span class='ocrx_word' id='word_1_36' title='bbox 369 1068 488 1124; x_wconf 85' lang='lat' dir='ltr'>Mox</span> <span class='ocrx_word' id='word_1_37' title='bbox 520 1070 685 1125; x_wconf 89' lang='lat' dir='ltr'>etiam</span> <span class='ocrx_word' id='word_1_38' title='bbox 708 1072 893 1127; x_wconf 90' lang='lat' dir='ltr'>subito</span> <span class='ocrx_word' id='word_1_39' title='bbox 913 1087 1078 1129; x_wconf 91' lang='lat' dir='ltr'>voces</span> <span class='ocrx_word' id='word_1_40' title='bbox 1107 1072 1339 1129; x_wconf 87' lang='lat' dir='ltr'>hausere</span> <span class='ocrx_word' id='word_1_41' title='bbox 1363 1073 1645 1143; x_wconf 85' lang='lat' dir='ltr'>profantes</span> 
     </span>
    </p>
   </div>
   <div class='ocr_carea' id='block_1_9' title="bbox 371 1158 1774 1237">
    <p class='ocr_par' dir='ltr' id='par_1_9' title="bbox 371 1158 1774 1237">
     <span class='ocr_line' id='line_1_9' title="bbox 371 1158 1774 1237; baseline 0.002 -24"><span class='ocrx_word' id='word_1_42' title='bbox 371 1158 622 1215; x_wconf 76' lang='lat' dir='ltr'>Terribili</span> <span class='ocrx_word' id='word_1_43' title='bbox 654 1161 868 1232; x_wconf 82' lang='lat' dir='ltr'>crepitu</span> <span class='ocrx_word' id='word_1_44' title='bbox 899 1179 911 1218; x_wconf 91' lang='lat'><strong>:</strong></span> <span class='ocrx_word' id='word_1_45' title='bbox 945 1182 970 1214; x_wconf 79' lang='grc' dir='ltr'>(ι</span> <span class='ocrx_word' id='word_1_46' title='bbox 998 1162 1296 1237; x_wconf 79' lang='lat' dir='ltr'>Migremus</span> <span class='ocrx_word' id='word_1_47' title='bbox 1324 1162 1555 1217; x_wconf 87' lang='lat' dir='ltr'>sedibus</span> <span class='ocrx_word' id='word_1_48' title='bbox 1585 1163 1724 1219; x_wconf 80' lang='lat' dir='ltr'>istis.</span> <span class='ocrx_word' id='word_1_49' title='bbox 1749 1184 1774 1216; x_wconf 69' lang='grc' dir='ltr'><strong><em>ι</em></strong></span> 
     </span>
    </p>
   </div>
   <div class='ocr_carea' id='block_1_10' title="bbox 372 1251 1589 1321">
    <p class='ocr_par' dir='ltr' id='par_1_10' title="bbox 372 1251 1589 1321">
     <span class='ocr_line' id='line_1_10' title="bbox 372 1251 1589 1321; baseline 0.003 -15"><span class='ocrx_word' id='word_1_50' title='bbox 372 1251 529 1306; x_wconf 88' lang='lat' dir='ltr'>Festo</span> <span class='ocrx_word' id='word_1_51' title='bbox 552 1251 799 1321; x_wconf 88' lang='lat' dir='ltr'>postalio</span> <span class='ocrx_word' id='word_1_52' title='bbox 825 1251 1031 1308; x_wconf 84' lang='lat' dir='ltr'>virides</span> <span class='ocrx_word' id='word_1_53' title='bbox 1046 1252 1297 1309; x_wconf 81' lang='lat' dir='ltr'>habitare</span> <span class='ocrx_word' id='word_1_54' title='bbox 1332 1253 1589 1310; x_wconf 82' lang='lat' dir='ltr'>tabernas</span> 
     </span>
    </p>
   </div>
   <div class='ocr_carea' id='block_1_11' title="bbox 373 1342 1998 1421">
    <p class='ocr_par' dir='ltr' id='par_1_11' title="bbox 373 1342 1998 1421">
     <span class='ocr_line' id='line_1_11' title="bbox 373 1342 1998 1421; baseline 0.005 -22"><span class='ocrx_word' id='word_1_55' title='bbox 373 1342 502 1399; x_wconf 88' lang='lat' dir='ltr'>Cum</span> <span class='ocrx_word' id='word_1_56' title='bbox 537 1343 756 1400; x_wconf 91' lang='lat' dir='ltr'>solitum</span> <span class='ocrx_word' id='word_1_57' title='bbox 787 1361 964 1421; x_wconf 89' lang='lat' dir='ltr'>genus</span> <span class='ocrx_word' id='word_1_58' title='bbox 994 1345 1101 1401; x_wconf 90' lang='lat' dir='ltr'>hoc</span> <span class='ocrx_word' id='word_1_59' title='bbox 1149 1346 1458 1414; x_wconf 86' lang='lat' dir='ltr'>hominum,</span> <span class='ocrx_word' id='word_1_60' title='bbox 1495 1345 1718 1418; x_wconf 89' lang='lat' dir='ltr'>quidam</span> <span class='ocrx_word' id='word_1_61' title='bbox 1752 1364 1881 1405; x_wconf 89' lang='lat' dir='ltr'>ecce</span> <span class='ocrx_word' id='word_1_62' title='bbox 1910 1364 1998 1406; x_wconf 87' lang='lat' dir='ltr'>re-</span> 
     </span>
    </p>
   </div>
   <div class='ocr_carea' id='block_1_12' title="bbox 1792 1447 1925 1497">
    <p class='ocr_par' dir='ltr' id='par_1_12' title="bbox 1792 1447 1925 1497">
     <span class='ocr_line' id='line_1_12' title="bbox 1792 1447 1925 1497; baseline 0.015 -2"><span class='ocrx_word' id='word_1_63' title='bbox 1792 1447 1925 1497; x_wconf 88' lang='lat' dir='ltr'>enle</span> 
     </span>
    </p>
   </div>
   <div class='ocr_carea' id='block_1_13' title="bbox 369 1438 1787 1602">
    <p class='ocr_par' dir='ltr' id='par_1_13' title="bbox 369 1438 1787 1602">
     <span class='ocr_line' id='line_1_13' title="bbox 369 1438 1787 1602; baseline 0.007 -25"><span class='ocrx_word' id='word_1_64' title='bbox 369 1522 626 1579; x_wconf 83' lang='lat' dir='ltr'>Rusticus</span> <span class='ocrx_word' id='word_1_65' title='bbox 661 1523 927 1581; x_wconf 84' lang='lat' dir='ltr'>exclamat</span> <span class='ocrx_word' id='word_1_66' title='bbox 955 1524 1189 1580; x_wconf 90' lang='lat' dir='ltr'>turbans</span> <span class='ocrx_word' id='word_1_67' title='bbox 1220 1526 1276 1581; x_wconf 90' lang='lat' dir='ltr'>in</span> <span class='ocrx_word' id='word_1_68' title='bbox 1317 1543 1453 1599; x_wconf 83' lang='lat' dir='ltr'>pace</span> <span class='ocrx_word' id='word_1_69' title='bbox 1482 1528 1703 1602; x_wconf 90' lang='lat' dir='ltr'>quietos</span> <span class='ocrx_word' id='word_1_70' title='bbox 1733 1438 1787 1586; x_wconf 57' lang='lat' dir='ltr'>Ep</span> 
     </span>
    </p>
   </div>
   <div class='ocr_carea' id='block_1_14' title="bbox 372 1617 1672 1694">
    <p class='ocr_par' dir='ltr' id='par_1_14' title="bbox 372 1617 1672 1694">
     <span class='ocr_line' id='line_1_14' title="bbox 372 1617 1672 1694; baseline 0.005 -23"><span class='ocrx_word' id='word_1_71' title='bbox 372 1637 391 1665; x_wconf 74' lang='grc' dir='ltr'><em>α</em></span> <span class='ocrx_word' id='word_1_72' title='bbox 430 1617 575 1673; x_wconf 91' lang='lat' dir='ltr'>Solis</span> <span class='ocrx_word' id='word_1_73' title='bbox 601 1618 669 1672; x_wconf 88' lang='lat' dir='ltr'>ah</span> <span class='ocrx_word' id='word_1_74' title='bbox 699 1635 927 1694; x_wconf 79' lang='lat' dir='ltr'>egressu</span> <span class='ocrx_word' id='word_1_75' title='bbox 951 1634 1078 1686; x_wconf 87' lang='lat' dir='ltr'>vox,</span> <span class='ocrx_word' id='word_1_76' title='bbox 1111 1635 1213 1675; x_wconf 85' lang='lat' dir='ltr'>vox</span> <span class='ocrx_word' id='word_1_77' title='bbox 1254 1636 1285 1674; x_wconf 88' lang='lat' dir='ltr'>a</span> <span class='ocrx_word' id='word_1_78' title='bbox 1316 1621 1489 1677; x_wconf 90' lang='lat' dir='ltr'>limite</span> <span class='ocrx_word' id='word_1_79' title='bbox 1515 1622 1672 1691; x_wconf 85' lang='lat' dir='ltr'>solis,</span> 
     </span>
    </p>
   </div>
   <div class='ocr_carea' id='block_1_15' title="bbox 366 1705 1650 1779">
    <p class='ocr_par' dir='ltr' id='par_1_15' title="bbox 366 1705 1650 1779">
     <span class='ocr_line' id='line_1_15' title="bbox 366 1705 1650 1779; baseline 0.005 -19"><span class='ocrx_word' id='word_1_80' title='bbox 366 1705 477 1761; x_wconf 88' lang='lat' dir='ltr'>Vox</span> <span class='ocrx_word' id='word_1_81' title='bbox 499 1723 529 1761; x_wconf 89' lang='lat' dir='ltr'>a</span> <span class='ocrx_word' id='word_1_82' title='bbox 550 1706 865 1779; x_wconf 84' lang='lat' dir='ltr'>quadriﬁdo</span> <span class='ocrx_word' id='word_1_83' title='bbox 895 1715 1184 1764; x_wconf 84' lang='lat' dir='ltr'>ventorum</span> <span class='ocrx_word' id='word_1_84' title='bbox 1217 1709 1456 1765; x_wconf 86' lang='lat' dir='ltr'>turbinis</span> <span class='ocrx_word' id='word_1_85' title='bbox 1486 1720 1607 1766; x_wconf 88' lang='lat' dir='ltr'>ortu</span> <span class='ocrx_word' id='word_1_86' title='bbox 1638 1710 1650 1765; x_wconf 92' lang='lat' dir='ltr'>l</span> 
     </span>
    </p>
   </div>
   <div class='ocr_carea' id='block_1_16' title="bbox 364 1797 1826 1877">
    <p class='ocr_par' dir='ltr' id='par_1_16' title="bbox 364 1797 1826 1877">
     <span class='ocr_line' id='line_1_16' title="bbox 364 1797 1826 1877; baseline 0.006 -26"><span class='ocrx_word' id='word_1_87' title='bbox 364 1797 479 1852; x_wconf 86' lang='lat' dir='ltr'>Vox</span> <span class='ocrx_word' id='word_1_88' title='bbox 509 1815 677 1870; x_wconf 86' lang='lat' dir='ltr'>supra</span> <span class='ocrx_word' id='word_1_89' title='bbox 703 1800 1005 1870; x_wconf 75' lang='lat' dir='ltr'>Solymum,</span> <span class='ocrx_word' id='word_1_90' title='bbox 1028 1816 1139 1876; x_wconf 42' lang='lat' dir='ltr'>‘vox</span> <span class='ocrx_word' id='word_1_91' title='bbox 1157 1816 1327 1872; x_wconf 84' lang='lat' dir='ltr'>supra</span> <span class='ocrx_word' id='word_1_92' title='bbox 1356 1803 1563 1858; x_wconf 66' lang='lat' dir='ltr'>moenia</span> <span class='ocrx_word' id='word_1_93' title='bbox 1586 1805 1779 1877; x_wconf 88' lang='lat' dir='ltr'>templi</span> <span class='ocrx_word' id='word_1_94' title='bbox 1811 1824 1826 1871; x_wconf 87' lang='lat'><strong>;</strong></span> 
     </span>
    </p>
   </div>
   <div class='ocr_carea' id='block_1_17' title="bbox 1141 388 2961 449">
    <p class='ocr_par' dir='ltr' id='par_1_17' title="bbox 1141 388 2961 449">
     <span class='ocr_line' id='line_1_17' title="bbox 1141 388 2961 449; baseline -0.002 -1"><span class='ocrx_word' id='word_1_95' title='bbox 1141 392 1511 449; x_wconf 74' lang='lat' dir='ltr'>FLODOARDI</span> <span class='ocrx_word' id='word_1_96' title='bbox 1554 388 1860 447; x_wconf 85' lang='lat' dir='ltr'>CANONICI</span> <span class='ocrx_word' id='word_1_97' title='bbox 1900 389 2235 447; x_wconf 79' lang='lat' dir='ltr'>REMENSIS</span> <span class='ocrx_word' id='word_1_98' title='bbox 2278 388 2612 446; x_wconf 84' lang='lat' dir='ltr'>OPUSCULA</span> <span class='ocrx_word' id='word_1_99' title='bbox 2652 388 2961 446; x_wconf 76' lang='lat' dir='ltr'>METRICA.</span> 
     </span>
    </p>
   </div>
   <div class='ocr_carea' id='block_1_18' title="bbox 3618 394 3722 449">
    <p class='ocr_par' dir='ltr' id='par_1_18' title="bbox 3618 394 3722 449">
     <span class='ocr_line' id='line_1_18' title="bbox 3618 394 3722 449; baseline 0 0"><span class='ocrx_word' id='word_1_100' title='bbox 3618 394 3722 449; x_wconf 68' lang='lat'>512</span> 
     </span>
    </p>
   </div>
   <div class='ocr_carea' id='block_1_19' title="bbox 2006 520 3508 594">
    <p class='ocr_par' dir='ltr' id='par_1_19' title="bbox 2006 520 3508 594">
     <span class='ocr_line' id='line_1_19' title="bbox 2006 520 3508 594; baseline 0.002 -18"><span class='ocrx_word' id='word_1_101' title='bbox 2006 526 2061 594; x_wconf 88' lang='grc' dir='ltr'><strong>Α</strong></span> <span class='ocrx_word' id='word_1_102' title='bbox 2084 521 2345 577; x_wconf 82' lang='lat' dir='ltr'>Romanis</span> <span class='ocrx_word' id='word_1_103' title='bbox 2377 520 2655 594; x_wconf 89' lang='lat' dir='ltr'>siquidem</span> <span class='ocrx_word' id='word_1_104' title='bbox 2677 522 2870 577; x_wconf 89' lang='lat' dir='ltr'>turmis</span> <span class='ocrx_word' id='word_1_105' title='bbox 2890 521 3283 594; x_wconf 88' lang='lat' dir='ltr'>quassantibus</span> <span class='ocrx_word' id='word_1_106' title='bbox 3312 522 3508 579; x_wconf 89' lang='lat' dir='ltr'>urbem</span> 
     </span>
    </p>
   </div>
   <div class='ocr_carea' id='block_1_20' title="bbox 2095 614 3506 689">
    <p class='ocr_par' dir='ltr' id='par_1_20' title="bbox 2095 614 3506 689">
     <span class='ocr_line' id='line_1_20' title="bbox 2095 614 3506 689; baseline 0.003 -20"><span class='ocrx_word' id='word_1_107' title='bbox 2095 614 2217 669; x_wconf 79' lang='lat' dir='ltr'>Mon</span> <span class='ocrx_word' id='word_1_108' title='bbox 2258 614 2434 689; x_wconf 88' lang='lat' dir='ltr'>magis</span> <span class='ocrx_word' id='word_1_109' title='bbox 2456 614 2701 671; x_wconf 87' lang='lat' dir='ltr'>exterius</span> <span class='ocrx_word' id='word_1_110' title='bbox 2725 631 2890 687; x_wconf 90' lang='lat' dir='ltr'>quam</span> <span class='ocrx_word' id='word_1_111' title='bbox 2928 616 3331 687; x_wconf 78' lang='lat' dir='ltr'>grassatoribus</span> <span class='ocrx_word' id='word_1_112' title='bbox 3358 616 3506 673; x_wconf 90' lang='lat' dir='ltr'>intus</span> 
     </span>
    </p>
   </div>
   <div class='ocr_carea' id='block_1_21' title="bbox 2092 702 3522 776">
    <p class='ocr_par' dir='ltr' id='par_1_21' title="bbox 2092 702 3522 776">
     <span class='ocr_line' id='line_1_21' title="bbox 2092 702 3522 776; baseline 0.001 -17"><span class='ocrx_word' id='word_1_113' title='bbox 2092 704 2584 771; x_wconf 87' lang='lat' dir='ltr'>lnterimcbautur,</span> <span class='ocrx_word' id='word_1_114' title='bbox 2613 702 2819 776; x_wconf 87' lang='lat' dir='ltr'>quibus</span> <span class='ocrx_word' id='word_1_115' title='bbox 2848 704 2984 759; x_wconf 89' lang='lat' dir='ltr'>urbs</span> <span class='ocrx_word' id='word_1_116' title='bbox 3012 704 3236 760; x_wconf 88' lang='lat' dir='ltr'>addicta</span> <span class='ocrx_word' id='word_1_117' title='bbox 3254 704 3522 772; x_wconf 77' lang='lat' dir='ltr'>tabescit;</span> 
     </span>
    </p>
   </div>
   <div class='ocr_carea' id='block_1_22' title="bbox 2090 796 3649 872">
    <p class='ocr_par' dir='ltr' id='par_1_22' title="bbox 2090 796 3649 872">
     <span class='ocr_line' id='line_1_22' title="bbox 2090 796 3649 872; baseline 0.003 -21"><span class='ocrx_word' id='word_1_118' title='bbox 2090 796 2201 851; x_wconf 87' lang='lat' dir='ltr'>Nec</span> <span class='ocrx_word' id='word_1_119' title='bbox 2219 797 2478 853; x_wconf 89' lang='lat' dir='ltr'>manibus</span> <span class='ocrx_word' id='word_1_120' title='bbox 2510 796 2685 872; x_wconf 85' lang='lat' dir='ltr'>magis</span> <span class='ocrx_word' id='word_1_121' title='bbox 2713 797 2952 853; x_wconf 86' lang='lat' dir='ltr'>exterius</span> <span class='ocrx_word' id='word_1_122' title='bbox 2977 814 3142 869; x_wconf 89' lang='lat' dir='ltr'>quam</span> <span class='ocrx_word' id='word_1_123' title='bbox 3177 814 3370 870; x_wconf 90' lang='lat' dir='ltr'>pressa</span> <span class='ocrx_word' id='word_1_124' title='bbox 3392 815 3649 868; x_wconf 88' lang='lat' dir='ltr'>suorum,</span> 
     </span>
    </p>
   </div>
   <div class='ocr_carea' id='block_1_23' title="bbox 2089 888 3474 962">
    <p class='ocr_par' dir='ltr' id='par_1_23' title="bbox 2089 888 3474 962">
     <span class='ocr_line' id='line_1_23' title="bbox 2089 888 3474 962; baseline 0.002 -19"><span class='ocrx_word' id='word_1_125' title='bbox 2089 888 2190 953; x_wconf 88' lang='lat' dir='ltr'>Qui</span> <span class='ocrx_word' id='word_1_126' title='bbox 2219 889 2397 945; x_wconf 87' lang='lat' dir='ltr'>victus</span> <span class='ocrx_word' id='word_1_127' title='bbox 2417 904 2649 961; x_wconf 90' lang='lat' dir='ltr'>usquam</span> <span class='ocrx_word' id='word_1_128' title='bbox 2681 889 2728 944; x_wconf 93' lang='lat' dir='ltr'>si</span> <span class='ocrx_word' id='word_1_129' title='bbox 2754 889 2889 962; x_wconf 91' lang='lat' dir='ltr'>quid</span> <span class='ocrx_word' id='word_1_130' title='bbox 2921 890 3170 946; x_wconf 89' lang='lat' dir='ltr'>residere</span> <span class='ocrx_word' id='word_1_131' title='bbox 3195 899 3474 962; x_wconf 88' lang='lat' dir='ltr'>repertum</span> 
     </span>
    </p>
   </div>
   <div class='ocr_carea' id='block_1_24' title="bbox 2092 977 3529 1050">
    <p class='ocr_par' dir='ltr' id='par_1_24' title="bbox 2092 977 3529 1050">
     <span class='ocr_line' id='line_1_24' title="bbox 2092 977 3529 1050; baseline 0.002 -18"><span class='ocrx_word' id='word_1_132' title='bbox 2092 979 2371 1046; x_wconf 85' lang='lat' dir='ltr'>Actutum,</span> <span class='ocrx_word' id='word_1_133' title='bbox 2403 977 2623 1032; x_wconf 91' lang='lat' dir='ltr'>insidiis</span> <span class='ocrx_word' id='word_1_134' title='bbox 2653 987 2952 1049; x_wconf 85' lang='lat' dir='ltr'>properant</span> <span class='ocrx_word' id='word_1_135' title='bbox 2973 986 3193 1050; x_wconf 89' lang='lat' dir='ltr'>raptare</span> <span class='ocrx_word' id='word_1_136' title='bbox 3224 979 3307 1033; x_wconf 88' lang='lat' dir='ltr'>vel</span> <span class='ocrx_word' id='word_1_137' title='bbox 3341 980 3529 1035; x_wconf 89' lang='lat' dir='ltr'>armis.</span> 
     </span>
    </p>
   </div>
   <div class='ocr_carea' id='block_1_25' title="bbox 2093 1068 3535 1142">
    <p class='ocr_par' dir='ltr' id='par_1_25' title="bbox 2093 1068 3535 1142">
     <span class='ocr_line' id='line_1_25' title="bbox 2093 1068 3535 1142; baseline 0.001 -17"><span class='ocrx_word' id='word_1_138' title='bbox 2093 1070 2147 1125; x_wconf 92' lang='lat' dir='ltr'>Si</span> <span class='ocrx_word' id='word_1_139' title='bbox 2179 1069 2489 1142; x_wconf 87' lang='lat' dir='ltr'>quidquam</span> <span class='ocrx_word' id='word_1_140' title='bbox 2521 1069 2720 1141; x_wconf 89' lang='lat' dir='ltr'>reliqui</span> <span class='ocrx_word' id='word_1_141' title='bbox 2749 1068 3060 1141; x_wconf 91' lang='lat' dir='ltr'>loclupetes</span> <span class='ocrx_word' id='word_1_142' title='bbox 3094 1070 3234 1126; x_wconf 92' lang='lat' dir='ltr'>forte</span> <span class='ocrx_word' id='word_1_143' title='bbox 3259 1070 3535 1138; x_wconf 89' lang='lat' dir='ltr'>videntur,</span> 
     </span>
    </p>
   </div>
   <div class='ocr_carea' id='block_1_26' title="bbox 2099 1158 3549 1232">
    <p class='ocr_par' dir='ltr' id='par_1_26' title="bbox 2099 1158 3549 1232">
     <span class='ocr_line' id='line_1_26' title="bbox 2099 1158 3549 1232; baseline 0.001 -18"><span class='ocrx_word' id='word_1_144' title='bbox 2099 1158 2338 1214; x_wconf 89' lang='lat' dir='ltr'>Crimine</span> <span class='ocrx_word' id='word_1_145' title='bbox 2372 1158 2665 1232; x_wconf 83' lang='lat' dir='ltr'>transfugii</span> <span class='ocrx_word' id='word_1_146' title='bbox 2698 1159 2958 1227; x_wconf 89' lang='lat' dir='ltr'>conficto,</span> <span class='ocrx_word' id='word_1_147' title='bbox 2993 1166 3168 1215; x_wconf 89' lang='lat' dir='ltr'>morte</span> <span class='ocrx_word' id='word_1_148' title='bbox 3201 1169 3549 1232; x_wconf 90' lang='lat' dir='ltr'>premuntur,</span> 
     </span>
    </p>
   </div>
   <div class='ocr_carea' id='block_1_27' title="bbox 2102 1247 3496 1318">
    <p class='ocr_par' dir='ltr' id='par_1_27' title="bbox 2102 1247 3496 1318">
     <span class='ocr_line' id='line_1_27' title="bbox 2102 1247 3496 1318; baseline 0.001 -17"><span class='ocrx_word' id='word_1_149' title='bbox 2102 1247 2474 1318; x_wconf 87' lang='lat' dir='ltr'>increscitque</span> <span class='ocrx_word' id='word_1_150' title='bbox 2507 1247 2709 1303; x_wconf 85' lang='lat' dir='ltr'>malum</span> <span class='ocrx_word' id='word_1_151' title='bbox 2743 1247 2907 1302; x_wconf 92' lang='lat' dir='ltr'>simul</span> <span class='ocrx_word' id='word_1_152' title='bbox 2934 1265 2998 1303; x_wconf 89' lang='lat' dir='ltr'>ac</span> <span class='ocrx_word' id='word_1_153' title='bbox 3026 1248 3313 1304; x_wconf 89' lang='lat' dir='ltr'>temeraria</span> <span class='ocrx_word' id='word_1_154' title='bbox 3335 1248 3496 1304; x_wconf 87' lang='lat' dir='ltr'>turba</span> 
     </span>
    </p>
   </div>
   <div class='ocr_carea' id='block_1_28' title="bbox 2096 1339 3654 1413">
    <p class='ocr_par' dir='ltr' id='par_1_28' title="bbox 2096 1339 3654 1413">
     <span class='ocr_line' id='line_1_28' title="bbox 2096 1339 3654 1413; baseline 0 -18"><span class='ocrx_word' id='word_1_155' title='bbox 2096 1341 2524 1412; x_wconf 90' lang='lat' dir='ltr'>Scrutantesque</span> <span class='ocrx_word' id='word_1_156' title='bbox 2556 1339 2770 1407; x_wconf 92' lang='lat' dir='ltr'>domos,</span> <span class='ocrx_word' id='word_1_157' title='bbox 2804 1340 3131 1396; x_wconf 89' lang='lat' dir='ltr'>abscondita</span> <span class='ocrx_word' id='word_1_158' title='bbox 3161 1340 3304 1396; x_wconf 90' lang='lat' dir='ltr'>farra</span> <span class='ocrx_word' id='word_1_159' title='bbox 3331 1346 3654 1413; x_wconf 86' lang='lat' dir='ltr'>capessunt,</span> 
     </span>
    </p>
   </div>
   <div class='ocr_carea' id='block_1_29' title="bbox 2098 1432 3481 1505">
    <p class='ocr_par' dir='ltr' id='par_1_29' title="bbox 2098 1432 3481 1505">
     <span class='ocr_line' id='line_1_29' title="bbox 2098 1432 3481 1505; baseline -0.001 -16"><span class='ocrx_word' id='word_1_160' title='bbox 2098 1432 2477 1505; x_wconf 89' lang='lat' dir='ltr'>Custodesque</span> <span class='ocrx_word' id='word_1_161' title='bbox 2508 1439 2726 1499; x_wconf 90' lang='lat' dir='ltr'>necant,</span> <span class='ocrx_word' id='word_1_162' title='bbox 2760 1432 2920 1504; x_wconf 86' lang='lat' dir='ltr'>quasi</span> <span class='ocrx_word' id='word_1_163' title='bbox 2952 1433 3202 1504; x_wconf 89' lang='lat' dir='ltr'>reperire</span> <span class='ocrx_word' id='word_1_164' title='bbox 3231 1439 3481 1505; x_wconf 78' lang='lat' dir='ltr'>negatur.</span> 
     </span>
    </p>
   </div>
   <div class='ocr_carea' id='block_1_30' title="bbox 2098 1525 3655 1598">
    <p class='ocr_par' dir='ltr' id='par_1_30' title="bbox 2098 1525 3655 1598">
     <span class='ocr_line' id='line_1_30' title="bbox 2098 1525 3655 1598; baseline 0.001 -17"><span class='ocrx_word' id='word_1_165' title='bbox 2098 1527 2364 1581; x_wconf 78' lang='lat' dir='ltr'>lnventos</span> <span class='ocrx_word' id='word_1_166' title='bbox 2393 1534 2577 1580; x_wconf 88' lang='lat' dir='ltr'>tamen</span> <span class='ocrx_word' id='word_1_167' title='bbox 2611 1526 2927 1582; x_wconf 88' lang='lat' dir='ltr'>excruciant</span> <span class='ocrx_word' id='word_1_168' title='bbox 2965 1525 3125 1598; x_wconf 89' lang='lat' dir='ltr'>quasi</span> <span class='ocrx_word' id='word_1_169' title='bbox 3157 1526 3381 1583; x_wconf 90' lang='lat' dir='ltr'>condita</span> <span class='ocrx_word' id='word_1_170' title='bbox 3407 1531 3655 1594; x_wconf 83' lang='lat' dir='ltr'>servent,</span> 
     </span>
    </p>
   </div>
   <div class='ocr_carea' id='block_1_31' title="bbox 2100 1618 3547 1693">
    <p class='ocr_par' dir='ltr' id='par_1_31' title="bbox 2100 1618 3547 1693">
     <span class='ocr_line' id='line_1_31' title="bbox 2100 1618 3547 1693; baseline 0.001 -19"><span class='ocrx_word' id='word_1_171' title='bbox 2100 1619 2481 1693; x_wconf 86' lang='lat' dir='ltr'>indiciumque</span> <span class='ocrx_word' id='word_1_172' title='bbox 2522 1619 2632 1675; x_wconf 89' lang='lat' dir='ltr'>cibi</span> <span class='ocrx_word' id='word_1_173' title='bbox 2662 1619 2891 1690; x_wconf 90' lang='lat' dir='ltr'>capiunt</span> <span class='ocrx_word' id='word_1_174' title='bbox 2920 1618 3049 1692; x_wconf 88' lang='lat' dir='ltr'>quia</span> <span class='ocrx_word' id='word_1_175' title='bbox 3076 1618 3261 1675; x_wconf 82' lang='lat' dir='ltr'>vivere</span> <span class='ocrx_word' id='word_1_176' title='bbox 3288 1626 3547 1687; x_wconf 88' lang='lat' dir='ltr'>cernunt,</span> 
     </span>
    </p>
   </div>
   <div class='ocr_carea' id='block_1_32' title="bbox 2101 1711 3596 1784">
    <p class='ocr_par' dir='ltr' id='par_1_32' title="bbox 2101 1711 3596 1784">
     <span class='ocr_line' id='line_1_32' title="bbox 2101 1711 3596 1784; baseline -0.001 -17"><span class='ocrx_word' id='word_1_177' title='bbox 2101 1712 2270 1781; x_wconf 87' lang='lat' dir='ltr'>Quos,</span> <span class='ocrx_word' id='word_1_178' title='bbox 2301 1711 2566 1767; x_wconf 89' lang='lat' dir='ltr'>alimenta</span> <span class='ocrx_word' id='word_1_179' title='bbox 2587 1711 2692 1767; x_wconf 92' lang='lat' dir='ltr'>nisi</span> <span class='ocrx_word' id='word_1_180' title='bbox 2721 1719 2990 1784; x_wconf 86' lang='lat' dir='ltr'>legerent,</span> <span class='ocrx_word' id='word_1_181' title='bbox 3024 1712 3257 1782; x_wconf 90' lang='lat' dir='ltr'>periisse</span> <span class='ocrx_word' id='word_1_182' title='bbox 3279 1719 3596 1767; x_wconf 86' lang='lat' dir='ltr'>retractant.</span> 
     </span>
    </p>
   </div>
   <div class='ocr_carea' id='block_1_33' title="bbox 2101 1802 3469 1875">
    <p class='ocr_par' dir='ltr' id='par_1_33' title="bbox 2101 1802 3469 1875">
     <span class='ocr_line' id='line_1_33' title="bbox 2101 1802 3469 1875; baseline -0.003 -14"><span class='ocrx_word' id='word_1_183' title='bbox 2101 1805 2219 1861; x_wconf 83' lang='lat' dir='ltr'>Jam</span> <span class='ocrx_word' id='word_1_184' title='bbox 2250 1819 2500 1859; x_wconf 88' lang='lat' dir='ltr'>marcore</span> <span class='ocrx_word' id='word_1_185' title='bbox 2521 1802 2683 1858; x_wconf 88' lang='lat' dir='ltr'>famis</span> <span class='ocrx_word' id='word_1_186' title='bbox 2714 1818 2854 1875; x_wconf 91' lang='lat' dir='ltr'>quos</span> <span class='ocrx_word' id='word_1_187' title='bbox 2877 1803 3232 1859; x_wconf 85' lang='lat' dir='ltr'>extabescere</span> <span class='ocrx_word' id='word_1_188' title='bbox 3262 1802 3469 1868; x_wconf 89' lang='lat' dir='ltr'>visunt,</span> 
     </span>
    </p>
   </div>
   <div class='ocr_carea' id='block_1_34' title="bbox 365 1885 3389 1970">
    <p class='ocr_par' dir='ltr' id='par_1_34' title="bbox 365 1885 3389 1970">
     <span class='ocr_line' id='line_1_34' title="bbox 365 1885 3389 1970; baseline 0.003 -30"><span class='ocrx_word' id='word_1_189' title='bbox 365 1885 481 1941; x_wconf 85' lang='lat' dir='ltr'>Vox</span> <span class='ocrx_word' id='word_1_190' title='bbox 506 1902 672 1958; x_wconf 88' lang='lat' dir='ltr'>supra</span> <span class='ocrx_word' id='word_1_191' title='bbox 698 1903 1623 1962; x_wconf 76' lang='lat' dir='ltr'>sponsos,sponsasque,sup,erque</span> <span class='ocrx_word' id='word_1_192' title='bbox 1655 1893 1993 1964; x_wconf 79' lang='lat' dir='ltr'>popellum.»</span> <span class='ocrx_word' id='word_1_193' title='bbox 2025 1892 2076 1970; x_wconf 81' lang='grc' dir='ltr'>Β</span> <span class='ocrx_word' id='word_1_194' title='bbox 2098 1897 2373 1953; x_wconf 85' lang='lat' dir='ltr'>Temnunt</span> <span class='ocrx_word' id='word_1_195' title='bbox 2401 1895 2503 1950; x_wconf 91' lang='lat' dir='ltr'>hos</span> <span class='ocrx_word' id='word_1_196' title='bbox 2530 1894 2707 1950; x_wconf 90' lang='lat' dir='ltr'>nitido</span> <span class='ocrx_word' id='word_1_197' title='bbox 2736 1894 3011 1966; x_wconf 86' lang='lat' dir='ltr'>perituros</span> <span class='ocrx_word' id='word_1_198' title='bbox 3036 1911 3171 1950; x_wconf 91' lang='lat' dir='ltr'>ense</span> <span class='ocrx_word' id='word_1_199' title='bbox 3202 1894 3389 1950; x_wconf 88' lang='lat' dir='ltr'>ferire.</span> 
     </span>
    </p>
   </div>
   <div class='ocr_carea' id='block_1_35' title="bbox 364 1981 1741 2060">
    <p class='ocr_par' dir='ltr' id='par_1_35' title="bbox 364 1981 1741 2060">
     <span class='ocr_line' id='line_1_35' title="bbox 364 1981 1741 2060; baseline 0.005 -25"><span class='ocrx_word' id='word_1_200' title='bbox 364 1981 504 2036; x_wconf 80' lang='lat' dir='ltr'>Ante</span> <span class='ocrx_word' id='word_1_201' title='bbox 534 1998 741 2038; x_wconf 90' lang='lat' dir='ltr'>annum</span> <span class='ocrx_word' id='word_1_202' title='bbox 766 1982 897 2037; x_wconf 91' lang='lat' dir='ltr'>belli</span> <span class='ocrx_word' id='word_1_203' title='bbox 921 1992 1179 2056; x_wconf 89' lang='lat' dir='ltr'>quartum</span> <span class='ocrx_word' id='word_1_204' title='bbox 1207 1984 1302 2056; x_wconf 89' lang='lat' dir='ltr'>qui</span> <span class='ocrx_word' id='word_1_205' title='bbox 1331 1993 1495 2041; x_wconf 88' lang='lat' dir='ltr'>nocte</span> <span class='ocrx_word' id='word_1_206' title='bbox 1532 1986 1741 2060; x_wconf 81' lang='lat' dir='ltr'>dieque</span> 
     </span>
    </p>
   </div>
   <div class='ocr_carea' id='block_1_36' title="bbox 367 2068 1778 2147">
    <p class='ocr_par' dir='ltr' id='par_1_36' title="bbox 367 2068 1778 2147">
     <span class='ocr_line' id='line_1_36' title="bbox 367 2068 1778 2147; baseline 0.005 -23"><span class='ocrx_word' id='word_1_207' title='bbox 367 2068 607 2125; x_wconf 89' lang='lat' dir='ltr'>Sedulus</span> <span class='ocrx_word' id='word_1_208' title='bbox 634 2071 733 2126; x_wconf 89' lang='lat' dir='ltr'>has</span> <span class='ocrx_word' id='word_1_209' title='bbox 762 2087 957 2127; x_wconf 91' lang='lat' dir='ltr'>omnes</span> <span class='ocrx_word' id='word_1_210' title='bbox 973 2080 1227 2147; x_wconf 81' lang='lat' dir='ltr'>peragrat</span> <span class='ocrx_word' id='word_1_211' title='bbox 1251 2090 1375 2128; x_wconf 92' lang='lat' dir='ltr'>cum</span> <span class='ocrx_word' id='word_1_212' title='bbox 1397 2090 1533 2130; x_wconf 91' lang='lat' dir='ltr'>voce</span> <span class='ocrx_word' id='word_1_213' title='bbox 1547 2075 1778 2147; x_wconf 88' lang='lat' dir='ltr'>plateas,</span> 
     </span>
    </p>
   </div>
   <div class='ocr_carea' id='block_1_37' title="bbox 371 2159 1642 2238">
    <p class='ocr_par' dir='ltr' id='par_1_37' title="bbox 371 2159 1642 2238">
     <span class='ocr_line' id='line_1_37' title="bbox 371 2159 1642 2238; baseline 0.006 -23"><span class='ocrx_word' id='word_1_214' title='bbox 371 2159 564 2217; x_wconf 88' lang='lat' dir='ltr'>Omnia</span> <span class='ocrx_word' id='word_1_215' title='bbox 586 2162 847 2234; x_wconf 88' lang='lat' dir='ltr'>primates</span> <span class='ocrx_word' id='word_1_216' title='bbox 874 2163 1105 2238; x_wconf 80' lang='lat' dir='ltr'>indigne</span> <span class='ocrx_word' id='word_1_217' title='bbox 1141 2164 1379 2221; x_wconf 89' lang='lat' dir='ltr'>infausta</span> <span class='ocrx_word' id='word_1_218' title='bbox 1401 2166 1642 2222; x_wconf 87' lang='lat' dir='ltr'>ferentes</span> 
     </span>
    </p>
   </div>
   <div class='ocr_carea' id='block_1_38' title="bbox 370 2253 1735 2334">
    <p class='ocr_par' dir='ltr' id='par_1_38' title="bbox 370 2253 1735 2334">
     <span class='ocr_line' id='line_1_38' title="bbox 370 2253 1735 2334; baseline 0.006 -27"><span class='ocrx_word' id='word_1_219' title='bbox 370 2253 691 2326; x_wconf 90' lang='lat' dir='ltr'>Correptum</span> <span class='ocrx_word' id='word_1_220' title='bbox 726 2256 989 2324; x_wconf 87' lang='lat' dir='ltr'>juvenem</span> <span class='ocrx_word' id='word_1_221' title='bbox 1023 2254 1193 2312; x_wconf 90' lang='lat' dir='ltr'>multa</span> <span class='ocrx_word' id='word_1_222' title='bbox 1224 2257 1403 2313; x_wconf 82' lang='lat' dir='ltr'>vibice</span> <span class='ocrx_word' id='word_1_223' title='bbox 1434 2258 1735 2334; x_wconf 84' lang='lat' dir='ltr'>ﬂagellant,</span> 
     </span>
    </p>
   </div>
   <div class='ocr_carea' id='block_1_39' title="bbox 368 2345 1672 2418">
    <p class='ocr_par' dir='ltr' id='par_1_39' title="bbox 368 2345 1672 2418">
     <span class='ocr_line' id='line_1_39' title="bbox 368 2345 1672 2418; baseline 0.006 -19"><span class='ocrx_word' id='word_1_224' title='bbox 368 2345 467 2400; x_wconf 89' lang='lat' dir='ltr'>Ille</span> <span class='ocrx_word' id='word_1_225' title='bbox 495 2346 633 2401; x_wconf 86' lang='lat' dir='ltr'>nihil</span> <span class='ocrx_word' id='word_1_226' title='bbox 657 2362 756 2418; x_wconf 91' lang='lat' dir='ltr'>pro</span> <span class='ocrx_word' id='word_1_227' title='bbox 789 2364 849 2403; x_wconf 89' lang='lat' dir='ltr'>se</span> <span class='ocrx_word' id='word_1_228' title='bbox 881 2348 1143 2416; x_wconf 85' lang='lat' dir='ltr'>reddens,</span> <span class='ocrx_word' id='word_1_229' title='bbox 1174 2350 1275 2405; x_wconf 90' lang='lat' dir='ltr'>has</span> <span class='ocrx_word' id='word_1_230' title='bbox 1306 2350 1474 2406; x_wconf 90' lang='lat' dir='ltr'>edere</span> <span class='ocrx_word' id='word_1_231' title='bbox 1505 2366 1672 2407; x_wconf 92' lang='lat' dir='ltr'>voces</span> 
     </span>
    </p>
   </div>
   <div class='ocr_carea' id='block_1_40' title="bbox 367 2435 1782 2510">
    <p class='ocr_par' dir='ltr' id='par_1_40' title="bbox 367 2435 1782 2510">
     <span class='ocr_line' id='line_1_40' title="bbox 367 2435 1782 2510; baseline 0.004 -20"><span class='ocrx_word' id='word_1_232' title='bbox 367 2435 485 2490; x_wconf 88' lang='lat' dir='ltr'>Non</span> <span class='ocrx_word' id='word_1_233' title='bbox 516 2444 738 2505; x_wconf 88' lang='lat' dir='ltr'>cessat,</span> <span class='ocrx_word' id='word_1_234' title='bbox 779 2454 943 2510; x_wconf 85' lang='lat' dir='ltr'>quem</span> <span class='ocrx_word' id='word_1_235' title='bbox 976 2438 1208 2494; x_wconf 82' lang='lat' dir='ltr'>Romani</span> <span class='ocrx_word' id='word_1_236' title='bbox 1234 2440 1288 2494; x_wconf 90' lang='lat' dir='ltr'>vi</span> <span class='ocrx_word' id='word_1_237' title='bbox 1328 2440 1573 2495; x_wconf 90' lang='lat' dir='ltr'>numinis</span> <span class='ocrx_word' id='word_1_238' title='bbox 1601 2447 1782 2495; x_wconf 90' lang='lat' dir='ltr'>actum</span> 
     </span>
    </p>
   </div>
   <div class='ocr_carea' id='block_1_41' title="bbox 370 2529 1786 2608">
    <p class='ocr_par' dir='ltr' id='par_1_41' title="bbox 370 2529 1786 2608">
     <span class='ocr_line' id='line_1_41' title="bbox 370 2529 1786 2608; baseline 0.005 -24"><span class='ocrx_word' id='word_1_239' title='bbox 370 2529 691 2600; x_wconf 83' lang='lat' dir='ltr'>Cernentes,</span> <span class='ocrx_word' id='word_1_240' title='bbox 723 2532 991 2608; x_wconf 85' lang='lat' dir='ltr'>subigunt</span> <span class='ocrx_word' id='word_1_241' title='bbox 1017 2534 1235 2590; x_wconf 89' lang='lat' dir='ltr'>censori</span> <span class='ocrx_word' id='word_1_242' title='bbox 1264 2553 1276 2587; x_wconf 95' lang='lat'>:</span> <span class='ocrx_word' id='word_1_243' title='bbox 1309 2535 1532 2590; x_wconf 90' lang='lat' dir='ltr'>attritus</span> <span class='ocrx_word' id='word_1_244' title='bbox 1562 2534 1632 2590; x_wconf 90' lang='lat' dir='ltr'>ab</span> <span class='ocrx_word' id='word_1_245' title='bbox 1666 2534 1786 2606; x_wconf 91' lang='lat' dir='ltr'>ipso</span> 
     </span>
    </p>
   </div>
   <div class='ocr_carea' id='block_1_42' title="bbox 370 2620 1661 2697">
    <p class='ocr_par' dir='ltr' id='par_1_42' title="bbox 370 2620 1661 2697">
     <span class='ocr_line' id='line_1_42' title="bbox 370 2620 1661 2697; baseline 0.004 -25"><span class='ocrx_word' id='word_1_246' title='bbox 370 2620 613 2675; x_wconf 84' lang='lat' dir='ltr'>Verbere</span> <span class='ocrx_word' id='word_1_247' title='bbox 640 2621 876 2687; x_wconf 88' lang='lat' dir='ltr'>crudeli,</span> <span class='ocrx_word' id='word_1_248' title='bbox 898 2621 1088 2697; x_wconf 86' lang='lat' dir='ltr'>ﬂagris</span> <span class='ocrx_word' id='word_1_249' title='bbox 1120 2622 1366 2676; x_wconf 89' lang='lat' dir='ltr'>sulcatur</span> <span class='ocrx_word' id='word_1_250' title='bbox 1394 2621 1461 2675; x_wconf 92' lang='lat' dir='ltr'>ad</span> <span class='ocrx_word' id='word_1_251' title='bbox 1490 2636 1616 2677; x_wconf 92' lang='lat' dir='ltr'>ossa</span> <span class='ocrx_word' id='word_1_252' title='bbox 1646 2639 1661 2689; x_wconf 88' lang='lat'><strong>;</strong></span> 
     </span>
    </p>
   </div>
   <div class='ocr_carea' id='block_1_43' title="bbox 373 2710 1846 2785">
    <p class='ocr_par' dir='ltr' id='par_1_43' title="bbox 373 2710 1846 2785">
     <span class='ocr_line' id='line_1_43' title="bbox 373 2710 1846 2785; baseline 0.001 -22"><span class='ocrx_word' id='word_1_253' title='bbox 373 2710 483 2766; x_wconf 89' lang='lat' dir='ltr'>Nec</span> <span class='ocrx_word' id='word_1_254' title='bbox 504 2711 775 2782; x_wconf 85' lang='lat' dir='ltr'>lacrymas</span> <span class='ocrx_word' id='word_1_255' title='bbox 804 2710 946 2766; x_wconf 85' lang='lat' dir='ltr'>fudit</span> <span class='ocrx_word' id='word_1_256' title='bbox 968 2711 1337 2782; x_wconf 89' lang='lat' dir='ltr'>precibusque</span> <span class='ocrx_word' id='word_1_257' title='bbox 1357 2727 1559 2765; x_wconf 88' lang='lat' dir='ltr'>serena</span> <span class='ocrx_word' id='word_1_258' title='bbox 1585 2710 1799 2785; x_wconf 86' lang='lat' dir='ltr'>rogavit</span> <span class='ocrx_word' id='word_1_259' title='bbox 1831 2726 1846 2776; x_wconf 86' lang='lat'><strong>;</strong></span> 
     </span>
    </p>
   </div>
   <div class='ocr_carea' id='block_1_44' title="bbox 374 2797 1836 2871">
    <p class='ocr_par' dir='ltr' id='par_1_44' title="bbox 374 2797 1836 2871">
     <span class='ocr_line' id='line_1_44' title="bbox 374 2797 1836 2871; baseline 0.001 -18"><span class='ocrx_word' id='word_1_260' title='bbox 374 2799 517 2863; x_wconf 80' lang='lat' dir='ltr'>Quin</span> <span class='ocrx_word' id='word_1_261' title='bbox 545 2815 710 2854; x_wconf 89' lang='lat' dir='ltr'>voces</span> <span class='ocrx_word' id='word_1_262' title='bbox 745 2799 895 2870; x_wconf 87' lang='lat' dir='ltr'>ipsas</span> <span class='ocrx_word' id='word_1_263' title='bbox 922 2797 1270 2871; x_wconf 26' lang='lat' dir='ltr'>per‘singula</span> <span class='ocrx_word' id='word_1_264' title='bbox 1290 2798 1520 2854; x_wconf 90' lang='lat' dir='ltr'>verbera</span> <span class='ocrx_word' id='word_1_265' title='bbox 1550 2815 1836 2870; x_wconf 90' lang='lat' dir='ltr'>promens,</span> 
     </span>
    </p>
   </div>
   <div class='ocr_carea' id='block_1_45' title="bbox 374 2888 1928 2967">
    <p class='ocr_par' dir='ltr' id='par_1_45' title="bbox 374 2888 1928 2967">
     <span class='ocr_line' id='line_1_45' title="bbox 374 2888 1928 2967; baseline 0.003 -24"><span class='ocrx_word' id='word_1_266' title='bbox 374 2890 637 2965; x_wconf 76' lang='lat' dir='ltr'>Adjungit</span> <span class='ocrx_word' id='word_1_267' title='bbox 669 2907 682 2944; x_wconf 92' lang='lat'><strong>:</strong></span> <span class='ocrx_word' id='word_1_268' title='bbox 711 2914 736 2938; x_wconf 76' lang='grc' dir='ltr'>ιι</span> <span class='ocrx_word' id='word_1_269' title='bbox 773 2891 859 2945; x_wconf 60' lang='lat' dir='ltr'>Vae</span> <span class='ocrx_word' id='word_1_270' title='bbox 894 2889 908 2944; x_wconf 86' lang='lat' dir='ltr'>l</span> <span class='ocrx_word' id='word_1_271' title='bbox 937 2906 1017 2945; x_wconf 63' lang='lat' dir='ltr'>vae</span> <span class='ocrx_word' id='word_1_272' title='bbox 1049 2888 1319 2962; x_wconf 84' lang='lat' dir='ltr'>Solymae!</span> <span class='ocrx_word' id='word_1_273' title='bbox 1348 2917 1367 2939; x_wconf 77' lang='grc' dir='ltr'><strong>υ</strong></span> <span class='ocrx_word' id='word_1_274' title='bbox 1390 2892 1656 2967; x_wconf 84' lang='lat' dir='ltr'>plangore</span> <span class='ocrx_word' id='word_1_275' title='bbox 1687 2891 1928 2948; x_wconf 89' lang='lat' dir='ltr'>misello.</span> 
     </span>
    </p>
   </div>
   <div class='ocr_carea' id='block_1_46' title="bbox 378 2979 1698 3051">
    <p class='ocr_par' dir='ltr' id='par_1_46' title="bbox 378 2979 1698 3051">
     <span class='ocr_line' id='line_1_46' title="bbox 378 2979 1698 3051; baseline 0.004 -17"><span class='ocrx_word' id='word_1_276' title='bbox 378 2981 530 3036; x_wconf 85' lang='lat' dir='ltr'>Hunc</span> <span class='ocrx_word' id='word_1_277' title='bbox 569 2979 771 3036; x_wconf 86' lang='lat' dir='ltr'>virtute</span> <span class='ocrx_word' id='word_1_278' title='bbox 792 2997 892 3036; x_wconf 90' lang='lat' dir='ltr'>sua</span> <span class='ocrx_word' id='word_1_279' title='bbox 923 2981 1147 3036; x_wconf 90' lang='lat' dir='ltr'>mittens</span> <span class='ocrx_word' id='word_1_280' title='bbox 1177 2998 1391 3051; x_wconf 90' lang='lat' dir='ltr'>curare,</span> <span class='ocrx_word' id='word_1_281' title='bbox 1425 2982 1698 3039; x_wconf 89' lang='lat' dir='ltr'>furentem</span> 
     </span>
    </p>
   </div>
   <div class='ocr_carea' id='block_1_47' title="bbox 373 3072 1676 3145">
    <p class='ocr_par' dir='ltr' id='par_1_47' title="bbox 373 3072 1676 3145">
     <span class='ocr_line' id='line_1_47' title="bbox 373 3072 1676 3145; baseline 0.002 -19"><span class='ocrx_word' id='word_1_282' title='bbox 373 3072 529 3128; x_wconf 82' lang='lat' dir='ltr'>[licet</span> <span class='ocrx_word' id='word_1_283' title='bbox 559 3072 873 3144; x_wconf 87' lang='lat' dir='ltr'>insequitur</span> <span class='ocrx_word' id='word_1_284' title='bbox 902 3073 1094 3145; x_wconf 87' lang='lat' dir='ltr'>plebes</span> <span class='ocrx_word' id='word_1_285' title='bbox 1122 3074 1391 3130; x_wconf 85' lang='lat' dir='ltr'>scelerata</span> <span class='ocrx_word' id='word_1_286' title='bbox 1420 3074 1676 3131; x_wconf 91' lang='lat' dir='ltr'>furendo.</span> 
     </span>
    </p>
   </div>
   <div class='ocr_carea' id='block_1_48' title="bbox 373 3164 1654 3238">
    <p class='ocr_par' dir='ltr' id='par_1_48' title="bbox 373 3164 1654 3238">
     <span class='ocr_line' id='line_1_48' title="bbox 373 3164 1654 3238; baseline 0.003 -20"><span class='ocrx_word' id='word_1_287' title='bbox 373 3164 629 3236; x_wconf 83' lang='lat' dir='ltr'>Appliciti</span> <span class='ocrx_word' id='word_1_288' title='bbox 659 3166 828 3221; x_wconf 89' lang='lat' dir='ltr'>sacris</span> <span class='ocrx_word' id='word_1_289' title='bbox 858 3166 1084 3238; x_wconf 88' lang='lat' dir='ltr'>capiunt</span> <span class='ocrx_word' id='word_1_290' title='bbox 1111 3182 1237 3220; x_wconf 91' lang='lat' dir='ltr'>nam</span> <span class='ocrx_word' id='word_1_291' title='bbox 1262 3166 1467 3222; x_wconf 90' lang='lat' dir='ltr'>famina</span> <span class='ocrx_word' id='word_1_292' title='bbox 1496 3167 1654 3223; x_wconf 90' lang='lat' dir='ltr'>libris</span> 
     </span>
    </p>
   </div>
   <div class='ocr_carea' id='block_1_49' title="bbox 375 3255 1631 3331">
    <p class='ocr_par' dir='ltr' id='par_1_49' title="bbox 375 3255 1631 3331">
     <span class='ocr_line' id='line_1_49' title="bbox 375 3255 1631 3331; baseline 0.006 -22"><span class='ocrx_word' id='word_1_293' title='bbox 375 3255 561 3311; x_wconf 92' lang='lat' dir='ltr'>Ortum</span> <span class='ocrx_word' id='word_1_294' title='bbox 591 3264 758 3331; x_wconf 87' lang='lat' dir='ltr'>gente</span> <span class='ocrx_word' id='word_1_295' title='bbox 788 3273 911 3325; x_wconf 88' lang='lat' dir='ltr'>sua,</span> <span class='ocrx_word' id='word_1_296' title='bbox 945 3274 1040 3312; x_wconf 88' lang='lat' dir='ltr'>rex</span> <span class='ocrx_word' id='word_1_297' title='bbox 1070 3257 1165 3330; x_wconf 89' lang='lat' dir='ltr'>qui</span> <span class='ocrx_word' id='word_1_298' title='bbox 1194 3257 1433 3330; x_wconf 89' lang='lat' dir='ltr'>imperet</span> <span class='ocrx_word' id='word_1_299' title='bbox 1457 3259 1581 3315; x_wconf 89' lang='lat' dir='ltr'>orbi</span> <span class='ocrx_word' id='word_1_300' title='bbox 1615 3278 1631 3326; x_wconf 86' lang='lat'><strong>;</strong></span> 
     </span>
    </p>
   </div>
   <div class='ocr_carea' id='block_1_50' title="bbox 378 3348 1931 3423">
    <p class='ocr_par' dir='ltr' id='par_1_50' title="bbox 378 3348 1931 3423">
     <span class='ocr_line' id='line_1_50' title="bbox 378 3348 1931 3423; baseline 0.004 -20"><span class='ocrx_word' id='word_1_301' title='bbox 378 3348 534 3413; x_wconf 89' lang='lat' dir='ltr'>Quod</span> <span class='ocrx_word' id='word_1_302' title='bbox 563 3348 694 3403; x_wconf 91' lang='lat' dir='ltr'>dum</span> <span class='ocrx_word' id='word_1_303' title='bbox 727 3349 1041 3421; x_wconf 91' lang='lat' dir='ltr'>despiciunt</span> <span class='ocrx_word' id='word_1_304' title='bbox 1078 3366 1405 3407; x_wconf 87' lang='lat' dir='ltr'>concessum</span> <span class='ocrx_word' id='word_1_305' title='bbox 1436 3352 1664 3408; x_wconf 91' lang='lat' dir='ltr'>credere</span> <span class='ocrx_word' id='word_1_306' title='bbox 1694 3352 1931 3423; x_wconf 86' lang='lat' dir='ltr'>Christo,</span> 
     </span>
    </p>
   </div>
   <div class='ocr_carea' id='block_1_51' title="bbox 378 3439 1793 3521">
    <p class='ocr_par' dir='ltr' id='par_1_51' title="bbox 378 3439 1793 3521">
     <span class='ocr_line' id='line_1_51' title="bbox 378 3439 1793 3521; baseline 0.006 -28"><span class='ocrx_word' id='word_1_307' title='bbox 378 3440 563 3512; x_wconf 86' lang='lat' dir='ltr'>Sequo</span> <span class='ocrx_word' id='word_1_308' title='bbox 590 3439 784 3516; x_wconf 89' lang='lat' dir='ltr'>legunt</span> <span class='ocrx_word' id='word_1_309' title='bbox 812 3441 931 3496; x_wconf 83' lang='lat' dir='ltr'>fieri</span> <span class='ocrx_word' id='word_1_310' title='bbox 963 3450 1219 3499; x_wconf 76' lang='lat' dir='ltr'>auctores</span> <span class='ocrx_word' id='word_1_311' title='bbox 1240 3452 1349 3500; x_wconf 90' lang='lat' dir='ltr'>tam</span> <span class='ocrx_word' id='word_1_312' title='bbox 1375 3446 1645 3521; x_wconf 89' lang='lat' dir='ltr'>rcgminis</span> <span class='ocrx_word' id='word_1_313' title='bbox 1674 3446 1793 3514; x_wconf 87' lang='lat' dir='ltr'>alti,</span> 
     </span>
    </p>
   </div>
   <div class='ocr_carea' id='block_1_52' title="bbox 377 3531 1760 3609">
    <p class='ocr_par' dir='ltr' id='par_1_52' title="bbox 377 3531 1760 3609">
     <span class='ocr_line' id='line_1_52' title="bbox 377 3531 1760 3609; baseline 0.008 -23"><span class='ocrx_word' id='word_1_314' title='bbox 377 3531 534 3587; x_wconf 91' lang='lat' dir='ltr'>Unde</span> <span class='ocrx_word' id='word_1_315' title='bbox 561 3534 902 3590; x_wconf 86' lang='lat' dir='ltr'>vocabantur</span> <span class='ocrx_word' id='word_1_316' title='bbox 930 3552 1114 3591; x_wconf 87' lang='lat' dir='ltr'>veram</span> <span class='ocrx_word' id='word_1_317' title='bbox 1141 3539 1541 3609; x_wconf 88' lang='lat' dir='ltr'>comprendere</span> <span class='ocrx_word' id='word_1_318' title='bbox 1571 3541 1760 3608; x_wconf 87' lang='lat' dir='ltr'>vitam,</span> 
     </span>
    </p>
   </div>
   <div class='ocr_carea' id='block_1_53' title="bbox 379 3622 1763 3701">
    <p class='ocr_par' dir='ltr' id='par_1_53' title="bbox 379 3622 1763 3701">
     <span class='ocr_line' id='line_1_53' title="bbox 379 3622 1763 3701; baseline 0.009 -26"><span class='ocrx_word' id='word_1_319' title='bbox 379 3622 501 3677; x_wconf 90' lang='lat' dir='ltr'>lrde</span> <span class='ocrx_word' id='word_1_320' title='bbox 533 3629 701 3677; x_wconf 90' lang='lat' dir='ltr'>ruunt</span> <span class='ocrx_word' id='word_1_321' title='bbox 740 3623 1038 3698; x_wconf 73' lang='lat' dir='ltr'>dignasque</span> <span class='ocrx_word' id='word_1_322' title='bbox 1068 3634 1265 3697; x_wconf 91' lang='lat' dir='ltr'>petunt</span> <span class='ocrx_word' id='word_1_323' title='bbox 1291 3627 1524 3701; x_wconf 88' lang='lat' dir='ltr'>vestigia</span> <span class='ocrx_word' id='word_1_324' title='bbox 1549 3630 1763 3687; x_wconf 91' lang='lat' dir='ltr'>mortis.</span> 
     </span>
    </p>
   </div>
   <div class='ocr_carea' id='block_1_54' title="bbox 378 3711 1679 3786">
    <p class='ocr_par' dir='ltr' id='par_1_54' title="bbox 378 3711 1679 3786">
     <span class='ocr_line' id='line_1_54' title="bbox 378 3711 1679 3786; baseline 0.007 -21"><span class='ocrx_word' id='word_1_325' title='bbox 378 3715 453 3767; x_wconf 81' lang='lat' dir='ltr'>Ac</span> <span class='ocrx_word' id='word_1_326' title='bbox 474 3711 732 3768; x_wconf 91' lang='lat' dir='ltr'>dominos</span> <span class='ocrx_word' id='word_1_327' title='bbox 759 3721 949 3769; x_wconf 90' lang='lat' dir='ltr'>contra</span> <span class='ocrx_word' id='word_1_328' title='bbox 978 3731 1211 3786; x_wconf 88' lang='lat' dir='ltr'>quorum</span> <span class='ocrx_word' id='word_1_329' title='bbox 1242 3717 1551 3772; x_wconf 89' lang='lat' dir='ltr'>munimine</span> <span class='ocrx_word' id='word_1_330' title='bbox 1579 3719 1679 3774; x_wconf 91' lang='lat' dir='ltr'>tuti</span> 
     </span>
    </p>
   </div>
   <div class='ocr_carea' id='block_1_55' title="bbox 376 3801 1655 3878">
    <p class='ocr_par' dir='ltr' id='par_1_55' title="bbox 376 3801 1655 3878">
     <span class='ocr_line' id='line_1_55' title="bbox 376 3801 1655 3878; baseline 0.005 -23"><span class='ocrx_word' id='word_1_331' title='bbox 376 3801 507 3856; x_wconf 88' lang='lat' dir='ltr'>Esse</span> <span class='ocrx_word' id='word_1_332' title='bbox 535 3801 869 3858; x_wconf 88' lang='lat' dir='ltr'>videbantur</span> <span class='ocrx_word' id='word_1_333' title='bbox 898 3802 1054 3859; x_wconf 88' lang='lat' dir='ltr'>furiis</span> <span class='ocrx_word' id='word_1_334' title='bbox 1084 3814 1360 3878; x_wconf 89' lang='lat' dir='ltr'>coguntur</span> <span class='ocrx_word' id='word_1_335' title='bbox 1384 3806 1439 3861; x_wconf 90' lang='lat' dir='ltr'>in</span> <span class='ocrx_word' id='word_1_336' title='bbox 1471 3822 1655 3875; x_wconf 90' lang='lat' dir='ltr'>enses,</span> 
     </span>
    </p>
   </div>
   <div class='ocr_carea' id='block_1_56' title="bbox 381 3896 2008 3977">
    <p class='ocr_par' dir='ltr' id='par_1_56' title="bbox 381 3896 2008 3977">
     <span class='ocr_line' id='line_1_56' title="bbox 381 3896 2008 3977; baseline 0.007 -27"><span class='ocrx_word' id='word_1_337' title='bbox 381 3896 442 3950; x_wconf 89' lang='lat' dir='ltr'>Et</span> <span class='ocrx_word' id='word_1_338' title='bbox 489 3896 586 3968; x_wconf 90' lang='lat' dir='ltr'>qui</span> <span class='ocrx_word' id='word_1_339' title='bbox 640 3897 918 3954; x_wconf 75' lang='lat' dir='ltr'>caelestem</span> <span class='ocrx_word' id='word_1_340' title='bbox 974 3899 1266 3955; x_wconf 91' lang='lat' dir='ltr'>Dominum</span> <span class='ocrx_word' id='word_1_341' title='bbox 1300 3900 1662 3977; x_wconf 89' lang='lat' dir='ltr'>impugnasse</span> <span class='ocrx_word' id='word_1_342' title='bbox 1701 3903 2008 3974; x_wconf 89' lang='lat' dir='ltr'>probantur</span> 
     </span>
    </p>
   </div>
   <div class='ocr_carea' id='block_1_57' title="bbox 379 3988 1833 4071">
    <p class='ocr_par' dir='ltr' id='par_1_57' title="bbox 379 3988 1833 4071">
     <span class='ocr_line' id='line_1_57' title="bbox 379 3988 1833 4071; baseline 0.007 -28"><span class='ocrx_word' id='word_1_343' title='bbox 379 3988 710 4065; x_wconf 85' lang='lat' dir='ltr'>Terrigenas</span> <span class='ocrx_word' id='word_1_344' title='bbox 736 3991 992 4049; x_wconf 92' lang='lat' dir='ltr'>dominos</span> <span class='ocrx_word' id='word_1_345' title='bbox 1023 3994 1187 4050; x_wconf 92' lang='lat' dir='ltr'>simul</span> <span class='ocrx_word' id='word_1_346' title='bbox 1212 4011 1531 4071; x_wconf 86' lang='lat' dir='ltr'>expugnare</span> <span class='ocrx_word' id='word_1_347' title='bbox 1563 3997 1833 4054; x_wconf 88' lang='lat' dir='ltr'>laborant.</span> 
     </span>
    </p>
   </div>
   <div class='ocr_carea' id='block_1_58' title="bbox 380 4077 1807 4157">
    <p class='ocr_par' dir='ltr' id='par_1_58' title="bbox 380 4077 1807 4157">
     <span class='ocr_line' id='line_1_58' title="bbox 380 4077 1807 4157; baseline 0.007 -25"><span class='ocrx_word' id='word_1_348' title='bbox 380 4077 537 4134; x_wconf 90' lang='lat' dir='ltr'>Unde</span> <span class='ocrx_word' id='word_1_349' title='bbox 566 4079 745 4137; x_wconf 89' lang='lat' dir='ltr'>modis</span> <span class='ocrx_word' id='word_1_350' title='bbox 774 4081 957 4149; x_wconf 89' lang='lat' dir='ltr'>variis,</span> <span class='ocrx_word' id='word_1_351' title='bbox 989 4083 1243 4155; x_wconf 67' lang='lat' dir='ltr'>caeloque</span> <span class='ocrx_word' id='word_1_352' title='bbox 1268 4084 1500 4157; x_wconf 89' lang='lat' dir='ltr'>soloque</span> <span class='ocrx_word' id='word_1_353' title='bbox 1522 4094 1807 4156; x_wconf 89' lang='lat' dir='ltr'>petuntur,</span> 
     </span>
    </p>
   </div>
   <div class='ocr_carea' id='block_1_59' title="bbox 382 4167 1747 4245">
    <p class='ocr_par' dir='ltr' id='par_1_59' title="bbox 382 4167 1747 4245">
     <span class='ocr_line' id='line_1_59' title="bbox 382 4167 1747 4245; baseline 0.005 -22"><span class='ocrx_word' id='word_1_354' title='bbox 382 4167 487 4223; x_wconf 89' lang='lat' dir='ltr'>Sed</span> <span class='ocrx_word' id='word_1_355' title='bbox 518 4168 692 4243; x_wconf 86' lang='lat' dir='ltr'>signis</span> <span class='ocrx_word' id='word_1_356' title='bbox 715 4169 869 4242; x_wconf 88' lang='lat' dir='ltr'>prius</span> <span class='ocrx_word' id='word_1_357' title='bbox 900 4172 1143 4227; x_wconf 89' lang='lat' dir='ltr'>ostensis</span> <span class='ocrx_word' id='word_1_358' title='bbox 1174 4172 1301 4244; x_wconf 91' lang='lat' dir='ltr'>quis</span> <span class='ocrx_word' id='word_1_359' title='bbox 1322 4189 1487 4229; x_wconf 90' lang='lat' dir='ltr'>saxea</span> <span class='ocrx_word' id='word_1_360' title='bbox 1516 4184 1747 4245; x_wconf 90' lang='lat' dir='ltr'>possent</span> 
     </span>
    </p>
   </div>
   <div class='ocr_carea' id='block_1_60' title="bbox 385 4261 1716 4339">
    <p class='ocr_par' dir='ltr' id='par_1_60' title="bbox 385 4261 1716 4339">
     <span class='ocr_line' id='line_1_60' title="bbox 385 4261 1716 4339; baseline 0.006 -24"><span class='ocrx_word' id='word_1_361' title='bbox 385 4261 642 4333; x_wconf 91' lang='lat' dir='ltr'>Deposito</span> <span class='ocrx_word' id='word_1_362' title='bbox 676 4262 900 4318; x_wconf 89' lang='lat' dir='ltr'>tandem</span> <span class='ocrx_word' id='word_1_363' title='bbox 932 4264 1257 4320; x_wconf 88' lang='lat' dir='ltr'>mollescere</span> <span class='ocrx_word' id='word_1_364' title='bbox 1287 4265 1455 4321; x_wconf 91' lang='lat' dir='ltr'>corda</span> <span class='ocrx_word' id='word_1_365' title='bbox 1486 4266 1667 4339; x_wconf 85' lang='lat' dir='ltr'>rigore</span> <span class='ocrx_word' id='word_1_366' title='bbox 1703 4286 1716 4322; x_wconf 86' lang='lat'>:</span> 
     </span>
    </p>
   </div>
   <div class='ocr_carea' id='block_1_61' title="bbox 384 4352 1695 4429">
    <p class='ocr_par' dir='ltr' id='par_1_61' title="bbox 384 4352 1695 4429">
     <span class='ocr_line' id='line_1_61' title="bbox 384 4352 1695 4429; baseline 0.007 -24"><span class='ocrx_word' id='word_1_367' title='bbox 384 4352 580 4408; x_wconf 89' lang='lat' dir='ltr'>Durior</span> <span class='ocrx_word' id='word_1_368' title='bbox 617 4363 671 4408; x_wconf 88' lang='lat' dir='ltr'>at</span> <span class='ocrx_word' id='word_1_369' title='bbox 690 4354 835 4409; x_wconf 85' lang='lat' dir='ltr'>saxis</span> <span class='ocrx_word' id='word_1_370' title='bbox 860 4370 1098 4428; x_wconf 87' lang='lat' dir='ltr'>prepere</span> <span class='ocrx_word' id='word_1_371' title='bbox 1122 4356 1390 4412; x_wconf 90' lang='lat' dir='ltr'>tradenda</span> <span class='ocrx_word' id='word_1_372' title='bbox 1420 4359 1695 4429; x_wconf 89' lang='lat' dir='ltr'>supremis</span> 
     </span>
    </p>
   </div>
   <div class='ocr_carea' id='block_1_62' title="bbox 384 4443 1737 4506">
    <p class='ocr_par' dir='ltr' id='par_1_62' title="bbox 384 4443 1737 4506">
     <span class='ocr_line' id='line_1_62' title="bbox 384 4443 1737 4506; baseline 0.004 -9"><span class='ocrx_word' id='word_1_373' title='bbox 384 4443 696 4500; x_wconf 87' lang='lat' dir='ltr'>incorrecta</span> <span class='ocrx_word' id='word_1_374' title='bbox 726 4446 889 4502; x_wconf 91' lang='lat' dir='ltr'>molis</span> <span class='ocrx_word' id='word_1_375' title='bbox 915 4447 1157 4504; x_wconf 92' lang='lat' dir='ltr'>dirorum</span> <span class='ocrx_word' id='word_1_376' title='bbox 1184 4465 1342 4504; x_wconf 88' lang='lat' dir='ltr'>mens</span> <span class='ocrx_word' id='word_1_377' title='bbox 1373 4448 1737 4506; x_wconf 89' lang='lat' dir='ltr'>fera-mansit.</span> 
     </span>
    </p>
   </div>
   <div class='ocr_carea' id='block_1_63' title="bbox 385 4534 1936 4615">
    <p class='ocr_par' dir='ltr' id='par_1_63' title="bbox 385 4534 1936 4615">
     <span class='ocr_line' id='line_1_63' title="bbox 385 4534 1936 4615; baseline 0.007 -27"><span class='ocrx_word' id='word_1_378' title='bbox 385 4534 579 4591; x_wconf 87' lang='lat' dir='ltr'>Christi</span> <span class='ocrx_word' id='word_1_379' title='bbox 611 4545 793 4593; x_wconf 88' lang='lat' dir='ltr'>autem</span> <span class='ocrx_word' id='word_1_380' title='bbox 823 4538 1013 4595; x_wconf 88' lang='lat' dir='ltr'>famuli</span> <span class='ocrx_word' id='word_1_381' title='bbox 1036 4540 1272 4612; x_wconf 68' lang='lat' dir='ltr'>Solyma:</span> <span class='ocrx_word' id='word_1_382' title='bbox 1291 4541 1385 4614; x_wconf 91' lang='lat' dir='ltr'>qui</span> <span class='ocrx_word' id='word_1_383' title='bbox 1418 4548 1639 4614; x_wconf 86' lang='lat' dir='ltr'>tempus</span> <span class='ocrx_word' id='word_1_384' title='bbox 1665 4543 1721 4598; x_wconf 91' lang='lat' dir='ltr'>in</span> <span class='ocrx_word' id='word_1_385' title='bbox 1754 4542 1936 4615; x_wconf 89' lang='lat' dir='ltr'>ipsum</span> 
     </span>
    </p>
   </div>
   <div class='ocr_carea' id='block_1_64' title="bbox 388 4624 1938 4704">
    <p class='ocr_par' dir='ltr' id='par_1_64' title="bbox 388 4624 1938 4704">
     <span class='ocr_line' id='line_1_64' title="bbox 388 4624 1938 4704; baseline 0.006 -26"><span class='ocrx_word' id='word_1_386' title='bbox 388 4624 759 4683; x_wconf 75' lang='lat' dir='ltr'>Restituerant</span> <span class='ocrx_word' id='word_1_387' title='bbox 788 4629 1005 4692; x_wconf 92' lang='lat' dir='ltr'>moniti,</span> <span class='ocrx_word' id='word_1_388' title='bbox 1039 4645 1071 4684; x_wconf 91' lang='lat' dir='ltr'>a</span> <span class='ocrx_word' id='word_1_389' title='bbox 1099 4630 1330 4686; x_wconf 89' lang='lat' dir='ltr'>Domino</span> <span class='ocrx_word' id='word_1_390' title='bbox 1362 4645 1627 4701; x_wconf 88' lang='lat' dir='ltr'>responsa</span> <span class='ocrx_word' id='word_1_391' title='bbox 1654 4640 1938 4704; x_wconf 89' lang='lat' dir='ltr'>receptant</span> 
     </span>
    </p>
   </div>
   <div class='ocr_carea' id='block_1_65' title="bbox 390 4715 1627 4790">
    <p class='ocr_par' dir='ltr' id='par_1_65' title="bbox 390 4715 1627 4790">
     <span class='ocr_line' id='line_1_65' title="bbox 390 4715 1627 4790; baseline 0.006 -20"><span class='ocrx_word' id='word_1_392' title='bbox 390 4715 605 4790; x_wconf 83' lang='lat' dir='ltr'>Egressi</span> <span class='ocrx_word' id='word_1_393' title='bbox 638 4734 766 4774; x_wconf 87' lang='lat' dir='ltr'>mox</span> <span class='ocrx_word' id='word_1_394' title='bbox 804 4720 942 4775; x_wconf 90' lang='lat' dir='ltr'>urbe</span> <span class='ocrx_word' id='word_1_395' title='bbox 969 4735 1083 4784; x_wconf 83' lang='lat' dir='ltr'>rea,</span> <span class='ocrx_word' id='word_1_396' title='bbox 1105 4721 1367 4776; x_wconf 86' lang='lat' dir='ltr'>Jordanis</span> <span class='ocrx_word' id='word_1_397' title='bbox 1392 4721 1627 4777; x_wconf 91' lang='lat' dir='ltr'>etundis</span> 
     </span>
    </p>
   </div>
   <div class='ocr_carea' id='block_1_66' title="bbox 383 4807 1695 4878">
    <p class='ocr_par' dir='ltr' id='par_1_66' title="bbox 383 4807 1695 4878">
     <span class='ocr_line' id='line_1_66' title="bbox 383 4807 1695 4878; baseline 0.009 -15"><span class='ocrx_word' id='word_1_398' title='bbox 383 4807 760 4878; x_wconf 86' lang='lat' dir='ltr'>Transmissis,</span> <span class='ocrx_word' id='word_1_399' title='bbox 784 4818 963 4867; x_wconf 87' lang='lat' dir='ltr'>castro</span> <span class='ocrx_word' id='word_1_400' title='bbox 989 4812 1255 4868; x_wconf 91' lang='lat' dir='ltr'>secedunt</span> <span class='ocrx_word' id='word_1_401' title='bbox 1277 4813 1426 4869; x_wconf 89' lang='lat' dir='ltr'>Pella</span> <span class='ocrx_word' id='word_1_402' title='bbox 1445 4821 1658 4870; x_wconf 85' lang='lat' dir='ltr'>vocato.</span> <span class='ocrx_word' id='word_1_403' title='bbox 1690 4874 1695 4875; x_wconf 63' lang='lat'><strong><em>,</em></strong></span> 
     </span>
    </p>
   </div>
   <div class='ocr_carea' id='block_1_67' title="bbox 383 4901 1601 4972">
    <p class='ocr_par' dir='ltr' id='par_1_67' title="bbox 383 4901 1601 4972">
     <span class='ocr_line' id='line_1_67' title="bbox 383 4901 1601 4972; baseline 0.003 -17"><span class='ocrx_word' id='word_1_404' title='bbox 383 4901 607 4958; x_wconf 86' lang='lat' dir='ltr'>Eductis</span> <span class='ocrx_word' id='word_1_405' title='bbox 630 4920 775 4960; x_wconf 71' lang='lat' dir='ltr'>saevo</span> <span class='ocrx_word' id='word_1_406' title='bbox 802 4904 995 4961; x_wconf 89' lang='lat' dir='ltr'>mortis</span> <span class='ocrx_word' id='word_1_407' title='bbox 1021 4904 1341 4961; x_wconf 89' lang='lat' dir='ltr'>discrimine</span> <span class='ocrx_word' id='word_1_408' title='bbox 1372 4905 1601 4972; x_wconf 78' lang='lat' dir='ltr'>sanctis,</span> 
     </span>
    </p>
   </div>
   <div class='ocr_carea' id='block_1_68' title="bbox 385 4990 2007 5066">
    <p class='ocr_par' dir='ltr' id='par_1_68' title="bbox 385 4990 2007 5066">
     <span class='ocr_line' id='line_1_68' title="bbox 385 4990 2007 5066; baseline 0.003 -20"><span class='ocrx_word' id='word_1_409' title='bbox 385 4990 640 5064; x_wconf 90' lang='lat' dir='ltr'>Undique</span> <span class='ocrx_word' id='word_1_410' title='bbox 668 4992 840 5049; x_wconf 90' lang='lat' dir='ltr'>multa</span> <span class='ocrx_word' id='word_1_411' title='bbox 869 5000 1127 5066; x_wconf 89' lang='lat' dir='ltr'>premunt</span> <span class='ocrx_word' id='word_1_412' title='bbox 1155 4993 1481 5049; x_wconf 89' lang='lat' dir='ltr'>sceleratam</span> <span class='ocrx_word' id='word_1_413' title='bbox 1535 4993 1789 5050; x_wconf 89' lang='lat' dir='ltr'>cladibus</span> <span class='ocrx_word' id='word_1_414' title='bbox 1815 4995 2007 5051; x_wconf 91' lang='lat' dir='ltr'>urbem</span> 
     </span>
    </p>
   </div>
   <div class='ocr_carea' id='block_1_69' title="bbox 390 5083 1721 5161">
    <p class='ocr_par' dir='ltr' id='par_1_69' title="bbox 390 5083 1721 5161">
     <span class='ocr_line' id='line_1_69' title="bbox 390 5083 1721 5161; baseline 0.004 -25"><span class='ocrx_word' id='word_1_415' title='bbox 390 5084 542 5157; x_wconf 87' lang='lat' dir='ltr'>Igne,</span> <span class='ocrx_word' id='word_1_416' title='bbox 584 5083 747 5154; x_wconf 85' lang='lat' dir='ltr'>fame,</span> <span class='ocrx_word' id='word_1_417' title='bbox 778 5086 986 5161; x_wconf 87' lang='lat' dir='ltr'>gladio,</span> <span class='ocrx_word' id='word_1_418' title='bbox 1019 5085 1345 5153; x_wconf 88' lang='lat' dir='ltr'>latronibus,</span> <span class='ocrx_word' id='word_1_419' title='bbox 1377 5085 1674 5141; x_wconf 90' lang='lat' dir='ltr'>obsidione</span> <span class='ocrx_word' id='word_1_420' title='bbox 1705 5105 1721 5141; x_wconf 92' lang='lat'><strong><em>:</em></strong></span> 
     </span>
    </p>
   </div>
   <div class='ocr_carea' id='block_1_70' title="bbox 388 5174 1710 5250">
    <p class='ocr_par' dir='ltr' id='par_1_70' title="bbox 388 5174 1710 5250">
     <span class='ocr_line' id='line_1_70' title="bbox 388 5174 1710 5250; baseline 0.003 -22"><span class='ocrx_word' id='word_1_421' title='bbox 388 5174 583 5230; x_wconf 90' lang='lat' dir='ltr'>Omnia</span> <span class='ocrx_word' id='word_1_422' title='bbox 602 5176 715 5245; x_wconf 89' lang='lat' dir='ltr'>jam</span> <span class='ocrx_word' id='word_1_423' title='bbox 744 5178 904 5247; x_wconf 89' lang='lat' dir='ltr'>cujus</span> <span class='ocrx_word' id='word_1_424' title='bbox 937 5177 1146 5250; x_wconf 88' lang='lat' dir='ltr'>pariter</span> <span class='ocrx_word' id='word_1_425' title='bbox 1167 5178 1411 5250; x_wconf 89' lang='lat' dir='ltr'>peritura</span> <span class='ocrx_word' id='word_1_426' title='bbox 1451 5177 1710 5232; x_wconf 88' lang='lat' dir='ltr'>videntur</span> 
     </span>
    </p>
   </div>
   <div class='ocr_carea' id='block_1_71' title="bbox 390 5263 1758 5341">
    <p class='ocr_par' dir='ltr' id='par_1_71' title="bbox 390 5263 1758 5341">
     <span class='ocr_line' id='line_1_71' title="bbox 390 5263 1758 5341; baseline 0.004 -24"><span class='ocrx_word' id='word_1_427' title='bbox 390 5263 600 5334; x_wconf 86' lang='lat' dir='ltr'>Inclyta</span> <span class='ocrx_word' id='word_1_428' title='bbox 622 5282 747 5320; x_wconf 89' lang='lat' dir='ltr'>cum</span> <span class='ocrx_word' id='word_1_429' title='bbox 776 5268 979 5338; x_wconf 90' lang='lat' dir='ltr'>templo</span> <span class='ocrx_word' id='word_1_430' title='bbox 998 5266 1148 5341; x_wconf 90' lang='lat' dir='ltr'>quod</span> <span class='ocrx_word' id='word_1_431' title='bbox 1179 5278 1236 5323; x_wconf 92' lang='lat' dir='ltr'>et</span> <span class='ocrx_word' id='word_1_432' title='bbox 1273 5267 1583 5323; x_wconf 86' lang='lat' dir='ltr'>exsecratio</span> <span class='ocrx_word' id='word_1_433' title='bbox 1612 5266 1758 5323; x_wconf 84' lang='lat' dir='ltr'>fceda</span> 
     </span>
    </p>
   </div>
   <div class='ocr_carea' id='block_1_72' title="bbox 391 5351 1681 5427">
    <p class='ocr_par' dir='ltr' id='par_1_72' title="bbox 391 5351 1681 5427">
     <span class='ocr_line' id='line_1_72' title="bbox 391 5351 1681 5427; baseline 0.002 -23"><span class='ocrx_word' id='word_1_434' title='bbox 391 5351 688 5416; x_wconf 79' lang='lat' dir='ltr'>Polluerat,</span> <span class='ocrx_word' id='word_1_435' title='bbox 719 5354 890 5409; x_wconf 90' lang='lat' dir='ltr'>sacris</span> <span class='ocrx_word' id='word_1_436' title='bbox 919 5357 1048 5410; x_wconf 92' lang='lat' dir='ltr'>olim</span> <span class='ocrx_word' id='word_1_437' title='bbox 1082 5357 1345 5427; x_wconf 60' lang='lat' dir='ltr'>praedicta</span> <span class='ocrx_word' id='word_1_438' title='bbox 1377 5355 1681 5427; x_wconf 83' lang='lat' dir='ltr'>prophetis.</span> 
     </span>
    </p>
   </div>
   <div class='ocr_carea' id='block_1_73' title="bbox 390 5434 1695 5515">
    <p class='ocr_par' dir='ltr' id='par_1_73' title="bbox 390 5434 1695 5515">
     <span class='ocr_line' id='line_1_73' title="bbox 390 5434 1695 5515; baseline 0.008 -27"><span class='ocrx_word' id='word_1_439' title='bbox 390 5434 576 5489; x_wconf 87' lang='lat' dir='ltr'>Patres</span> <span class='ocrx_word' id='word_1_440' title='bbox 604 5452 729 5490; x_wconf 90' lang='lat' dir='ltr'>cum</span> <span class='ocrx_word' id='word_1_441' title='bbox 759 5440 982 5511; x_wconf 87' lang='lat' dir='ltr'>genitis,</span> <span class='ocrx_word' id='word_1_442' title='bbox 998 5458 1198 5497; x_wconf 88' lang='lat' dir='ltr'>uxores</span> <span class='ocrx_word' id='word_1_443' title='bbox 1225 5457 1463 5515; x_wconf 90' lang='lat' dir='ltr'>cumque</span> <span class='ocrx_word' id='word_1_444' title='bbox 1483 5442 1695 5498; x_wconf 90' lang='lat' dir='ltr'>maritis</span> 
     </span>
    </p>
   </div>
   <div class='ocr_carea' id='block_1_74' title="bbox 391 5525 1672 5602">
    <p class='ocr_par' dir='ltr' id='par_1_74' title="bbox 391 5525 1672 5602">
     <span class='ocr_line' id='line_1_74' title="bbox 391 5525 1672 5602; baseline 0.008 -23"><span class='ocrx_word' id='word_1_445' title='bbox 391 5525 860 5594; x_wconf 90' lang='lat' dir='ltr'>Dispereuntsine</span> <span class='ocrx_word' id='word_1_446' title='bbox 891 5530 1020 5599; x_wconf 85' lang='lat' dir='ltr'>ﬁne,</span> <span class='ocrx_word' id='word_1_447' title='bbox 1055 5534 1179 5587; x_wconf 89' lang='lat' dir='ltr'>mali</span> <span class='ocrx_word' id='word_1_448' title='bbox 1212 5534 1474 5590; x_wconf 88' lang='lat' dir='ltr'>discretio</span> <span class='ocrx_word' id='word_1_449' title='bbox 1502 5535 1672 5602; x_wconf 88' lang='lat' dir='ltr'>nulla,</span> 
     </span>
    </p>
   </div>
   <div class='ocr_carea' id='block_1_75' title="bbox 391 5616 1665 5692">
    <p class='ocr_par' dir='ltr' id='par_1_75' title="bbox 391 5616 1665 5692">
     <span class='ocr_line' id='line_1_75' title="bbox 391 5616 1665 5692; baseline 0.005 -20"><span class='ocrx_word' id='word_1_450' title='bbox 391 5616 580 5672; x_wconf 88' lang='lat' dir='ltr'>Parvis</span> <span class='ocrx_word' id='word_1_451' title='bbox 609 5631 675 5670; x_wconf 90' lang='lat' dir='ltr'>ac</span> <span class='ocrx_word' id='word_1_452' title='bbox 703 5618 952 5685; x_wconf 85' lang='lat' dir='ltr'>senibus,</span> <span class='ocrx_word' id='word_1_453' title='bbox 983 5623 1170 5690; x_wconf 90' lang='lat' dir='ltr'>pueris</span> <span class='ocrx_word' id='word_1_454' title='bbox 1197 5624 1474 5679; x_wconf 92' lang='lat' dir='ltr'>miseratio</span> <span class='ocrx_word' id='word_1_455' title='bbox 1493 5624 1665 5692; x_wconf 88' lang='lat' dir='ltr'>nulla,</span> 
     </span>
    </p>
   </div>
   <div class='ocr_carea' id='block_1_76' title="bbox 394 5712 1821 5792">
    <p class='ocr_par' dir='ltr' id='par_1_76' title="bbox 394 5712 1821 5792">
     <span class='ocr_line' id='line_1_76' title="bbox 394 5712 1821 5792; baseline 0.007 -26"><span class='ocrx_word' id='word_1_456' title='bbox 394 5712 554 5767; x_wconf 86' lang='lat' dir='ltr'>Nulla</span> <span class='ocrx_word' id='word_1_457' title='bbox 585 5714 863 5767; x_wconf 89' lang='lat' dir='ltr'>senectuti</span> <span class='ocrx_word' id='word_1_458' title='bbox 898 5732 912 5767; x_wconf 91' lang='lat'><strong>:</strong></span> <span class='ocrx_word' id='word_1_459' title='bbox 942 5731 1232 5774; x_wconf 91' lang='lat' dir='ltr'>numerum</span> <span class='ocrx_word' id='word_1_460' title='bbox 1262 5727 1618 5792; x_wconf 86' lang='lat' dir='ltr'>superaverat</span> <span class='ocrx_word' id='word_1_461' title='bbox 1640 5736 1821 5779; x_wconf 90' lang='lat' dir='ltr'>orcus.</span> 
     </span>
    </p>
   </div>
   <div class='ocr_carea' id='block_1_77' title="bbox 471 5860 1203 5947">
    <p class='ocr_par' dir='ltr' id='par_1_77' title="bbox 471 5860 1203 5947">
     <span class='ocr_line' id='line_1_77' title="bbox 471 5860 1203 5947; baseline 0.004 -29"><span class='ocrx_word' id='word_1_462' title='bbox 471 5861 614 5932; x_wconf 75' lang='lat'>(152)</span> <span class='ocrx_word' id='word_1_463' title='bbox 647 5860 959 5947; x_wconf 44' lang='lat' dir='ltr'>Barabbam.</span> <span class='ocrx_word' id='word_1_464' title='bbox 970 5864 1203 5931; x_wconf 88' lang='lat' dir='ltr'>scilicet,</span> 
     </span>
    </p>
   </div>
   <div class='ocr_carea' id='block_1_78' title="bbox 2099 1984 3316 2057">
    <p class='ocr_par' dir='ltr' id='par_1_78' title="bbox 2099 1984 3316 2057">
     <span class='ocr_line' id='line_1_78' title="bbox 2099 1984 3316 2057; baseline -0.002 -14"><span class='ocrx_word' id='word_1_465' title='bbox 2099 1986 2254 2043; x_wconf 88' lang='lat' dir='ltr'>Multi</span> <span class='ocrx_word' id='word_1_466' title='bbox 2286 1986 2516 2042; x_wconf 89' lang='lat' dir='ltr'>secretis</span> <span class='ocrx_word' id='word_1_467' title='bbox 2536 2001 2659 2040; x_wconf 90' lang='lat' dir='ltr'>sese</span> <span class='ocrx_word' id='word_1_468' title='bbox 2692 1984 3074 2057; x_wconf 87' lang='lat' dir='ltr'>penetralibus</span> <span class='ocrx_word' id='word_1_469' title='bbox 3105 1985 3316 2042; x_wconf 90' lang='lat' dir='ltr'>addunt</span> 
     </span>
    </p>
   </div>
   <div class='ocr_carea' id='block_1_79' title="bbox 2101 2062 3526 2148">
    <p class='ocr_par' dir='ltr' id='par_1_79' title="bbox 2101 2062 3526 2148">
     <span class='ocr_line' id='line_1_79' title="bbox 2101 2062 3526 2148; baseline 0.001 -17"><span class='ocrx_word' id='word_1_470' title='bbox 2101 2075 2291 2131; x_wconf 92' lang='lat' dir='ltr'>Omnis</span> <span class='ocrx_word' id='word_1_471' title='bbox 2316 2091 2439 2131; x_wconf 92' lang='lat' dir='ltr'>cum</span> <span class='ocrx_word' id='word_1_472' title='bbox 2468 2074 2692 2147; x_wconf 91' lang='lat' dir='ltr'>pr0prio</span> <span class='ocrx_word' id='word_1_473' title='bbox 2718 2062 3041 2146; x_wconf 85' lang='lat' dir='ltr'>superantis</span> <span class='ocrx_word' id='word_1_474' title='bbox 3060 2075 3293 2148; x_wconf 88' lang='lat' dir='ltr'>pignore</span> <span class='ocrx_word' id='word_1_475' title='bbox 3324 2074 3526 2132; x_wconf 90' lang='lat' dir='ltr'>victus.</span> 
     </span>
    </p>
   </div>
   <div class='ocr_carea' id='block_1_80' title="bbox 2103 2163 3616 2239">
    <p class='ocr_par' dir='ltr' id='par_1_80' title="bbox 2103 2163 3616 2239">
     <span class='ocr_line' id='line_1_80' title="bbox 2103 2163 3616 2239; baseline 0.001 -20"><span class='ocrx_word' id='word_1_476' title='bbox 2103 2165 2331 2231; x_wconf 83' lang='lat' dir='ltr'>Quidam</span> <span class='ocrx_word' id='word_1_477' title='bbox 2360 2164 2526 2220; x_wconf 89' lang='lat' dir='ltr'>etiam</span> <span class='ocrx_word' id='word_1_478' title='bbox 2559 2163 2758 2219; x_wconf 78' lang='lat' dir='ltr'>crudus</span> <span class='ocrx_word' id='word_1_479' title='bbox 2784 2163 3030 2239; x_wconf 89' lang='lat' dir='ltr'>gaudent</span> <span class='ocrx_word' id='word_1_480' title='bbox 3060 2164 3351 2221; x_wconf 89' lang='lat' dir='ltr'>absumere</span> <span class='ocrx_word' id='word_1_481' title='bbox 3382 2163 3573 2239; x_wconf 86' lang='lat' dir='ltr'>fruges</span> <span class='ocrx_word' id='word_1_482' title='bbox 3601 2182 3616 2221; x_wconf 89' lang='lat'>:</span> 
     </span>
    </p>
   </div>
   <div class='ocr_carea' id='block_1_81' title="bbox 2103 2257 3418 2333">
    <p class='ocr_par' dir='ltr' id='par_1_81' title="bbox 2103 2257 3418 2333">
     <span class='ocr_line' id='line_1_81' title="bbox 2103 2257 3418 2333; baseline -0.001 -20"><span class='ocrx_word' id='word_1_483' title='bbox 2103 2259 2333 2333; x_wconf 89' lang='lat' dir='ltr'>Ignibus</span> <span class='ocrx_word' id='word_1_484' title='bbox 2369 2258 2657 2330; x_wconf 86' lang='lat' dir='ltr'>abripiunt</span> <span class='ocrx_word' id='word_1_485' title='bbox 2684 2258 2778 2313; x_wconf 89' lang='lat' dir='ltr'>alii</span> <span class='ocrx_word' id='word_1_486' title='bbox 2802 2257 2946 2312; x_wconf 91' lang='lat' dir='ltr'>male</span> <span class='ocrx_word' id='word_1_487' title='bbox 2975 2264 3117 2313; x_wconf 90' lang='lat' dir='ltr'>tosta</span> <span class='ocrx_word' id='word_1_488' title='bbox 3142 2264 3418 2314; x_wconf 88' lang='lat' dir='ltr'>vorantes.</span> 
     </span>
    </p>
   </div>
   <div class='ocr_carea' id='block_1_82' title="bbox 2100 2349 3491 2416">
    <p class='ocr_par' dir='ltr' id='par_1_82' title="bbox 2100 2349 3491 2416">
     <span class='ocr_line' id='line_1_82' title="bbox 2100 2349 3491 2416; baseline -0.001 -8"><span class='ocrx_word' id='word_1_489' title='bbox 2100 2354 2211 2408; x_wconf 91' lang='lat' dir='ltr'>Nec</span> <span class='ocrx_word' id='word_1_490' title='bbox 2240 2359 2425 2407; x_wconf 89' lang='lat' dir='ltr'>tamen</span> <span class='ocrx_word' id='word_1_491' title='bbox 2451 2351 2571 2407; x_wconf 67' lang='lat' dir='ltr'>haec</span> <span class='ocrx_word' id='word_1_492' title='bbox 2607 2349 2708 2406; x_wconf 91' lang='lat' dir='ltr'>tuti</span> <span class='ocrx_word' id='word_1_493' title='bbox 2739 2349 2890 2406; x_wconf 89' lang='lat' dir='ltr'>bello</span> <span class='ocrx_word' id='word_1_494' title='bbox 2921 2349 3186 2406; x_wconf 91' lang='lat' dir='ltr'>interiore</span> <span class='ocrx_word' id='word_1_495' title='bbox 3214 2358 3491 2416; x_wconf 88' lang='lat' dir='ltr'>carentes,</span> 
     </span>
    </p>
   </div>
   <div class='ocr_carea' id='block_1_83' title="bbox 2100 2440 3448 2500">
    <p class='ocr_par' dir='ltr' id='par_1_83' title="bbox 2100 2440 3448 2500">
     <span class='ocr_line' id='line_1_83' title="bbox 2100 2440 3448 2500; baseline -0.001 -1"><span class='ocrx_word' id='word_1_496' title='bbox 2100 2445 2286 2500; x_wconf 83' lang='lat' dir='ltr'>Mutua</span> <span class='ocrx_word' id='word_1_497' title='bbox 2318 2445 2449 2499; x_wconf 90' lang='lat' dir='ltr'>dum</span> <span class='ocrx_word' id='word_1_498' title='bbox 2476 2443 2705 2499; x_wconf 71' lang='lat' dir='ltr'>modicre</span> <span class='ocrx_word' id='word_1_499' title='bbox 2736 2442 2962 2498; x_wconf 88' lang='lat' dir='ltr'>sibimet</span> <span class='ocrx_word' id='word_1_500' title='bbox 2991 2441 3296 2498; x_wconf 90' lang='lat' dir='ltr'>retinacula</span> <span class='ocrx_word' id='word_1_501' title='bbox 3324 2440 3448 2497; x_wconf 73' lang='lat' dir='ltr'>vitae</span> 
     </span>
    </p>
   </div>
   <div class='ocr_carea' id='block_1_84' title="bbox 2106 2531 3737 2606">
    <p class='ocr_par' dir='ltr' id='par_1_84' title="bbox 2106 2531 3737 2606">
     <span class='ocr_line' id='line_1_84' title="bbox 2106 2531 3737 2606; baseline -0.001 -17"><span class='ocrx_word' id='word_1_502' title='bbox 2106 2534 2291 2606; x_wconf 85' lang='lat' dir='ltr'>Usque</span> <span class='ocrx_word' id='word_1_503' title='bbox 2321 2533 2574 2588; x_wconf 86' lang='lat' dir='ltr'>adimunt</span> <span class='ocrx_word' id='word_1_504' title='bbox 2603 2531 3063 2606; x_wconf 86' lang='lat' dir='ltr'>patribusgeniti,</span> <span class='ocrx_word' id='word_1_505' title='bbox 3091 2532 3409 2606; x_wconf 88' lang='lat' dir='ltr'>genitisque</span> <span class='ocrx_word' id='word_1_506' title='bbox 3437 2538 3737 2605; x_wconf 84' lang='lat' dir='ltr'>parentes;</span> 
     </span>
    </p>
   </div>
   <div class='ocr_carea' id='block_1_85' title="bbox 2107 2623 3387 2695">
    <p class='ocr_par' dir='ltr' id='par_1_85' title="bbox 2107 2623 3387 2695">
     <span class='ocr_line' id='line_1_85' title="bbox 2107 2623 3387 2695; baseline 0 -15"><span class='ocrx_word' id='word_1_507' title='bbox 2107 2629 2339 2681; x_wconf 78' lang='lat' dir='ltr'>Arrosus</span> <span class='ocrx_word' id='word_1_508' title='bbox 2379 2623 2565 2680; x_wconf 89' lang='lat' dir='ltr'>subito</span> <span class='ocrx_word' id='word_1_509' title='bbox 2597 2625 2810 2695; x_wconf 90' lang='lat' dir='ltr'>rapitur</span> <span class='ocrx_word' id='word_1_510' title='bbox 2825 2623 2982 2680; x_wconf 84' lang='lat' dir='ltr'>cibus</span> <span class='ocrx_word' id='word_1_511' title='bbox 3005 2639 3100 2680; x_wconf 91' lang='lat' dir='ltr'>ore</span> <span class='ocrx_word' id='word_1_512' title='bbox 3132 2630 3387 2694; x_wconf 90' lang='lat' dir='ltr'>paterno,</span> 
     </span>
    </p>
   </div>
   <div class='ocr_carea' id='block_1_86' title="bbox 2106 2715 3409 2790">
    <p class='ocr_par' dir='ltr' id='par_1_86' title="bbox 2106 2715 3409 2790">
     <span class='ocr_line' id='line_1_86' title="bbox 2106 2715 3409 2790; baseline 0 -18"><span class='ocrx_word' id='word_1_513' title='bbox 2106 2716 2379 2773; x_wconf 86' lang='lat' dir='ltr'>Morsibus</span> <span class='ocrx_word' id='word_1_514' title='bbox 2408 2716 2604 2772; x_wconf 67' lang='lat' dir='ltr'>attritas</span> <span class='ocrx_word' id='word_1_515' title='bbox 2635 2724 2925 2790; x_wconf 86' lang='lat' dir='ltr'>gnatorum</span> <span class='ocrx_word' id='word_1_516' title='bbox 2959 2715 3222 2771; x_wconf 89' lang='lat' dir='ltr'>dentibus</span> <span class='ocrx_word' id='word_1_517' title='bbox 3249 2731 3409 2772; x_wconf 59' lang='lat' dir='ltr'>escw.</span> 
     </span>
    </p>
   </div>
   <div class='ocr_carea' id='block_1_87' title="bbox 2104 2806 3387 2881">
    <p class='ocr_par' dir='ltr' id='par_1_87' title="bbox 2104 2806 3387 2881">
     <span class='ocr_line' id='line_1_87' title="bbox 2104 2806 3387 2881; baseline -0.004 -15"><span class='ocrx_word' id='word_1_518' title='bbox 2104 2810 2216 2867; x_wconf 93' lang='lat' dir='ltr'>Sed</span> <span class='ocrx_word' id='word_1_519' title='bbox 2248 2824 2430 2881; x_wconf 90' lang='lat' dir='ltr'>neque</span> <span class='ocrx_word' id='word_1_520' title='bbox 2470 2808 2766 2879; x_wconf 65' lang='lat' dir='ltr'>praedones</span> <span class='ocrx_word' id='word_1_521' title='bbox 2798 2807 2932 2861; x_wconf 90' lang='lat' dir='ltr'>istos</span> <span class='ocrx_word' id='word_1_522' title='bbox 2963 2806 3149 2861; x_wconf 91' lang='lat' dir='ltr'>edisse</span> <span class='ocrx_word' id='word_1_523' title='bbox 3179 2806 3387 2862; x_wconf 87' lang='lat' dir='ltr'>latebat</span> 
     </span>
    </p>
   </div>
   <div class='ocr_carea' id='block_1_88' title="bbox 2106 2894 3462 2968">
    <p class='ocr_par' dir='ltr' id='par_1_88' title="bbox 2106 2894 3462 2968">
     <span class='ocr_line' id='line_1_88' title="bbox 2106 2894 3462 2968; baseline -0.001 -16"><span class='ocrx_word' id='word_1_524' title='bbox 2106 2897 2319 2954; x_wconf 87' lang='lat' dir='ltr'>Indicio</span> <span class='ocrx_word' id='word_1_525' title='bbox 2351 2904 2595 2968; x_wconf 92' lang='lat' dir='ltr'>sumpto,</span> <span class='ocrx_word' id='word_1_526' title='bbox 2627 2911 2753 2951; x_wconf 91' lang='lat' dir='ltr'>mox</span> <span class='ocrx_word' id='word_1_527' title='bbox 2786 2894 2928 2950; x_wconf 87' lang='lat' dir='ltr'>ostia</span> <span class='ocrx_word' id='word_1_528' title='bbox 2958 2895 3145 2949; x_wconf 90' lang='lat' dir='ltr'>clausa</span> <span class='ocrx_word' id='word_1_529' title='bbox 3181 2895 3462 2962; x_wconf 89' lang='lat' dir='ltr'>videntes,</span> 
     </span>
    </p>
   </div>
   <div class='ocr_carea' id='block_1_89' title="bbox 2106 2986 3748 3062">
    <p class='ocr_par' dir='ltr' id='par_1_89' title="bbox 2106 2986 3748 3062">
     <span class='ocr_line' id='line_1_89' title="bbox 2106 2986 3748 3062; baseline -0.003 -15"><span class='ocrx_word' id='word_1_530' title='bbox 2106 2989 2533 3062; x_wconf 56' lang='lat' dir='ltr'>Praecipitesque</span> <span class='ocrx_word' id='word_1_531' title='bbox 2583 2998 2771 3057; x_wconf 90' lang='lat' dir='ltr'>ruunt,</span> <span class='ocrx_word' id='word_1_532' title='bbox 2828 2994 3197 3061; x_wconf 89' lang='lat' dir='ltr'>revocantque</span> <span class='ocrx_word' id='word_1_533' title='bbox 3228 3003 3260 3042; x_wconf 91' lang='lat' dir='ltr'>a</span> <span class='ocrx_word' id='word_1_534' title='bbox 3296 2986 3560 3044; x_wconf 83' lang='lat' dir='ltr'>faucibus</span> <span class='ocrx_word' id='word_1_535' title='bbox 3588 3005 3748 3046; x_wconf 89' lang='lat' dir='ltr'>escas</span> 
     </span>
    </p>
   </div>
   <div class='ocr_carea' id='block_1_90' title="bbox 2105 3077 3747 3152">
    <p class='ocr_par' dir='ltr' id='par_1_90' title="bbox 2105 3077 3747 3152">
     <span class='ocr_line' id='line_1_90' title="bbox 2105 3077 3747 3152; baseline -0.001 -18"><span class='ocrx_word' id='word_1_536' title='bbox 2105 3079 2545 3150; x_wconf 90' lang='lat' dir='ltr'>Verberibusque</span> <span class='ocrx_word' id='word_1_537' title='bbox 2578 3093 2742 3133; x_wconf 91' lang='lat' dir='ltr'>senes</span> <span class='ocrx_word' id='word_1_538' title='bbox 2773 3077 3059 3152; x_wconf 76' lang='lat' dir='ltr'>subigunt,</span> <span class='ocrx_word' id='word_1_539' title='bbox 3082 3086 3402 3148; x_wconf 86' lang='lat' dir='ltr'>matresque</span> <span class='ocrx_word' id='word_1_540' title='bbox 3431 3078 3747 3148; x_wconf 88' lang='lat' dir='ltr'>prehensas</span> 
     </span>
    </p>
   </div>
   <div class='ocr_carea' id='block_1_91' title="bbox 2106 3166 3470 3240">
    <p class='ocr_par' dir='ltr' id='par_1_91' title="bbox 2106 3166 3470 3240">
     <span class='ocr_line' id='line_1_91' title="bbox 2106 3166 3470 3240; baseline -0.004 -12"><span class='ocrx_word' id='word_1_541' title='bbox 2106 3174 2270 3229; x_wconf 88' lang='lat' dir='ltr'>Passo</span> <span class='ocrx_word' id='word_1_542' title='bbox 2300 3172 2453 3228; x_wconf 91' lang='lat' dir='ltr'>crine</span> <span class='ocrx_word' id='word_1_543' title='bbox 2483 3170 2728 3237; x_wconf 90' lang='lat' dir='ltr'>trahunt,</span> <span class='ocrx_word' id='word_1_544' title='bbox 2752 3171 3029 3224; x_wconf 72' lang='lat' dir='ltr'>hzerentes</span> <span class='ocrx_word' id='word_1_545' title='bbox 3055 3168 3216 3240; x_wconf 90' lang='lat' dir='ltr'>panis</span> <span class='ocrx_word' id='word_1_546' title='bbox 3240 3166 3425 3224; x_wconf 75' lang='lat' dir='ltr'>ofellae</span> <span class='ocrx_word' id='word_1_547' title='bbox 3456 3184 3470 3223; x_wconf 91' lang='lat'>:</span> 
     </span>
    </p>
   </div>
   <div class='ocr_carea' id='block_1_92' title="bbox 2034 3233 3284 3336">
    <p class='ocr_par' dir='ltr' id='par_1_92' title="bbox 2034 3233 3284 3336">
     <span class='ocr_line' id='line_1_92' title="bbox 2034 3233 3284 3336; baseline -0.006 -15"><span class='ocrx_word' id='word_1_548' title='bbox 2034 3233 2085 3303; x_wconf 64' lang='grc' dir='ltr'><strong>δ</strong></span> <span class='ocrx_word' id='word_1_549' title='bbox 2106 3264 2328 3321; x_wconf 80' lang='lat' dir='ltr'>Elidunt</span> <span class='ocrx_word' id='word_1_550' title='bbox 2362 3279 2564 3336; x_wconf 89' lang='lat' dir='ltr'>pueros</span> <span class='ocrx_word' id='word_1_551' title='bbox 2591 3233 2731 3318; x_wconf 84' lang='lat' dir='ltr'>nulli</span> <span class='ocrx_word' id='word_1_552' title='bbox 2770 3233 3069 3317; x_wconf 41' lang='lat' dir='ltr'>miseratio-</span> <span class='ocrx_word' id='word_1_553' title='bbox 3094 3260 3284 3317; x_wconf 90' lang='lat' dir='ltr'>fertur.</span> 
     </span>
    </p>
   </div>
   <div class='ocr_carea' id='block_1_93' title="bbox 2106 3349 3602 3424">
    <p class='ocr_par' dir='ltr' id='par_1_93' title="bbox 2106 3349 3602 3424">
     <span class='ocr_line' id='line_1_93' title="bbox 2106 3349 3602 3424; baseline -0.003 -14"><span class='ocrx_word' id='word_1_554' title='bbox 2106 3355 2254 3421; x_wconf 92' lang='lat' dir='ltr'>Quos</span> <span class='ocrx_word' id='word_1_555' title='bbox 2281 3368 2413 3409; x_wconf 86' lang='lat' dir='ltr'>vero</span> <span class='ocrx_word' id='word_1_556' title='bbox 2452 3352 2829 3424; x_wconf 88' lang='lat' dir='ltr'>absumpsisse</span> <span class='ocrx_word' id='word_1_557' title='bbox 2860 3351 3015 3406; x_wconf 91' lang='lat' dir='ltr'>cibos</span> <span class='ocrx_word' id='word_1_558' title='bbox 3033 3350 3335 3406; x_wconf 89' lang='lat' dir='ltr'>sentiscere</span> <span class='ocrx_word' id='word_1_559' title='bbox 3363 3349 3602 3421; x_wconf 91' lang='lat' dir='ltr'>quibant</span> 
     </span>
    </p>
   </div>
   <div class='ocr_carea' id='block_1_94' title="bbox 2107 3446 3348 3515">
    <p class='ocr_par' dir='ltr' id='par_1_94' title="bbox 2107 3446 3348 3515">
     <span class='ocr_line' id='line_1_94' title="bbox 2107 3446 3348 3515; baseline -0.006 -8"><span class='ocrx_word' id='word_1_560' title='bbox 2107 3452 2214 3507; x_wconf 82' lang='lat' dir='ltr'>Hos</span> <span class='ocrx_word' id='word_1_561' title='bbox 2235 3459 2427 3507; x_wconf 88' lang='lat' dir='ltr'>contra</span> <span class='ocrx_word' id='word_1_562' title='bbox 2454 3449 2694 3504; x_wconf 90' lang='lat' dir='ltr'>truciore</span> <span class='ocrx_word' id='word_1_563' title='bbox 2732 3448 2821 3502; x_wconf 91' lang='lat' dir='ltr'>via</span> <span class='ocrx_word' id='word_1_564' title='bbox 2846 3447 3040 3503; x_wconf 57' lang='lat' dir='ltr'>saevire</span> <span class='ocrx_word' id='word_1_565' title='bbox 3067 3446 3305 3515; x_wconf 87' lang='lat' dir='ltr'>juvabat</span> <span class='ocrx_word' id='word_1_566' title='bbox 3334 3463 3348 3500; x_wconf 90' lang='lat'><strong>:</strong></span> 
     </span>
    </p>
   </div>
   <div class='ocr_carea' id='block_1_95' title="bbox 2034 3540 3433 3616">
    <p class='ocr_par' dir='ltr' id='par_1_95' title="bbox 2034 3540 3433 3616">
     <span class='ocr_line' id='line_1_95' title="bbox 2034 3540 3433 3616; baseline -0.004 -15"><span class='ocrx_word' id='word_1_567' title='bbox 2034 3592 2043 3601; x_wconf 41' lang='grc' dir='ltr'>κ</span> <span class='ocrx_word' id='word_1_568' title='bbox 2100 3546 2348 3616; x_wconf 83' lang='lat' dir='ltr'>Namque</span> <span class='ocrx_word' id='word_1_569' title='bbox 2375 3542 2721 3598; x_wconf 87' lang='lat' dir='ltr'>verecundas</span> <span class='ocrx_word' id='word_1_570' title='bbox 2759 3540 3199 3596; x_wconf 90' lang='lat' dir='ltr'>obturantobice</span> <span class='ocrx_word' id='word_1_571' title='bbox 3226 3547 3433 3611; x_wconf 88' lang='lat' dir='ltr'>portas,</span> 
     </span>
    </p>
   </div>
   <div class='ocr_carea' id='block_1_96' title="bbox 2106 3628 3487 3703">
    <p class='ocr_par' dir='ltr' id='par_1_96' title="bbox 2106 3628 3487 3703">
     <span class='ocr_line' id='line_1_96' title="bbox 2106 3628 3487 3703; baseline -0.006 -15"><span class='ocrx_word' id='word_1_572' title='bbox 2106 3634 2479 3703; x_wconf 88' lang='lat' dir='ltr'>Secessusque</span> <span class='ocrx_word' id='word_1_573' title='bbox 2506 3630 2610 3685; x_wconf 87' lang='lat' dir='ltr'>alvi</span> <span class='ocrx_word' id='word_1_574' title='bbox 2642 3628 2878 3685; x_wconf 89' lang='lat' dir='ltr'>sudibus</span> <span class='ocrx_word' id='word_1_575' title='bbox 2908 3629 3262 3684; x_wconf 88' lang='lat' dir='ltr'>terebrantur</span> <span class='ocrx_word' id='word_1_576' title='bbox 3290 3628 3487 3695; x_wconf 81' lang='lat' dir='ltr'>acutis,</span> 
     </span>
    </p>
   </div>
   <div class='ocr_carea' id='block_1_97' title="bbox 2105 3717 3558 3792">
    <p class='ocr_par' dir='ltr' id='par_1_97' title="bbox 2105 3717 3558 3792">
     <span class='ocr_line' id='line_1_97' title="bbox 2105 3717 3558 3792; baseline -0.006 -14"><span class='ocrx_word' id='word_1_577' title='bbox 2105 3722 2173 3778; x_wconf 88' lang='lat' dir='ltr'>Ut</span> <span class='ocrx_word' id='word_1_578' title='bbox 2203 3736 2401 3792; x_wconf 88' lang='lat' dir='ltr'>panem</span> <span class='ocrx_word' id='word_1_579' title='bbox 2420 3720 2644 3783; x_wconf 84' lang='lat' dir='ltr'>miseris</span> <span class='ocrx_word' id='word_1_580' title='bbox 2667 3727 2923 3791; x_wconf 89' lang='lat' dir='ltr'>promant</span> <span class='ocrx_word' id='word_1_581' title='bbox 2952 3718 3313 3791; x_wconf 89' lang='lat' dir='ltr'>ciathumque</span> <span class='ocrx_word' id='word_1_582' title='bbox 3342 3717 3558 3773; x_wconf 67' lang='lat' dir='ltr'>farinae.</span> 
     </span>
    </p>
   </div>
   <div class='ocr_carea' id='block_1_98' title="bbox 2107 3807 3546 3884">
    <p class='ocr_par' dir='ltr' id='par_1_98' title="bbox 2107 3807 3546 3884">
     <span class='ocr_line' id='line_1_98' title="bbox 2107 3807 3546 3884; baseline -0.003 -17"><span class='ocrx_word' id='word_1_583' title='bbox 2107 3812 2436 3884; x_wconf 90' lang='lat' dir='ltr'>Dispereunt</span> <span class='ocrx_word' id='word_1_584' title='bbox 2473 3810 2642 3877; x_wconf 90' lang='lat' dir='ltr'>cives,</span> <span class='ocrx_word' id='word_1_585' title='bbox 2674 3816 2937 3881; x_wconf 89' lang='lat' dir='ltr'>superant</span> <span class='ocrx_word' id='word_1_586' title='bbox 2967 3807 3327 3880; x_wconf 65' lang='lat' dir='ltr'>praedonibus</span> <span class='ocrx_word' id='word_1_587' title='bbox 3358 3822 3502 3863; x_wconf 62' lang='lat' dir='ltr'>escae</span> <span class='ocrx_word' id='word_1_588' title='bbox 3530 3823 3546 3871; x_wconf 87' lang='lat'><strong>;</strong></span> 
     </span>
    </p>
   </div>
   <div class='ocr_carea' id='block_1_99' title="bbox 2108 3899 3431 3972">
    <p class='ocr_par' dir='ltr' id='par_1_99' title="bbox 2108 3899 3431 3972">
     <span class='ocr_line' id='line_1_99' title="bbox 2108 3899 3431 3972; baseline -0.007 -14"><span class='ocrx_word' id='word_1_589' title='bbox 2108 3902 2478 3972; x_wconf 85' lang='lat' dir='ltr'>Esuriensque</span> <span class='ocrx_word' id='word_1_590' title='bbox 2508 3899 2677 3955; x_wconf 91' lang='lat' dir='ltr'>miser</span> <span class='ocrx_word' id='word_1_591' title='bbox 2712 3905 2898 3953; x_wconf 87' lang='lat' dir='ltr'>saturo</span> <span class='ocrx_word' id='word_1_592' title='bbox 2925 3903 3131 3953; x_wconf 89' lang='lat' dir='ltr'>tortore</span> <span class='ocrx_word' id='word_1_593' title='bbox 3154 3902 3385 3952; x_wconf 90' lang='lat' dir='ltr'>necatus</span> <span class='ocrx_word' id='word_1_594' title='bbox 3417 3911 3431 3949; x_wconf 90' lang='lat'><strong>:</strong></span> 
     </span>
    </p>
   </div>
   <div class='ocr_carea' id='block_1_100' title="bbox 2109 3984 3445 4064">
    <p class='ocr_par' dir='ltr' id='par_1_100' title="bbox 2109 3984 3445 4064">
     <span class='ocr_line' id='line_1_100' title="bbox 2109 3984 3445 4064; baseline -0.007 -15"><span class='ocrx_word' id='word_1_595' title='bbox 2109 3996 2175 4050; x_wconf 86' lang='lat' dir='ltr'>Et</span> <span class='ocrx_word' id='word_1_596' title='bbox 2201 3993 2399 4049; x_wconf 90' lang='lat' dir='ltr'>merito</span> <span class='ocrx_word' id='word_1_597' title='bbox 2430 3991 2597 4064; x_wconf 90' lang='lat' dir='ltr'>positi</span> <span class='ocrx_word' id='word_1_598' title='bbox 2623 4006 2840 4046; x_wconf 91' lang='lat' dir='ltr'>summo</span> <span class='ocrx_word' id='word_1_599' title='bbox 2865 3989 2922 4044; x_wconf 90' lang='lat' dir='ltr'>in</span> <span class='ocrx_word' id='word_1_600' title='bbox 2962 3986 3287 4044; x_wconf 89' lang='lat' dir='ltr'>discrimine</span> <span class='ocrx_word' id='word_1_601' title='bbox 3311 3984 3445 4042; x_wconf 87' lang='lat' dir='ltr'>lethi</span> 
     </span>
    </p>
   </div>
   <div class='ocr_carea' id='block_1_101' title="bbox 2108 4076 3531 4156">
    <p class='ocr_par' dir='ltr' id='par_1_101' title="bbox 2108 4076 3531 4156">
     <span class='ocr_line' id='line_1_101' title="bbox 2108 4076 3531 4156; baseline -0.006 -16"><span class='ocrx_word' id='word_1_602' title='bbox 2108 4086 2373 4140; x_wconf 87' lang='lat' dir='ltr'>Latrones</span> <span class='ocrx_word' id='word_1_603' title='bbox 2396 4083 2633 4139; x_wconf 88' lang='lat' dir='ltr'>tolerant</span> <span class='ocrx_word' id='word_1_604' title='bbox 2654 4082 2747 4155; x_wconf 93' lang='lat' dir='ltr'>qui</span> <span class='ocrx_word' id='word_1_605' title='bbox 2777 4082 3037 4156; x_wconf 89' lang='lat' dir='ltr'>delegere</span> <span class='ocrx_word' id='word_1_606' title='bbox 3067 4080 3335 4136; x_wconf 89' lang='lat' dir='ltr'>latronem</span> <span class='ocrx_word' id='word_1_607' title='bbox 3367 4076 3531 4150; x_wconf 76' lang='grc'>(152).</span> 
     </span>
    </p>
   </div>
   <div class='ocr_carea' id='block_1_102' title="bbox 2106 4167 3443 4246">
    <p class='ocr_par' dir='ltr' id='par_1_102' title="bbox 2106 4167 3443 4246">
     <span class='ocr_line' id='line_1_102' title="bbox 2106 4167 3443 4246; baseline -0.007 -16"><span class='ocrx_word' id='word_1_608' title='bbox 2106 4175 2369 4246; x_wconf 74' lang='lat' dir='ltr'>Ereptant</span> <span class='ocrx_word' id='word_1_609' title='bbox 2395 4171 2565 4244; x_wconf 88' lang='lat' dir='ltr'>aliqui</span> <span class='ocrx_word' id='word_1_610' title='bbox 2598 4170 2844 4237; x_wconf 89' lang='lat' dir='ltr'>frutices,</span> <span class='ocrx_word' id='word_1_611' title='bbox 2865 4169 3178 4241; x_wconf 89' lang='lat' dir='ltr'>herbasque</span> <span class='ocrx_word' id='word_1_612' title='bbox 3201 4167 3443 4242; x_wconf 89' lang='lat' dir='ltr'>legendo</span> 
     </span>
    </p>
   </div>
   <div class='ocr_carea' id='block_1_103' title="bbox 2106 4261 3353 4339">
    <p class='ocr_par' dir='ltr' id='par_1_103' title="bbox 2106 4261 3353 4339">
     <span class='ocr_line' id='line_1_103' title="bbox 2106 4261 3353 4339; baseline -0.006 -17"><span class='ocrx_word' id='word_1_613' title='bbox 2106 4267 2410 4322; x_wconf 92' lang='lat' dir='ltr'>Occurrunt</span> <span class='ocrx_word' id='word_1_614' title='bbox 2438 4265 2597 4339; x_wconf 90' lang='lat' dir='ltr'>queis</span> <span class='ocrx_word' id='word_1_615' title='bbox 2629 4263 2859 4319; x_wconf 88' lang='lat' dir='ltr'>hostiles</span> <span class='ocrx_word' id='word_1_616' title='bbox 2890 4261 3096 4335; x_wconf 85' lang='lat' dir='ltr'>fugisse</span> <span class='ocrx_word' id='word_1_617' title='bbox 3128 4266 3353 4315; x_wconf 90' lang='lat' dir='ltr'>catenas</span> 
     </span>
    </p>
   </div>
   <div class='ocr_carea' id='block_1_104' title="bbox 2108 4346 3533 4429">
    <p class='ocr_par' dir='ltr' id='par_1_104' title="bbox 2108 4346 3533 4429">
     <span class='ocr_line' id='line_1_104' title="bbox 2108 4346 3533 4429; baseline -0.007 -17"><span class='ocrx_word' id='word_1_618' title='bbox 2108 4357 2419 4429; x_wconf 91' lang='lat' dir='ltr'>Contigerat</span> <span class='ocrx_word' id='word_1_619' title='bbox 2450 4373 2465 4421; x_wconf 89' lang='lat'><strong>;</strong></span> <span class='ocrx_word' id='word_1_620' title='bbox 2496 4355 2743 4411; x_wconf 90' lang='lat' dir='ltr'>fomenta</span> <span class='ocrx_word' id='word_1_621' title='bbox 2772 4369 2940 4408; x_wconf 90' lang='lat' dir='ltr'>manu</span> <span class='ocrx_word' id='word_1_622' title='bbox 2972 4353 3204 4407; x_wconf 90' lang='lat' dir='ltr'>collecta</span> <span class='ocrx_word' id='word_1_623' title='bbox 3238 4346 3533 4415; x_wconf 83' lang='lat' dir='ltr'>revellunt,</span> 
     </span>
    </p>
   </div>
   <div class='ocr_carea' id='block_1_105' title="bbox 2108 4445 3406 4517">
    <p class='ocr_par' dir='ltr' id='par_1_105' title="bbox 2108 4445 3406 4517">
     <span class='ocr_line' id='line_1_105' title="bbox 2108 4445 3406 4517; baseline -0.006 -15"><span class='ocrx_word' id='word_1_624' title='bbox 2108 4447 2188 4503; x_wconf 87' lang='lat' dir='ltr'>Nil</span> <span class='ocrx_word' id='word_1_625' title='bbox 2221 4446 2457 4516; x_wconf 89' lang='lat' dir='ltr'>adjurati</span> <span class='ocrx_word' id='word_1_626' title='bbox 2483 4445 2722 4501; x_wconf 90' lang='lat' dir='ltr'>reddunt</span> <span class='ocrx_word' id='word_1_627' title='bbox 2751 4460 2849 4517; x_wconf 90' lang='lat' dir='ltr'>pro</span> <span class='ocrx_word' id='word_1_628' title='bbox 2883 4458 3114 4498; x_wconf 89' lang='lat' dir='ltr'>munere</span> <span class='ocrx_word' id='word_1_629' title='bbox 3144 4455 3364 4497; x_wconf 92' lang='lat' dir='ltr'>summo</span> <span class='ocrx_word' id='word_1_630' title='bbox 3392 4457 3406 4494; x_wconf 90' lang='lat'><strong>:</strong></span> 
     </span>
    </p>
   </div>
   <div class='ocr_carea' id='block_1_106' title="bbox 2110 4527 3630 4610">
    <p class='ocr_par' dir='ltr' id='par_1_106' title="bbox 2110 4527 3630 4610">
     <span class='ocr_line' id='line_1_106' title="bbox 2110 4527 3630 4610; baseline -0.007 -18"><span class='ocrx_word' id='word_1_631' title='bbox 2110 4537 2170 4591; x_wconf 90' lang='lat' dir='ltr'>ld</span> <span class='ocrx_word' id='word_1_632' title='bbox 2201 4543 2459 4608; x_wconf 89' lang='lat' dir='ltr'>reputant</span> <span class='ocrx_word' id='word_1_633' title='bbox 2497 4536 2734 4610; x_wconf 79' lang='lat' dir='ltr'>miseros</span> <span class='ocrx_word' id='word_1_634' title='bbox 2765 4535 2993 4606; x_wconf 89' lang='lat' dir='ltr'>impune</span> <span class='ocrx_word' id='word_1_635' title='bbox 3023 4541 3082 4587; x_wconf 93' lang='lat' dir='ltr'>ut</span> <span class='ocrx_word' id='word_1_636' title='bbox 3122 4545 3354 4606; x_wconf 89' lang='lat' dir='ltr'>pergere</span> <span class='ocrx_word' id='word_1_637' title='bbox 3383 4527 3630 4594; x_wconf 84' lang='lat' dir='ltr'>mittant,</span> 
     </span>
    </p>
   </div>
   <div class='ocr_carea' id='block_1_107' title="bbox 2026 4587 3465 4697">
    <p class='ocr_par' dir='ltr' id='par_1_107' title="bbox 2026 4587 3465 4697">
     <span class='ocr_line' id='line_1_107' title="bbox 2026 4587 3465 4697; baseline -0.006 -18"><span class='ocrx_word' id='word_1_638' title='bbox 2026 4587 2086 4656; x_wconf 84' lang='lat' dir='ltr'><strong>D</strong></span> <span class='ocrx_word' id='word_1_639' title='bbox 2111 4587 2292 4696; x_wconf 61' lang='lat' dir='ltr'>Inque</span> <span class='ocrx_word' id='word_1_640' title='bbox 2316 4623 2445 4697; x_wconf 83' lang='lat' dir='ltr'>fuga</span> <span class='ocrx_word' id='word_1_641' title='bbox 2465 4639 2533 4679; x_wconf 91' lang='lat' dir='ltr'>ne</span> <span class='ocrx_word' id='word_1_642' title='bbox 2564 4600 2711 4679; x_wconf 76' lang='lat' dir='ltr'>forte</span> <span class='ocrx_word' id='word_1_643' title='bbox 2735 4587 2887 4678; x_wconf 73' lang='lat' dir='ltr'>locus</span> <span class='ocrx_word' id='word_1_644' title='bbox 2913 4630 3080 4694; x_wconf 87' lang='lat' dir='ltr'>queat</span> <span class='ocrx_word' id='word_1_645' title='bbox 3100 4587 3465 4685; x_wconf 59' lang='lat' dir='ltr'>esseusalutis,</span> 
     </span>
    </p>
   </div>
   <div class='ocr_carea' id='block_1_108' title="bbox 2109 4706 3620 4786">
    <p class='ocr_par' dir='ltr' id='par_1_108' title="bbox 2109 4706 3620 4786">
     <span class='ocr_line' id='line_1_108' title="bbox 2109 4706 3620 4786; baseline -0.005 -17"><span class='ocrx_word' id='word_1_646' title='bbox 2109 4714 2407 4772; x_wconf 84' lang='lat' dir='ltr'>inveniunt</span> <span class='ocrx_word' id='word_1_647' title='bbox 2436 4714 2623 4769; x_wconf 89' lang='lat' dir='ltr'>hostes</span> <span class='ocrx_word' id='word_1_648' title='bbox 2653 4727 2909 4767; x_wconf 90' lang='lat' dir='ltr'>nummos</span> <span class='ocrx_word' id='word_1_649' title='bbox 2940 4711 3043 4766; x_wconf 91' lang='lat' dir='ltr'>sub</span> <span class='ocrx_word' id='word_1_650' title='bbox 3076 4709 3321 4786; x_wconf 83' lang='lat' dir='ltr'>tegmine</span> <span class='ocrx_word' id='word_1_651' title='bbox 3347 4706 3620 4779; x_wconf 89' lang='lat' dir='ltr'>quosdam</span> 
     </span>
    </p>
   </div>
   <div class='ocr_carea' id='block_1_109' title="bbox 2107 4798 3527 4877">
    <p class='ocr_par' dir='ltr' id='par_1_109' title="bbox 2107 4798 3527 4877">
     <span class='ocr_line' id='line_1_109' title="bbox 2107 4798 3527 4877; baseline -0.007 -16"><span class='ocrx_word' id='word_1_652' title='bbox 2107 4805 2659 4877; x_wconf 88' lang='lat' dir='ltr'>Deportare,aliquot</span> <span class='ocrx_word' id='word_1_653' title='bbox 2687 4820 2877 4859; x_wconf 89' lang='lat' dir='ltr'>aurum</span> <span class='ocrx_word' id='word_1_654' title='bbox 2910 4802 3141 4877; x_wconf 88' lang='lat' dir='ltr'>glutisse</span> <span class='ocrx_word' id='word_1_655' title='bbox 3172 4798 3527 4871; x_wconf 89' lang='lat' dir='ltr'>prehendunt</span> 
     </span>
    </p>
   </div>
   <div class='ocr_carea' id='block_1_110' title="bbox 2109 4892 3527 4971">
    <p class='ocr_par' dir='ltr' id='par_1_110' title="bbox 2109 4892 3527 4971">
     <span class='ocr_line' id='line_1_110' title="bbox 2109 4892 3527 4971; baseline -0.008 -16"><span class='ocrx_word' id='word_1_656' title='bbox 2109 4898 2447 4955; x_wconf 91' lang='lat' dir='ltr'>Obtruneant</span> <span class='ocrx_word' id='word_1_657' title='bbox 2468 4897 2632 4971; x_wconf 82' lang='lat' dir='ltr'>igitur</span> <span class='ocrx_word' id='word_1_658' title='bbox 2660 4910 2983 4970; x_wconf 85' lang='lat' dir='ltr'>progressos</span> <span class='ocrx_word' id='word_1_659' title='bbox 3011 4892 3290 4950; x_wconf 76' lang='lat' dir='ltr'>mcenibus</span> <span class='ocrx_word' id='word_1_660' title='bbox 3327 4905 3527 4947; x_wconf 90' lang='lat' dir='ltr'>omnes</span> 
     </span>
    </p>
   </div>
   <div class='ocr_carea' id='block_1_111' title="bbox 2109 4983 3520 5060">
    <p class='ocr_par' dir='ltr' id='par_1_111' title="bbox 2109 4983 3520 5060">
     <span class='ocr_line' id='line_1_111' title="bbox 2109 4983 3520 5060; baseline -0.005 -13"><span class='ocrx_word' id='word_1_661' title='bbox 2109 4992 2357 5047; x_wconf 89' lang='lat' dir='ltr'>Parcitur</span> <span class='ocrx_word' id='word_1_662' title='bbox 2384 4990 2531 5046; x_wconf 89' lang='lat' dir='ltr'>haud</span> <span class='ocrx_word' id='word_1_663' title='bbox 2559 4990 2678 5060; x_wconf 91' lang='lat' dir='ltr'>ulli,</span> <span class='ocrx_word' id='word_1_664' title='bbox 2709 4988 2924 5045; x_wconf 85' lang='lat' dir='ltr'>loculus</span> <span class='ocrx_word' id='word_1_665' title='bbox 2955 4988 3086 5043; x_wconf 90' lang='lat' dir='ltr'>dum</span> <span class='ocrx_word' id='word_1_666' title='bbox 3110 4986 3353 5043; x_wconf 90' lang='lat' dir='ltr'>creditur</span> <span class='ocrx_word' id='word_1_667' title='bbox 3379 4983 3520 5041; x_wconf 90' lang='lat' dir='ltr'>auri.</span> 
     </span>
    </p>
   </div>
   <div class='ocr_carea' id='block_1_112' title="bbox 2182 5079 3452 5160">
    <p class='ocr_par' dir='ltr' id='par_1_112' title="bbox 2182 5079 3452 5160">
     <span class='ocr_line' id='line_1_112' title="bbox 2182 5079 3452 5160; baseline -0.006 -19"><span class='ocrx_word' id='word_1_668' title='bbox 2182 5088 2274 5141; x_wconf 87' lang='lat' dir='ltr'>Ast</span> <span class='ocrx_word' id='word_1_669' title='bbox 2298 5085 2395 5141; x_wconf 88' lang='lat' dir='ltr'>ubi</span> <span class='ocrx_word' id='word_1_670' title='bbox 2428 5084 2673 5160; x_wconf 86' lang='lat' dir='ltr'>perfugis</span> <span class='ocrx_word' id='word_1_671' title='bbox 2703 5085 3034 5154; x_wconf 63' lang='lat' dir='ltr'>restatjspes</span> <span class='ocrx_word' id='word_1_672' title='bbox 3062 5081 3213 5137; x_wconf 90' lang='lat' dir='ltr'>nulla</span> <span class='ocrx_word' id='word_1_673' title='bbox 3237 5079 3452 5142; x_wconf 89' lang='lat' dir='ltr'>salutis,</span> 
     </span>
    </p>
   </div>
   <div class='ocr_carea' id='block_1_113' title="bbox 2112 5169 3491 5248">
    <p class='ocr_par' dir='ltr' id='par_1_113' title="bbox 2112 5169 3491 5248">
     <span class='ocr_line' id='line_1_113' title="bbox 2112 5169 3491 5248; baseline -0.007 -16"><span class='ocrx_word' id='word_1_674' title='bbox 2112 5179 2257 5233; x_wconf 88' lang='lat' dir='ltr'>Intra</span> <span class='ocrx_word' id='word_1_675' title='bbox 2280 5185 2438 5248; x_wconf 90' lang='lat' dir='ltr'>septa</span> <span class='ocrx_word' id='word_1_676' title='bbox 2469 5176 2642 5231; x_wconf 89' lang='lat' dir='ltr'>fames</span> <span class='ocrx_word' id='word_1_677' title='bbox 2673 5189 2999 5230; x_wconf 90' lang='lat' dir='ltr'>cxcrescens</span> <span class='ocrx_word' id='word_1_678' title='bbox 3021 5179 3222 5228; x_wconf 88' lang='lat' dir='ltr'>cuncta</span> <span class='ocrx_word' id='word_1_679' title='bbox 3242 5169 3491 5236; x_wconf 88' lang='lat' dir='ltr'>tenebat,</span> 
     </span>
    </p>
   </div>
   <div class='ocr_carea' id='block_1_114' title="bbox 2109 5261 3478 5329">
    <p class='ocr_par' dir='ltr' id='par_1_114' title="bbox 2109 5261 3478 5329">
     <span class='ocr_line' id='line_1_114' title="bbox 2109 5261 3478 5329; baseline -0.009 -7"><span class='ocrx_word' id='word_1_680' title='bbox 2109 5267 2337 5322; x_wconf 91' lang='lat' dir='ltr'>Omnem</span> <span class='ocrx_word' id='word_1_681' title='bbox 2365 5266 2658 5320; x_wconf 84' lang='lat' dir='ltr'>devastans</span> <span class='ocrx_word' id='word_1_682' title='bbox 2688 5264 2907 5329; x_wconf 91' lang='lat' dir='ltr'>urbem,</span> <span class='ocrx_word' id='word_1_683' title='bbox 2926 5261 3168 5318; x_wconf 89' lang='lat' dir='ltr'>viventia</span> <span class='ocrx_word' id='word_1_684' title='bbox 3198 5269 3478 5324; x_wconf 76' lang='lat' dir='ltr'>sternens,</span> 
     </span>
    </p>
   </div>
   <div class='ocr_carea' id='block_1_115' title="bbox 2111 5348 3536 5425">
    <p class='ocr_par' dir='ltr' id='par_1_115' title="bbox 2111 5348 3536 5425">
     <span class='ocr_line' id='line_1_115' title="bbox 2111 5348 3536 5425; baseline -0.007 -14"><span class='ocrx_word' id='word_1_685' title='bbox 2111 5357 2249 5411; x_wconf 82' lang='lat' dir='ltr'>Fusa</span> <span class='ocrx_word' id='word_1_686' title='bbox 2273 5354 2461 5425; x_wconf 86' lang='lat' dir='ltr'>jacent</span> <span class='ocrx_word' id='word_1_687' title='bbox 2491 5353 2619 5408; x_wconf 88' lang='lat' dir='ltr'>imis</span> <span class='ocrx_word' id='word_1_688' title='bbox 2643 5350 3021 5424; x_wconf 89' lang='lat' dir='ltr'>penetralibus</span> <span class='ocrx_word' id='word_1_689' title='bbox 3063 5349 3252 5405; x_wconf 85' lang='lat' dir='ltr'>abdita</span> <span class='ocrx_word' id='word_1_690' title='bbox 3278 5348 3536 5403; x_wconf 87' lang='lat' dir='ltr'>claustris</span> 
     </span>
    </p>
   </div>
   <div class='ocr_carea' id='block_1_116' title="bbox 2116 5441 3380 5516">
    <p class='ocr_par' dir='ltr' id='par_1_116' title="bbox 2116 5441 3380 5516">
     <span class='ocr_line' id='line_1_116' title="bbox 2116 5441 3380 5516; baseline -0.008 -12"><span class='ocrx_word' id='word_1_691' title='bbox 2116 5448 2356 5505; x_wconf 85' lang='lat' dir='ltr'>Feminei</span> <span class='ocrx_word' id='word_1_692' title='bbox 2389 5463 2551 5501; x_wconf 90' lang='lat' dir='ltr'>sexus</span> <span class='ocrx_word' id='word_1_693' title='bbox 2577 5445 2740 5500; x_wconf 89' lang='lat' dir='ltr'>simul</span> <span class='ocrx_word' id='word_1_694' title='bbox 2775 5451 2829 5499; x_wconf 93' lang='lat' dir='ltr'>et</span> <span class='ocrx_word' id='word_1_695' title='bbox 2860 5443 3095 5516; x_wconf 91' lang='lat' dir='ltr'>puerilia</span> <span class='ocrx_word' id='word_1_696' title='bbox 3112 5441 3380 5509; x_wconf 88' lang='lat' dir='ltr'>membra,</span> 
     </span>
    </p>
   </div>
   <div class='ocr_carea' id='block_1_117' title="bbox 2116 5527 3571 5608">
    <p class='ocr_par' dir='ltr' id='par_1_117' title="bbox 2116 5527 3571 5608">
     <span class='ocr_line' id='line_1_117' title="bbox 2116 5527 3571 5608; baseline -0.01 -12"><span class='ocrx_word' id='word_1_697' title='bbox 2116 5542 2175 5596; x_wconf 88' lang='lat' dir='ltr'>In</span> <span class='ocrx_word' id='word_1_698' title='bbox 2200 5538 2505 5608; x_wconf 87' lang='lat' dir='ltr'>mediisque</span> <span class='ocrx_word' id='word_1_699' title='bbox 2537 5536 2679 5590; x_wconf 90' lang='lat' dir='ltr'>fame</span> <span class='ocrx_word' id='word_1_700' title='bbox 2704 5534 2985 5589; x_wconf 90' lang='lat' dir='ltr'>seniorum</span> <span class='ocrx_word' id='word_1_701' title='bbox 3017 5527 3521 5601; x_wconf 89' lang='lat' dir='ltr'>absumptaplateis</span> <span class='ocrx_word' id='word_1_702' title='bbox 3557 5545 3571 5581; x_wconf 88' lang='lat'>:</span> 
     </span>
    </p>
   </div>
   <div class='ocr_carea' id='block_1_118' title="bbox 2116 5624 3425 5701">
    <p class='ocr_par' dir='ltr' id='par_1_118' title="bbox 2116 5624 3425 5701">
     <span class='ocr_line' id='line_1_118' title="bbox 2116 5624 3425 5701; baseline -0.01 -14"><span class='ocrx_word' id='word_1_703' title='bbox 2116 5637 2178 5688; x_wconf 81' lang='lat' dir='ltr'>At</span> <span class='ocrx_word' id='word_1_704' title='bbox 2197 5632 2435 5701; x_wconf 85' lang='lat' dir='ltr'>juvenes</span> <span class='ocrx_word' id='word_1_705' title='bbox 2456 5628 2749 5699; x_wconf 91' lang='lat' dir='ltr'>omnisque</span> <span class='ocrx_word' id='word_1_706' title='bbox 2770 5627 2949 5681; x_wconf 85' lang='lat' dir='ltr'>virum</span> <span class='ocrx_word' id='word_1_707' title='bbox 2983 5624 3265 5680; x_wconf 87' lang='lat' dir='ltr'>robustior</span> <span class='ocrx_word' id='word_1_708' title='bbox 3292 5627 3425 5675; x_wconf 67' lang='lat' dir='ltr'>tetas</span> 
     </span>
    </p>
   </div>
   <div class='ocr_carea' id='block_1_119' title="bbox 2119 5713 3472 5788">
    <p class='ocr_par' dir='ltr' id='par_1_119' title="bbox 2119 5713 3472 5788">
     <span class='ocr_line' id='line_1_119' title="bbox 2119 5713 3472 5788; baseline -0.013 -10"><span class='ocrx_word' id='word_1_709' title='bbox 2119 5723 2183 5779; x_wconf 86' lang='lat' dir='ltr'>Ul</span> <span class='ocrx_word' id='word_1_710' title='bbox 2213 5720 2508 5776; x_wconf 90' lang='lat' dir='ltr'>simulacra</span> <span class='ocrx_word' id='word_1_711' title='bbox 2524 5717 2625 5774; x_wconf 89' lang='lat' dir='ltr'>viis</span> <span class='ocrx_word' id='word_1_712' title='bbox 2655 5715 2926 5788; x_wconf 88' lang='lat' dir='ltr'>pallentes</span> <span class='ocrx_word' id='word_1_713' title='bbox 2954 5713 3214 5771; x_wconf 89' lang='lat' dir='ltr'>omnibus</span> <span class='ocrx_word' id='word_1_714' title='bbox 3239 5716 3426 5767; x_wconf 85' lang='lat' dir='ltr'>errant</span> <span class='ocrx_word' id='word_1_715' title='bbox 3460 5723 3472 5761; x_wconf 93' lang='lat'>:</span> 
     </span>
    </p>
   </div>
  </div>
