3874 6410
133 407 243 464 513

138 547 203 602 Et
231 560 567 618 quocunque
594 545 702 601 loci
731 560 982 618 gressum
1013 543 1120 600 sibi
1161 545 1336 616 pestis
1361 545 1570 602 ademit

139 635 304 690 Clade
337 639 522 698 ruunt,
551 648 786 704 quorum
817 632 1061 703 sepelire
1092 633 1364 689 cadavera
1403 634 1632 690 morbus

139 726 217 778 Ac
275 739 540 778 numerus
597 721 920 793 prohibent.
963 721 1194 786 Quidam
1257 738 1427 794 super
1481 730 1636 778 antra
1683 739 1777 779 se-

1508 816 1704 887 [pulcri

142 911 413 966 Emittunt
442 911 676 976 animas,
707 909 850 965 alios
879 908 1120 980 sepelire
1143 915 1418 979 parantes.

141 1007 435 1078 Exspirant
467 1007 560 1061 alii
591 1005 758 1061 fantis
791 1005 879 1077 [f.,
923 1004 1122 1074 fantes[
1155 1003 1286 1058 dum
1316 1003 1512 1059 funera
1546 1005 1777 1072 ducunt,

145 1093 260 1149 Nec
279 1094 505 1149 tumulis
523 1093 665 1150 alios
689 1094 844 1160 dant,
869 1093 1342 1161 nec.tumulantur
1367 1093 1436 1147 ab
1466 1093 1599 1148 ullo.

143 1186 259 1241 Nec
289 1187 359 1242 de
388 1193 565 1242 morte
592 1193 754 1242 sonat
779 1186 1054 1257 planctus,
1085 1202 1211 1240 nam
1245 1186 1490 1242 vindicat
1511 1201 1676 1241 omne

143 1278 245 1333 Jus
274 1277 382 1332 sibi
411 1276 716 1348 pernicies:
747 1276 924 1331 oculis
949 1291 1173 1348 quoque
1207 1276 1448 1347 dempsit
1473 1277 1778 1332 humorem.

147 1370 528 1425 Subdiderant
551 1367 747 1424 urbem
775 1369 888 1436 jam
929 1375 1082 1423 vasta
1120 1368 1342 1423 silentia
1371 1375 1560 1434 totam,

147 1460 331 1529 Atque
356 1457 461 1512 loci
490 1456 686 1511 faciem
720 1457 916 1512 mortis
948 1463 1269 1511 contexerat
1297 1456 1532 1523 umbra;

150 1547 284 1600 Sola
313 1545 463 1618 viget
491 1544 714 1618 gravior
735 1545 917 1615 pmnis
947 1560 1148 1598 manus
1178 1545 1442 1600 omnibus
1463 1545 1582 1599 istis

150 1637 510 1700 Praedonum,
543 1644 668 1707 post
697 1644 895 1692 cuncta
928 1636 1096 1690 etiam
1127 1636 1364 1706 spoliare
1395 1635 1646 1706 sepulcra

151 1729 259 1794 Qui
293 1729 501 1783 licitum
527 1728 758 1794 ducunt,
793 1727 1105 1802 gladiisque
1137 1728 1403 1783 cadavera
1427 1733 1719 1792 truncant;

151 1819 447 1890 Spirantes
478 1818 778 1888 perimunt,
820 1819 1083 1889 solosque
1112 1818 1275 1873 ferire
1306 1828 1585 1882 recusant,

151 1909 486 1962 Semineces
519 1905 690 1961 tensis
730 1907 1054 1978 periniqnos
1095 1923 1326 1977 poscere
1360 1907 1588 1973 dextris,

153 1997 540 2068 Optantesque
562 1995 754 2050 vident
777 2011 1040 2066 supremo
1060 1995 1249 2050 fenore
1271 1995 1494 2050 ferrum.

151 2092 417 2147 Fetorem
447 2107 570 2145 cum
589 2090 702 2158 jam
727 2096 1013 2161 nequeunt
1042 2090 1279 2145 tolerare
1311 2090 1595 2164 nigrorum
1614 2088 1784 2161 (153),

153 2180 455 2236 Communi
481 2179 744 2234 mandant
770 2185 926 2234 terrae
954 2180 1086 2234 dare
1121 2195 1353 2251 corpora
1384 2187 1607 2250 sumptu

151 2275 304 2344 (154)
331 2272 563 2328 Vincere
596 2288 721 2327 mox
751 2272 927 2345 surgit
951 2271 1288 2327 morientum
1312 2270 1472 2341 copia
1490 2278 1790 2342 sumptum.

159 2371 410 2440 Corpora
438 2367 783 2439 praecipitant
812 2367 1010 2434 muris,
1040 2367 1166 2422 valli
1199 2373 1353 2422 antra
1385 2367 1686 2437 replentur.

233 2460 576 2516 Circumiens
603 2460 774 2526 Titus,
809 2473 1156 2530 cernensque
1180 2458 1447 2514 cadavere
1477 2458 1704 2515 ductum

157 2553 410 2609 Circuitu
436 2551 651 2624 appleri
678 2551 910 2618 fossum,
945 2551 1182 2622 tabeque
1213 2550 1379 2624 rigari

156 2643 412 2697 Humano
443 2647 668 2706 terram,
703 2640 940 2712 gemitus
959 2656 1087 2694 cum
1116 2655 1250 2694 voce
1277 2639 1514 2695 tetendit

155 2734 236 2789 Ad
266 2733 472 2789 coelum
499 2733 732 2804 palmas,
766 2738 958 2787 testem
982 2740 1139 2788 vocat
1164 2740 1308 2786 astra
1335 2739 1615 2806 regentem
1638 2749 1653 2797 ;

155 2827 276 2882 Non
303 2842 444 2898 Opus
469 2842 596 2880 esse
619 2841 804 2893 suum,
836 2826 1007 2880 multa
1036 2840 1148 2880 non
1173 2824 1404 2880 crimine
1435 2824 1488 2878 in
1515 2824 1652 2878 istis.

159 2917 360 2973 Omnia
392 2916 578 2972 feralis
609 2916 792 2971 rabies
820 2915 1094 2970 suadebat
1129 2915 1184 2969 in
1227 2931 1406 2970 escam
1432 2933 1445 2968 :

159 3008 292 3062 Haec
311 3007 477 3062 etiam
505 3023 740 3078 quorum
772 3007 959 3060 multis
987 3006 1323 3060 animalibus
1355 3022 1513 3060 esum

161 3101 442 3157 Vescendi
474 3117 766 3158 removens
795 3101 1015 3157 libitum
1048 3109 1243 3156 natura
1273 3101 1515 3175 negavit,

163 3196 431 3252 Mandere
460 3211 580 3264 eos,
604 3212 792 3253 mores
817 3212 1107 3267 superans,
1140 3195 1360 3251 fortuna
1386 3210 1526 3269 coeg

158 3287 277 3342 Nec
302 3286 435 3342 loris
465 3285 711 3352 tandem,
746 3286 968 3360 cinglis,
999 3285 1083 3340 vel
1125 3285 1516 3341 calceamentis

157 3383 494 3438 Abstinuere
518 3401 534 3449 ;
565 3383 716 3439 fores
741 3382 1003 3454 equidem
1032 3381 1310 3436 velamine
1331 3381 1546 3436 nudant
1570 3423 1584 3446 ,

163 3479 438 3534 Dentibus
467 3479 521 3532 hi
552 3478 822 3553 subigunt
845 3476 958 3532 feni
999 3482 1300 3532 stramenta
1328 3475 1558 3542 vetusti;

166 3571 273 3628 Ore
303 3577 491 3626 terunt
514 3569 741 3642 quidam
780 3569 939 3625 vacui
964 3568 1255 3624 molimine
1279 3568 1516 3632 ventris;

167 3659 410 3716 Sordida
439 3659 758 3731 quisquiliis
788 3660 954 3716 etiam
985 3660 1341 3734 spurgamina
1373 3659 1642 3714 vendunt.

169 3754 425 3822 Insuper,
456 3751 794 3807 horrendum
825 3750 1012 3808 dictul
1047 3751 1400 3823 reprobabile
1431 3753 1664 3818 cunctis,

170 3841 484 3898 Admissum
519 3841 736 3899 facinus
765 3842 952 3910 caedis,
985 3842 1347 3914 colubrisque
1377 3841 1641 3914 ferisque,

651 405 735 460 DE
772 403 1146 460 TRIUMPHIS
1198 404 1458 460 CHRISTI
1500 405 1578 460 ET
1619 406 1716 463 SS.
1758 405 2161 462 PALXESTINIE
2201 404 2377 463 LIBRI
2416 403 2601 460 TRES.
2637 435 2707 444 —
2749 404 2874 460 LIB.
2919 405 2984 459 II.

3394 408 3499 461 514

1802 552 1852 618 Α
1878 545 2102 600 Intamis
2123 544 2330 600 mulier
2361 551 2550 615 partus
2589 549 2648 599 ut
2676 542 2926 598 membra
2956 544 3180 609 vorarit,

1876 635 2097 690 Viscera
2118 633 2425 688 visceribus
2449 633 2687 703 propriis
2705 639 2757 686 et
2789 633 3012 703 propria
3042 633 3292 688 condens

1950 724 2043 778 His
2068 724 2250 778 attrita
2273 722 2432 776 malis
2453 721 2674 775 tandem
2703 720 2918 791 capitur
2941 721 3209 775 scelerata
3231 761 3243 775 .

1879 815 2038 881 Urbs,
2073 815 2421 886 ﬂammisque
2446 815 2605 868 datur
2625 813 2805 884 poenis
2827 812 3119 868 ultricibus
3149 819 3286 868 acta.

1881 911 2094 983 Quique
2125 911 2422 966 salutarem
2453 909 2745 964 Dominum
2774 909 2981 964 violare
3011 917 3240 964 cruenta

1883 999 2291 1070 Prmsumpsere
2316 1015 2502 1065 manu,
2527 998 2748 1052 Pasclue
2767 997 2896 1052 dum
2926 999 3064 1052 testa
3091 1002 3366 1064 teruntur,

1885 1085 2112 1143 Carcere
2144 1104 2245 1143 ceu
2269 1088 2512 1159 quodam
2543 1087 2731 1142 ultrici
2750 1087 2955 1141 virtute
2980 1085 3180 1149 coacti,

1885 1183 2077 1258 Regno
2104 1184 2279 1250 omni,
2321 1190 2559 1254 pereunt
2580 1183 2801 1237 Pasclue
2832 1181 2962 1236 dum
2994 1181 3132 1237 festa
3162 1179 3439 1237 coluntur.

1883 1276 2090 1331 Tricies
2131 1275 2348 1331 illorum
2386 1274 2685 1346 perhibent
2722 1283 2958 1328 centena
2986 1273 3157 1328 fuisse

1885 1368 2072 1436 Millia,
2104 1385 2338 1441 quorum
2370 1368 2667 1438 absumpta
2700 1368 2843 1422 fame
2870 1367 3166 1439 gladioque
3188 1365 3406 1421 furente

1888 1461 2163 1516 Undecies
2195 1469 2417 1516 centum
2450 1460 2778 1514 miserorum
2811 1459 2981 1513 millia
3014 1459 3255 1512 tradunt.

1890 1552 2025 1608 Hinc
2052 1562 2396 1626 grassatores
2427 1551 2638 1607 alterna
2665 1551 2816 1606 czede
2845 1561 3131 1606 necantur.

1891 1646 2060 1700 Electi
2080 1647 2316 1714 juvenes
2344 1663 2564 1702 currum
2599 1646 2803 1716 stipare
2823 1643 3088 1713 triumphi

1896 1735 2180 1789 Ducuntur
2201 1735 2369 1805 patris
2399 1742 2454 1790 et
2480 1735 2672 1809 geniti.
2724 1734 2818 1805 qui
2855 1733 3074 1789 vindice
3105 1732 3268 1787 caelo.

1896 1823 2194 1893 Tempores
2234 1823 2408 1878 Patris
2438 1832 2492 1878 et
2524 1823 2703 1877 Geniti
2732 1833 2973 1877 stravere
2997 1820 3281 1892 profanos.

1899 1914 2007 1968 Nec
2022 1914 2295 1983 reperitur
2315 1914 2381 1967 ad
2417 1914 2468 1968 id
2505 1921 2720 1983 tempus
2741 1914 2910 1967 decus
2939 1927 3114 1983 usque
3144 1911 3408 1981 triumphi

1888 2007 2102 2073 Nobile,
2139 2016 2252 2061 tum
2277 2017 2431 2077 pater
2461 2013 2514 2060 et
2542 2015 2741 2079 gnatus
2770 2005 2929 2059 simul
2965 2005 3102 2059 urbe
3133 2005 3342 2075 recepti

1890 2099 2028 2152 Sunt
2051 2114 2274 2169 unoque
2306 2097 2694 2168 triumphantis
2723 2097 3031 2170 gestamine
3058 2113 3273 2162 currus,

1891 2188 2085 2243 Chrisii
2116 2195 2173 2243 ut
2203 2188 2458 2243 vindictae
2491 2189 2661 2242 decus
2691 2189 2795 2243 hoc
2824 2194 3052 2243 ornetur
3077 2189 3308 2244 honore.

1894 2277 2093 2345 Judaei,
2129 2277 2293 2332 variis
2325 2278 2436 2331 tum
2478 2277 2888 2332 conditionibus
2918 2278 3047 2343 acti,

1896 2366 2224 2422 Subduntur
2248 2385 2261 2421 :
2297 2367 2495 2439 reliqui
2523 2367 2679 2422 multi
2702 2367 2908 2422 servire
2930 2367 3168 2422 metallis

1899 2459 2137 2526 Addicti,
2159 2459 2334 2514 rictus
2373 2459 2464 2514 alii
2497 2466 2744 2514 saturare
2776 2459 3037 2524 ferarum,

1897 2550 2158 2605 Nonnulli
2185 2551 2549 2624 gladiatorum
2579 2567 2841 2606 mucrone
2875 2552 3054 2622 perire
3083 2568 3096 2604 :

1897 2642 2230 2696 Venduntur
2256 2643 2464 2713 plures,
2498 2641 2657 2713 pueri
2699 2642 3111 2714 imberbesque,
3143 2642 3229 2697 vel
3258 2657 3454 2696 omnes

1901 2738 2135 2794 Octavus
2175 2739 2424 2793 decimus
2454 2754 2595 2809 quos
2622 2755 2734 2793 non
2766 2745 3060 2809 exceperat
3076 2753 3276 2793 annus.

1904 2830 2257 2901 Diversisque
2281 2830 2507 2905 relegati
2527 2829 2849 2903 regionibus
2878 2831 3026 2884 orbis

1903 2925 2166 2981 Omnibvs
2193 2927 2496 2982 ostendunt
2528 2926 2749 2997 p0pulis
2781 2942 2944 2997 quam
2976 2941 3175 3000 magne
3199 2923 3362 2995 piacli

1903 3017 2159 3073 Pondera
2187 3018 2454 3089 patrarint
2477 3017 2680 3088 pariter
2706 3018 3003 3071 meruisset
3033 3025 3093 3071 ut
3121 3017 3304 3072 omnis
3334 3003 3338 3006 ’

1904 3107 2191 3182 Exstingui
2219 3107 2480 3178 populus,
2506 3124 2644 3181 gens
2675 3114 2729 3161 et
2751 3114 2859 3161 tam
2883 3122 3079 3180 magna
3107 3106 3327 3175 perire;

1906 3195 2173 3266 Reliquiae
2204 3195 2392 3261 vendi,
2433 3195 2625 3249 mundi
2663 3210 2760 3264 per
2792 3195 3012 3249 climata
3038 3193 3246 3266 spargi.

1900 3289 2166 3364 Angelico
2199 3290 2440 3361 denique
2472 3305 2667 3345 carens
2687 3289 2956 3344 tutamine
2989 3289 3257 3359 templum

1904 3381 2186 3447 Polluitur,
2221 3381 2484 3453 quatitur,
2513 3386 2754 3436 vastatur
2782 3387 2839 3436 et
2869 3381 2994 3454 igne
3018 3388 3316 3435 crematur.

1904 3469 2098 3526 Sermo
2131 3470 2222 3524 Dei
2249 3487 2420 3540 super
2459 3470 2563 3524 hoc
2583 3469 2762 3525 dictus
2791 3469 3103 3539 completur
3131 3478 3186 3523 ct
3207 3467 3390 3522 omnis

1905 3564 2099 3620 Divino
2123 3565 2389 3620 Dominus
2407 3565 2568 3619 Iesus
2599 3580 2765 3636 quem
2796 3564 3000 3618 famine
3039 3564 3331 3634 prompsit.

1911 3656 2046 3711 Dum
2075 3656 2305 3710 sceleris
2325 3655 2524 3709 merito
2557 3654 2855 3725 perituram
2884 3654 3170 3728 plangeret
3197 3653 3392 3708 urbem
3417 3670 3430 3706 :

1913 3749 2160 3804 Ecclesia
2190 3749 2391 3805 Christi
2426 3749 2571 3803 clare
2596 3747 2876 3813 rutilante,
2918 3747 3160 3801 tenebrae

1911 3843 2198 3899 Tolluntur
2218 3843 2522 3916 templique
2551 3849 2708 3898 vetns
2737 3840 3039 3912 depcllitur
3056 3839 3270 3894 umbra.

1699 3963 1907 4020 CAPUT
1947 3965 2015 4020 II.

1297 4062 1374 4123 De
1417 4067 1863 4126 restauratione
1908 4069 2116 4145 templi
2158 4075 2412 4128 cassam.

164 4165 382 4242 Defuga
423 4166 572 4238 quod
599 4165 799 4222 Christi
829 4165 1082 4224 Julianus
1113 4174 1368 4240 apostata
1398 4171 1633 4241 priscam

169 4263 410 4318 Restitui
445 4261 728 4334 indigenis
754 4263 918 4338 longo
951 4271 1074 4335 post
1101 4271 1350 4336 tempore
1376 4266 1602 4321 mandat

177 4353 238 4407 In
271 4351 546 4423 speciem,
578 4352 741 4407 solito
770 4352 975 4406 Judzeis
1003 4369 1154 4408 more
1186 4353 1504 4409 colendum.

182 4447 572 4515 Appmperant
591 4443 670 4497 illi
695 4444 910 4498 cunctis
941 4443 1269 4519 regionibus
1295 4446 1424 4515 acti,

185 4536 297 4592 Ceu
329 4537 694 4592 ductarentur
723 4535 852 4592 divo
885 4552 1138 4606 praecone
1164 4537 1365 4606 vocati,

185 4627 558 4695 Conveniunt,
592 4627 912 4700 temploque
938 4629 1120 4685 locum
1153 4646 1375 4702 coepere
1405 4631 1670 4702 parando.

179 4721 450 4793 Sumptus
475 4719 558 4777 eis
589 4721 736 4776 vires
766 4721 1030 4792 privatus,
1073 4722 1330 4794 publicus
1361 4740 1575 4791 ausum,

180 4810 531 4877 Accumulat,
561 4809 775 4884 geritur
801 4811 1136 4881 properandi
1166 4812 1428 4868 instantia
1450 4814 1636 4884 empti.

184 4899 458 4955 Insultare
499 4899 667 4972 igitur
698 4906 941 4970 nostros,
972 4917 1074 4956 ceu
1107 4907 1358 4973 tempora
1389 4904 1544 4980 regni

184 4990 427 5047 Reddita
451 4989 805 5056 sustulerint;
848 4991 1000 5046 vultu
1033 4999 1240 5047 terrere
1271 4993 1499 5062 minaci,

188 5088 451 5142 Promere
478 5085 770 5152 saevitiam,
793 5085 1063 5140 tumidum
1098 5094 1382 5143 ostentare
1412 5087 1676 5156 furorem,

191 5179 512 5249 Cunctaque
541 5193 666 5233 cum
699 5176 840 5233 fastu
868 5178 924 5232 in
958 5185 1178 5234 nostros
1214 5180 1424 5254 agitare
1455 5181 1716 5252 superbo.

191 5273 312 5326 Jam
355 5270 778 5325 fundaminibus
807 5269 1100 5341 patefactis
1131 5279 1274 5326 terra
1295 5272 1540 5342 subibat,

194 5363 406 5432 Sponte
434 5360 657 5431 replens
685 5359 880 5428 fossas,
906 5367 961 5415 et
991 5367 1146 5416 erant
1178 5367 1363 5416 tamen
1386 5363 1573 5417 omnia
1606 5371 1822 5435 prazsto,

192 5453 355 5520 Saxa,
388 5454 569 5516 bases,
600 5469 856 5526 gypsum,
888 5454 1089 5519 calces,
1122 5460 1414 5521 caementa,
1448 5456 1753 5524 columnae;

193 5545 277 5600 Nil
303 5545 509 5600 deerat
535 5546 787 5614 jacerent
813 5561 954 5601 nova
980 5545 1358 5612 fundamenta,
1385 5549 1616 5604 vetustis

191 5637 335 5702 Quin
359 5636 688 5704 deturbatis,
720 5653 863 5708 Opus
889 5644 949 5692 ut
981 5638 1071 5694 lux
1103 5645 1232 5694 nata
1263 5639 1516 5708 referret,

193 5728 433 5785 Praesule
463 5741 598 5784 tunc
623 5729 859 5800 Solymae
899 5729 1030 5786 licet
1067 5729 1356 5788 obnitente
1389 5732 1605 5804 Cyrillo.

269 5838 418 5909 (153)
454 5838 511 5893 Id
533 5844 620 5894 est
649 5844 1022 5908 mortuorum;
1045 5837 1209 5912 niger
1228 5840 1377 5896 enim
1407 5856 1438 5898 a
1474 5847 1668 5916 νεκρός.

1856 5413 1908 5480 D

1916 4173 2016 4237 Qui
2050 4173 2315 4241 Danielis,
2346 4175 2512 4232 homo
2550 4183 2609 4232 ut
2631 4177 2898 4248 prudens,
2919 4176 3139 4232 oracula
3171 4176 3398 4244 rimans,

1917 4263 2222 4319 Verborum
2245 4281 2457 4320 memor
2477 4265 2714 4322 Domini.
2751 4283 2863 4322 nou
2904 4267 2959 4320 id
2992 4267 3134 4337 potis
3151 4283 3271 4320 esse

1917 4354 2170 4411 Testatur
2196 4357 2367 4426 lapidi
2403 4364 2461 4412 ut
2488 4357 2629 4428 lapis
2669 4359 2756 4412 hic
2786 4366 3002 4430 aptetur
3029 4359 3098 4412 ab
3131 4359 3288 4429 ipsis.

1918 4446 2095 4518 thue
2127 4448 2458 4518 probaretur
2497 4466 2605 4516 res,
2639 4450 2977 4519 exspectatio
3004 4449 3167 4505 facta.

1920 4542 2033 4597 Nox
2063 4542 2249 4612 Operis
2276 4543 2515 4614 spatium
2546 4544 2802 4614 captandi
2833 4544 2950 4599 sola
2979 4545 3252 4613 trahebat,
3305 4535 3308 4538 ’

1921 4630 1996 4684 En
2027 4630 2208 4686 subito
2239 4632 2484 4686 exoritur
2514 4640 2676 4687 motae
2715 4634 3009 4688 concussio
3040 4641 3221 4689 terrm.

1918 4719 2205 4775 Jactantur
2221 4720 2414 4792 procul
2455 4720 2588 4776 hinc
2615 4721 2853 4793 lapides,
2889 4720 3214 4778 fundamina
3245 4722 3353 4778 late
3431 4745 3464 4778 θ,

1922 4810 2274 4885 Sparguntur
2306 4811 2614 4885 rapidoque
2646 4820 2810 4868 ruunt
2838 4813 2942 4868 sita
2966 4815 3171 4870 moenia
3197 4815 3387 4886 lapsu:

1924 4899 2218 4956 Dissiliunt
2246 4909 2537 4970 caementa,
2570 4902 2869 4975 volantque
2901 4919 3001 4975 per
3021 4919 3147 4959 aera
3169 4903 3348 4959 calces

1928 4991 2239 5049 Porticibus
2271 4994 2473 5066 patulis
2503 4995 2801 5051 recubabat
2831 4995 3002 5051 multa
3031 4994 3308 5052 fabrorum

1925 5075 2108 5143 Turba
2131 5090 2509 5160 profanorum,
2543 5107 2642 5146 sua
2671 5091 2912 5147 condere
2945 5092 3068 5147 fana
3095 5102 3406 5163 parantum,

1929 5176 2236 5246 Parjetibus
2268 5179 2437 5250 lapsis
2467 5196 2605 5252 quos
2643 5181 2902 5235 attrivere
2933 5181 3124 5236 ruinae.

1929 5271 1991 5324 At
2023 5271 2224 5343 reliqui
2256 5283 2484 5328 mortem
2516 5274 2609 5344 qui
2642 5291 2702 5329 se
2733 5272 2994 5349 effugisse
3026 5277 3312 5348 putabant,

1933 5361 2233 5425 Quaesitum
2268 5373 2586 5434 properant,
2619 5371 2736 5420 orta
2763 5365 2878 5434 jam
2910 5366 3054 5433 lucc,
3086 5379 3426 5441 peremptos.

1935 5453 2170 5508 Interius
2201 5454 2426 5510 latitans
2454 5465 2668 5512 secreta
2698 5457 3033 5515 domuncula
3064 5461 3317 5533 quaedam

1936 5549 2306 5606 Instrumenta
2333 5551 2489 5622 Operi
2519 5553 2778 5611 servabat
2803 5556 3094 5613 commoda
3126 5566 3371 5630 sumpto.

1934 5643 2008 5698 Ex
2036 5643 2140 5698 hac
2171 5644 2536 5719 progrediens
2565 5646 2765 5722 globus
2810 5649 3028 5723 igneus,
3058 5659 3223 5725 atque
3246 5653 3482 5725 plateam

1932 5733 2289 5804 Percurrens,
2321 5737 2648 5808 quaesitores
2674 5738 2937 5796 absorbet
2957 5744 3184 5800 adustos

2001 5843 2148 5912 (134)
2173 5842 2280 5900 Cod
2333 5843 2640 5902 Mazariuus
2670 5848 2818 5904 hunc
2846 5866 3063 5906 versum
3097 5853 3316 5906 omittit.
