3874 6450
406 430 547 513 31s

402 563 626 619 Judzeos
656 559 796 613 buos
827 571 948 611 esse
970 554 1151 626 palam
1177 565 1299 606 sors
1327 548 1519 604 ultima
1550 548 1697 603 fecit.

1173 417 1541 476 FLODOARDI
1583 416 1886 473 CANONICI
1928 413 2258 470 REMENSIS
2301 410 2639 468 OPUSCULA
2679 408 2991 466 METRICA.
3056 398 3059 403 ’

3648 415 3755 471 516

2054 552 2095 617 Α
2130 543 2351 599 Exuviis
2379 542 2673 599 infidorum
2706 556 2930 615 quoque
2954 550 3119 598 nocte
3147 543 3406 616 sequenti

408 651 518 708 Hoc
564 650 764 705 iterum
814 649 1092 716 repetens,
1146 640 1457 710 iterumque
1508 638 1634 705 hoc,
1693 642 1859 707 atque
1916 633 2027 689 fre-
2128 636 2267 691 Crux
2297 651 2558 707 expressa
2579 641 2749 706 patet,
2767 635 2908 691 miro
2940 634 3214 692 inculcata
3232 635 3463 709 nigello,

1705 724 1959 797 [quenter

403 832 509 887 Per
528 836 700 886 totam
725 825 926 902 globus
953 823 1047 877 ille
1077 820 1223 876 diem
1255 817 1560 874 ferventius
1587 826 1771 892 urget,

405 920 643 978 Audacis
663 915 855 991 pepuli
888 912 1179 970 temeraria
1205 916 1386 981 coepta
1413 922 1697 964 coercens.

406 1016 625 1091 Ingenti
651 1014 875 1069 domum
903 1008 1222 1080 perhibent,
1256 1004 1550 1061 formidine
1576 1003 1743 1069 vecti,

406 1108 568 1163 Inviti
602 1105 874 1161 Christum
913 1117 1126 1167 verum,
1154 1097 1584 1168 Dominumque,
1614 1096 1919 1166 Deumque.

405 1206 468 1260 Et
493 1220 562 1260 ne
592 1202 729 1260 forte
760 1200 888 1256 dato
932 1202 1168 1254 tractent
1194 1196 1313 1250 haec
1342 1192 1490 1249 edita
1520 1208 1673 1263 casu,

403 1295 647 1350 Stemma
679 1288 858 1348 crucis
878 1286 1019 1345 coelo
1045 1285 1271 1341 radians
1303 1282 1562 1340 rutilante
1595 1281 1833 1350 renidet,

2128 728 2377 784 Perfidus
2404 728 2569 783 enisu
2599 727 2797 799 probet
2826 734 2887 783 ut
2914 742 3027 783 non
3067 743 3233 799 posse
3263 728 3481 800 repelli.

2127 820 2369 874 Tandem
2395 819 2592 874 horum
2616 818 2916 890 fultrixque
2944 834 3144 873 manus
3160 818 3241 873 sic
3264 818 3454 873 territa
3476 818 3647 887 cedit,

2128 910 2359 985 Dignius
2394 910 2518 980 ipsa
2548 918 2711 965 tuens
2741 908 2984 980 antiquis
3012 908 3212 963 ritibus
3237 907 3326 963 isti

2134 1005 2305 1077 Signa
2332 1004 2531 1072 crucis,
2566 1003 2878 1076 Christique
2907 1019 3108 1059 novum
3148 1004 3373 1060 rutilare
3412 1004 3761 1076 triumphum

2138 1096 2281 1151 Urbe
2309 1095 2612 1161 salutifera,
2642 1094 2829 1149 lumen
2860 1110 2983 1167 quae
3012 1094 3274 1167 gentibus
3292 1093 3472 1163 offert,

2140 1187 2272 1242 [nde
2305 1188 2485 1243 nitore
2509 1187 2629 1260 jugi
2652 1186 2845 1243 mundi
2877 1203 2979 1259 per
3008 1202 3179 1262 regna
3200 1201 3516 1244 coruscans.

1909 1383 2116 1439 CAPUT
2158 1384 2253 1439 ill.

1363 1518 1440 1578 De
1482 1517 1837 1579 abductione
1879 1525 1932 1576 et
1973 1518 2272 1577 relatione
2312 1524 2531 1577 sanctae
2572 1518 2795 1577 cruris.

405 1636 662 1707 Quamvis
691 1636 799 1691 huc
829 1631 1128 1707 quondam,
1150 1628 1382 1685 sceleris
1410 1634 1645 1703 cogente
1675 1633 1831 1682 reatu

405 1735 690 1784 I'ersarum
715 1726 932 1789 ductor,
964 1721 1096 1776 dum
1128 1719 1560 1790 circumquaque
1590 1717 1840 1788 jacentes

407 1816 645 1874 Proterit
671 1828 804 1869 ense
830 1811 1040 1886 plagas,
1083 1808 1309 1864 crudele
1342 1807 1621 1862 induxerit
1647 1821 1868 1882 agmen,

401 1908 625 1981 Templa
651 1907 771 1962 solo
796 1911 1080 1969 sternens,
1114 1903 1232 1956 loca
1254 1900 1500 1956 cmdibus
1531 1901 1674 1955 alma
1697 1898 2026 1971 profanans:

406 2000 738 2054 Ornamenta
769 1995 954 2050 ferens
974 2008 1099 2048 cum
1131 1991 1255 2063 quis
1272 1990 1471 2046 vexilla
1496 1990 1672 2045 beatae

411 2090 691 2147 Praedatus
711 2087 912 2155 crucis,
942 2084 1188 2148 adducit,
1220 2082 1495 2154 rutiloquc
1534 2080 1742 2137 metalli

408 2183 552 2237 Luce
573 2181 770 2234 throno
782 2176 978 2232 sociat.
1007 2173 1261 2229 Mentitus
1272 2172 1397 2241 jura
1416 2170 1679 2227 Tonantis

405 2271 636 2340 Sceptra
666 2265 895 2341 indigna
933 2269 1111 2335 parat,
1143 2260 1362 2316 modico
1389 2260 1528 2315 deus
1551 2259 1760 2314 aethere
1790 2258 1969 2326 visus,

411 2364 682 2418 Strenuus
703 2366 755 2414 at
773 2358 1032 2430 princeps
1055 2353 1282 2411 Romani
1300 2352 1509 2421 militis,
1538 2368 1673 2409 usus

404 2456 467 2510 Vi
499 2454 654 2521 belli,
690 2452 968 2523 fultusque
999 2451 1094 2506 Dei
1126 2450 1394 2506 tutamine
1424 2449 1564 2515 veri,

403 2527 635 2619 Agmina
672 2541 914 2597 semiviri
942 2539 1163 2613 frangit,
1196 2537 1502 2609 penetralia
1533 2536 1758 2608 rumpit,

405 2636 683 2691 Inclusum
707 2650 817 2691 aere
849 2634 1015 2688 deum
1043 2632 1332 2687 mortalem
1364 2630 1515 2685 caede
1556 2630 1815 2685 recludit.

403 2727 665 2783 Addictos
694 2724 903 2799 subigit
933 2738 1143 2780 cuneos
1170 2739 1234 2779 ac
1267 2722 1393 2777 diva
1423 2720 1641 2778 reducit

2059 1630 2112 1698 Β
2135 1624 2323 1700 Signa,
2354 1624 2491 1712 dato_
2515 1624 2674 1694 cujus
2702 1624 2906 1700 gaudet
2926 1623 3126 1680 virtute
3158 1632 3388 1696 tropum,

2134 1715 2197 1770 Et
2217 1715 2493 1787 Solymam
2524 1716 2759 1782 revehit;
2792 1715 2954 1772 Casiis
2982 1715 3169 1771 divina
3197 1724 3500 1787 patrantur.

2131 1806 2316 1862 Prisca
2346 1806 2504 1862 novis
2542 1815 2797 1878 reparata
2828 1807 3007 1863 nitent
3034 1806 3302 1862 miracula
3330 1807 3473 1862 votis

2130 1900 2377 1956 Mortuus
2396 1899 2464 1956 ad
2485 1901 2653 1957 vitam
2685 1902 2809 1956 vitae
2841 1915 2942 1972 per
2967 1901 3117 1973 ligna
3143 1901 3397 1956 recurrit.

2131 1994 2399 2059 Quattuor
2427 1994 2704 2061 assiliunt,
2738 1994 2904 2068 longo
2927 1993 3197 2068 languore
3219 1993 3408 2059 soluti,

2136 2086 2356 2162 Purgati
2381 2105 2617 2144 numero
2649 2088 2855 2161 leprosi
2887 2103 3121 2160 corpora
3146 2089 3313 2160 pleno

2134 2177 2335 2233 Munda
2360 2186 2573 2247 notant,
2601 2184 2688 2234 ter
2720 2178 2967 2250 quinque
2986 2178 3180 2235 vident
3207 2177 3487 2251 magnolla
3512 2178 3650 2233 caeci
3676 2194 3690 2231 :

2132 2269 2422 2326 Daemones
2451 2271 2669 2342 expulsi
2702 2286 2996 2326 numerosa
3016 2270 3329 2325 habitacula
3357 2270 3624 2341 linquunt

2132 2357 2390 2413 Pluribus
2419 2366 2474 2415 et
2502 2359 2692 2431 plures
2719 2359 2898 2415 morbi
2919 2358 3110 2435 fugere
3139 2359 3362 2428 relictis,

2132 2449 2485 2506 Romulidum
2517 2452 2753 2506 exsultat
2791 2452 2987 2508 ductor
3016 2451 3302 2525 largasque
3333 2449 3621 2523 profundit

2130 2540 2344 2598 Pronus
2376 2559 2533 2614 opes,
2566 2543 2792 2599 fabricis
2829 2560 3091 2615 reparans
3119 2544 3357 2600 sacraria
3378 2543 3590 2618 dignis,

2132 2629 2551 2705 Exhortansque
2574 2640 2778 2705 patres,
2812 2633 3056 2688 decernit
3084 2634 3300 2708 agenda
3322 2633 3624 2705 quotannis

2132 2724 2290 2781 Festa
2309 2727 2508 2796 crucis,
2536 2727 2892 2799 celebresque
2916 2728 3046 2783 dein
3068 2743 3399 2785 veneramur
3426 2728 3697 2796 honores,

1905 2854 2115 2909 CAPUT
2155 2856 2239 2911 IV.

1601 2979 1679 3040 De
1722 2982 1941 3043 tabella
1975 2984 2270 3059 imaginis
2311 2981 2562 3043 Christi.

408 3105 557 3160 Gens
585 3100 813 3156 inimica
844 3106 1029 3154 tamen
1061 3095 1221 3154 caecis
1250 3093 1461 3168 garrire
1491 3093 1738 3149 susurris

408 3198 842 3269 Haudquaquam
871 3192 926 3247 in
946 3190 1288 3246 devictorum
1308 3196 1570 3258 superata
1599 3186 1856 3259 quiescit.

408 3289 556 3355 Quos
575 3285 845 3341 delictum
875 3281 989 3338 oris
1015 3279 1305 3351 sternique
1333 3275 1600 3349 superbia
1621 3276 1825 3341 cordis,

408 3375 696 3441 Quomodo
724 3368 856 3428 dum
888 3375 1175 3442 nequeunt
1194 3367 1432 3431 Christo,
1457 3364 1566 3421 sibi
1599 3365 1813 3437 spicula
1836 3363 2034 3440 ﬁgunt,

408 3468 482 3521 Ac
508 3470 666 3519 vetus
694 3468 979 3518 ostentant
1006 3460 1197 3516 odium
1226 3466 1611 3530 aeternumque
1653 3456 1937 3514 furorem:

410 3554 543 3620 Quis
568 3552 696 3609 licet
724 3551 953 3608 indiciis
980 3550 1082 3607 atri
1122 3549 1314 3605 saevire
1344 3550 1547 3605 veneni

409 3646 653 3703 IEmolus
674 3642 852 3700 inviso
880 3658 1103 3715 semper
1124 3657 1301 3698 novus
1330 3641 1508 3698 hostis
1529 3643 1740 3698 honore

406 3739 813 3797 Flammmatur.
846 3734 1046 3806 quaerit
1071 3750 1308 3806 quanam
1340 3734 1521 3790 furere
1548 3740 1663 3789 arte
1689 3734 1917 3792 siuatur.

407 3830 659 3887 Tabescit
689 3830 889 3884 decore
922 3826 1178 3883 Ecclesiae
1210 3827 1450 3899 livetque
1483 3827 1686 3895 nitore,

409 3923 502 3979 Sic
522 3922 715 3977 horum
743 3920 968 3992 quidam
1003 3918 1246 3974 tabulam
1279 3917 1520 3995 effigiata
1545 3927 1830 3989 gerentem

405 4012 508 4067 Ora
538 4009 946 4082 Redemptoris,
978 4009 1145 4081 digna
1175 4008 1470 4079 splendere
1502 4008 1674 4062 nitela

408 4103 677 4159 iuuenibus
698 4101 973 4174 aspiciens
1004 4101 1163 4167 aulaa,
1189 4101 1308 4156 diro
1334 4100 1513 4156 uritur
1537 4115 1686 4173 igne,

406 4196 571 4269 Nigra
600 4211 813 4250 venena
842 4209 1110 4266 coquens,
1157 4208 1575 4265 properansque
1616 4191 1802 4248 furore
1836 4192 2026 4248 silenti

407 4286 551 4340 Clam
577 4291 737 4341 nocte
765 4292 1005 4340 armatus
1035 4282 1172 4355 petit
1201 4281 1337 4337 illita
1366 4281 1647 4338 schemata
1677 4279 1816 4349 telo,

2066 3097 2116 3166 ο
2134 3093 2349 3164 Parjete
2380 3084 2936 3160 deverrenstitulum,
2964 3109 3130 3165 quem
3159 3094 3329 3149 vestis
3358 3102 3623 3167 opertum

2135 3185 2399 3259 Tegmine
2430 3183 2574 3240 ferre
2601 3184 2827 3240 domum
2859 3185 3144 3256 praesumit
3170 3192 3229 3241 et
3251 3201 3414 3241 urere
3436 3194 3665 3243 tractat.

2137 3277 2371 3333 Lumine
2398 3286 2455 3333 at
2485 3277 2773 3349 applicito,
2803 3277 3086 3333 madidum
3116 3294 3178 3333 se
3206 3279 3483 3354 sanguine
3504 3295 3770 3347 cernens,

2140 3369 2409 3444 Stigmate
2439 3369 2662 3437 diﬁuso,
2694 3384 2807 3442 prae
2836 3385 2948 3442 quo
2978 3369 3258 3425 terebrata
3287 3370 3487 3426 tabella

2141 3460 2302 3516 Furta
2323 3476 2531 3533 pavens
2559 3460 2750 3529 abicit,
2772 3461 2905 3517 vitat
2925 3460 3268 3534 latebrisque
3292 3461 3581 3529 recondit;

2132 3550 2376 3606 Territus
2400 3558 2618 3606 ostento
2644 3549 2862 3624 fugitat,
2898 3557 3132 3606 tractare
3163 3567 3265 3607 nec
3296 3552 3480 3608 audet.

2131 3640 2288 3698 Mane
2316 3642 2413 3697 Dei
2443 3642 2682 3714 populus
2706 3642 2938 3698 subiens
2966 3643 3278 3716 penetralia
3294 3644 3470 3701 cernit

2130 3734 2281 3789 Edis
2300 3733 2497 3790 abesse
2530 3735 2723 3802 decus,
2753 3735 3099 3808 vestigiaque
3126 3744 3249 3792 acta
3278 3751 3474 3792 cruore

2132 3825 2493 3897 Deprendens
2521 3826 2790 3897 sequitur,
2825 3825 3074 3899 furisque
3105 3827 3343 3898 mapalia
3368 3834 3564 3883 nactus

2133 3914 2331 3969 Intima
2359 3914 2595 3970 sollicite
2630 3915 2836 3989 tugurii
2867 3921 3140 3971 scrutatur
3161 3916 3350 3987 opaci:

2132 4003 2281 4059 Cella
2311 4003 2521 4059 monile
2550 4002 2737 4071 refert,
2768 4011 2928 4060 caute
2959 4003 3208 4060 discussa
3232 4004 3506 4078 negantis,

2132 4096 2448 4153 Grassatore
2475 4093 2589 4152 fero
2619 4112 2881 4152 saxorum
2912 4096 3062 4153 nube
3084 4096 3256 4169 petito

2134 4188 2403 4246 Redditur
2432 4189 2681 4246 ecclesiae
2708 4188 2942 4247 celebris
2974 4187 3208 4246 titulatio
3239 4188 3416 4245 famae.

1915 4422 2126 4480 CAPUT
2165 4423 2226 4481 V.

1548 4557 1627 4617 De
1652 4558 1936 4636 parvulis
1964 4558 2036 4619 ab
2076 4557 2302 4618 Herode
2350 4559 2598 4618 necatis.

407 4667 644 4742 Ephrata
675 4666 1074 4739 carpOphoros,
1108 4665 1273 4720 tellus
1303 4664 1604 4732 uberrima,
1640 4662 1810 4720 salve.

404 4761 584 4828 Salve,
617 4759 872 4817 fertilitas
902 4758 1058 4828 cujus
1079 4757 1246 4825 Deus,
1289 4756 1491 4830 inclyta
1522 4756 1795 4821 Bethlem,

405 4851 590 4909 Laude
620 4859 714 4907 tua
740 4851 972 4925 dignare
994 4849 1209 4916 rudem,
1243 4849 1593 4920 praeconibus
1619 4848 1798 4918 impar

405 4940 523 4998 Non
558 4939 721 4995 modo
754 4939 846 5012 qui
904 4937 1138 5013 magnis,
1173 4952 1347 5009 puero
1376 4937 1513 5009 quin
1542 4952 1742 4992 cernor
1781 4935 2031 5008 iniquus.

407 5031 720 5106 Sophronio
752 5048 856 5087 nec
886 5031 1068 5086 adhuc
1097 5027 1331 5100 pollenti
1361 5036 1542 5100 strage
1573 5027 1813 5100 Serapis.

406 5126 464 5179 In
497 5132 551 5180 te
581 5139 713 5196 rege
744 5123 857 5195 poli
888 5129 1037 5189 nato,
1070 5122 1351 5177 terrestria
1383 5137 1554 5197 regna

403 5213 722 5279 'l‘errentur,
751 5211 957 5267 celebri
985 5211 1233 5268 coelestia
1270 5210 1393 5266 luce
1425 5215 1741 5266 coruscant.

403 5298 678 5355 timlicoiae
709 5301 972 5372 gaudent,
998 5299 1217 5356 hostilia
1246 5315 1414 5373 regna
1434 5304 1757 5371 pavescunt.

403 5387 538 5446 Caeli
571 5403 708 5457 pace
741 5390 846 5459 piis
871 5392 1057 5459 missa,
1092 5391 1207 5447 fera
1234 5393 1401 5448 corda
1440 5393 1788 5460 tremiscunt,

403 5480 465 5536 Et
492 5490 690 5551 pacem
716 5479 936 5536 turbare
968 5490 1164 5555 parant
1194 5500 1306 5539 non
1339 5482 1491 5555 pacis
1522 5484 1706 5538 amici.

402 5566 656 5626 Herodes
677 5564 829 5621 illum
857 5574 1159 5628 succedere
1192 5591 1356 5645 posse
1373 5581 1616 5640 veretur,

395 5661 493 5727 Qui
524 5653 747 5713 cunctis
775 5658 925 5725 prior
944 5672 1027 5717 est
1051 5664 1270 5734 pepulis
1299 5673 1354 5721 et
1382 5665 1606 5740 regibus
1636 5663 1806 5719 orbis.

390 5750 593 5807 Omnia
614 5753 887 5813 perpetuo
920 5752 1222 5825 disponens
1250 5757 1496 5813 culmina
1528 5765 1683 5811 nutu.

385 5837 812 5911 Compertocwe
837 5840 935 5897 tibi
958 5861 1157 5917 magno
1191 5848 1284 5918 qui
1314 5863 1410 5903 rex
1430 5847 1535 5903 siet
1563 5856 1702 5909 arlo,

2052 4664 2367 4734 DPerdere
2397 4672 2613 4736 sceptra
2643 4664 2864 4734 timens,
2908 4661 3034 4720 coeli
3067 4661 3221 4719 ardet
3252 4660 3487 4735 perdere
3520 4677 3712 4737 regem
3747 4679 3759 4727 ;

2132 4753 2533 4827 Equazvosque
2600 4762 2782 4821 necat,
2842 4760 2994 4810 ratus
3071 4751 3219 4808 hunc
3261 4751 3427 4808 simul
3478 4758 3599 4807 arte
3663 4768 3761 4807 ne-

3478 4841 3602 4916 [can
3611 4843 3759 4910 dum,

2136 4936 2197 4990 In
2227 4940 2280 4990 te
2300 4934 2415 5005 jam
2441 4932 2594 4992 nullo
2625 4933 2784 4990 cunis
2806 4932 3015 4990 infante
3051 4934 3266 4990 relicto.

2134 5030 2387 5084 Attamen
2419 5035 2546 5085 ante
2575 5026 2726 5085 venit
2752 5028 2904 5084 nisus
2932 5028 3206 5101 sapientia
3231 5043 3445 5083 summa

2135 5119 2466 5191 Hostemque
2500 5115 2770 5186 afﬁciens,
2801 5118 2937 5174 alter
2966 5118 3096 5173 dum
3123 5116 3362 5173 volvitur
3387 5132 3594 5173 annus.

2136 5211 2324 5266 Ulcere
2357 5210 2612 5283 petifero,
2645 5211 2858 5266 meritis
2888 5210 3229 5266 cruciamina
3260 5209 3431 5285 digno

2132 5302 2461 5378 Exstinguit,
2486 5312 2831 5375 sumptaeque
2861 5309 3039 5375 patrat
3070 5302 3329 5374 mysteria
3360 5302 3545 5358 carnis

2133 5397 2268 5450 Ante
2297 5401 2498 5450 statum
2521 5394 2713 5449 mundi
2743 5410 2866 5466 qua)
2898 5392 3271 5465 praefiniverat
3311 5393 3465 5450 olim.

2133 5485 2367 5540 Istorum
2389 5485 2485 5539 sed
2519 5484 2643 5555 quis
2675 5500 2967 5539 numerum
3000 5499 3231 5540 censere
3256 5482 3479 5541 valebit.

2130 5575 2369 5640 Quorum
2404 5582 2536 5630 tunc
2565 5574 2780 5631 maduit
2809 5575 3189 5631 Bethlemitica
3220 5584 3363 5631 terra
3388 5591 3614 5644 cruore,

2128 5667 2342 5723 Funere
2374 5668 2653 5723 nascentis
2683 5668 2966 5740 complent
2991 5668 3087 5740 qui
3117 5667 3307 5723 munia
3336 5667 3507 5743 regis,

2130 5755 2390 5812 Libantes
2413 5755 2623 5812 Christo
2652 5763 2858 5812 tenerae
2886 5756 3189 5829 primordia
3215 5757 3359 5813 vita).

2130 5847 2311 5917 Ipsius
2342 5848 2490 5904 haud
2521 5847 2706 5905 verbis
2735 5848 2862 5907 facti
2894 5848 2988 5905 sed
3021 5848 3291 5923 sanguine
3320 5855 3513 5917 testes,
