3874 6398
146 400 246 452 517
670 404 754 458 DE
793 403 1153 461 TRIUMPHIS
1195 407 1456 465 CHRISTI
1500 413 1577 467 ET
1615 416 1710 469 SS.
1755 416 2153 475 PALzESTINzE
2193 422 2367 479 LIBRI
2411 425 2593 482 TRES.
2629 461 2698 469 —
2740 432 2863 490 LIB.
2911 437 2974 492 II.

149 528 289 590 Quos
310 527 622 585 amiserunt
648 531 1143 604 logentiajpectora
1175 547 1407 593 matrum

149 617 219 673 Ac
242 630 608 691 susceperunt
630 622 871 679 laetantia
893 642 1061 698 regna
1090 628 1342 698 polorum

3396 450 3501 504 518

1797 557 1847 620 Α
1880 548 1938 601 Et
1961 551 2055 620 qui
2083 567 2191 605 non
2229 562 2427 608 norant
2457 557 2672 613 animas
2701 562 2788 615 cui
2819 573 2997 620 morte
3027 568 3294 637 dicarem,

1876 636 2228 696 Huncmodo
2262 645 2512 714 perpetui
2545 657 2780 704 cernunt
2819 653 3143 728 Agnumque
3171 673 3499 732 sequuntur.

1665 770 1874 826 CAPUT
1913 773 1998 830 VI.

1353 870 1431 929 De
1457 881 1663 932 sancto
1696 874 1942 949 Georgio
1978 881 2293 940 monacho.

153 969 416 1024 Asseritur
445 970 755 1026 monachus
779 971 882 1026 hac
904 972 1041 1027 urbe
1071 972 1336 1050 Georgius
1359 987 1531 1046 ortus,
1873 982 2272 1058 Nobilibusque
2312 998 2533 1047 auctum
2565 996 2732 1052 sociis
2751 1005 2973 1056 terrena
3011 1016 3352 1074 prementem

149 1059 376 1115 Tramite
406 1078 467 1115 se
500 1062 642 1117 mire
672 1062 944 1118 cohibens
971 1065 1276 1122 abstemius
1293 1075 1467 1136 arcto,
1873 1077 2046 1147 Atque
2065 1077 2160 1132 diu
2193 1087 2440 1152 optatum
2465 1087 2601 1143 vidit
2632 1099 2852 1161 captare
2886 1059 3246 1168 triumphum,

151 1147 393 1204 Corduba
475 1165 642 1221 quem
740 1150 981 1223 Solymis
1047 1171 1329 1229 egressum
1388 1158 1454 1212 ad
1516 1159 1773 1234 dogmata

1401 1248 1653 1322 [sumpsit
1685 1272 1699 1318 ;

1643 1384 1848 1440 CAPUT
1889 1388 1998 1445 VII.

1468 1484 1542 1543 De
1568 1497 1774 1546 sancto
1807 1489 2196 1570 Hieronymo.

152 1582 256 1638 Hac
285 1583 480 1640 tellure
513 1585 638 1657 pios
667 1593 884 1643 constat
913 1589 1304 1660 splendescere
1337 1593 1524 1665 plures

149 1676 492 1743 Sanctorum,
527 1679 697 1733 voluit
721 1686 894 1734 terras
925 1699 1062 1752 quas
1091 1692 1313 1739 sanctus
1341 1688 1514 1756 adire,

151 1766 256 1821 Huc
293 1784 357 1821 se
390 1768 758 1840 Hieronymus
789 1788 1107 1828 mansurum
1142 1778 1378 1832 contulit
1409 1781 1608 1849 almus,

145 1855 382 1911 Eusebio
407 1867 585 1928 patre,z
624 1858 898 1915 Stridonis
925 1863 1016 1933 qui
1055 1865 1333 1920 mmnibus
1360 1877 1534 1937 ortus,

146 1948 564 2021 Dalmaticarque
584 1957 637 2004 et
667 1950 968 2008 Pannoniae
1001 1971 1108 2026 qua
1141 1955 1266 2011 finis
1285 1958 1530 2031 utrique,

147 2040 411 2095 Romulea
438 2041 637 2096 Christi
678 2052 885 2098 vestem
914 2047 1161 2118 suscepit
1192 2049 1246 2102 in
1279 2050 1414 2105 urbe
1451 2070 1463 2105 :

146 2131 545 2188 Grammatibus
575 2133 768 2188 doctus
786 2135 986 2190 Graecis
1008 2137 1094 2192 hic
1132 2145 1298 2211 atque
1331 2141 1558 2197 Latinis.

143 2224 268 2280 Inde
289 2241 539 2297 sequens
605 2228 861 2282 monachi
894 2229 1101 2284 cultum
1143 2247 1508 2307 normamque
1548 2237 1762 2308 probati

146 2315 432 2388 I‘rerbyter
456 2317 708 2383 effectus,
743 2321 1001 2377 laudatur
1029 2323 1229 2394 praesul
1267 2325 1488 2398 dignus,

144 2405 255 2462 Mox
283 2409 363 2463 illi
391 2409 607 2466 insidiae
637 2428 748 2484 quo
777 2429 876 2484 pro
917 2413 1087 2469 livore
1118 2425 1382 2486 parantur

142 2498 365 2554 Maxime
397 2501 698 2555 multorum
714 2502 908 2557 solitus
922 2505 1070 2574 quod
1097 2505 1328 2578 pingere
1361 2507 1553 2580 culpas

137 2588 462 2654 Scribendo,
491 2591 763 2646 scelerum
806 2608 872 2647 ea
912 2593 1170 2648 vitiorum
1207 2597 1451 2667 pandere
1490 2597 1654 2656 furta.

140 2677 195 2730 At
222 2677 403 2733 vitans
431 2679 487 2733 in
514 2697 573 2735 se
615 2679 786 2735 furias
827 2681 1148 2747 incendere,
1210 2686 1356 2741 cedit
1389 2705 1402 2752 ;

139 2765 324 2837 Sicque
357 2767 592 2822 domum
651 2769 930 2840 linquens,
991 2781 1259 2845 cognatos
1288 2781 1451 2846 atque
1487 2785 1764 2847 parentes,

142 2853 400 2928 Egressus
430 2856 622 2922 Roma,
657 2857 934 2928 Solymam
972 2859 1102 2914 dum
1128 2862 1310 2937 pergit
1336 2863 1403 2917 ad
1436 2865 1659 2934 urbem,

141 2945 270 3002 Luce
286 2963 480 3002 carere
510 2949 702 3020 nequit
728 2951 888 3006 cultae
919 2951 1035 3007 sale
1063 2953 1440 3022 bibliothecze,

145 3035 427 3094 Rhetorico
447 3040 577 3115 vigil
619 3041 763 3095 hane
787 3042 1073 3114 nimioque
1100 3045 1294 3102 ardore
1327 3049 1597 3115 volutans,

143 3129 340 3185 Tullius
371 3131 506 3186 hinc
546 3132 749 3202 placet,
807 3135 1032 3190 assidua
1077 3153 1244 3208 quem
1277 3150 1462 3195 mente
1482 3151 1757 3200 retractat.

143 3216 421 3274 lllecebris
452 3237 658 3277 mensae
685 3232 880 3294 captus
909 3225 1040 3280 dum
1073 3226 1284 3282 luditur
1315 3229 1477 3297 hujus

142 3308 289 3366 Peste
319 3313 610 3369 salutifera
655 3314 1008 3390 febriumque
1041 3319 1324 3375 invaditur
1353 3330 1512 3377 aestu.

141 3396 453 3457 Concutitur
479 3410 738 3474 torpente
767 3405 923 3479 gelut
956 3407 1151 3464 rabido
1183 3409 1363 3465 uritur
1399 3411 1548 3485 igne,

144 3487 264 3543 Cum
295 3492 484 3547 subito
516 3500 729 3563 raptus,
760 3495 1082 3565 perducitur
1108 3507 1236 3553 ante
1275 3500 1520 3554 tribunal

144 3580 366 3652 Judicis,
400 3585 678 3640 immenso
709 3585 931 3642 radians
961 3588 1058 3643 ubi
1082 3589 1289 3644 lumine
1317 3589 1501 3664 fulgor

144 3678 532 3750 Astantumque
565 3680 713 3734 nitor
743 3683 1001 3751 prostrati
1033 3683 1350 3756 dempserat
1379 3702 1596 3742 ausum.

146 3765 363 3839 Vimque
393 3768 574 3823 oculis
595 3770 766 3825 aciem
799 3788 1018 3842 supera:
1049 3773 1339 3829 sustollere
1377 3776 1520 3844 sedi,

145 3859 516 3918 Christicolam
553 3875 840 3932 memorat,
864 3868 1134 3941 rogitatus
1161 3868 1566 3940 conditionem,

144 3945 396 4004 Memtiris
440 3951 707 4023 quiesitor
736 3954 810 4008 ait
843 3972 856 4008 :
897 3977 916 4004 α
955 3957 1238 4011 Ciceronis
1267 3959 1545 4027 alumnus,

139 4035 252 4091 Non
281 4036 477 4095 Christi
513 4058 592 4107 es,
627 4058 722 4098 cor
751 4043 844 4098 ubi
877 4051 1002 4099 tuus
1033 4054 1087 4100 et
1109 4047 1398 4102 thesaurus
1440 4049 1694 4107 habetur.
1733 4074 1756 4104 ι)

140 4124 324 4180 Deiicit
353 4127 440 4181 his
471 4131 822 4202 memorique
853 4134 1030 4206 magis
1054 4136 1399 4191 consumitur
1421 4147 1545 4194 actu

136 4215 293 4278 Quam
327 4221 506 4296 rigido
540 4221 677 4277 caadi
711 4221 888 4277 fuerat
919 4239 1030 4295 quo
1063 4226 1296 4282 verbera
1323 4227 1538 4296 jussus.

137 4307 275 4366 Inter
303 4314 476 4388 ﬂagra
507 4322 712 4370 tamen.
754 4337 774 4367 α
810 4318 1060 4386 Domine,
1089 4320 1375 4388 miserere,
1410 4324 1682 4382 serebat:

148 4399 262 4456 llaec
300 4404 394 4459 ubi
426 4421 530 4460 vox
562 4406 701 4461 tristi
725 4413 935 4462 tantum
966 4409 1231 4484 plangore
1262 4412 1545 4484 crepabat,

143 4493 372 4552 Tandem
405 4500 732 4556 assistentes
761 4502 1001 4574 genibus
1033 4521 1092 4559 se
1121 4504 1414 4563 abvolvcre
1447 4511 1648 4566 summi

143 4582 407 4659 Censoris,
438 4591 658 4647 veniam
681 4602 904 4648 orantes
925 4594 1266 4664 juvenilibus
1291 4599 1469 4666 annis,

141 4676 305 4752 Digna
335 4682 449 4753 pati
489 4684 722 4738 edentes
752 4684 878 4756 post
903 4686 948 4740 si
974 4704 1189 4762 pagana
1204 4691 1467 4761 requiret.

142 4765 464 4828 Concessum
489 4773 637 4843 jura,
660 4774 962 4847 jurareque
978 4793 1192 4832 summa
1223 4789 1447 4850 paratus

141 4859 364 4919 Mittitur
399 4875 564 4938 atque
594 4867 698 4921 sub
729 4866 833 4923 hac
855 4868 959 4923 sibi
981 4871 1302 4927 conditione
1331 4859 1611 4946 reversus,

141 4951 387 5013 Perfusos
416 4957 676 5030 lacrymis
707 4960 918 5028 oculos,
949 4961 1187 5018 mirante
1225 4965 1508 5034 tumultu,‘

147 5045 414 5121 Evigilans
445 5053 644 5123 aperit,
676 5068 932 5109 somnum
959 5054 1003 5109 si
1038 5055 1228 5112 dicere
1259 5056 1340 5113 fas
1368 5067 1474 5115 est.

146 5137 372 5198 Verbere
403 5161 516 5216 quo
557 5145 716 5200 tritus
741 5144 881 5202 duro
914 5147 1154 5204 sensisse
1182 5149 1404 5206 dolores

144 5230 401 5300 Testatur,
434 5253 650 5308 passus,
673 5238 915 5309 scapulis
942 5247 1168 5312 Quoque
1195 5241 1336 5297 livor
1363 5242 1578 5300 inustis.

212 5327 341 5386 Hinc
372 5337 526 5387 tanto
551 5322 738 5387 divina
775 5332 910 5408 legit
950 5335 1171 5406 pietatis
1199 5353 1407 5407 amore,

145 5419 346 5486 Quanto
368 5443 484 5484 non
509 5428 696 5485 studio
722 5429 975 5484 mortalia
1004 5431 1213 5507 legerat
1250 5441 1396 5490 ante.

144 5515 229 5573 His
253 5519 403 5577 reﬁci
425 5522 666 5591 fervens,
706 5525 877 5580 subiit
908 5526 1164 5597 Byzantia
1197 5535 1341 5583 tecta

143 5608 376 5684 Gregorii
411 5615 743 5685 Nazanzeni,
774 5625 904 5675 tunc
934 5621 1191 5697 dogmate
1223 5622 1389 5678 clara.

143 5697 227 5756 Cui
254 5719 312 5760 se
343 5722 448 5762 ceu
480 5707 676 5764 docilis
701 5710 934 5782 supplex
959 5713 1509 5785 summititZalumnus
1544 5735 1556 5772 :

141 5785 542 5867 Scripturaaque
567 5811 733 5853 sacrae
759 5797 994 5869 dapibus
1025 5801 1251 5858 satiatus
1278 5803 1346 5858 ab
1377 5804 1518 5876 ipso,

1871 1603 2007 1659 llinc
2045 1607 2256 1677 Syriam
2291 1611 2450 1668 laitus
2479 1615 2808 1690 desertaque
2838 1640 2960 1679 rura
2992 1630 3203 1698 petivit,

1869 1695 2149 1768 Simplicis
2172 1711 2396 1758 evectus
2429 1709 2630 1776 pennis
2656 1710 2721 1764 ad
2755 1714 2902 1769 celsa
2932 1695 3221 1796 columbae]

1802 1801 1852 1866 Β
1876 1788 2149 1855 Mollibus,
2176 1795 2444 1870 elongans
2472 1802 2722 1872 sequitur
2750 1804 2867 1860 loca
2897 1811 3014 1864 sole
3048 1788 3285 1883 perusta,

1878 1878 1938 1932 Ni
1972 1883 2203 1937 summis
2231 1889 2407 1941 solum
2442 1894 2747 1960 monachis,
2777 1896 3033 1956 frustrata
3065 1906 3276 1963 colonis

1875 1973 2139 2036 Quattuor
2173 1979 2271 2033 hac
2299 1984 2460 2038 annis
2479 1995 2627 2041 vasta
2657 1991 2881 2064 regione
2923 2001 3178 2065 peractis,

1873 2062 1936 2116 Ut
1967 2068 2212 2134 prudens
2241 2071 2464 2138 animal,
2498 2074 2693 2133 Christi
2724 2062 2800 2134 'ad
2850 2062 3097 2158 praesepe
3139 2062 3400 2166 cucurrit,

1870 2155 1930 2209 Et
1959 2173 2020 2210 se
2046 2175 2365 2218 mansurum
2398 2166 2611 2222 Domini
2642 2171 2708 2224 ad
2741 2177 3016 2232 cunabula
3056 2182 3187 2256 legit

1868 2246 1962 2300 llic
1992 2264 2173 2318 orans,
2202 2254 2494 2323 meditans,
2529 2260 2792 2328 precibus
2823 2246 3140 2340 studiisque,
3166 2276 3413 2341 vacabat,

1864 2339 2241 2417 Jejunansqne
2269 2349 2413 2404 diem
2447 2354 2622 2408 noctis
2655 2355 2892 2414 ducebat
2914 2363 2979 2417 ad
3014 2339 3214 2425 ortum.

1867 2436 2021 2491 Ilicet
2043 2438 2143 2494 hac
2174 2443 2330 2497 multi
2372 2445 2513 2501 fama
2547 2449 2846 2508 ductantur
2882 2457 2948 2510 ad
2977 2459 3154 2530 ipsum

1867 2526 2074 2583 lndolis
2100 2533 2340 2606 egregiae
2363 2535 2618 2604 juvenes,
2649 2545 2940 2617 sanctique
2973 2553 3195 2609 sodales
3229 2575 3242 2622 ;

1864 2615 2096 2688 Jamque
2128 2621 2520 2680 adventantum
2555 2615 2931 2706 comitumque
2963 2637 3273 2712 frequentia
3297 2650 3492 2708 cellam

1869 2703 2297 2781 Hosliitibusque
2331 2714 2512 2770 locum
2545 2703 3031 2788 capiendis—edere
3058 2703 3225 2804 cogit,

1869 2800 2137 2872 Discipuli
2171 2808 2304 2862 casti
2340 2825 2466 2864 nam
2498 2813 2811 2889 relligionis
2851 2837 3040 2880 amore

1871 2891 2025 2948 llunc
2054 2895 2260 2952 adeunt
2299 2899 2533 2969 Patrem,
2553 2903 2723 2973 jussis
2743 2910 2950 2966 servire
2977 2919 3147 2985 parati
3195 2939 3210 2988 ;

1872 2979 2032 3052 Cujus
2072 2985 2333 3044 dilectam
2362 2991 2587 3048 sibimet
2623 2998 2897 3066 sapientia
2923 2979 3111 3060 sedem

1870 3070 2153 3129 Struxerat
2183 3075 2238 3129 in
2268 3076 2498 3145 laribus,
2519 3097 2619 3136 ceu
2645 3084 2980 3145 Bibliotheca
3006 3097 3215 3154 revelat

1793 3174 1842 3243 Ο
1866 3167 2032 3231 Quam
2067 3186 2281 3226 summo
2313 3176 2553 3230 excoluit
2582 3180 2766 3235 studio
2809 3199 3121 3259 magnoque
3151 3193 3340 3254 labore
3374 3218 3390 3255 :

1866 3261 2130 3332 Expediet
2161 3265 2256 3336 qui
2284 3267 2431 3321 enim
2467 3286 2707 3340 quonam
2739 3277 3027 3336 molimine
3062 3285 3305 3361 linguam

1869 3354 2189 3412 Hebraicam
2224 3359 2437 3426 didicit,
2474 3361 2837 3439 Chaldaeaque
2869 3375 3040 3430 verba
3070 3354 3368 3449 prehendit
3404 3410 3418 3459 ;

1870 3441 2093 3498 Nisibns
2116 3445 2233 3500 haec
2260 3449 2482 3518 quantis
2510 3452 2592 3505 vel
2636 3470 2746 3525 quo
2779 3460 2985 3518 sudore
3026 3441 3230 3536 pararit
3263 3493 3276 3529 :

1871 3534 2196 3608 Quantaque
2221 3540 2486 3596 sustinuit
2515 3546 2702 3615 quotis
2728 3549 2988 3622 desperat
3011 3534 3065 3613 et
3091 3564 3278 3634 audet,

1871 3625 2164 3698 Postquam
2195 3641 2458 3700 cessarat,
2514 3636 2772 3693 reducem
2817 3659 3082 3704 renovare
3116 3625 3445 3722 palaestram
3485 3683 3497 3719 ;

1864 3713 2122 3786 Corporis
2159 3729 2218 3772 ut
2249 3719 2464 3776 domuit
2490 3732 2692 3792 motus,
2719 3727 2980 3789 incendia
3020 3713 3162 3814 fugit
3196 3761 3211 3810 ;

1866 3803 1930 3858 Ut
1954 3804 2092 3861 levis
2121 3809 2297 3863 aetatis
2323 3811 2603 3878 juveniles
2633 3817 2829 3874 vicerit
2858 3833 3044 3890 aestus,

1865 3897 2226 3970 Armatusque
2258 3900 2388 3970 fide,
2421 3905 2710 3980 fidensque
2724 3912 3007 3980 juvamine
3038 3921 3252 3995 Christi,

1867 3989 2107 4047 Hebraeae
2138 4010 2404 4052 canonem
2433 3999 2729 4072 Scriptura:
2764 4018 2980 4066 vertere
3019 4025 3269 4076 nostrum

1865 4083 2097 4140 Nisusin
2129 4089 2434 4161 eloquium,
2465 4110 2575 4165 quo
2609 4097 2738 4154 vina
2774 4107 3017 4162 recentia
3047 4113 3204 4181 prelo

1865 4176 1982 4233 Mox
2022 4179 2223 4237 educta
2244 4200 2365 4251 suo,
2393 4190 2676 4260 proprium
2697 4210 2919 4253 servare
2947 4218 3204 4274 saporem

1861 4269 1978 4324 Jam
2005 4272 2126 4328 sine
2155 4275 2277 4330 labe
2307 4288 2532 4348 queant,
2566 4299 2820 4356 perpurae
2854 4269 3052 4348 tradita
3097 4303 3272 4355 testae.

1866 4361 2007 4417 Luce
2038 4366 2349 4435 pr0phetali
2383 4368 2626 4427 Romana
2657 4375 2940 4435 volumina
2973 4383 3166 4441 lustrat

1867 4454 2275 4512 Commentatus
2302 4469 2358 4514 et
2389 4461 2508 4517 haec
2537 4464 2720 4534 dictis,
2755 4468 2871 4524 fere
2899 4485 3097 4532 cuncta
3133 4484 3377 4541 resolvit.

1784 4554 1843 4623 D
1871 4545 2137 4601 Praeterea
2181 4549 2368 4605 multis
2407 4556 2661 4623 procudit
2691 4564 2960 4628 opuscula
2990 4570 3180 4641 multa,

1866 4638 2164 4693 Exhortans
2192 4640 2473 4713 sobusque
2506 4645 2627 4714 pios
2659 4652 3072 4729 reprobansque
3103 4638 3412 4739 malignos;

1859 4731 2057 4785 Abdita
2078 4731 2400 4801 discutiens,
2433 4745 2747 4796 sanctorum
2779 4754 2935 4816 gesta
2967 4731 3268 4813 retexens:

1860 4821 2110 4878 Historiae
2141 4824 2450 4881 Chronieon
2481 4829 2814 4902 scriptorum
2849 4843 3072 4900 nomina
3112 4851 3362 4918 pandens
3397 4874 3410 4910 :

1863 4913 2172 4970 Catholicos
2200 4932 2444 4986 armans,
2477 4920 2767 4981 debellans
2793 4928 2929 4988 falsa
2961 4913 3278 5008 sequentes.

1864 5009 1969 5064 Sex
1998 5010 2160 5067 datus
2191 5013 2277 5068 his
2308 5017 2509 5073 studiis
2532 5025 2586 5074 et
2615 5023 3018 5104 quinquaginta
3050 5051 3149 5105 per
3177 5054 3372 5110 annos,

1865 5099 2119 5158 Consevit
2140 5105 2368 5162 rationis
2390 5109 2558 5167 humo
2576 5130 2732 5170 sacra
2759 5099 2971 5177 semina
3000 5099 3174 5184 verbi.

1863 5191 2094 5266 Jamque
2121 5195 2348 5272 fatigato
2370 5214 2616 5261 marcent
2645 5205 2774 5261 dum
2806 5226 3035 5283 corpore
3069 5219 3234 5285 vires,

1862 5285 2095 5355 Spiritus
2127 5288 2345 5345 invicta:
2377 5291 2636 5351 diffundit
2670 5299 2868 5356 robOre
2901 5309 3074 5364 menti
3109 5329 3123 5378 ;

1863 5375 2038 5447 thue
2067 5383 2390 5445 monasterii
2419 5385 2597 5442 valeat
2628 5388 3088 5469 disponerejura,

1858 5466 2124 5526 Funiculo
2154 5471 2309 5528 trabe
2331 5491 2602 5546 suspenso
2631 5480 2852 5540 diifessa
2890 5466 3093 5550 suescit

1853 5560 2132 5619 Sollicitus
2161 5566 2350 5623 senior
2373 5572 2556 5627 stratis
2589 5577 2843 5636 attollere
2865 5589 3130 5648 membra.

1852 5653 2096 5710 Tandem
2123 5668 2350 5730 accepta
2390 5663 2779 5739 Deolinquens
2811 5679 3114 5739 retinacula
3136 5692 3320 5748 carnis

1856 5745 2165 5846 Septembri
2195 5761 2411 5821 octavo,
2438 5765 2561 5828 post
2592 5767 2918 5838 nonaginta,
2954 5778 3193 5846 cupitam

1856 5832 2102 5893 Obtinuit
2125 5841 2396 5914 requiem,
2431 5844 2594 5903 finem
2631 5832 2978 5931 fructumque
3012 5832 3234 5922 laboris.
