3874 6420
398 405 508 463 519

401 528 539 598 Inde
558 548 755 614 petens
773 540 963 609 caelos,
995 538 1154 611 petiit
1180 554 1291 610 qua
1320 538 1411 593 lux
1437 553 1591 594 mera
1626 544 1800 593 terras
1830 554 1847 604 ;

401 632 634 706 Quaque
663 631 788 705 pius
810 631 1074 688 Dominus
1094 630 1324 685 humilis
1363 628 1653 685 descendit
1680 629 1749 684 ad
1791 628 1920 696 ima,

1164 399 1534 457 FLODOARDI
1573 398 1878 456 CANONICI
1918 399 2624 460 REMENSIS’OPUSCULA
2666 402 2974 460 METRICA.

3646 407 3759 466 520

2051 546 2105 609 Α
2132 537 2265 594 Inde
2295 537 2480 596 bonus
2501 555 2700 597 servus
2729 541 2910 596 celsus
2924 540 3252 597 conscendit
3275 541 3343 596 ad
3374 542 3504 598 alta.

1897 758 2107 816 CAPUT
2145 761 2283 817 VIII.

1689 864 1769 924 De
1792 874 2005 927 sancta
2035 866 2230 925 Paula
2276 863 2468 946 (155).

403 985 724 1058 Hieronymi
751 990 935 1040 certus
962 982 1145 1037 Panlze
1185 981 1550 1037 Enstochiove
1580 987 1799 1037 tenetur

403 1077 743 1149 Scriptorum
799 1072 1233 1149 haudquaquam.
1268 1087 1552 1139 numerus,
1603 1088 1729 1127 nam
1788 1073 2030 1143 plurima

1687 1163 1959 1235 [constant

404 1259 589 1314 Istius.
625 1257 721 1312 llic
752 1255 933 1311 Paulae
962 1255 1128 1310 vitam
1170 1254 1449 1326 depromit
1477 1262 1722 1312 etactus.

406 1348 620 1404 Nobilis
641 1348 760 1403 haec
790 1361 1017 1421 genere,
1050 1345 1150 1400 sed
1175 1343 1416 1400 nobilior
1441 1344 1713 1416 probitate
1742 1360 1756 1409 ;

404 1438 580 1493 Divite
610 1437 758 1492 clara
785 1451 955 1507 penu,
988 1435 1088 1489 sed
1119 1450 1292 1509 egens
1322 1433 1642 1504 praeclarior
1671 1431 1834 1487 ultro.

407 1527 732 1585 Posthabuit
761 1527 987 1582 Romam
1032 1526 1299 1591 Bethlem;
1332 1523 1615 1595 laquearia
1652 1522 1889 1598 gemmis

408 1616 637 1690 Fulgida
663 1615 863 1685 dejecti
897 1613 1132 1669 mutavit
1160 1612 1371 1684 cespite
1401 1611 1551 1667 tecti.

407 1710 575 1775 Quam
608 1723 854 1784 genuere
876 1716 1033 1778 pater
1058 1721 1286 1760 sumens
1315 1706 1729 1779 Agamemnone
1760 1719 1962 1777 magno

404 1798 758 1874 Progeniem,
786 1796 1171 1865 stravitlengo
1202 1795 1292 1866 qui
1321 1795 1581 1869 Pergama
1604 1793 1774 1861 bello,

406 1891 706 1946 Stemmata
734 1888 1055 1960 Scipiadum
1087 1887 1300 1942 ducens
1315 1887 1383 1941 ab
1416 1887 1632 1961 origine
1665 1892 1838 1942 mater
1870 1903 1884 1940 :

407 1978 634 2034 Toxotio
647 1979 943 2047 conjuncta
970 1977 1111 2044 viro,
1141 1976 1235 2048 qui
1267 1975 1495 2047 sanguis
1532 1975 1650 2039 luli,

414 2066 639 2121 Foedere
670 2066 937 2121 connubii
967 2065 1142 2138 quino
1173 2080 1339 2136 quem
1371 2064 1604 2138 pignore
1635 2062 1889 2133 compsit.

413 2156 566 2213 Hunc
590 2158 663 2212 ita
692 2157 1015 2213 defunctum
1034 2154 1207 2220 dolet,
1232 2160 1292 2209 ut
1325 2160 1386 2208 ut
1405 2168 1579 2224 prope
1603 2151 1745 2206 facta
1773 2156 2039 2221 sequatur

413 2253 630 2320 Libera,
662 2254 760 2309 sed
791 2259 951 2326 pacto
973 2252 1282 2323 vinclisque
1316 2256 1575 2321 exempta
1607 2248 1833 2322 jugalis,

412 2347 511 2403 Hic
539 2363 599 2402 se
619 2346 847 2403 servitio
880 2346 1079 2401 Christi
1110 2343 1376 2407 devinxit,
1406 2350 1467 2399 ut
1490 2343 1608 2413 ipsa

408 2438 625 2493 Funera
654 2436 890 2493 carnalis
919 2442 1141 2507 reputes
1156 2441 1375 2505 optasse
1398 2432 1599 2487 mariti.

407 2527 670 2599 Dumque
709 2526 975 2597 eXpendit
1004 2541 1160 2596 opes,
1191 2523 1445 2579 adimens
1467 2520 1799 2593 patrimonia
1831 2519 2035 2595 gnatis,

409 2617 763 2687 Quostamen
796 2615 1015 2682 attollit,
1046 2614 1393 2685 locupletans
1424 2626 1653 2667 munere
1685 2610 1835 2677 divo,

411 2709 751 2780 Pauperibus
780 2715 894 2763 tota
930 2722 1256 2763 succurrere
1287 2706 1417 2760 dum
1447 2704 1633 2759 studet
1660 2703 1819 2770 urbe,

412 2795 710 2855 Pontiﬁces
739 2796 917 2853 celsos
946 2796 1148 2851 meruit
1173 2805 1425 2866 spectare
1450 2793 1795 2861 ministrans,

417 2893 579 2950 Urbis
605 2892 675 2948 ad
702 2892 958 2948 Antiochi
984 2890 1272 2947 Paulinum
1313 2890 1542 2946 nomine
1571 2889 1752 2955 dictas,

424 2984 688 3038 Sanctum
755 2988 811 3037 et
869 2979 1241 3052 Epiphanium
1289 2978 1604 3048 Salamina,
1662 2977 1769 3033 hoc
1826 2974 2044 3046 hospite

1757 3068 1968 3143 [digna,

413 3167 595 3223 Jussio
622 3181 764 3239 quos
793 3165 1021 3222 Romam
1046 3170 1175 3221 tunc
1200 3162 1505 3235 imperialis
1524 3160 1732 3235 adegit.

416 3261 657 3326 Quorum
688 3246 921 3316 accensa
948 3258 1058 3331 piis
1085 3257 1331 3314 animum
1363 3256 1663 3311 virtutibus
1692 3253 1915 3320 ardens,

416 3351 604 3407 Visere
634 3349 1033 3416 vulteremum,
1068 3348 1368 3403 meditatur
1398 3347 1650 3417 linquere
1682 3345 1933 3400 Romam.

415 3444 535 3498 Jam
566 3443 807 3518 genitos,
850 3442 1085 3497 famulos
1126 3456 1491 3512 possessaque
1522 3445 1706 3494 mente
1745 3437 2041 3503 revellens,

419 3533 610 3611 Cogita
638 3533 972 3590 omnimodis
992 3533 1185 3587 mundi
1216 3548 1277 3587 se
1303 3531 1592 3587 absolvere
1617 3528 1835 3585 vinclis.

489 3622 717 3699 Frigora
746 3629 869 3695 post
900 3621 1143 3688 tandem,
1176 3622 1306 3676 dum
1332 3619 1558 3676 ﬁtmare
1578 3617 1811 3673 navibus
1831 3625 2043 3688 aptum,

419 3715 755 3772 Praesulibns
785 3714 1036 3787 proprias
1064 3714 1229 3770 sedes
1260 3712 1662 3787 repetentibus,
1693 3711 1837 3766 almo

419 3809 772 3883 Prosequitur
797 3817 943 3879 voto,
976 3809 1155 3866 charis
1180 3825 1305 3865 cum
1337 3808 1503 3864 fratre
1533 3805 1868 3879 propinquis

418 3906 655 3974 Insuper
682 3902 751 3958 ad
774 3909 992 3974 portum
1022 3902 1205 3978 gnatis
1234 3900 1629 3958 comitantibus
1662 3899 1862 3971 ipsam,

418 3997 519 4064 Qui
540 3996 746 4068 pietate
776 3996 923 4068 piam
944 4001 1221 4052 certantes
1235 3994 1455 4050 vincere
1485 4000 1743 4048 mtrem.

418 4090 567 4155 Quos
594 4094 819 4161 superat
844 4087 1050 4159 pietate
1070 4086 1165 4141 Dei
1194 4085 1567 4156 famulamque
1591 4082 1879 4154 probando

421 4180 491 4235 Se
523 4177 743 4245 Christi,
776 4177 955 4233 nescit
980 4176 1224 4231 carnalia
1250 4176 1449 4231 fenora
1476 4173 1704 4229 ventris.

421 4267 655 4324 Carbasa
681 4266 1028 4338 complerant
1048 4265 1195 4323 venti
1224 4265 1569 4337 puppimque
1592 4262 1804 4319 ferebat

422 4361 666 4432 Impetus
680 4360 913 4427 alarum,
944 4358 1189 4430 pernicis
1215 4356 1385 4414 rertio
1416 4356 1614 4424 lintris,

419 4448 623 4504 Parvus
641 4447 917 4516 Toxotius,
951 4449 1162 4520 palmas
1186 4448 1243 4502 in
1275 4447 1456 4503 littore
1476 4446 1740 4511 tendens,

423 4535 670 4591 Fletibus
699 4544 755 4592 et
786 4534 985 4592 Rufina
1014 4537 1248 4592 madens
1271 4533 1785 4592 retinerelaborant

423 4624 646 4681 Viscera
672 4630 1012 4682 temnentem
1044 4634 1286 4695 terrena,
1313 4642 1555 4699 superna
1592 4630 1872 4697 petentem

2130 981 2399 1049 Culmina,
2432 983 2554 1058 lege
2577 983 2672 1039 Dei
2696 992 2904 1040 naturae
2928 984 3056 1053 jura
3077 992 3394 1057 negantem.

2131 1074 2223 1128 His
2240 1075 2338 1130 sed
2356 1091 2493 1147 opes
2516 1075 2776 1148 linquens
2796 1077 2982 1131 oneris
3007 1077 3121 1145 jam
3148 1077 3331 1132 libera
3369 1078 3554 1153 pergit

2132 1161 2428 1218 Eustochio
2443 1170 2704 1219 contenta
2735 1180 2856 1233 sua,
2888 1181 3011 1237 quae
3028 1166 3250 1221 conscia
3284 1167 3419 1222 tanti

2133 1253 2195 1309 Et
2225 1270 2414 1310 comes
2453 1254 2702 1326 inceepti,
2721 1255 2864 1312 votis
2890 1256 3157 1312 haerentia
3178 1259 3338 1324 coelo,

2132 1350 2445 1421 Exspoliata
2475 1348 2594 1404 solo
2620 1347 2927 1420 permulcet
2956 1357 3181 1420 pectora
3216 1350 3426 1404 matris.

2134 1446 2348 1500 Interea
2377 1461 2540 1500 cursu
2569 1443 2736 1499 celeri
2754 1444 2888 1499 ratis
2914 1461 3139 1516 aequora
3166 1443 3386 1500 findens

2134 1538 2361 1609 Appulit
2395 1538 2649 1593 exsilium
2670 1538 2951 1593 Domitilla
2982 1538 3075 1594 ubi
3099 1538 3284 1594 Flavia
3314 1554 3475 1610 passa

2059 1624 2108 1692 Β
2137 1632 2303 1702 Cujus
2332 1631 2579 1704 martyrii
2615 1631 2784 1687 cellas
2820 1638 3082 1688 venerata
3098 1631 3340 1705 legebat.

2137 1724 2282 1780 Laeta
2311 1724 2487 1779 salum
2514 1725 2700 1798 segnis
2739 1724 3095 1796 pr0perantia
3121 1731 3321 1779 cuncta
3341 1723 3618 1787 videntur,

2137 1815 2500 1889 Adriacisque
2521 1817 2706 1884 undis,
2740 1814 2889 1872 inter
2939 1816 3176 1887 Scyllam
3208 1825 3373 1887 atque
3408 1814 3770 1885 Charybdim.

2138 1908 2207 1964 Se
2237 1909 2474 1964 credens
2502 1908 2652 1963 subit
2682 1915 2740 1964 ut
2761 1925 2860 1978 per
2874 1908 3032 1962 mitia
3061 1914 3254 1982 stagna
3281 1906 3616 1962 Mathonem.

2140 1999 2238 2054 Hic
2270 1998 2526 2054 refovens
2555 1996 2753 2073 pelago
2784 1998 3028 2053 tabentia
3050 1998 3300 2053 membra
3328 1998 3521 2053 relicto
3548 2016 3563 2065 ;

2139 2092 2371 2165 Moxque
2399 2093 2544 2149 inter
2572 2092 2799 2148 Maleam
2822 2093 3059 2150 volitans
3088 2093 3346 2166 interque
3377 2094 3671 2165 Cytheram

2142 2183 2404 2256 Cycladas
2435 2191 2489 2240 et
2520 2184 2730 2240 crebris
2754 2184 2932 2240 sulcat
2969 2191 3106 2240 treta
3134 2185 3346 2240 consita
3383 2184 3565 2240 terris.

2141 2277 2377 2351 Postqus
2406 2279 2661 2336 Rhodum
2694 2287 2747 2334 et
2771 2279 2989 2351 Lyciam
3019 2279 3174 2351 Cypri
3205 2278 3429 2334 divertit
3459 2279 3513 2333 in
3545 2294 3698 2334 oras.

2142 2360 2374 2423 Sanctus
2404 2368 2750 2441 Epiphanius
2778 2370 3019 2442 genibus
3042 2386 3100 2424 se
3133 2369 3271 2424 forte
3302 2375 3584 2441 petentem

2141 2460 2291 2517 Hanc
2319 2477 2576 2530 cernens,
2612 2461 2807 2520 Christi
2861 2470 2921 2518 ut
2949 2462 3261 2519 membrum
3315 2460 3553 2518 sublime
3610 2478 3776 2518 rece-

2135 2620 2509 2693 Lnstratisque
2532 2622 2884 2678 monasteriis
2912 2623 3108 2679 solatia
3139 2629 3424 2694 praestans,
3512 2549 3659 2622 [mat
3687 2594 3702 2615 ’

2142 2710 2237 2765 llla
2269 2710 2420 2765 brevi
2452 2711 2630 2782 spatio
2672 2718 2954 2782 spectatur
2984 2713 3052 2766 ab
3074 2711 3211 2766 urbe
3238 2711 3477 2768 Seleuci.

2139 2799 2393 2856 Antiochi
2420 2799 2692 2855 scandens
2717 2807 2769 2855 et
2814 2798 2884 2854 ab
2916 2800 3019 2855 hac
3050 2800 3123 2854 ita
3152 2802 3356 2856 moenia
3382 2801 3534 2856 visit.

2142 2894 2239 2951 Hic
2256 2911 2480 2967 quoque
2509 2894 2723 2949 Paulini
2747 2894 3027 2950 modicum
3057 2894 3283 2950 dilectio
3323 2904 3514 2952 sancta

2145 2984 2361 3040 Detinet
2391 2986 2535 3039 hanc
2567 3001 2580 3037 :
2614 2981 2848 3055 hyemis,
2883 2982 3010 3038 fidei
3044 2982 3258 3038 fervore
3280 2984 3522 3048 calente,

2143 3073 2253 3128 Sed
2271 3073 2458 3128 medio
2489 3088 2599 3128 non
2627 3070 2795 3127 mittit
2819 3072 2941 3140 iter,
2976 3072 3111 3144 quin
3144 3072 3324 3144 pergit
3350 3072 3549 3136 asello,

2145 3162 2286 3219 Dura
2307 3163 2533 3230 sedens,
2568 3162 2708 3218 lenis
2734 3178 2898 3233 quam
2928 3162 3059 3218 olim
3090 3162 3289 3217 lectica
3310 3161 3570 3217 vehebat.

2142 3255 2565 3330 Transgreditur
2583 3254 2751 3326 Syria
2782 3251 2976 3321 Cocles,
3010 3254 3287 3311 Phaenicis
3309 3261 3365 3310 et
3395 3270 3524 3309 arva

2142 3347 2276 3404 Tum
2300 3348 2543 3414 Beritho,
2572 3346 2856 3419 veterique
2887 3362 3078 3402 means
3107 3346 3314 3401 Sidone
3343 3346 3553 3401 relicta.

2148 3441 2275 3497 Elia:
2304 3441 2517 3508 turrim,
2552 3454 2675 3511 quae
2704 3438 2888 3494 littore
2911 3455 3075 3510 parva
3101 3439 3344 3510 Sareptaa

2149 3533 2457 3595 Permanet,
2492 3530 2820 3603 ingreditur,
2854 3530 3153 3587 Dominum
3182 3529 3398 3584 virtutis
3427 3528 3674 3585 adorans

2149 3624 2392 3697 HOSpitis
2421 3624 2513 3680 hic
2541 3624 2744 3687 viduae,
2771 3640 2869 3695 per
2899 3638 3062 3695 quem
3094 3622 3165 3677 de
3190 3630 3366 3677 morte
3395 3622 3609 3677 levatur

2147 3714 2420 3772 Caelicolae
2442 3714 2584 3770 vatis
2606 3714 2869 3787 precibus
2889 3713 3098 3769 dudum
3129 3713 3296 3769 unica
3323 3714 3522 3785 proles.

2146 3808 2359 3881 Perque
2387 3808 2511 3879 'l‘yri
2542 3807 2801 3881 gradiens
2832 3806 2984 3863 Pauli
3010 3807 3255 3863 doctoris
3280 3822 3476 3862 arenas

2148 3901 2348 3958 Deﬁxis
2374 3918 2559 3959 sacras
2586 3903 2843 3979 genibus,
2876 3903 3011 3975 perd
3023 3902 3201 3958 ucitur
3217 3900 3362 3959 Acho
3389 3899 3594 3973 [Acco],

2147 3991 2381 4048 Nomine
2401 3998 2610 4049 mutato
2645 4009 2807 4065 quam
2831 4008 2979 4048 nunc
3010 3991 3353 4048 Ptolemaida
3376 3990 3589 4045 dicunt.

2148 4082 2431 4158 Sanguine
2460 4082 2626 4139 Josiae
2657 4083 2737 4138 sic
2763 4082 3177 4156 permadefacta
3204 4082 3468 4156 Mageddo

2145 4176 2311 4246 Rura,
2340 4177 2660 4234 Palaestinos
2688 4176 2936 4250 gaudens
2951 4176 3249 4249 pertransit
3276 4176 3332 4230 in
3358 4190 3546 4251 agros,

2145 4271 2307 4327 Urbis
2334 4272 2442 4327 Dor
2468 4271 2748 4344 quondam
2770 4270 3011 4326 celebris
3034 4270 3231 4325 mirata
3253 4269 3461 4335 ruinas,

2145 4369 2274 4436 Quae
2306 4373 2431 4437 post
2459 4363 2731 4420 Stratonis
2752 4362 2956 4419 renitet
2982 4362 3315 4434 cognomine
3333 4360 3522 4416 turris.

2076 4471 2130 4540 ι)
2148 4463 2298 4518 Hanc
2325 4460 2478 4534 prior
2511 4459 2752 4515 Herodes
2781 4458 3009 4532 Augusti
3043 4455 3268 4512 Caesaris
3292 4460 3458 4530 auget

2154 4548 2426 4619 Culmine,
2462 4548 2764 4605 Caesaream
2796 4549 3041 4604 Ramano
3072 4563 3103 4602 a
3125 4546 3375 4619 principe
3404 4544 3634 4600 dictam.

1935 4773 2143 4830 CAPUT
2182 4774 2270 4829 1x.
2462 4850 2470 4859 δ

1563 4877 1647 4939 De
1686 4887 1893 4940 sancto
1951 4875 2229 4939 Cornelio
2275 4873 2647 4937 centurione.

425 4987 480 5043 ln
508 5002 617 5062 qua
646 4985 886 5044 sollicite
913 4991 1167 5041 scrutans
1190 4984 1313 5041 loca
1338 4984 1506 5040 Paula
1527 4992 1739 5040 sacrata

428 5080 690 5153 Repperit
718 5079 1009 5136 ecclesiam
1041 5077 1265 5146 Christi,
1294 5075 1580 5134 Cornelius
1609 5076 1741 5132 olim

423 5172 613 5228 [Edem
643 5188 808 5244 quam
838 5171 1011 5229 coluit
1042 5171 1251 5242 privato
1272 5170 1404 5240 jure
1444 5167 1728 5236 manendi,

426 5262 571 5318 Luce
600 5262 694 5315 Dei
722 5262 924 5338 dignus
958 5262 1193 5318 necdum
1224 5261 1555 5333 baptismate
1584 5260 1750 5326 lotus,

428 5349 623 5407 C(elite
663 5356 823 5417 teste,
853 5366 1050 5423 preces
1079 5349 1238 5420 cujus
1265 5348 1581 5405 referuntur
1610 5348 1681 5403 ad
1711 5363 1873 5402 aures

422 5438 752 5497 Ascendisse
782 5442 899 5510 Dei,
927 5443 1211 5499 miseratio
1241 5442 1418 5518 gratia
1441 5442 1666 5499 subisse

418 5531 562 5585 Ante
594 5526 852 5587 thronum
875 5532 1116 5599 Domini,
1145 5532 1405 5589 sublectae
1435 5532 1678 5606 praestita
1704 5530 1875 5603 plebi.

416 5623 479 5675 At
500 5619 663 5689 patet
682 5630 940 5692 acceptor
965 5622 1138 5694 judex
1172 5638 1282 5679 non
1315 5640 1442 5680 esse
1456 5640 1734 5697 supernus

412 5711 789 5768 Personarum
818 5714 965 5773 inter
982 5713 1121 5770 nihil
1140 5722 1305 5787 atque
1332 5718 1507 5775 salute
1538 5718 1817 5789 direptum

2152 4981 2474 5038 Hebraicam
2506 4986 2820 5037 nostramve
2851 4978 3017 5036 ﬁdem
3053 4979 3258 5051 pietate
3289 4978 3584 5047 nitentem,

2153 5076 2422 5132 Gentibus
2443 5080 2499 5130 et
2526 5074 2741 5131 cunctis
2767 5073 3006 5130 reserari
3025 5072 3219 5127 limina
3247 5073 3396 5137 coeli,

2153 5169 2386 5241 Vimque
2416 5169 2528 5241 pati
2549 5169 2809 5241 donoque
2832 5167 2929 5223 Dei
2960 5167 3238 5223 violenter
3261 5165 3423 5220 adiri.

2154 5259 2313 5315 Nulla
2334 5259 2610 5314 dabantur
2631 5259 2759 5313 huic
2789 5257 3076 5323 miracula,
3103 5255 3318 5311 semina
3340 5255 3470 5310 vita

2152 5346 2313 5403 Nulla
2336 5346 2669 5403 serebantur
2698 5354 2931 5402 terrenas
2960 5344 3256 5417 aspergine
3289 5343 3494 5417 linguae
3537 5361 3552 5409 ;

2152 5437 2443 5509 ASpirante
2465 5443 2650 5492 tamen
2679 5436 2913 5504 Christo,
2938 5436 3025 5491 cui
3055 5435 3222 5492 corda
3248 5432 3418 5489 beare

2151 5526 2249 5581 Jus
2273 5534 2480 5594 manet,
2513 5534 2635 5583 orat
2665 5526 2742 5582 ait
2771 5526 2976 5600 dignus
3006 5523 3278 5580 habeatur
3305 5531 3367 5578 ut
3396 5522 3565 5578 astris
3605 5543 3624 5589 ;

2151 5618 2394 5675 Accersit
2418 5618 2665 5674 monitus
2694 5618 3003 5683 doctorem,
3031 5617 3291 5693 dogmata
3329 5615 3555 5687 quaerit,

2149 5709 2316 5765 Sacro
2356 5706 2508 5765 fonte
2541 5723 2758 5778 carens,
2785 5707 2897 5777 jam
2922 5705 3245 5779 pnriﬁcatns
3273 5703 3472 5760 haberi

476 5802 641 5877 (‘55)
681 5802 821 5866 Vide
850 5815 903 5870 S.
940 5814 1260 5880 Hieronymi
1301 5816 1590 5888 epistolam
1626 5816 1749 5877 108,
1780 5814 1849 5869 ad
1884 5808 2255 5868 Eustochium.
