  <div class='ocr_page' id='page_1' title='image "/cluster/home/n/w/nwhite01/storage/ocr_20150623/134-135/uc1.31175013627537/780.png"; bbox 0 0 3874 6400; ppageno 0'>
   <div class='ocr_carea' id='block_1_1' title="bbox 112 392 208 446">
    <p class='ocr_par' dir='ltr' id='par_1_1' title="bbox 112 392 208 446">
     <span class='ocr_line' id='line_1_1' title="bbox 112 392 208 446; baseline -0.01 0"><span class='ocrx_word' id='word_1_1' title='bbox 112 392 208 446; x_wconf 71' lang='grc'><strong>521</strong></span> 
     </span>
    </p>
   </div>
   <div class='ocr_carea' id='block_1_2' title="bbox 116 520 1488 595">
    <p class='ocr_par' dir='ltr' id='par_1_2' title="bbox 116 520 1488 595">
     <span class='ocr_line' id='line_1_2' title="bbox 116 520 1488 595; baseline 0.001 -18"><span class='ocrx_word' id='word_1_2' title='bbox 116 523 401 589; x_wconf 78' lang='lat' dir='ltr'><strong>Panditur,</strong></span> <span class='ocrx_word' id='word_1_3' title='bbox 429 520 713 593; x_wconf 83' lang='lat' dir='ltr'><strong>accipiens</strong></span> <span class='ocrx_word' id='word_1_4' title='bbox 732 522 922 595; x_wconf 83' lang='lat' dir='ltr'><strong>superi</strong></span> <span class='ocrx_word' id='word_1_5' title='bbox 962 523 1294 579; x_wconf 89' lang='lat' dir='ltr'><strong>charismata</strong></span> <span class='ocrx_word' id='word_1_6' title='bbox 1325 524 1488 591; x_wconf 88' lang='lat' dir='ltr'><strong>doni;</strong></span> 
     </span>
    </p>
   </div>
   <div class='ocr_carea' id='block_1_3' title="bbox 114 616 1736 691">
    <p class='ocr_par' dir='ltr' id='par_1_3' title="bbox 114 616 1736 691">
     <span class='ocr_line' id='line_1_3' title="bbox 114 616 1736 691; baseline 0.003 -20"><span class='ocrx_word' id='word_1_7' title='bbox 114 616 517 688; x_wconf 88' lang='lat' dir='ltr'><strong>Spiritushunc</strong></span> <span class='ocrx_word' id='word_1_8' title='bbox 538 616 775 687; x_wconf 88' lang='lat' dir='ltr'><strong>implcns</strong></span> <span class='ocrx_word' id='word_1_9' title='bbox 801 633 924 671; x_wconf 90' lang='lat' dir='ltr'><strong>nam</strong></span> <span class='ocrx_word' id='word_1_10' title='bbox 949 618 1175 691; x_wconf 88' lang='lat' dir='ltr'><strong>dignum</strong></span> <span class='ocrx_word' id='word_1_11' title='bbox 1200 635 1427 674; x_wconf 89' lang='lat' dir='ltr'><strong>munere</strong></span> <span class='ocrx_word' id='word_1_12' title='bbox 1451 627 1736 676; x_wconf 89' lang='lat' dir='ltr'><strong>monstrat.</strong></span> 
     </span>
    </p>
   </div>
   <div class='ocr_carea' id='block_1_4' title="bbox 117 705 1636 780">
    <p class='ocr_par' dir='ltr' id='par_1_4' title="bbox 117 705 1636 780">
     <span class='ocr_line' id='line_1_4' title="bbox 117 705 1636 780; baseline 0.002 -19"><span class='ocrx_word' id='word_1_13' title='bbox 117 706 213 762; x_wconf 86' lang='lat' dir='ltr'><strong>Cui</strong></span> <span class='ocrx_word' id='word_1_14' title='bbox 245 713 524 777; x_wconf 88' lang='lat' dir='ltr'><strong>sumptum</strong></span> <span class='ocrx_word' id='word_1_15' title='bbox 550 705 629 760; x_wconf 89' lang='lat' dir='ltr'><strong>ire</strong></span> <span class='ocrx_word' id='word_1_16' title='bbox 653 723 847 777; x_wconf 90' lang='lat' dir='ltr'><strong>parum</strong></span> <span class='ocrx_word' id='word_1_17' title='bbox 887 707 1011 762; x_wconf 66' lang='lat' dir='ltr'><strong>vitae</strong></span> <span class='ocrx_word' id='word_1_18' title='bbox 1051 723 1111 761; x_wconf 91' lang='lat' dir='ltr'><strong>se</strong></span> <span class='ocrx_word' id='word_1_19' title='bbox 1153 724 1383 763; x_wconf 90' lang='lat' dir='ltr'><strong>munera</strong></span> <span class='ocrx_word' id='word_1_20' title='bbox 1420 710 1636 780; x_wconf 89' lang='lat' dir='ltr'><strong>solum;</strong></span> 
     </span>
    </p>
   </div>
   <div class='ocr_carea' id='block_1_5' title="bbox 115 792 1291 860">
    <p class='ocr_par' dir='ltr' id='par_1_5' title="bbox 115 792 1291 860">
     <span class='ocr_line' id='line_1_5' title="bbox 115 792 1291 860; baseline 0.003 -11"><span class='ocrx_word' id='word_1_21' title='bbox 115 797 181 850; x_wconf 88' lang='lat' dir='ltr'><strong>At</strong></span> <span class='ocrx_word' id='word_1_22' title='bbox 208 804 368 851; x_wconf 89' lang='lat' dir='ltr'><strong>vocat</strong></span> <span class='ocrx_word' id='word_1_23' title='bbox 395 792 616 860; x_wconf 81' lang='lat' dir='ltr'><strong>afﬁnes,</strong></span> <span class='ocrx_word' id='word_1_24' title='bbox 646 794 843 850; x_wconf 91' lang='lat' dir='ltr'><strong>cbaros</strong></span> <span class='ocrx_word' id='word_1_25' title='bbox 870 795 1061 851; x_wconf 79' lang='lat' dir='ltr'><strong>invitat</strong></span> <span class='ocrx_word' id='word_1_26' title='bbox 1084 796 1291 852; x_wconf 90' lang='lat' dir='ltr'><strong>amicos</strong></span> 
     </span>
    </p>
   </div>
   <div class='ocr_carea' id='block_1_6' title="bbox 116 886 1494 958">
    <p class='ocr_par' dir='ltr' id='par_1_6' title="bbox 116 886 1494 958">
     <span class='ocr_line' id='line_1_6' title="bbox 116 886 1494 958; baseline 0.002 -17"><span class='ocrx_word' id='word_1_27' title='bbox 116 886 532 958; x_wconf 90' lang='lat' dir='ltr'><strong>Participesque</strong></span> <span class='ocrx_word' id='word_1_28' title='bbox 562 886 649 941; x_wconf 90' lang='lat' dir='ltr'><strong>sui</strong></span> <span class='ocrx_word' id='word_1_29' title='bbox 684 886 869 958; x_wconf 85' lang='lat' dir='ltr'><strong>plures</strong></span> <span class='ocrx_word' id='word_1_30' title='bbox 894 886 1084 943; x_wconf 88' lang='lat' dir='ltr'><strong>stndet</strong></span> <span class='ocrx_word' id='word_1_31' title='bbox 1112 888 1313 943; x_wconf 84' lang='lat' dir='ltr'><strong>addere</strong></span> <span class='ocrx_word' id='word_1_32' title='bbox 1341 889 1494 957; x_wconf 91' lang='lat' dir='ltr'><strong>doni,</strong></span> 
     </span>
    </p>
   </div>
   <div class='ocr_carea' id='block_1_7' title="bbox 115 975 1246 1050">
    <p class='ocr_par' dir='ltr' id='par_1_7' title="bbox 115 975 1246 1050">
     <span class='ocr_line' id='line_1_7' title="bbox 115 975 1246 1050; baseline 0.001 -20"><span class='ocrx_word' id='word_1_33' title='bbox 115 975 293 1031; x_wconf 90' lang='lat' dir='ltr'><strong>Ofﬁcii</strong></span> <span class='ocrx_word' id='word_1_34' title='bbox 316 975 575 1047; x_wconf 61' lang='lat' dir='ltr'><strong>praebens</strong></span> <span class='ocrx_word' id='word_1_35' title='bbox 599 975 866 1050; x_wconf 62' lang='lat' dir='ltr'><strong>praesagia</strong></span> <span class='ocrx_word' id='word_1_36' title='bbox 896 977 1042 1031; x_wconf 92' lang='lat' dir='ltr'><strong>clara</strong></span> <span class='ocrx_word' id='word_1_37' title='bbox 1078 976 1246 1032; x_wconf 88' lang='lat' dir='ltr'><strong>futuri</strong></span> 
     </span>
    </p>
   </div>
   <div class='ocr_carea' id='block_1_8' title="bbox 116 1064 1740 1140">
    <p class='ocr_par' dir='ltr' id='par_1_8' title="bbox 116 1064 1740 1140">
     <span class='ocr_line' id='line_1_8' title="bbox 116 1064 1740 1140; baseline 0.004 -22"><span class='ocrx_word' id='word_1_38' title='bbox 116 1065 293 1136; x_wconf 85' lang='lat' dir='ltr'><strong>Atque</strong></span> <span class='ocrx_word' id='word_1_39' title='bbox 324 1066 524 1132; x_wconf 86' lang='lat' dir='ltr'><strong>vicem,</strong></span> <span class='ocrx_word' id='word_1_40' title='bbox 559 1080 662 1119; x_wconf 91' lang='lat' dir='ltr'><strong>nec</strong></span> <span class='ocrx_word' id='word_1_41' title='bbox 706 1064 887 1119; x_wconf 90' lang='lat' dir='ltr'><strong>adhuc</strong></span> <span class='ocrx_word' id='word_1_42' title='bbox 925 1065 1142 1132; x_wconf 89' lang='lat' dir='ltr'><strong>doctus,</strong></span> <span class='ocrx_word' id='word_1_43' title='bbox 1174 1066 1415 1122; x_wconf 90' lang='lat' dir='ltr'><strong>doctoris</strong></span> <span class='ocrx_word' id='word_1_44' title='bbox 1453 1069 1740 1140; x_wconf 79' lang='lat' dir='ltr'><strong>adoptans.</strong></span> 
     </span>
    </p>
   </div>
   <div class='ocr_carea' id='block_1_9' title="bbox 117 1155 1636 1230">
    <p class='ocr_par' dir='ltr' id='par_1_9' title="bbox 117 1155 1636 1230">
     <span class='ocr_line' id='line_1_9' title="bbox 117 1155 1636 1230; baseline 0.004 -20"><span class='ocrx_word' id='word_1_45' title='bbox 117 1156 321 1227; x_wconf 87' lang='lat' dir='ltr'><strong>Sicque</strong></span> <span class='ocrx_word' id='word_1_46' title='bbox 361 1156 510 1227; x_wconf 87' lang='lat' dir='ltr'><strong>capit</strong></span> <span class='ocrx_word' id='word_1_47' title='bbox 547 1155 709 1211; x_wconf 90' lang='lat' dir='ltr'><strong>Petro</strong></span> <span class='ocrx_word' id='word_1_48' title='bbox 742 1164 993 1211; x_wconf 90' lang='lat' dir='ltr'><strong>sanctum</strong></span> <span class='ocrx_word' id='word_1_49' title='bbox 1027 1156 1307 1213; x_wconf 91' lang='lat' dir='ltr'><strong>tribuente</strong></span> <span class='ocrx_word' id='word_1_50' title='bbox 1340 1159 1636 1230; x_wconf 80' lang='lat' dir='ltr'><strong>lavacrum,</strong></span> 
     </span>
    </p>
   </div>
   <div class='ocr_carea' id='block_1_10' title="bbox 119 1251 1503 1325">
    <p class='ocr_par' dir='ltr' id='par_1_10' title="bbox 119 1251 1503 1325">
     <span class='ocr_line' id='line_1_10' title="bbox 119 1251 1503 1325; baseline 0.004 -21"><span class='ocrx_word' id='word_1_51' title='bbox 119 1251 326 1307; x_wconf 89' lang='lat' dir='ltr'><strong>Ordine</strong></span> <span class='ocrx_word' id='word_1_52' title='bbox 355 1258 586 1319; x_wconf 89' lang='lat' dir='ltr'><strong>mutato,</strong></span> <span class='ocrx_word' id='word_1_53' title='bbox 627 1252 747 1324; x_wconf 91' lang='lat' dir='ltr'><strong>posi</strong></span> <span class='ocrx_word' id='word_1_54' title='bbox 780 1251 1013 1325; x_wconf 80' lang='lat' dir='ltr'><strong>pignora</strong></span> <span class='ocrx_word' id='word_1_55' title='bbox 1041 1252 1304 1308; x_wconf 84' lang='lat' dir='ltr'><strong>Flaminis</strong></span> <span class='ocrx_word' id='word_1_56' title='bbox 1342 1254 1503 1321; x_wconf 90' lang='lat' dir='ltr'><strong>almi;</strong></span> 
     </span>
    </p>
   </div>
   <div class='ocr_carea' id='block_1_11' title="bbox 628 388 2961 450">
    <p class='ocr_par' dir='ltr' id='par_1_11' title="bbox 628 388 2961 450">
     <span class='ocr_line' id='line_1_11' title="bbox 628 388 2961 450; baseline 0.003 -7"><span class='ocrx_word' id='word_1_57' title='bbox 628 388 712 443; x_wconf 87' lang='lat' dir='ltr'><strong>DE</strong></span> <span class='ocrx_word' id='word_1_58' title='bbox 751 388 1111 444; x_wconf 80' lang='lat' dir='ltr'><strong>TRIUMPIIIS</strong></span> <span class='ocrx_word' id='word_1_59' title='bbox 1152 388 1410 445; x_wconf 77' lang='lat' dir='ltr'><strong>CHRISTI</strong></span> <span class='ocrx_word' id='word_1_60' title='bbox 1452 390 1531 444; x_wconf 85' lang='lat' dir='ltr'><strong>ET</strong></span> <span class='ocrx_word' id='word_1_61' title='bbox 1572 392 1664 445; x_wconf 86' lang='lat' dir='ltr'><strong>SS.</strong></span> <span class='ocrx_word' id='word_1_62' title='bbox 1712 391 2113 446; x_wconf 69' lang='lat' dir='ltr'><strong>PAL/ESTIN/E</strong></span> <span class='ocrx_word' id='word_1_63' title='bbox 2153 391 2328 445; x_wconf 81' lang='lat' dir='ltr'><strong>LIBRI</strong></span> <span class='ocrx_word' id='word_1_64' title='bbox 2370 392 2557 447; x_wconf 80' lang='lat' dir='ltr'><strong>TRES.</strong></span> <span class='ocrx_word' id='word_1_65' title='bbox 2602 424 2672 432; x_wconf 97' lang='lat'><strong>—</strong></span> <span class='ocrx_word' id='word_1_66' title='bbox 2712 394 2817 448; x_wconf 89' lang='lat' dir='ltr'><strong>LIB</strong></span> <span class='ocrx_word' id='word_1_67' title='bbox 2886 396 2961 450; x_wconf 85' lang='lat' dir='ltr'><strong>II.</strong></span> 
     </span>
    </p>
   </div>
   <div class='ocr_carea' id='block_1_12' title="bbox 3358 399 3466 453">
    <p class='ocr_par' dir='ltr' id='par_1_12' title="bbox 3358 399 3466 453">
     <span class='ocr_line' id='line_1_12' title="bbox 3358 399 3466 453; baseline 0.028 -3"><span class='ocrx_word' id='word_1_68' title='bbox 3358 399 3466 453; x_wconf 70' lang='lat'><strong>52‘2</strong></span> 
     </span>
    </p>
   </div>
   <div class='ocr_carea' id='block_1_13' title="bbox 1768 524 3465 601">
    <p class='ocr_par' dir='ltr' id='par_1_13' title="bbox 1768 524 3465 601">
     <span class='ocr_line' id='line_1_13' title="bbox 1768 524 3465 601; baseline 0.003 -23"><span class='ocrx_word' id='word_1_69' title='bbox 1768 528 1817 597; x_wconf 79' lang='grc' dir='ltr'>Α</span> <span class='ocrx_word' id='word_1_70' title='bbox 1842 526 2089 596; x_wconf 88' lang='lat' dir='ltr'><strong>Dumque</strong></span> <span class='ocrx_word' id='word_1_71' title='bbox 2118 524 2225 596; x_wconf 90' lang='lat' dir='ltr'><strong>piis</strong></span> <span class='ocrx_word' id='word_1_72' title='bbox 2257 524 2477 596; x_wconf 82' lang='lat' dir='ltr'><strong>plebem</strong></span> <span class='ocrx_word' id='word_1_73' title='bbox 2510 525 2735 581; x_wconf 84' lang='lat' dir='ltr'><strong>monitis</strong></span> <span class='ocrx_word' id='word_1_74' title='bbox 2766 526 3105 598; x_wconf 87' lang='lat' dir='ltr'><strong>hortansquc</strong></span> <span class='ocrx_word' id='word_1_75' title='bbox 3137 527 3465 601; x_wconf 86' lang='lat' dir='ltr'><strong>decensque</strong></span> 
     </span>
    </p>
   </div>
   <div class='ocr_carea' id='block_1_14' title="bbox 1846 616 3171 687">
    <p class='ocr_par' dir='ltr' id='par_1_14' title="bbox 1846 616 3171 687">
     <span class='ocr_line' id='line_1_14' title="bbox 1846 616 3171 687; baseline 0.002 -16"><span class='ocrx_word' id='word_1_76' title='bbox 1846 616 2206 687; x_wconf 82' lang='lat' dir='ltr'><strong>Multiplicare</strong></span> <span class='ocrx_word' id='word_1_77' title='bbox 2239 626 2413 686; x_wconf 88' lang='lat' dir='ltr'><strong>parat,</strong></span> <span class='ocrx_word' id='word_1_78' title='bbox 2449 618 2517 671; x_wconf 90' lang='lat' dir='ltr'><strong>de</strong></span> <span class='ocrx_word' id='word_1_79' title='bbox 2550 618 2876 673; x_wconf 92' lang='lat' dir='ltr'><strong>centurione</strong></span> <span class='ocrx_word' id='word_1_80' title='bbox 2909 619 3171 675; x_wconf 77' lang='lat' dir='ltr'><strong>sacerdos</strong></span> 
     </span>
    </p>
   </div>
   <div class='ocr_carea' id='block_1_15' title="bbox 1846 711 3289 787">
    <p class='ocr_par' dir='ltr' id='par_1_15' title="bbox 1846 711 3289 787">
     <span class='ocr_line' id='line_1_15' title="bbox 1846 711 3289 787; baseline 0.004 -22"><span class='ocrx_word' id='word_1_81' title='bbox 1846 711 2109 778; x_wconf 84' lang='lat' dir='ltr'><strong>Efﬁcitur,</strong></span> <span class='ocrx_word' id='word_1_82' title='bbox 2138 714 2451 785; x_wconf 88' lang='lat' dir='ltr'><strong>renitetque</strong></span> <span class='ocrx_word' id='word_1_83' title='bbox 2491 714 2653 770; x_wconf 89' lang='lat' dir='ltr'><strong>datus</strong></span> <span class='ocrx_word' id='word_1_84' title='bbox 2687 716 2789 770; x_wconf 90' lang='lat' dir='ltr'><strong>hae</strong></span> <span class='ocrx_word' id='word_1_85' title='bbox 2823 716 3026 787; x_wconf 64' lang='lat' dir='ltr'><strong>praesul</strong></span> <span class='ocrx_word' id='word_1_86' title='bbox 3050 716 3105 771; x_wconf 91' lang='lat' dir='ltr'><strong>in</strong></span> <span class='ocrx_word' id='word_1_87' title='bbox 3133 716 3289 785; x_wconf 86' lang='lat' dir='ltr'><strong>urbe,</strong></span> 
     </span>
    </p>
   </div>
   <div class='ocr_carea' id='block_1_16' title="bbox 1845 802 3399 881">
    <p class='ocr_par' dir='ltr' id='par_1_16' title="bbox 1845 802 3399 881">
     <span class='ocr_line' id='line_1_16' title="bbox 1845 802 3399 881; baseline 0.005 -26"><span class='ocrx_word' id='word_1_88' title='bbox 1845 802 1957 866; x_wconf 86' lang='lat' dir='ltr'><strong>Qua</strong></span> <span class='ocrx_word' id='word_1_89' title='bbox 1979 804 2247 873; x_wconf 76' lang='lat' dir='ltr'><strong>perplura</strong></span> <span class='ocrx_word' id='word_1_90' title='bbox 2277 821 2444 875; x_wconf 76' lang='lat' dir='ltr'><strong>sagax</strong></span> <span class='ocrx_word' id='word_1_91' title='bbox 2476 805 2784 860; x_wconf 90' lang='lat' dir='ltr'><strong>animarum</strong></span> <span class='ocrx_word' id='word_1_92' title='bbox 2813 814 3114 881; x_wconf 88' lang='lat' dir='ltr'><strong>augmenta</strong></span> <span class='ocrx_word' id='word_1_93' title='bbox 3150 807 3399 881; x_wconf 89' lang='lat' dir='ltr'><strong>gerendo</strong></span> 
     </span>
    </p>
   </div>
   <div class='ocr_carea' id='block_1_17' title="bbox 1845 896 3218 974">
    <p class='ocr_par' dir='ltr' id='par_1_17' title="bbox 1845 896 3218 974">
     <span class='ocr_line' id='line_1_17' title="bbox 1845 896 3218 974; baseline 0.006 -24"><span class='ocrx_word' id='word_1_94' title='bbox 1845 896 2150 965; x_wconf 67' lang='lat' dir='ltr'><strong>Praanituit,</strong></span> <span class='ocrx_word' id='word_1_95' title='bbox 2185 907 2508 970; x_wconf 88' lang='lat' dir='ltr'><strong>mactusque</strong></span> <span class='ocrx_word' id='word_1_96' title='bbox 2540 899 2707 955; x_wconf 89' lang='lat' dir='ltr'><strong>lucris</strong></span> <span class='ocrx_word' id='word_1_97' title='bbox 2737 902 2813 955; x_wconf 88' lang='lat' dir='ltr'><strong>ita</strong></span> <span class='ocrx_word' id='word_1_98' title='bbox 2844 901 2955 957; x_wconf 89' lang='lat' dir='ltr'><strong>ﬁne</strong></span> <span class='ocrx_word' id='word_1_99' title='bbox 2987 903 3218 974; x_wconf 83' lang='lat' dir='ltr'><strong>quievit,</strong></span> 
     </span>
    </p>
   </div>
   <div class='ocr_carea' id='block_1_18' title="bbox 1846 986 3290 1063">
    <p class='ocr_par' dir='ltr' id='par_1_18' title="bbox 1846 986 3290 1063">
     <span class='ocr_line' id='line_1_18' title="bbox 1846 986 3290 1063; baseline 0.006 -23"><span class='ocrx_word' id='word_1_100' title='bbox 1846 986 2055 1042; x_wconf 81' lang='lat' dir='ltr'><strong>Fenora</strong></span> <span class='ocrx_word' id='word_1_101' title='bbox 2082 990 2390 1044; x_wconf 71' lang='lat' dir='ltr'><strong>commisszv</strong></span> <span class='ocrx_word' id='word_1_102' title='bbox 2416 990 2661 1045; x_wconf 80' lang='lat' dir='ltr'><strong>referens</strong></span> <span class='ocrx_word' id='word_1_103' title='bbox 2694 1008 2801 1048; x_wconf 91' lang='lat' dir='ltr'><strong>non</strong></span> <span class='ocrx_word' id='word_1_104' title='bbox 2833 1009 2998 1063; x_wconf 85' lang='lat' dir='ltr'><strong>parva</strong></span> <span class='ocrx_word' id='word_1_105' title='bbox 3026 1001 3290 1059; x_wconf 82' lang='lat' dir='ltr'><strong>catervae;</strong></span> 
     </span>
    </p>
   </div>
   <div class='ocr_carea' id='block_1_19' title="bbox 1848 1078 3293 1158">
    <p class='ocr_par' dir='ltr' id='par_1_19' title="bbox 1848 1078 3293 1158">
     <span class='ocr_line' id='line_1_19' title="bbox 1848 1078 3293 1158; baseline 0.006 -26"><span class='ocrx_word' id='word_1_106' title='bbox 1848 1078 2002 1132; x_wconf 84' lang='lat' dir='ltr'><strong>Unde</strong></span> <span class='ocrx_word' id='word_1_107' title='bbox 2029 1081 2111 1135; x_wconf 90' lang='lat' dir='ltr'><strong>sui</strong></span> <span class='ocrx_word' id='word_1_108' title='bbox 2135 1097 2361 1136; x_wconf 85' lang='lat' dir='ltr'><strong>sumens</strong></span> <span class='ocrx_word' id='word_1_109' title='bbox 2385 1098 2605 1154; x_wconf 86' lang='lat' dir='ltr'><strong>quoque</strong></span> <span class='ocrx_word' id='word_1_110' title='bbox 2633 1084 2855 1153; x_wconf 55' lang='lat' dir='ltr'><strong>praemia</strong></span> <span class='ocrx_word' id='word_1_111' title='bbox 2888 1085 3054 1158; x_wconf 88' lang='lat' dir='ltr'><strong>digna</strong></span> <span class='ocrx_word' id='word_1_112' title='bbox 3084 1085 3293 1140; x_wconf 90' lang='lat' dir='ltr'><strong>laboris</strong></span> 
     </span>
    </p>
   </div>
   <div class='ocr_carea' id='block_1_20' title="bbox 1848 1170 3180 1243">
    <p class='ocr_par' dir='ltr' id='par_1_20' title="bbox 1848 1170 3180 1243">
     <span class='ocr_line' id='line_1_20' title="bbox 1848 1170 3180 1243; baseline 0.005 -20"><span class='ocrx_word' id='word_1_113' title='bbox 1848 1170 2138 1226; x_wconf 84' lang='lat' dir='ltr'><strong>Cuelestem</strong></span> <span class='ocrx_word' id='word_1_114' title='bbox 2167 1188 2425 1243; x_wconf 85' lang='lat' dir='ltr'><strong>proceres</strong></span> <span class='ocrx_word' id='word_1_115' title='bbox 2455 1172 2600 1228; x_wconf 90' lang='lat' dir='ltr'><strong>inter</strong></span> <span class='ocrx_word' id='word_1_116' title='bbox 2639 1174 2864 1230; x_wconf 84' lang='lat' dir='ltr'><strong>sortitur</strong></span> <span class='ocrx_word' id='word_1_117' title='bbox 2893 1176 3180 1232; x_wconf 90' lang='lat' dir='ltr'><strong>honorem.</strong></span> 
     </span>
    </p>
   </div>
   <div class='ocr_carea' id='block_1_21' title="bbox 1650 1383 1953 1441">
    <p class='ocr_par' dir='ltr' id='par_1_21' title="bbox 1650 1383 1953 1441">
     <span class='ocr_line' id='line_1_21' title="bbox 1650 1383 1953 1441; baseline 0.017 -5"><span class='ocrx_word' id='word_1_118' title='bbox 1650 1383 1854 1439; x_wconf 77' lang='lat' dir='ltr'><strong>CAPUT</strong></span> <span class='ocrx_word' id='word_1_119' title='bbox 1891 1386 1953 1441; x_wconf 83' lang='lat' dir='ltr'><strong>X.</strong></span> 
     </span>
    </p>
   </div>
   <div class='ocr_carea' id='block_1_22' title="bbox 1322 1487 2267 1569">
    <p class='ocr_par' dir='ltr' id='par_1_22' title="bbox 1322 1487 2267 1569">
     <span class='ocr_line' id='line_1_22' title="bbox 1322 1487 2267 1569; baseline 0.01 -24"><span class='ocrx_word' id='word_1_120' title='bbox 1322 1487 1400 1546; x_wconf 84' lang='lat' dir='ltr'><strong>De</strong></span> <span class='ocrx_word' id='word_1_121' title='bbox 1432 1498 1638 1548; x_wconf 65' lang='lat' dir='ltr'><strong>sancto</strong></span> <span class='ocrx_word' id='word_1_122' title='bbox 1672 1491 1958 1569; x_wconf 78' lang='lat' dir='ltr'><strong>Philippo</strong></span> <span class='ocrx_word' id='word_1_123' title='bbox 1989 1495 2267 1556; x_wconf 77' lang='lat' dir='ltr'><strong>diacono.</strong></span> 
     </span>
    </p>
   </div>
   <div class='ocr_carea' id='block_1_23' title="bbox 121 1593 1397 1666">
    <p class='ocr_par' dir='ltr' id='par_1_23' title="bbox 121 1593 1397 1666">
     <span class='ocr_line' id='line_1_23' title="bbox 121 1593 1397 1666; baseline 0.002 -18"><span class='ocrx_word' id='word_1_124' title='bbox 121 1594 405 1650; x_wconf 55' lang='lat' dir='ltr'><strong>{Ediculas</strong></span> <span class='ocrx_word' id='word_1_125' title='bbox 434 1593 596 1650; x_wconf 84' lang='lat' dir='ltr'><strong>isthic</strong></span> <span class='ocrx_word' id='word_1_126' title='bbox 626 1596 923 1665; x_wconf 86' lang='lat' dir='ltr'><strong>perlustrat</strong></span> <span class='ocrx_word' id='word_1_127' title='bbox 953 1594 1117 1649; x_wconf 88' lang='lat' dir='ltr'><strong>Paula</strong></span> <span class='ocrx_word' id='word_1_128' title='bbox 1155 1593 1397 1666; x_wconf 84' lang='lat' dir='ltr'><strong>Philippi</strong></span> 
     </span>
    </p>
   </div>
   <div class='ocr_carea' id='block_1_24' title="bbox 125 1684 1508 1756">
    <p class='ocr_par' dir='ltr' id='par_1_24' title="bbox 125 1684 1508 1756">
     <span class='ocr_line' id='line_1_24' title="bbox 125 1684 1508 1756; baseline 0 -19"><span class='ocrx_word' id='word_1_129' title='bbox 125 1684 351 1751; x_wconf 71' lang='lat' dir='ltr'><strong>Levitaa,</strong></span> <span class='ocrx_word' id='word_1_130' title='bbox 386 1700 454 1739; x_wconf 82' lang='lat' dir='ltr'><strong>ex</strong></span> <span class='ocrx_word' id='word_1_131' title='bbox 483 1691 698 1755; x_wconf 88' lang='lat' dir='ltr'><strong>septem</strong></span> <span class='ocrx_word' id='word_1_132' title='bbox 727 1686 820 1756; x_wconf 91' lang='lat' dir='ltr'><strong>qui</strong></span> <span class='ocrx_word' id='word_1_133' title='bbox 843 1685 1032 1740; x_wconf 89' lang='lat' dir='ltr'><strong>munia</strong></span> <span class='ocrx_word' id='word_1_134' title='bbox 1053 1684 1199 1739; x_wconf 91' lang='lat' dir='ltr'><strong>clara</strong></span> <span class='ocrx_word' id='word_1_135' title='bbox 1229 1700 1508 1739; x_wconf 90' lang='lat' dir='ltr'><strong>sacrorum</strong></span> 
     </span>
    </p>
   </div>
   <div class='ocr_carea' id='block_1_25' title="bbox 122 1775 1579 1849">
    <p class='ocr_par' dir='ltr' id='par_1_25' title="bbox 122 1775 1579 1849">
     <span class='ocr_line' id='line_1_25' title="bbox 122 1775 1579 1849; baseline 0.001 -19"><span class='ocrx_word' id='word_1_136' title='bbox 122 1776 262 1831; x_wconf 92' lang='lat' dir='ltr'><strong>Cum</strong></span> <span class='ocrx_word' id='word_1_137' title='bbox 300 1775 580 1846; x_wconf 83' lang='lat' dir='ltr'><strong>Stephano</strong></span> <span class='ocrx_word' id='word_1_138' title='bbox 610 1793 855 1847; x_wconf 65' lang='lat' dir='ltr'><strong>caspere,</strong></span> <span class='ocrx_word' id='word_1_139' title='bbox 884 1778 1017 1843; x_wconf 89' lang='lat' dir='ltr'><strong>aris,</strong></span> <span class='ocrx_word' id='word_1_140' title='bbox 1042 1792 1150 1848; x_wconf 91' lang='lat' dir='ltr'><strong>qua</strong></span> <span class='ocrx_word' id='word_1_141' title='bbox 1177 1775 1297 1849; x_wconf 89' lang='lat' dir='ltr'><strong>lege</strong></span> <span class='ocrx_word' id='word_1_142' title='bbox 1328 1777 1579 1832; x_wconf 86' lang='lat' dir='ltr'><strong>minister</strong></span> 
     </span>
    </p>
   </div>
   <div class='ocr_carea' id='block_1_26' title="bbox 124 1868 1337 1936">
    <p class='ocr_par' dir='ltr' id='par_1_26' title="bbox 124 1868 1337 1936">
     <span class='ocr_line' id='line_1_26' title="bbox 124 1868 1337 1936; baseline -0.002 -13"><span class='ocrx_word' id='word_1_143' title='bbox 124 1870 342 1936; x_wconf 86' lang='lat' dir='ltr'><strong>Editus,</strong></span> <span class='ocrx_word' id='word_1_144' title='bbox 370 1869 562 1924; x_wconf 63' lang='lat' dir='ltr'><strong>aeterni</strong></span> <span class='ocrx_word' id='word_1_145' title='bbox 592 1885 702 1924; x_wconf 91' lang='lat' dir='ltr'><strong>non</strong></span> <span class='ocrx_word' id='word_1_146' title='bbox 734 1876 911 1923; x_wconf 88' lang='lat' dir='ltr'><strong>cessat</strong></span> <span class='ocrx_word' id='word_1_147' title='bbox 942 1868 1155 1923; x_wconf 87' lang='lat' dir='ltr'><strong>semina</strong></span> <span class='ocrx_word' id='word_1_148' title='bbox 1186 1868 1337 1922; x_wconf 89' lang='lat' dir='ltr'><strong>verbi</strong></span> 
     </span>
    </p>
   </div>
   <div class='ocr_carea' id='block_1_27' title="bbox 120 1960 1588 2035">
    <p class='ocr_par' dir='ltr' id='par_1_27' title="bbox 120 1960 1588 2035">
     <span class='ocr_line' id='line_1_27' title="bbox 120 1960 1588 2035; baseline 0 -21"><span class='ocrx_word' id='word_1_149' title='bbox 120 1962 401 2035; x_wconf 81' lang='lat' dir='ltr'><strong>Spargere</strong></span> <span class='ocrx_word' id='word_1_150' title='bbox 425 1977 524 2032; x_wconf 89' lang='lat' dir='ltr'><strong>per</strong></span> <span class='ocrx_word' id='word_1_151' title='bbox 542 1960 795 2032; x_wconf 88' lang='lat' dir='ltr'><strong>populos,</strong></span> <span class='ocrx_word' id='word_1_152' title='bbox 824 1967 878 2016; x_wconf 88' lang='lat' dir='ltr'><strong>et</strong></span> <span class='ocrx_word' id='word_1_153' title='bbox 908 1977 1040 2016; x_wconf 88' lang='lat' dir='ltr'><strong>oves</strong></span> <span class='ocrx_word' id='word_1_154' title='bbox 1070 1961 1140 2015; x_wconf 82' lang='lat' dir='ltr'><strong>ad</strong></span> <span class='ocrx_word' id='word_1_155' title='bbox 1167 1960 1314 2016; x_wconf 87' lang='lat' dir='ltr'><strong>ovile</strong></span> <span class='ocrx_word' id='word_1_156' title='bbox 1354 1976 1549 2015; x_wconf 89' lang='lat' dir='ltr'><strong>vocare</strong></span> <span class='ocrx_word' id='word_1_157' title='bbox 1575 1978 1588 2014; x_wconf 91' lang='lat'>:</span> 
     </span>
    </p>
   </div>
   <div class='ocr_carea' id='block_1_28' title="bbox 122 2055 1595 2131">
    <p class='ocr_par' dir='ltr' id='par_1_28' title="bbox 122 2055 1595 2131">
     <span class='ocr_line' id='line_1_28' title="bbox 122 2055 1595 2131; baseline -0.001 -21"><span class='ocrx_word' id='word_1_158' title='bbox 122 2056 372 2110; x_wconf 89' lang='lat' dir='ltr'><strong>Plurima</strong></span> <span class='ocrx_word' id='word_1_159' title='bbox 398 2056 559 2131; x_wconf 86' lang='lat' dir='ltr'><strong>signa</strong></span> <span class='ocrx_word' id='word_1_160' title='bbox 579 2072 805 2131; x_wconf 81' lang='lat' dir='ltr'><strong>gerens,</strong></span> <span class='ocrx_word' id='word_1_161' title='bbox 834 2056 1097 2110; x_wconf 86' lang='lat' dir='ltr'><strong>virtutum</strong></span> <span class='ocrx_word' id='word_1_162' title='bbox 1132 2055 1253 2109; x_wconf 91' lang='lat' dir='ltr'><strong>luce</strong></span> <span class='ocrx_word' id='word_1_163' title='bbox 1277 2071 1595 2123; x_wconf 87' lang='lat' dir='ltr'><strong>coruscans,</strong></span> 
     </span>
    </p>
   </div>
   <div class='ocr_carea' id='block_1_29' title="bbox 119 2145 1587 2216">
    <p class='ocr_par' dir='ltr' id='par_1_29' title="bbox 119 2145 1587 2216">
     <span class='ocr_line' id='line_1_29' title="bbox 119 2145 1587 2216; baseline 0.001 -18"><span class='ocrx_word' id='word_1_164' title='bbox 119 2145 421 2199; x_wconf 77' lang='lat' dir='ltr'><strong>Daemonas</strong></span> <span class='ocrx_word' id='word_1_165' title='bbox 442 2145 748 2216; x_wconf 85' lang='lat' dir='ltr'><strong>expellens.</strong></span> <span class='ocrx_word' id='word_1_166' title='bbox 775 2145 1076 2215; x_wconf 86' lang='lat' dir='ltr'><strong>paralytica</strong></span> <span class='ocrx_word' id='word_1_167' title='bbox 1105 2160 1339 2215; x_wconf 91' lang='lat' dir='ltr'><strong>corpora</strong></span> <span class='ocrx_word' id='word_1_168' title='bbox 1370 2161 1587 2212; x_wconf 92' lang='lat' dir='ltr'><strong>curans,</strong></span> 
     </span>
    </p>
   </div>
   <div class='ocr_carea' id='block_1_30' title="bbox 121 2237 1516 2311">
    <p class='ocr_par' dir='ltr' id='par_1_30' title="bbox 121 2237 1516 2311">
     <span class='ocr_line' id='line_1_30' title="bbox 121 2237 1516 2311; baseline -0.001 -18"><span class='ocrx_word' id='word_1_169' title='bbox 121 2238 454 2294; x_wconf 84' lang='lat' dir='ltr'><strong>Restituens</strong></span> <span class='ocrx_word' id='word_1_170' title='bbox 484 2254 732 2311; x_wconf 86' lang='lat' dir='ltr'><strong>gressum</strong></span> <span class='ocrx_word' id='word_1_171' title='bbox 764 2237 977 2293; x_wconf 87' lang='lat' dir='ltr'><strong>claudis</strong></span> <span class='ocrx_word' id='word_1_172' title='bbox 1006 2254 1068 2292; x_wconf 89' lang='lat' dir='ltr'><strong>ac</strong></span> <span class='ocrx_word' id='word_1_173' title='bbox 1098 2238 1308 2292; x_wconf 90' lang='lat' dir='ltr'><strong>lumina</strong></span> <span class='ocrx_word' id='word_1_174' title='bbox 1337 2238 1516 2293; x_wconf 63' lang='lat' dir='ltr'><strong>CEECIS.</strong></span> 
     </span>
    </p>
   </div>
   <div class='ocr_carea' id='block_1_31' title="bbox 124 2326 1348 2383">
    <p class='ocr_par' dir='ltr' id='par_1_31' title="bbox 124 2326 1348 2383">
     <span class='ocr_line' id='line_1_31' title="bbox 124 2326 1348 2383; baseline -0.002 -1"><span class='ocrx_word' id='word_1_175' title='bbox 124 2328 227 2383; x_wconf 90' lang='lat' dir='ltr'><strong>Ille</strong></span> <span class='ocrx_word' id='word_1_176' title='bbox 248 2328 582 2382; x_wconf 87' lang='lat' dir='ltr'><strong>Samaritum</strong></span> <span class='ocrx_word' id='word_1_177' title='bbox 608 2327 736 2381; x_wconf 92' lang='lat' dir='ltr'><strong>ﬁdei</strong></span> <span class='ocrx_word' id='word_1_178' title='bbox 765 2327 1091 2382; x_wconf 82' lang='lat' dir='ltr'><strong>fundamina</strong></span> <span class='ocrx_word' id='word_1_179' title='bbox 1122 2326 1348 2381; x_wconf 86' lang='lat' dir='ltr'><strong>ﬁrmans</strong></span> 
     </span>
    </p>
   </div>
   <div class='ocr_carea' id='block_1_32' title="bbox 120 2414 1583 2487">
    <p class='ocr_par' dir='ltr' id='par_1_32' title="bbox 120 2414 1583 2487">
     <span class='ocr_line' id='line_1_32' title="bbox 120 2414 1583 2487; baseline -0.001 -16"><span class='ocrx_word' id='word_1_180' title='bbox 120 2416 410 2481; x_wconf 86' lang='lat' dir='ltr'><strong>Instruxit,</strong></span> <span class='ocrx_word' id='word_1_181' title='bbox 444 2416 678 2479; x_wconf 86' lang='lat' dir='ltr'><strong>monuit,</strong></span> <span class='ocrx_word' id='word_1_182' title='bbox 713 2415 1066 2487; x_wconf 88' lang='lat' dir='ltr'><strong>Simonisquc</strong></span> <span class='ocrx_word' id='word_1_183' title='bbox 1098 2432 1318 2470; x_wconf 89' lang='lat' dir='ltr'><strong>venena</strong></span> <span class='ocrx_word' id='word_1_184' title='bbox 1351 2414 1583 2487; x_wconf 77' lang='lat' dir='ltr'><strong>fugavit.</strong></span> 
     </span>
    </p>
   </div>
   <div class='ocr_carea' id='block_1_33' title="bbox 119 2504 1757 2579">
    <p class='ocr_par' dir='ltr' id='par_1_33' title="bbox 119 2504 1757 2579">
     <span class='ocr_line' id='line_1_33' title="bbox 119 2504 1757 2579; baseline -0.001 -19"><span class='ocrx_word' id='word_1_185' title='bbox 119 2505 397 2579; x_wconf 88' lang='lat' dir='ltr'><strong>Angelico</strong></span> <span class='ocrx_word' id='word_1_186' title='bbox 426 2505 594 2560; x_wconf 86' lang='lat' dir='ltr'><strong>ductu</strong></span> <span class='ocrx_word' id='word_1_187' title='bbox 626 2520 951 2575; x_wconf 84' lang='lat' dir='ltr'><strong>prOperans,</strong></span> <span class='ocrx_word' id='word_1_188' title='bbox 1005 2505 1133 2559; x_wconf 92' lang='lat' dir='ltr'><strong>hinc</strong></span> <span class='ocrx_word' id='word_1_189' title='bbox 1176 2504 1354 2577; x_wconf 85' lang='lat' dir='ltr'><strong>pergit</strong></span> <span class='ocrx_word' id='word_1_190' title='bbox 1391 2505 1459 2558; x_wconf 91' lang='lat' dir='ltr'><strong>ad</strong></span> <span class='ocrx_word' id='word_1_191' title='bbox 1490 2513 1757 2572; x_wconf 88' lang='lat' dir='ltr'><strong>austrum,</strong></span> 
     </span>
    </p>
   </div>
   <div class='ocr_carea' id='block_1_34' title="bbox 122 2598 1615 2674">
    <p class='ocr_par' dir='ltr' id='par_1_34' title="bbox 122 2598 1615 2674">
     <span class='ocr_line' id='line_1_34' title="bbox 122 2598 1615 2674; baseline 0 -22"><span class='ocrx_word' id='word_1_192' title='bbox 122 2598 562 2669; x_wconf 61' lang='lat' dir='ltr'><strong>[Ethiopemque</strong></span> <span class='ocrx_word' id='word_1_193' title='bbox 591 2606 751 2654; x_wconf 90' lang='lat' dir='ltr'><strong>tuens</strong></span> <span class='ocrx_word' id='word_1_194' title='bbox 780 2600 1099 2653; x_wconf 88' lang='lat' dir='ltr'><strong>eunuchum</strong></span> <span class='ocrx_word' id='word_1_195' title='bbox 1132 2615 1288 2653; x_wconf 88' lang='lat' dir='ltr'><strong>sacra</strong></span> <span class='ocrx_word' id='word_1_196' title='bbox 1317 2600 1615 2674; x_wconf 83' lang='lat' dir='ltr'><strong>legentem,</strong></span> 
     </span>
    </p>
   </div>
   <div class='ocr_carea' id='block_1_35' title="bbox 121 2686 1371 2761">
    <p class='ocr_par' dir='ltr' id='par_1_35' title="bbox 121 2686 1371 2761">
     <span class='ocr_line' id='line_1_35' title="bbox 121 2686 1371 2761; baseline 0.001 -21"><span class='ocrx_word' id='word_1_197' title='bbox 121 2686 325 2741; x_wconf 91' lang='lat' dir='ltr'><strong>Divino</strong></span> <span class='ocrx_word' id='word_1_198' title='bbox 348 2687 562 2741; x_wconf 87' lang='lat' dir='ltr'><strong>monitu</strong></span> <span class='ocrx_word' id='word_1_199' title='bbox 592 2687 871 2758; x_wconf 90' lang='lat' dir='ltr'><strong>carpendo</strong></span> <span class='ocrx_word' id='word_1_200' title='bbox 896 2687 1172 2761; x_wconf 83' lang='lat' dir='ltr'><strong>jungitur,</strong></span> <span class='ocrx_word' id='word_1_201' title='bbox 1202 2693 1371 2758; x_wconf 86' lang='lat' dir='ltr'><strong>atque</strong></span> 
     </span>
    </p>
   </div>
   <div class='ocr_carea' id='block_1_36' title="bbox 122 2776 1298 2850">
    <p class='ocr_par' dir='ltr' id='par_1_36' title="bbox 122 2776 1298 2850">
     <span class='ocr_line' id='line_1_36' title="bbox 122 2776 1298 2850; baseline 0 -19"><span class='ocrx_word' id='word_1_202' title='bbox 122 2776 378 2833; x_wconf 89' lang='lat' dir='ltr'><strong>Sollicito</strong></span> <span class='ocrx_word' id='word_1_203' title='bbox 407 2777 591 2833; x_wconf 90' lang='lat' dir='ltr'><strong>studio</strong></span> <span class='ocrx_word' id='word_1_204' title='bbox 619 2778 863 2831; x_wconf 86' lang='lat' dir='ltr'><strong>sociatur</strong></span> <span class='ocrx_word' id='word_1_205' title='bbox 897 2778 1114 2847; x_wconf 82' lang='lat' dir='ltr'><strong>apertio</strong></span> <span class='ocrx_word' id='word_1_206' title='bbox 1146 2777 1298 2850; x_wconf 84' lang='lat' dir='ltr'><strong>legis.</strong></span> 
     </span>
    </p>
   </div>
   <div class='ocr_carea' id='block_1_37' title="bbox 124 2871 1620 2943">
    <p class='ocr_par' dir='ltr' id='par_1_37' title="bbox 124 2871 1620 2943">
     <span class='ocr_line' id='line_1_37' title="bbox 124 2871 1620 2943; baseline 0.001 -18"><span class='ocrx_word' id='word_1_207' title='bbox 124 2872 269 2927; x_wconf 88' lang='lat' dir='ltr'><strong>Dum</strong></span> <span class='ocrx_word' id='word_1_208' title='bbox 298 2879 512 2929; x_wconf 88' lang='lat' dir='ltr'><strong>veteres</strong></span> <span class='ocrx_word' id='word_1_209' title='bbox 538 2872 803 2927; x_wconf 88' lang='lat' dir='ltr'><strong>sitiuntur</strong></span> <span class='ocrx_word' id='word_1_210' title='bbox 826 2888 1001 2943; x_wconf 73' lang='lat' dir='ltr'><strong>aquae,</strong></span> <span class='ocrx_word' id='word_1_211' title='bbox 1034 2871 1157 2927; x_wconf 87' lang='lat' dir='ltr'><strong>fons</strong></span> <span class='ocrx_word' id='word_1_212' title='bbox 1188 2871 1447 2941; x_wconf 83' lang='lat' dir='ltr'><strong>panditur</strong></span> <span class='ocrx_word' id='word_1_213' title='bbox 1468 2879 1620 2927; x_wconf 90' lang='lat' dir='ltr'><strong>ortus</strong></span> 
     </span>
    </p>
   </div>
   <div class='ocr_carea' id='block_1_38' title="bbox 1852 1602 3220 1679">
    <p class='ocr_par' dir='ltr' id='par_1_38' title="bbox 1852 1602 3220 1679">
     <span class='ocr_line' id='line_1_38' title="bbox 1852 1602 3220 1679; baseline 0.006 -25"><span class='ocrx_word' id='word_1_214' title='bbox 1852 1602 1987 1657; x_wconf 89' lang='lat' dir='ltr'><strong>Esse</strong></span> <span class='ocrx_word' id='word_1_215' title='bbox 2019 1619 2196 1659; x_wconf 87' lang='lat' dir='ltr'><strong>novus</strong></span> <span class='ocrx_word' id='word_1_216' title='bbox 2225 1611 2355 1674; x_wconf 90' lang='lat' dir='ltr'><strong>poto</strong></span> <span class='ocrx_word' id='word_1_217' title='bbox 2386 1620 2495 1677; x_wconf 91' lang='lat' dir='ltr'><strong>quo</strong></span> <span class='ocrx_word' id='word_1_218' title='bbox 2529 1614 2750 1676; x_wconf 90' lang='lat' dir='ltr'><strong>pectora</strong></span> <span class='ocrx_word' id='word_1_219' title='bbox 2774 1606 2920 1661; x_wconf 89' lang='lat' dir='ltr'><strong>sicca</strong></span> <span class='ocrx_word' id='word_1_220' title='bbox 2938 1606 3220 1679; x_wconf 88' lang='lat' dir='ltr'><strong>rigantur;</strong></span> 
     </span>
    </p>
   </div>
   <div class='ocr_carea' id='block_1_39' title="bbox 1852 1694 3258 1771">
    <p class='ocr_par' dir='ltr' id='par_1_39' title="bbox 1852 1694 3258 1771">
     <span class='ocr_line' id='line_1_39' title="bbox 1852 1694 3258 1771; baseline 0.005 -24"><span class='ocrx_word' id='word_1_221' title='bbox 1852 1694 2185 1767; x_wconf 81' lang='lat' dir='ltr'><strong>Mutavitque</strong></span> <span class='ocrx_word' id='word_1_222' title='bbox 2216 1704 2408 1764; x_wconf 89' lang='lat' dir='ltr'><strong>atram,</strong></span> <span class='ocrx_word' id='word_1_223' title='bbox 2436 1697 2645 1752; x_wconf 89' lang='lat' dir='ltr'><strong>tinctus</strong></span> <span class='ocrx_word' id='word_1_224' title='bbox 2678 1698 3030 1769; x_wconf 90' lang='lat' dir='ltr'><strong>baptismate,</strong></span> <span class='ocrx_word' id='word_1_225' title='bbox 3056 1699 3258 1771; x_wconf 89' lang='lat' dir='ltr'><strong>pellem</strong></span> 
     </span>
    </p>
   </div>
   <div class='ocr_carea' id='block_1_40' title="bbox 1856 1786 3191 1865">
    <p class='ocr_par' dir='ltr' id='par_1_40' title="bbox 1856 1786 3191 1865">
     <span class='ocr_line' id='line_1_40' title="bbox 1856 1786 3191 1865; baseline 0.006 -27"><span class='ocrx_word' id='word_1_226' title='bbox 1856 1786 1950 1840; x_wconf 86' lang='lat' dir='ltr'><strong>llic</strong></span> <span class='ocrx_word' id='word_1_227' title='bbox 1979 1786 2135 1860; x_wconf 87' lang='lat' dir='ltr'><strong>niger</strong></span> <span class='ocrx_word' id='word_1_228' title='bbox 2150 1788 2461 1844; x_wconf 88' lang='lat' dir='ltr'><strong>eunuchus.</strong></span> <span class='ocrx_word' id='word_1_229' title='bbox 2479 1789 2708 1863; x_wconf 87' lang='lat' dir='ltr'><strong>gentilia</strong></span> <span class='ocrx_word' id='word_1_230' title='bbox 2729 1791 2894 1846; x_wconf 89' lang='lat' dir='ltr'><strong>corda</strong></span> <span class='ocrx_word' id='word_1_231' title='bbox 2922 1790 3191 1865; x_wconf 87' lang='lat' dir='ltr'><strong>ﬁgurans.</strong></span> 
     </span>
    </p>
   </div>
   <div class='ocr_carea' id='block_1_41' title="bbox 1858 1876 3376 1955">
    <p class='ocr_par' dir='ltr' id='par_1_41' title="bbox 1858 1876 3376 1955">
     <span class='ocr_line' id='line_1_41' title="bbox 1858 1876 3376 1955; baseline 0.004 -27"><span class='ocrx_word' id='word_1_232' title='bbox 1858 1876 2152 1931; x_wconf 89' lang='lat' dir='ltr'><strong>Bethsoros</strong></span> <span class='ocrx_word' id='word_1_233' title='bbox 2179 1885 2262 1932; x_wconf 89' lang='lat' dir='ltr'><strong>est</strong></span> <span class='ocrx_word' id='word_1_234' title='bbox 2294 1878 2444 1933; x_wconf 91' lang='lat' dir='ltr'><strong>vicus</strong></span> <span class='ocrx_word' id='word_1_235' title='bbox 2474 1879 2710 1950; x_wconf 85' lang='lat' dir='ltr'><strong>Solymis</strong></span> <span class='ocrx_word' id='word_1_236' title='bbox 2742 1896 2849 1950; x_wconf 91' lang='lat' dir='ltr'><strong>qua</strong></span> <span class='ocrx_word' id='word_1_237' title='bbox 2882 1881 3127 1955; x_wconf 88' lang='lat' dir='ltr'><strong>pergitur</strong></span> <span class='ocrx_word' id='word_1_238' title='bbox 3157 1880 3376 1937; x_wconf 86' lang='lat' dir='ltr'><strong>llebron</strong></span> 
     </span>
    </p>
   </div>
   <div class='ocr_carea' id='block_1_42' title="bbox 1782 1963 3176 2060">
    <p class='ocr_par' dir='ltr' id='par_1_42' title="bbox 1782 1963 3176 2060">
     <span class='ocr_line' id='line_1_42' title="bbox 1782 1963 3176 2060; baseline 0.006 -45"><span class='ocrx_word' id='word_1_239' title='bbox 1782 1990 1833 2060; x_wconf 76' lang='grc' dir='ltr'><strong>Β</strong></span> <span class='ocrx_word' id='word_1_240' title='bbox 1863 1963 1920 2016; x_wconf 92' lang='lat' dir='ltr'><strong>In</strong></span> <span class='ocrx_word' id='word_1_241' title='bbox 1948 1980 2058 2034; x_wconf 90' lang='lat' dir='ltr'><strong>quo</strong></span> <span class='ocrx_word' id='word_1_242' title='bbox 2087 1964 2212 2020; x_wconf 90' lang='lat' dir='ltr'><strong>fons</strong></span> <span class='ocrx_word' id='word_1_243' title='bbox 2241 1966 2398 2034; x_wconf 85' lang='lat' dir='ltr'><strong>cujus</strong></span> <span class='ocrx_word' id='word_1_244' title='bbox 2427 1968 2776 2024; x_wconf 88' lang='lat' dir='ltr'><strong>sacrantibus</strong></span> <span class='ocrx_word' id='word_1_245' title='bbox 2798 1970 2980 2024; x_wconf 89' lang='lat' dir='ltr'><strong>elutus</strong></span> <span class='ocrx_word' id='word_1_246' title='bbox 3011 1970 3176 2024; x_wconf 89' lang='lat' dir='ltr'><strong>undis</strong></span> 
     </span>
    </p>
   </div>
   <div class='ocr_carea' id='block_1_43' title="bbox 1860 2053 3129 2127">
    <p class='ocr_par' dir='ltr' id='par_1_43' title="bbox 1860 2053 3129 2127">
     <span class='ocr_line' id='line_1_43' title="bbox 1860 2053 3129 2127; baseline 0.006 -19"><span class='ocrx_word' id='word_1_247' title='bbox 1860 2053 2102 2109; x_wconf 85' lang='lat' dir='ltr'><strong>Candida</strong></span> <span class='ocrx_word' id='word_1_248' title='bbox 2142 2056 2415 2127; x_wconf 65' lang='lat' dir='ltr'><strong>przrclaraa</strong></span> <span class='ocrx_word' id='word_1_249' title='bbox 2446 2059 2647 2114; x_wconf 90' lang='lat' dir='ltr'><strong>meruit</strong></span> <span class='ocrx_word' id='word_1_250' title='bbox 2677 2061 2955 2115; x_wconf 89' lang='lat' dir='ltr'><strong>consortia</strong></span> <span class='ocrx_word' id='word_1_251' title='bbox 2983 2060 3129 2116; x_wconf 69' lang='lat' dir='ltr'><strong>vitae.</strong></span> 
     </span>
    </p>
   </div>
   <div class='ocr_carea' id='block_1_44' title="bbox 1859 2141 3249 2218">
    <p class='ocr_par' dir='ltr' id='par_1_44' title="bbox 1859 2141 3249 2218">
     <span class='ocr_line' id='line_1_44' title="bbox 1859 2141 3249 2218; baseline 0.004 -23"><span class='ocrx_word' id='word_1_252' title='bbox 1859 2141 2097 2212; x_wconf 91' lang='lat' dir='ltr'><strong>Spiritus</strong></span> <span class='ocrx_word' id='word_1_253' title='bbox 2120 2144 2409 2215; x_wconf 88' lang='lat' dir='ltr'><strong>abripiens</strong></span> <span class='ocrx_word' id='word_1_254' title='bbox 2437 2145 2577 2201; x_wconf 90' lang='lat' dir='ltr'><strong>alias</strong></span> <span class='ocrx_word' id='word_1_255' title='bbox 2605 2146 2901 2203; x_wconf 85' lang='lat' dir='ltr'><strong>transferre</strong></span> <span class='ocrx_word' id='word_1_256' title='bbox 2930 2147 3249 2218; x_wconf 87' lang='lat' dir='ltr'><strong>Philippum</strong></span> 
     </span>
    </p>
   </div>
   <div class='ocr_carea' id='block_1_45' title="bbox 1859 2233 3305 2309">
    <p class='ocr_par' dir='ltr' id='par_1_45' title="bbox 1859 2233 3305 2309">
     <span class='ocr_line' id='line_1_45' title="bbox 1859 2233 3305 2309; baseline 0.003 -23"><span class='ocrx_word' id='word_1_257' title='bbox 1859 2233 2130 2301; x_wconf 87' lang='lat' dir='ltr'><strong>Destinat,</strong></span> <span class='ocrx_word' id='word_1_258' title='bbox 2163 2235 2368 2290; x_wconf 86' lang='lat' dir='ltr'><strong>Azotiis</strong></span> <span class='ocrx_word' id='word_1_259' title='bbox 2388 2237 2754 2309; x_wconf 87' lang='lat' dir='ltr'><strong>reliquisque,</strong></span> <span class='ocrx_word' id='word_1_260' title='bbox 2788 2239 2883 2293; x_wconf 91' lang='lat' dir='ltr'><strong>ubi</strong></span> <span class='ocrx_word' id='word_1_261' title='bbox 2915 2240 3080 2294; x_wconf 90' lang='lat' dir='ltr'><strong>verba</strong></span> <span class='ocrx_word' id='word_1_262' title='bbox 3111 2238 3305 2293; x_wconf 91' lang='lat' dir='ltr'><strong>salutis</strong></span> 
     </span>
    </p>
   </div>
   <div class='ocr_carea' id='block_1_46' title="bbox 1860 2321 3265 2397">
    <p class='ocr_par' dir='ltr' id='par_1_46' title="bbox 1860 2321 3265 2397">
     <span class='ocr_line' id='line_1_46' title="bbox 1860 2321 3265 2397; baseline 0.004 -23"><span class='ocrx_word' id='word_1_263' title='bbox 1860 2321 2090 2376; x_wconf 88' lang='lat' dir='ltr'><strong>Disserit</strong></span> <span class='ocrx_word' id='word_1_264' title='bbox 2119 2323 2366 2397; x_wconf 89' lang='lat' dir='ltr'><strong>allegans</strong></span> <span class='ocrx_word' id='word_1_265' title='bbox 2398 2325 2590 2379; x_wconf 90' lang='lat' dir='ltr'><strong>urbem</strong></span> <span class='ocrx_word' id='word_1_266' title='bbox 2623 2327 2754 2381; x_wconf 92' lang='lat' dir='ltr'><strong>dum</strong></span> <span class='ocrx_word' id='word_1_267' title='bbox 2784 2327 2981 2382; x_wconf 88' lang='lat' dir='ltr'><strong>transit</strong></span> <span class='ocrx_word' id='word_1_268' title='bbox 3011 2329 3078 2381; x_wconf 90' lang='lat' dir='ltr'><strong>ad</strong></span> <span class='ocrx_word' id='word_1_269' title='bbox 3109 2328 3265 2381; x_wconf 86' lang='lat' dir='ltr'><strong>istam</strong></span> 
     </span>
    </p>
   </div>
   <div class='ocr_carea' id='block_1_47' title="bbox 1860 2415 3160 2492">
    <p class='ocr_par' dir='ltr' id='par_1_47' title="bbox 1860 2415 3160 2492">
     <span class='ocr_line' id='line_1_47' title="bbox 1860 2415 3160 2492; baseline 0.006 -23"><span class='ocrx_word' id='word_1_270' title='bbox 1860 2415 2155 2471; x_wconf 64' lang='lat' dir='ltr'><strong>Ediﬁcans</strong></span> <span class='ocrx_word' id='word_1_271' title='bbox 2176 2417 2229 2471; x_wconf 94' lang='lat' dir='ltr'><strong>in</strong></span> <span class='ocrx_word' id='word_1_272' title='bbox 2262 2434 2370 2488; x_wconf 83' lang='lat' dir='ltr'><strong>qua</strong></span> <span class='ocrx_word' id='word_1_273' title='bbox 2393 2426 2609 2475; x_wconf 89' lang='lat' dir='ltr'><strong>mentes</strong></span> <span class='ocrx_word' id='word_1_274' title='bbox 2640 2421 2930 2492; x_wconf 89' lang='lat' dir='ltr'><strong>requievit.</strong></span> <span class='ocrx_word' id='word_1_275' title='bbox 2959 2430 3015 2477; x_wconf 92' lang='lat' dir='ltr'><strong>et</strong></span> <span class='ocrx_word' id='word_1_276' title='bbox 3036 2423 3160 2490; x_wconf 85' lang='lat' dir='ltr'><strong>ejus</strong></span> 
     </span>
    </p>
   </div>
   <div class='ocr_carea' id='block_1_48' title="bbox 1860 2504 3167 2585">
    <p class='ocr_par' dir='ltr' id='par_1_48' title="bbox 1860 2504 3167 2585">
     <span class='ocr_line' id='line_1_48' title="bbox 1860 2504 3167 2585; baseline 0.008 -28"><span class='ocrx_word' id='word_1_277' title='bbox 1860 2504 1991 2559; x_wconf 88' lang='lat' dir='ltr'><strong>Tres</strong></span> <span class='ocrx_word' id='word_1_278' title='bbox 2012 2504 2168 2573; x_wconf 88' lang='lat' dir='ltr'><strong>juxta</strong></span> <span class='ocrx_word' id='word_1_279' title='bbox 2196 2508 2421 2579; x_wconf 54' lang='lat' dir='ltr'><strong>genita,</strong></span> <span class='ocrx_word' id='word_1_280' title='bbox 2453 2525 2577 2564; x_wconf 88' lang='lat' dir='ltr'><strong>cum</strong></span> <span class='ocrx_word' id='word_1_281' title='bbox 2600 2511 2931 2585; x_wconf 86' lang='lat' dir='ltr'><strong>virginitatis</strong></span> <span class='ocrx_word' id='word_1_282' title='bbox 2960 2514 3167 2568; x_wconf 89' lang='lat' dir='ltr'><strong>honore</strong></span> 
     </span>
    </p>
   </div>
   <div class='ocr_carea' id='block_1_49' title="bbox 1862 2600 3174 2678">
    <p class='ocr_par' dir='ltr' id='par_1_49' title="bbox 1862 2600 3174 2678">
     <span class='ocr_line' id='line_1_49' title="bbox 1862 2600 3174 2678; baseline 0.008 -25"><span class='ocrx_word' id='word_1_283' title='bbox 1862 2600 2073 2654; x_wconf 76' lang='lat' dir='ltr'><strong>Sortitte</strong></span> <span class='ocrx_word' id='word_1_284' title='bbox 2097 2602 2375 2670; x_wconf 90' lang='lat' dir='ltr'><strong>tumulos;</strong></span> <span class='ocrx_word' id='word_1_285' title='bbox 2406 2606 2683 2676; x_wconf 87' lang='lat' dir='ltr'><strong>Ephesina</strong></span> <span class='ocrx_word' id='word_1_286' title='bbox 2709 2615 2899 2678; x_wconf 88' lang='lat' dir='ltr'><strong>quarta</strong></span> <span class='ocrx_word' id='word_1_287' title='bbox 2928 2609 3174 2664; x_wconf 89' lang='lat' dir='ltr'><strong>renidet:</strong></span> 
     </span>
    </p>
   </div>
   <div class='ocr_carea' id='block_1_50' title="bbox 1863 2691 3239 2769">
    <p class='ocr_par' dir='ltr' id='par_1_50' title="bbox 1863 2691 3239 2769">
     <span class='ocr_line' id='line_1_50' title="bbox 1863 2691 3239 2769; baseline 0.007 -26"><span class='ocrx_word' id='word_1_288' title='bbox 1863 2691 2067 2761; x_wconf 89' lang='lat' dir='ltr'><strong>Spiritu</strong></span> <span class='ocrx_word' id='word_1_289' title='bbox 2106 2693 2226 2763; x_wconf 90' lang='lat' dir='ltr'><strong>ipse</strong></span> <span class='ocrx_word' id='word_1_290' title='bbox 2260 2696 2565 2766; x_wconf 82' lang='lat' dir='ltr'><strong>prephctiae</strong></span> <span class='ocrx_word' id='word_1_291' title='bbox 2595 2714 2735 2769; x_wconf 90' lang='lat' dir='ltr'><strong>quas</strong></span> <span class='ocrx_word' id='word_1_292' title='bbox 2756 2715 2983 2754; x_wconf 90' lang='lat' dir='ltr'><strong>munere</strong></span> <span class='ocrx_word' id='word_1_293' title='bbox 3014 2708 3239 2757; x_wconf 85' lang='lat' dir='ltr'><strong>sanctus</strong></span> 
     </span>
    </p>
   </div>
   <div class='ocr_carea' id='block_1_51' title="bbox 1864 2781 3130 2864">
    <p class='ocr_par' dir='ltr' id='par_1_51' title="bbox 1864 2781 3130 2864">
     <span class='ocr_line' id='line_1_51' title="bbox 1864 2781 3130 2864; baseline 0.008 -30"><span class='ocrx_word' id='word_1_294' title='bbox 1864 2781 2128 2853; x_wconf 88' lang='lat' dir='ltr'><strong>lmplens,</strong></span> <span class='ocrx_word' id='word_1_295' title='bbox 2162 2785 2441 2840; x_wconf 85' lang='lat' dir='ltr'><strong>illecebris</strong></span> <span class='ocrx_word' id='word_1_296' title='bbox 2455 2787 2559 2841; x_wconf 91' lang='lat' dir='ltr'><strong>diri</strong></span> <span class='ocrx_word' id='word_1_297' title='bbox 2589 2788 2823 2844; x_wconf 83' lang='lat' dir='ltr'><strong>servavit</strong></span> <span class='ocrx_word' id='word_1_298' title='bbox 2849 2789 2917 2843; x_wconf 91' lang='lat' dir='ltr'><strong>ab</strong></span> <span class='ocrx_word' id='word_1_299' title='bbox 2932 2791 3130 2864; x_wconf 89' lang='lat' dir='ltr'><strong>anguis</strong></span> 
     </span>
    </p>
   </div>
   <div class='ocr_carea' id='block_1_52' title="bbox 1865 2870 3201 2954">
    <p class='ocr_par' dir='ltr' id='par_1_52' title="bbox 1865 2870 3201 2954">
     <span class='ocr_line' id='line_1_52' title="bbox 1865 2870 3201 2954; baseline 0.009 -30"><span class='ocrx_word' id='word_1_300' title='bbox 1865 2870 2251 2945; x_wconf 67' lang='lat' dir='ltr'><strong>Ethereisque</strong></span> <span class='ocrx_word' id='word_1_301' title='bbox 2270 2876 2453 2931; x_wconf 88' lang='lat' dir='ltr'><strong>choris</strong></span> <span class='ocrx_word' id='word_1_302' title='bbox 2478 2878 2602 2932; x_wconf 73' lang='lat' dir='ltr'><strong>cwli</strong></span> <span class='ocrx_word' id='word_1_303' title='bbox 2622 2889 2949 2948; x_wconf 83' lang='lat' dir='ltr'><strong>superastra</strong></span> <span class='ocrx_word' id='word_1_304' title='bbox 2966 2881 3201 2954; x_wconf 89' lang='lat' dir='ltr'><strong>jugavit.</strong></span> 
     </span>
    </p>
   </div>
   <div class='ocr_carea' id='block_1_53' title="bbox 1639 2997 1978 3054">
    <p class='ocr_par' dir='ltr' id='par_1_53' title="bbox 1639 2997 1978 3054">
     <span class='ocr_line' id='line_1_53' title="bbox 1639 2997 1978 3054; baseline 0.003 -1"><span class='ocrx_word' id='word_1_305' title='bbox 1639 2997 1850 3053; x_wconf 80' lang='lat' dir='ltr'><strong>CAPUT</strong></span> <span class='ocrx_word' id='word_1_306' title='bbox 1889 2998 1978 3054; x_wconf 83' lang='lat' dir='ltr'><strong>XI.</strong></span> 
     </span>
    </p>
   </div>
   <div class='ocr_carea' id='block_1_54' title="bbox 1464 3110 2147 3188">
    <p class='ocr_par' dir='ltr' id='par_1_54' title="bbox 1464 3110 2147 3188">
     <span class='ocr_line' id='line_1_54' title="bbox 1464 3110 2147 3188; baseline 0.001 -19"><span class='ocrx_word' id='word_1_307' title='bbox 1464 3110 1542 3169; x_wconf 89' lang='lat' dir='ltr'><strong>De</strong></span> <span class='ocrx_word' id='word_1_308' title='bbox 1582 3120 1789 3170; x_wconf 81' lang='lat' dir='ltr'><strong>sancto</strong></span> <span class='ocrx_word' id='word_1_309' title='bbox 1814 3111 2147 3188; x_wconf 76' lang='lat' dir='ltr'><strong>Procopio.</strong></span> 
     </span>
    </p>
   </div>
   <div class='ocr_carea' id='block_1_55' title="bbox 128 3217 1760 3292">
    <p class='ocr_par' dir='ltr' id='par_1_55' title="bbox 128 3217 1760 3292">
     <span class='ocr_line' id='line_1_55' title="bbox 128 3217 1760 3292; baseline -0.001 -17"><span class='ocrx_word' id='word_1_310' title='bbox 128 3219 339 3275; x_wconf 89' lang='lat' dir='ltr'><strong>Urbem</strong></span> <span class='ocrx_word' id='word_1_311' title='bbox 389 3219 534 3275; x_wconf 90' lang='lat' dir='ltr'><strong>hanc</strong></span> <span class='ocrx_word' id='word_1_312' title='bbox 560 3217 860 3289; x_wconf 89' lang='lat' dir='ltr'><strong>Proc0pius</strong></span> <span class='ocrx_word' id='word_1_313' title='bbox 896 3217 1099 3292; x_wconf 88' lang='lat' dir='ltr'><strong>legitur</strong></span> <span class='ocrx_word' id='word_1_314' title='bbox 1136 3218 1427 3275; x_wconf 89' lang='lat' dir='ltr'><strong>decorasse</strong></span> <span class='ocrx_word' id='word_1_315' title='bbox 1460 3218 1760 3290; x_wconf 91' lang='lat' dir='ltr'><strong>triumpho,</strong></span> 
     </span>
    </p>
   </div>
   <div class='ocr_carea' id='block_1_56' title="bbox 125 3309 1476 3386">
    <p class='ocr_par' dir='ltr' id='par_1_56' title="bbox 125 3309 1476 3386">
     <span class='ocr_line' id='line_1_56' title="bbox 125 3309 1476 3386; baseline -0.001 -19"><span class='ocrx_word' id='word_1_316' title='bbox 125 3309 457 3383; x_wconf 78' lang='lat' dir='ltr'><strong>Scythopoli</strong></span> <span class='ocrx_word' id='word_1_317' title='bbox 481 3310 632 3380; x_wconf 82' lang='lat' dir='ltr'><strong>prius</strong></span> <span class='ocrx_word' id='word_1_318' title='bbox 654 3317 847 3365; x_wconf 91' lang='lat' dir='ltr'><strong>ornata</strong></span> <span class='ocrx_word' id='word_1_319' title='bbox 866 3311 1031 3365; x_wconf 88' lang='lat' dir='ltr'><strong>verbo</strong></span> <span class='ocrx_word' id='word_1_320' title='bbox 1062 3320 1227 3382; x_wconf 89' lang='lat' dir='ltr'><strong>atque</strong></span> <span class='ocrx_word' id='word_1_321' title='bbox 1248 3311 1436 3386; x_wconf 89' lang='lat' dir='ltr'><strong>vigore</strong></span> <span class='ocrx_word' id='word_1_322' title='bbox 1462 3329 1476 3377; x_wconf 89' lang='lat'><strong>;</strong></span> 
     </span>
    </p>
   </div>
   <div class='ocr_carea' id='block_1_57' title="bbox 125 3404 1559 3477">
    <p class='ocr_par' dir='ltr' id='par_1_57' title="bbox 125 3404 1559 3477">
     <span class='ocr_line' id='line_1_57' title="bbox 125 3404 1559 3477; baseline -0.001 -16"><span class='ocrx_word' id='word_1_323' title='bbox 125 3407 308 3462; x_wconf 86' lang='lat' dir='ltr'><strong>Nocte</strong></span> <span class='ocrx_word' id='word_1_324' title='bbox 336 3405 542 3477; x_wconf 90' lang='lat' dir='ltr'><strong>dieque</strong></span> <span class='ocrx_word' id='word_1_325' title='bbox 570 3404 666 3458; x_wconf 90' lang='lat' dir='ltr'><strong>Dei</strong></span> <span class='ocrx_word' id='word_1_326' title='bbox 691 3404 787 3475; x_wconf 92' lang='lat' dir='ltr'><strong>qui</strong></span> <span class='ocrx_word' id='word_1_327' title='bbox 814 3410 932 3459; x_wconf 88' lang='lat' dir='ltr'><strong>stat</strong></span> <span class='ocrx_word' id='word_1_328' title='bbox 957 3404 1089 3458; x_wconf 90' lang='lat' dir='ltr'><strong>dum</strong></span> <span class='ocrx_word' id='word_1_329' title='bbox 1111 3404 1353 3459; x_wconf 88' lang='lat' dir='ltr'><strong>cultibus</strong></span> <span class='ocrx_word' id='word_1_330' title='bbox 1381 3406 1559 3471; x_wconf 89' lang='lat' dir='ltr'><strong>almis,</strong></span> 
     </span>
    </p>
   </div>
   <div class='ocr_carea' id='block_1_58' title="bbox 124 3494 1340 3566">
    <p class='ocr_par' dir='ltr' id='par_1_58' title="bbox 124 3494 1340 3566">
     <span class='ocr_line' id='line_1_58' title="bbox 124 3494 1340 3566; baseline -0.002 -13"><span class='ocrx_word' id='word_1_331' title='bbox 124 3499 357 3553; x_wconf 89' lang='lat' dir='ltr'><strong>Viscera</strong></span> <span class='ocrx_word' id='word_1_332' title='bbox 373 3494 683 3551; x_wconf 89' lang='lat' dir='ltr'><strong>conﬁciens</strong></span> <span class='ocrx_word' id='word_1_333' title='bbox 700 3511 825 3551; x_wconf 88' lang='lat' dir='ltr'><strong>raro</strong></span> <span class='ocrx_word' id='word_1_334' title='bbox 844 3503 1099 3551; x_wconf 88' lang='lat' dir='ltr'><strong>recreata</strong></span> <span class='ocrx_word' id='word_1_335' title='bbox 1124 3503 1340 3566; x_wconf 90' lang='lat' dir='ltr'><strong>paratu,</strong></span> 
     </span>
    </p>
   </div>
   <div class='ocr_carea' id='block_1_59' title="bbox 126 3582 1476 3657">
    <p class='ocr_par' dir='ltr' id='par_1_59' title="bbox 126 3582 1476 3657">
     <span class='ocr_line' id='line_1_59' title="bbox 126 3582 1476 3657; baseline -0.001 -16"><span class='ocrx_word' id='word_1_336' title='bbox 126 3585 313 3642; x_wconf 84' lang='lat' dir='ltr'><strong>Corda</strong></span> <span class='ocrx_word' id='word_1_337' title='bbox 329 3583 620 3657; x_wconf 87' lang='lat' dir='ltr'><strong>saginabat</strong></span> <span class='ocrx_word' id='word_1_338' title='bbox 644 3583 885 3654; x_wconf 87' lang='lat' dir='ltr'><strong>dapibus</strong></span> <span class='ocrx_word' id='word_1_339' title='bbox 910 3582 1177 3654; x_wconf 92' lang='lat' dir='ltr'><strong>replendo</strong></span> <span class='ocrx_word' id='word_1_340' title='bbox 1201 3584 1476 3655; x_wconf 90' lang='lat' dir='ltr'><strong>supernis.</strong></span> 
     </span>
    </p>
   </div>
   <div class='ocr_carea' id='block_1_60' title="bbox 126 3671 1439 3746">
    <p class='ocr_par' dir='ltr' id='par_1_60' title="bbox 126 3671 1439 3746">
     <span class='ocr_line' id='line_1_60' title="bbox 126 3671 1439 3746; baseline -0.002 -16"><span class='ocrx_word' id='word_1_341' title='bbox 126 3676 372 3745; x_wconf 91' lang='lat' dir='ltr'><strong>Insuper</strong></span> <span class='ocrx_word' id='word_1_342' title='bbox 397 3672 649 3729; x_wconf 90' lang='lat' dir='ltr'><strong>internos</strong></span> <span class='ocrx_word' id='word_1_343' title='bbox 681 3671 899 3729; x_wconf 88' lang='lat' dir='ltr'><strong>interna</strong></span> <span class='ocrx_word' id='word_1_344' title='bbox 930 3681 1267 3746; x_wconf 88' lang='lat' dir='ltr'><strong>externaque</strong></span> <span class='ocrx_word' id='word_1_345' title='bbox 1290 3673 1439 3729; x_wconf 85' lang='lat' dir='ltr'><strong>bella</strong></span> 
     </span>
    </p>
   </div>
   <div class='ocr_carea' id='block_1_61' title="bbox 1864 3218 3181 3294">
    <p class='ocr_par' dir='ltr' id='par_1_61' title="bbox 1864 3218 3181 3294">
     <span class='ocr_line' id='line_1_61' title="bbox 1864 3218 3181 3294; baseline 0.008 -22"><span class='ocrx_word' id='word_1_346' title='bbox 1864 3218 2108 3273; x_wconf 88' lang='lat' dir='ltr'><strong>Adverso</strong></span> <span class='ocrx_word' id='word_1_347' title='bbox 2137 3219 2359 3277; x_wconf 89' lang='lat' dir='ltr'><strong>vibrans</strong></span> <span class='ocrx_word' id='word_1_348' title='bbox 2392 3222 2579 3277; x_wconf 85' lang='lat' dir='ltr'><strong>hostes</strong></span> <span class='ocrx_word' id='word_1_349' title='bbox 2610 3223 2909 3294; x_wconf 89' lang='lat' dir='ltr'><strong>superabat</strong></span> <span class='ocrx_word' id='word_1_350' title='bbox 2935 3223 3181 3282; x_wconf 88' lang='lat' dir='ltr'><strong>abactos.</strong></span> 
     </span>
    </p>
   </div>
   <div class='ocr_carea' id='block_1_62' title="bbox 1869 3311 3345 3386">
    <p class='ocr_par' dir='ltr' id='par_1_62' title="bbox 1869 3311 3345 3386">
     <span class='ocr_line' id='line_1_62' title="bbox 1869 3311 3345 3386; baseline 0.007 -23"><span class='ocrx_word' id='word_1_351' title='bbox 1869 3311 1980 3364; x_wconf 91' lang='lat' dir='ltr'><strong>lIuc</strong></span> <span class='ocrx_word' id='word_1_352' title='bbox 2010 3326 2232 3382; x_wconf 91' lang='lat' dir='ltr'><strong>quoque</strong></span> <span class='ocrx_word' id='word_1_353' title='bbox 2264 3312 2506 3367; x_wconf 89' lang='lat' dir='ltr'><strong>directus</strong></span> <span class='ocrx_word' id='word_1_354' title='bbox 2538 3314 2711 3384; x_wconf 90' lang='lat' dir='ltr'><strong>prima</strong></span> <span class='ocrx_word' id='word_1_355' title='bbox 2750 3314 2819 3369; x_wconf 89' lang='lat' dir='ltr'><strong>ad</strong></span> <span class='ocrx_word' id='word_1_356' title='bbox 2851 3331 3117 3386; x_wconf 88' lang='lat' dir='ltr'><strong>responsa</strong></span> <span class='ocrx_word' id='word_1_357' title='bbox 3144 3316 3345 3385; x_wconf 90' lang='lat' dir='ltr'><strong>ﬁdelis,</strong></span> 
     </span>
    </p>
   </div>
   <div class='ocr_carea' id='block_1_63' title="bbox 1865 3401 3482 3484">
    <p class='ocr_par' dir='ltr' id='par_1_63' title="bbox 1865 3401 3482 3484">
     <span class='ocr_line' id='line_1_63' title="bbox 1865 3401 3482 3484; baseline 0.006 -29"><span class='ocrx_word' id='word_1_358' title='bbox 1865 3401 2063 3467; x_wconf 87' lang='lat' dir='ltr'><strong>Fortis,</strong></span> <span class='ocrx_word' id='word_1_359' title='bbox 2104 3408 2157 3455; x_wconf 91' lang='lat' dir='ltr'><strong>et</strong></span> <span class='ocrx_word' id='word_1_360' title='bbox 2191 3402 2448 3459; x_wconf 87' lang='lat' dir='ltr'><strong>inventus</strong></span> <span class='ocrx_word' id='word_1_361' title='bbox 2480 3406 2725 3476; x_wconf 89' lang='lat' dir='ltr'><strong>sapiens,</strong></span> <span class='ocrx_word' id='word_1_362' title='bbox 2768 3413 3139 3482; x_wconf 84' lang='lat' dir='ltr'><strong>constansque</strong></span> <span class='ocrx_word' id='word_1_363' title='bbox 3171 3411 3437 3484; x_wconf 88' lang='lat' dir='ltr'><strong>probatus</strong></span> <span class='ocrx_word' id='word_1_364' title='bbox 3470 3428 3482 3465; x_wconf 93' lang='lat'>:</span> 
     </span>
    </p>
   </div>
   <div class='ocr_carea' id='block_1_64' title="bbox 1789 3468 3055 3572">
    <p class='ocr_par' dir='ltr' id='par_1_64' title="bbox 1789 3468 3055 3572">
     <span class='ocr_line' id='line_1_64' title="bbox 1789 3468 3055 3572; baseline 0.008 -26"><span class='ocrx_word' id='word_1_365' title='bbox 1789 3468 1839 3536; x_wconf 85' lang='lat' dir='ltr'><strong>C</strong></span> <span class='ocrx_word' id='word_1_366' title='bbox 1868 3494 2124 3564; x_wconf 89' lang='lat' dir='ltr'><strong>lratoque</strong></span> <span class='ocrx_word' id='word_1_367' title='bbox 2154 3494 2344 3564; x_wconf 88' lang='lat' dir='ltr'><strong>probis</strong></span> <span class='ocrx_word' id='word_1_368' title='bbox 2384 3468 2621 3553; x_wconf 78' lang='lat' dir='ltr'><strong>Fabiano</strong></span> <span class='ocrx_word' id='word_1_369' title='bbox 2652 3468 2837 3567; x_wconf 89' lang='lat' dir='ltr'><strong>judice</strong></span> <span class='ocrx_word' id='word_1_370' title='bbox 2868 3468 3055 3572; x_wconf 69' lang='lat' dir='ltr'><strong>dictis,</strong></span> 
     </span>
    </p>
   </div>
   <div class='ocr_carea' id='block_1_65' title="bbox 1866 3582 3274 3655">
    <p class='ocr_par' dir='ltr' id='par_1_65' title="bbox 1866 3582 3274 3655">
     <span class='ocr_line' id='line_1_65' title="bbox 1866 3582 3274 3655; baseline 0.008 -18"><span class='ocrx_word' id='word_1_371' title='bbox 1866 3582 2182 3639; x_wconf 79' lang='lat' dir='ltr'><strong>Mucronem</strong></span> <span class='ocrx_word' id='word_1_372' title='bbox 2216 3584 2499 3655; x_wconf 85' lang='lat' dir='ltr'><strong>excipiens</strong></span> <span class='ocrx_word' id='word_1_373' title='bbox 2529 3588 2830 3644; x_wconf 89' lang='lat' dir='ltr'><strong>certamina</strong></span> <span class='ocrx_word' id='word_1_374' title='bbox 2861 3586 2969 3646; x_wconf 92' lang='lat' dir='ltr'><strong>ﬁne</strong></span> <span class='ocrx_word' id='word_1_375' title='bbox 2996 3599 3274 3648; x_wconf 88' lang='lat' dir='ltr'><strong>venustat.</strong></span> 
     </span>
    </p>
   </div>
   <div class='ocr_carea' id='block_1_66' title="bbox 1635 3801 1993 3857">
    <p class='ocr_par' dir='ltr' id='par_1_66' title="bbox 1635 3801 1993 3857">
     <span class='ocr_line' id='line_1_66' title="bbox 1635 3801 1993 3857; baseline 0.003 -2"><span class='ocrx_word' id='word_1_376' title='bbox 1635 3801 1841 3856; x_wconf 78' lang='lat' dir='ltr'><strong>CAPUT</strong></span> <span class='ocrx_word' id='word_1_377' title='bbox 1880 3803 1993 3857; x_wconf 81' lang='lat' dir='ltr'><strong>XII.</strong></span> 
     </span>
    </p>
   </div>
   <div class='ocr_carea' id='block_1_67' title="bbox 1249 3904 2378 3977">
    <p class='ocr_par' dir='ltr' id='par_1_67' title="bbox 1249 3904 2378 3977">
     <span class='ocr_line' id='line_1_67' title="bbox 1249 3904 2378 3977; baseline 0.003 -15"><span class='ocrx_word' id='word_1_378' title='bbox 1249 3904 1327 3963; x_wconf 89' lang='lat' dir='ltr'><strong>De</strong></span> <span class='ocrx_word' id='word_1_379' title='bbox 1371 3904 1595 3977; x_wconf 75' lang='lat' dir='ltr'><strong>Prisco,</strong></span> <span class='ocrx_word' id='word_1_380' title='bbox 1644 3905 1872 3964; x_wconf 79' lang='lat' dir='ltr'><strong>Malcho</strong></span> <span class='ocrx_word' id='word_1_381' title='bbox 1916 3913 1969 3964; x_wconf 83' lang='lat' dir='ltr'><strong>et</strong></span> <span class='ocrx_word' id='word_1_382' title='bbox 2012 3907 2378 3967; x_wconf 71' lang='lat' dir='ltr'><strong>Alexandro.</strong></span> 
     </span>
    </p>
   </div>
   <div class='ocr_carea' id='block_1_68' title="bbox 125 4019 1552 4091">
    <p class='ocr_par' dir='ltr' id='par_1_68' title="bbox 125 4019 1552 4091">
     <span class='ocr_line' id='line_1_68' title="bbox 125 4019 1552 4091; baseline -0.004 -12"><span class='ocrx_word' id='word_1_383' title='bbox 125 4023 413 4079; x_wconf 80' lang='lat' dir='ltr'><strong>Praeterea</strong></span> <span class='ocrx_word' id='word_1_384' title='bbox 440 4020 691 4076; x_wconf 89' lang='lat' dir='ltr'><strong>celebres</strong></span> <span class='ocrx_word' id='word_1_385' title='bbox 721 4020 811 4075; x_wconf 87' lang='lat' dir='ltr'><strong>hic</strong></span> <span class='ocrx_word' id='word_1_386' title='bbox 841 4034 1201 4075; x_wconf 90' lang='lat' dir='ltr'><strong>consumasse</strong></span> <span class='ocrx_word' id='word_1_387' title='bbox 1244 4019 1552 4091; x_wconf 90' lang='lat' dir='ltr'><strong>triumphos</strong></span> 
     </span>
    </p>
   </div>
   <div class='ocr_carea' id='block_1_69' title="bbox 125 4112 1354 4186">
    <p class='ocr_par' dir='ltr' id='par_1_69' title="bbox 125 4112 1354 4186">
     <span class='ocr_line' id='line_1_69' title="bbox 125 4112 1354 4186; baseline -0.005 -16"><span class='ocrx_word' id='word_1_388' title='bbox 125 4116 372 4171; x_wconf 59' lang='lat' dir='ltr'><strong>Athletw</strong></span> <span class='ocrx_word' id='word_1_389' title='bbox 404 4113 574 4169; x_wconf 89' lang='lat' dir='ltr'><strong>fortes</strong></span> <span class='ocrx_word' id='word_1_390' title='bbox 593 4113 834 4183; x_wconf 90' lang='lat' dir='ltr'><strong>pretiosa</strong></span> <span class='ocrx_word' id='word_1_391' title='bbox 854 4117 1033 4167; x_wconf 91' lang='lat' dir='ltr'><strong>morte</strong></span> <span class='ocrx_word' id='word_1_392' title='bbox 1065 4112 1354 4186; x_wconf 89' lang='lat' dir='ltr'><strong>leguntur.</strong></span> 
     </span>
    </p>
   </div>
   <div class='ocr_carea' id='block_1_70' title="bbox 126 4202 1515 4281">
    <p class='ocr_par' dir='ltr' id='par_1_70' title="bbox 126 4202 1515 4281">
     <span class='ocr_line' id='line_1_70' title="bbox 126 4202 1515 4281; baseline -0.004 -18"><span class='ocrx_word' id='word_1_393' title='bbox 126 4210 384 4274; x_wconf 86' lang='lat' dir='ltr'><strong>Quorum</strong></span> <span class='ocrx_word' id='word_1_394' title='bbox 414 4212 524 4260; x_wconf 89' lang='lat' dir='ltr'><strong>tres</strong></span> <span class='ocrx_word' id='word_1_395' title='bbox 556 4204 735 4260; x_wconf 83' lang='lat' dir='ltr'><strong>valida</strong></span> <span class='ocrx_word' id='word_1_396' title='bbox 757 4204 991 4273; x_wconf 84' lang='lat' dir='ltr'><strong>juvenes</strong></span> <span class='ocrx_word' id='word_1_397' title='bbox 1021 4203 1223 4258; x_wconf 89' lang='lat' dir='ltr'><strong>virtute</strong></span> <span class='ocrx_word' id='word_1_398' title='bbox 1252 4202 1515 4281; x_wconf 79' lang='lat' dir='ltr'><strong>nitentes,</strong></span> 
     </span>
    </p>
   </div>
   <div class='ocr_carea' id='block_1_71' title="bbox 126 4293 1623 4365">
    <p class='ocr_par' dir='ltr' id='par_1_71' title="bbox 126 4293 1623 4365">
     <span class='ocr_line' id='line_1_71' title="bbox 126 4293 1623 4365; baseline -0.005 -10"><span class='ocrx_word' id='word_1_399' title='bbox 126 4300 380 4365; x_wconf 89' lang='lat' dir='ltr'><strong>Priscus,</strong></span> <span class='ocrx_word' id='word_1_400' title='bbox 410 4296 676 4362; x_wconf 85' lang='lat' dir='ltr'><strong>Malchus,</strong></span> <span class='ocrx_word' id='word_1_401' title='bbox 699 4295 1025 4359; x_wconf 82' lang='lat' dir='ltr'><strong>Alexander,</strong></span> <span class='ocrx_word' id='word_1_402' title='bbox 1052 4293 1214 4348; x_wconf 89' lang='lat' dir='ltr'><strong>simul</strong></span> <span class='ocrx_word' id='word_1_403' title='bbox 1233 4293 1371 4349; x_wconf 88' lang='lat' dir='ltr'><strong>urbe</strong></span> <span class='ocrx_word' id='word_1_404' title='bbox 1391 4294 1493 4348; x_wconf 88' lang='lat' dir='ltr'><strong>sub</strong></span> <span class='ocrx_word' id='word_1_405' title='bbox 1521 4294 1623 4349; x_wconf 90' lang='lat' dir='ltr'><strong>ista</strong></span> 
     </span>
    </p>
   </div>
   <div class='ocr_carea' id='block_1_72' title="bbox 127 4382 1302 4461">
    <p class='ocr_par' dir='ltr' id='par_1_72' title="bbox 127 4382 1302 4461">
     <span class='ocr_line' id='line_1_72' title="bbox 127 4382 1302 4461; baseline -0.009 -17"><span class='ocrx_word' id='word_1_406' title='bbox 127 4390 419 4461; x_wconf 87' lang='lat' dir='ltr'><strong>Degeutes</strong></span> <span class='ocrx_word' id='word_1_407' title='bbox 448 4385 686 4457; x_wconf 90' lang='lat' dir='ltr'><strong>quodam</strong></span> <span class='ocrx_word' id='word_1_408' title='bbox 716 4384 840 4441; x_wconf 69' lang='lat' dir='ltr'><strong>vitae</strong></span> <span class='ocrx_word' id='word_1_409' title='bbox 872 4383 1072 4438; x_wconf 89' lang='lat' dir='ltr'><strong>ruralis</strong></span> <span class='ocrx_word' id='word_1_410' title='bbox 1102 4382 1302 4456; x_wconf 88' lang='lat' dir='ltr'><strong>agello,</strong></span> 
     </span>
    </p>
   </div>
   <div class='ocr_carea' id='block_1_73' title="bbox 128 4476 1336 4549">
    <p class='ocr_par' dir='ltr' id='par_1_73' title="bbox 128 4476 1336 4549">
     <span class='ocr_line' id='line_1_73' title="bbox 128 4476 1336 4549; baseline -0.007 -11"><span class='ocrx_word' id='word_1_411' title='bbox 128 4482 348 4538; x_wconf 88' lang='lat' dir='ltr'><strong>Intenti</strong></span> <span class='ocrx_word' id='word_1_412' title='bbox 377 4480 599 4546; x_wconf 86' lang='lat' dir='ltr'><strong>studiis,</strong></span> <span class='ocrx_word' id='word_1_413' title='bbox 630 4480 760 4533; x_wconf 91' lang='lat' dir='ltr'><strong>dum</strong></span> <span class='ocrx_word' id='word_1_414' title='bbox 784 4485 1034 4549; x_wconf 89' lang='lat' dir='ltr'><strong>tempore</strong></span> <span class='ocrx_word' id='word_1_415' title='bbox 1065 4476 1336 4531; x_wconf 88' lang='lat' dir='ltr'><strong>Valeriani</strong></span> 
     </span>
    </p>
   </div>
   <div class='ocr_carea' id='block_1_74' title="bbox 124 4564 1377 4640">
    <p class='ocr_par' dir='ltr' id='par_1_74' title="bbox 124 4564 1377 4640">
     <span class='ocr_line' id='line_1_74' title="bbox 124 4564 1377 4640; baseline -0.006 -14"><span class='ocrx_word' id='word_1_416' title='bbox 124 4571 229 4627; x_wconf 87' lang='lat' dir='ltr'><strong>Isti</strong></span> <span class='ocrx_word' id='word_1_417' title='bbox 253 4568 609 4640; x_wconf 91' lang='lat' dir='ltr'><strong>comperiunt</strong></span> <span class='ocrx_word' id='word_1_418' title='bbox 634 4564 761 4621; x_wconf 91' lang='lat' dir='ltr'><strong>ﬁdei</strong></span> <span class='ocrx_word' id='word_1_419' title='bbox 786 4566 1110 4621; x_wconf 88' lang='lat' dir='ltr'><strong>crebescere</strong></span> <span class='ocrx_word' id='word_1_420' title='bbox 1140 4581 1377 4638; x_wconf 90' lang='lat' dir='ltr'><strong>pugnas,</strong></span> 
     </span>
    </p>
   </div>
   <div class='ocr_carea' id='block_1_75' title="bbox 126 4659 1323 4732">
    <p class='ocr_par' dir='ltr' id='par_1_75' title="bbox 126 4659 1323 4732">
     <span class='ocr_line' id='line_1_75' title="bbox 126 4659 1323 4732; baseline -0.005 -13"><span class='ocrx_word' id='word_1_421' title='bbox 126 4664 351 4720; x_wconf 76' lang='lat' dir='ltr'><strong>Divinae</strong></span> <span class='ocrx_word' id='word_1_422' title='bbox 378 4660 601 4717; x_wconf 88' lang='lat' dir='ltr'><strong>accensi</strong></span> <span class='ocrx_word' id='word_1_423' title='bbox 642 4660 846 4732; x_wconf 90' lang='lat' dir='ltr'><strong>pariter</strong></span> <span class='ocrx_word' id='word_1_424' title='bbox 865 4659 1085 4715; x_wconf 89' lang='lat' dir='ltr'><strong>virtutis</strong></span> <span class='ocrx_word' id='word_1_425' title='bbox 1116 4675 1323 4725; x_wconf 90' lang='lat' dir='ltr'><strong>amore,</strong></span> 
     </span>
    </p>
   </div>
   <div class='ocr_carea' id='block_1_76' title="bbox 126 4753 1283 4829">
    <p class='ocr_par' dir='ltr' id='par_1_76' title="bbox 126 4753 1283 4829">
     <span class='ocr_line' id='line_1_76' title="bbox 126 4753 1283 4829; baseline -0.007 -17"><span class='ocrx_word' id='word_1_426' title='bbox 126 4756 339 4827; x_wconf 86' lang='lat' dir='ltr'><strong>Turpis</strong></span> <span class='ocrx_word' id='word_1_427' title='bbox 380 4753 632 4829; x_wconf 66' lang='lat' dir='ltr'><strong>segnitiae</strong></span> <span class='ocrx_word' id='word_1_428' title='bbox 663 4769 787 4808; x_wconf 91' lang='lat' dir='ltr'><strong>sese</strong></span> <span class='ocrx_word' id='word_1_429' title='bbox 817 4768 1035 4824; x_wconf 84' lang='lat' dir='ltr'><strong>coepere</strong></span> <span class='ocrx_word' id='word_1_430' title='bbox 1059 4757 1283 4806; x_wconf 89' lang='lat' dir='ltr'><strong>notare:</strong></span> 
     </span>
    </p>
   </div>
   <div class='ocr_carea' id='block_1_77' title="bbox 126 4840 1587 4915">
    <p class='ocr_par' dir='ltr' id='par_1_77' title="bbox 126 4840 1587 4915">
     <span class='ocr_line' id='line_1_77' title="bbox 126 4840 1587 4915; baseline -0.005 -13"><span class='ocrx_word' id='word_1_431' title='bbox 126 4845 297 4911; x_wconf 87' lang='lat' dir='ltr'><strong>Quod</strong></span> <span class='ocrx_word' id='word_1_432' title='bbox 318 4860 445 4901; x_wconf 82' lang='lat' dir='ltr'><strong>cum</strong></span> <span class='ocrx_word' id='word_1_433' title='bbox 466 4844 727 4900; x_wconf 82' lang='lat' dir='ltr'><strong>caelestes</strong></span> <span class='ocrx_word' id='word_1_434' title='bbox 752 4850 1085 4915; x_wconf 86' lang='lat' dir='ltr'><strong>caperentur</strong></span> <span class='ocrx_word' id='word_1_435' title='bbox 1103 4841 1159 4895; x_wconf 93' lang='lat' dir='ltr'><strong>in</strong></span> <span class='ocrx_word' id='word_1_436' title='bbox 1184 4840 1324 4895; x_wconf 90' lang='lat' dir='ltr'><strong>Urbe</strong></span> <span class='ocrx_word' id='word_1_437' title='bbox 1347 4856 1587 4908; x_wconf 72' lang='lat' dir='ltr'><strong>coronae,</strong></span> 
     </span>
    </p>
   </div>
   <div class='ocr_carea' id='block_1_78' title="bbox 127 4935 1580 5009">
    <p class='ocr_par' dir='ltr' id='par_1_78' title="bbox 127 4935 1580 5009">
     <span class='ocr_line' id='line_1_78' title="bbox 127 4935 1580 5009; baseline -0.003 -17"><span class='ocrx_word' id='word_1_438' title='bbox 127 4938 249 5009; x_wconf 88' lang='lat' dir='ltr'><strong>Ipsi</strong></span> <span class='ocrx_word' id='word_1_439' title='bbox 276 4952 389 4993; x_wconf 90' lang='lat' dir='ltr'><strong>non</strong></span> <span class='ocrx_word' id='word_1_440' title='bbox 409 4944 693 5008; x_wconf 88' lang='lat' dir='ltr'><strong>caperent,</strong></span> <span class='ocrx_word' id='word_1_441' title='bbox 716 4935 878 5003; x_wconf 84' lang='lat' dir='ltr'><strong>irent,</strong></span> <span class='ocrx_word' id='word_1_442' title='bbox 903 4941 1157 5007; x_wconf 86' lang='lat' dir='ltr'><strong>peterent</strong></span> <span class='ocrx_word' id='word_1_443' title='bbox 1187 4938 1580 5004; x_wconf 88' lang='lat' dir='ltr'><strong>reperentque,</strong></span> 
     </span>
    </p>
   </div>
   <div class='ocr_carea' id='block_1_79' title="bbox 1869 4021 3293 4097">
    <p class='ocr_par' dir='ltr' id='par_1_79' title="bbox 1869 4021 3293 4097">
     <span class='ocr_line' id='line_1_79' title="bbox 1869 4021 3293 4097; baseline 0.006 -23"><span class='ocrx_word' id='word_1_444' title='bbox 1869 4021 2125 4094; x_wconf 85' lang='lat' dir='ltr'><strong>lgnavam</strong></span> <span class='ocrx_word' id='word_1_445' title='bbox 2154 4021 2250 4076; x_wconf 90' lang='lat' dir='ltr'><strong>sed</strong></span> <span class='ocrx_word' id='word_1_446' title='bbox 2284 4022 2436 4077; x_wconf 91' lang='lat' dir='ltr'><strong>humi</strong></span> <span class='ocrx_word' id='word_1_447' title='bbox 2467 4029 2722 4097; x_wconf 83' lang='lat' dir='ltr'><strong>gererent</strong></span> <span class='ocrx_word' id='word_1_448' title='bbox 2748 4031 2968 4094; x_wconf 91' lang='lat' dir='ltr'><strong>torpore</strong></span> <span class='ocrx_word' id='word_1_449' title='bbox 2999 4024 3245 4096; x_wconf 89' lang='lat' dir='ltr'><strong>quietem</strong></span> <span class='ocrx_word' id='word_1_450' title='bbox 3278 4045 3293 4083; x_wconf 92' lang='lat'><strong>:</strong></span> 
     </span>
    </p>
   </div>
   <div class='ocr_carea' id='block_1_80' title="bbox 1870 4109 3323 4186">
    <p class='ocr_par' dir='ltr' id='par_1_80' title="bbox 1870 4109 3323 4186">
     <span class='ocr_line' id='line_1_80' title="bbox 1870 4109 3323 4186; baseline 0.006 -24"><span class='ocrx_word' id='word_1_451' title='bbox 1870 4109 2056 4183; x_wconf 76' lang='lat' dir='ltr'><strong>Itegna</strong></span> <span class='ocrx_word' id='word_1_452' title='bbox 2083 4110 2224 4164; x_wconf 86' lang='lat' dir='ltr'><strong>Deus</strong></span> <span class='ocrx_word' id='word_1_453' title='bbox 2256 4111 2480 4166; x_wconf 88' lang='lat' dir='ltr'><strong>mandet</strong></span> <span class='ocrx_word' id='word_1_454' title='bbox 2518 4128 2642 4166; x_wconf 90' lang='lat' dir='ltr'><strong>cum</strong></span> <span class='ocrx_word' id='word_1_455' title='bbox 2685 4112 2734 4166; x_wconf 92' lang='lat' dir='ltr'><strong>vi</strong></span> <span class='ocrx_word' id='word_1_456' title='bbox 2769 4112 3034 4183; x_wconf 90' lang='lat' dir='ltr'><strong>rapienda</strong></span> <span class='ocrx_word' id='word_1_457' title='bbox 3061 4130 3323 4186; x_wconf 88' lang='lat' dir='ltr'><strong>superna.</strong></span> 
     </span>
    </p>
   </div>
   <div class='ocr_carea' id='block_1_81' title="bbox 1870 4198 3349 4275">
    <p class='ocr_par' dir='ltr' id='par_1_81' title="bbox 1870 4198 3349 4275">
     <span class='ocr_line' id='line_1_81' title="bbox 1870 4198 3349 4275; baseline 0.007 -26"><span class='ocrx_word' id='word_1_458' title='bbox 1870 4198 2029 4252; x_wconf 89' lang='lat' dir='ltr'><strong>Arma</strong></span> <span class='ocrx_word' id='word_1_459' title='bbox 2060 4199 2261 4270; x_wconf 89' lang='lat' dir='ltr'><strong>quibus</strong></span> <span class='ocrx_word' id='word_1_460' title='bbox 2294 4198 2437 4254; x_wconf 88' lang='lat' dir='ltr'><strong>nacti</strong></span> <span class='ocrx_word' id='word_1_461' title='bbox 2471 4199 2671 4268; x_wconf 80' lang='lat' dir='ltr'><strong>verbis,</strong></span> <span class='ocrx_word' id='word_1_462' title='bbox 2707 4201 3031 4275; x_wconf 88' lang='lat' dir='ltr'><strong>gradiuntur</strong></span> <span class='ocrx_word' id='word_1_463' title='bbox 3061 4203 3113 4257; x_wconf 90' lang='lat' dir='ltr'><strong>iu</strong></span> <span class='ocrx_word' id='word_1_464' title='bbox 3148 4202 3349 4261; x_wconf 89' lang='lat' dir='ltr'><strong>Urbem</strong></span> 
     </span>
    </p>
   </div>
   <div class='ocr_carea' id='block_1_82' title="bbox 1869 4294 3251 4365">
    <p class='ocr_par' dir='ltr' id='par_1_82' title="bbox 1869 4294 3251 4365">
     <span class='ocr_line' id='line_1_82' title="bbox 1869 4294 3251 4365; baseline 0.008 -21"><span class='ocrx_word' id='word_1_465' title='bbox 1869 4294 2251 4363; x_wconf 86' lang='lat' dir='ltr'><strong>Approperant</strong></span> <span class='ocrx_word' id='word_1_466' title='bbox 2282 4294 2467 4361; x_wconf 88' lang='lat' dir='ltr'><strong>bellis,</strong></span> <span class='ocrx_word' id='word_1_467' title='bbox 2498 4303 2552 4350; x_wconf 90' lang='lat' dir='ltr'><strong>et</strong></span> <span class='ocrx_word' id='word_1_468' title='bbox 2581 4296 2774 4351; x_wconf 89' lang='lat' dir='ltr'><strong>adorto</strong></span> <span class='ocrx_word' id='word_1_469' title='bbox 2799 4295 2989 4365; x_wconf 92' lang='lat' dir='ltr'><strong>judice</strong></span> <span class='ocrx_word' id='word_1_470' title='bbox 3021 4298 3251 4354; x_wconf 91' lang='lat' dir='ltr'><strong>crudum</strong></span> 
     </span>
    </p>
   </div>
   <div class='ocr_carea' id='block_1_83' title="bbox 1870 4381 3207 4459">
    <p class='ocr_par' dir='ltr' id='par_1_83' title="bbox 1870 4381 3207 4459">
     <span class='ocr_line' id='line_1_83' title="bbox 1870 4381 3207 4459; baseline 0.01 -25"><span class='ocrx_word' id='word_1_471' title='bbox 1870 4381 2131 4438; x_wconf 76' lang='lat' dir='ltr'><strong>Incasant</strong></span> <span class='ocrx_word' id='word_1_472' title='bbox 2154 4383 2329 4457; x_wconf 88' lang='lat' dir='ltr'><strong>rigide</strong></span> <span class='ocrx_word' id='word_1_473' title='bbox 2361 4386 2510 4457; x_wconf 84' lang='lat' dir='ltr'><strong>quod</strong></span> <span class='ocrx_word' id='word_1_474' title='bbox 2534 4386 2802 4459; x_wconf 87' lang='lat' dir='ltr'><strong>sanguine</strong></span> <span class='ocrx_word' id='word_1_475' title='bbox 2832 4387 3207 4448; x_wconf 68' lang='lat' dir='ltr'><strong>sreviatalmo.</strong></span> 
     </span>
    </p>
   </div>
   <div class='ocr_carea' id='block_1_84' title="bbox 1868 4474 3419 4551">
    <p class='ocr_par' dir='ltr' id='par_1_84' title="bbox 1868 4474 3419 4551">
     <span class='ocr_line' id='line_1_84' title="bbox 1868 4474 3419 4551; baseline 0.007 -25"><span class='ocrx_word' id='word_1_476' title='bbox 1868 4474 2119 4529; x_wconf 79' lang='lat' dir='ltr'><strong>Actutum</strong></span> <span class='ocrx_word' id='word_1_477' title='bbox 2175 4477 2402 4532; x_wconf 90' lang='lat' dir='ltr'><strong>monitis</strong></span> <span class='ocrx_word' id='word_1_478' title='bbox 2428 4494 2591 4548; x_wconf 89' lang='lat' dir='ltr'><strong>quam</strong></span> <span class='ocrx_word' id='word_1_479' title='bbox 2625 4478 2791 4551; x_wconf 87' lang='lat' dir='ltr'><strong>digna</strong></span> <span class='ocrx_word' id='word_1_480' title='bbox 2830 4478 3040 4549; x_wconf 89' lang='lat' dir='ltr'><strong>profata</strong></span> <span class='ocrx_word' id='word_1_481' title='bbox 3070 4479 3419 4551; x_wconf 87' lang='lat' dir='ltr'><strong>rependens:</strong></span> 
     </span>
    </p>
   </div>
   <div class='ocr_carea' id='block_1_85' title="bbox 1875 4564 3492 4640">
    <p class='ocr_par' dir='ltr' id='par_1_85' title="bbox 1875 4564 3492 4640">
     <span class='ocr_line' id='line_1_85' title="bbox 1875 4564 3492 4640; baseline 0.007 -26"><span class='ocrx_word' id='word_1_482' title='bbox 1875 4584 1898 4614; x_wconf 81' lang='grc' dir='ltr'><strong>(ι</strong></span> <span class='ocrx_word' id='word_1_483' title='bbox 1938 4564 2265 4634; x_wconf 90' lang='lat' dir='ltr'><strong>Subjicitote</strong></span> <span class='ocrx_word' id='word_1_484' title='bbox 2289 4566 2438 4633; x_wconf 88' lang='lat' dir='ltr'><strong>feris,</strong></span> <span class='ocrx_word' id='word_1_485' title='bbox 2486 4566 2694 4637; x_wconf 88' lang='lat' dir='ltr'><strong>inquit;</strong></span> <span class='ocrx_word' id='word_1_486' title='bbox 2728 4566 2929 4637; x_wconf 89' lang='lat' dir='ltr'><strong>quibus</strong></span> <span class='ocrx_word' id='word_1_487' title='bbox 2969 4568 3116 4623; x_wconf 91' lang='lat' dir='ltr'><strong>haud</strong></span> <span class='ocrx_word' id='word_1_488' title='bbox 3140 4569 3322 4640; x_wconf 90' lang='lat' dir='ltr'><strong>placet</strong></span> <span class='ocrx_word' id='word_1_489' title='bbox 3347 4572 3492 4627; x_wconf 85' lang='lat' dir='ltr'><strong>istud</strong></span> 
     </span>
    </p>
   </div>
   <div class='ocr_carea' id='block_1_86' title="bbox 1871 4655 3313 4731">
    <p class='ocr_par' dir='ltr' id='par_1_86' title="bbox 1871 4655 3313 4731">
     <span class='ocr_line' id='line_1_86' title="bbox 1871 4655 3313 4731; baseline 0.003 -22"><span class='ocrx_word' id='word_1_490' title='bbox 1871 4655 2110 4712; x_wconf 90' lang='lat' dir='ltr'><strong>Proﬁuat</strong></span> <span class='ocrx_word' id='word_1_491' title='bbox 2139 4664 2197 4713; x_wconf 91' lang='lat' dir='ltr'><strong>ut</strong></span> <span class='ocrx_word' id='word_1_492' title='bbox 2222 4666 2406 4713; x_wconf 88' lang='lat' dir='ltr'><strong>nostro</strong></span> <span class='ocrx_word' id='word_1_493' title='bbox 2439 4658 2665 4730; x_wconf 88' lang='lat' dir='ltr'><strong>sanguis</strong></span> <span class='ocrx_word' id='word_1_494' title='bbox 2691 4674 2959 4715; x_wconf 92' lang='lat' dir='ltr'><strong>mucrone</strong></span> <span class='ocrx_word' id='word_1_495' title='bbox 2991 4660 3243 4731; x_wconf 86' lang='lat' dir='ltr'><strong>piorum;</strong></span> <span class='ocrx_word' id='word_1_496' title='bbox 3288 4684 3313 4714; x_wconf 68' lang='grc' dir='ltr'><strong>ιτ</strong></span> 
     </span>
    </p>
   </div>
   <div class='ocr_carea' id='block_1_87' title="bbox 1872 4744 3140 4823">
    <p class='ocr_par' dir='ltr' id='par_1_87' title="bbox 1872 4744 3140 4823">
     <span class='ocr_line' id='line_1_87' title="bbox 1872 4744 3140 4823; baseline 0.007 -25"><span class='ocrx_word' id='word_1_497' title='bbox 1872 4744 2121 4801; x_wconf 83' lang='lat' dir='ltr'><strong>Rictibus</strong></span> <span class='ocrx_word' id='word_1_498' title='bbox 2146 4746 2416 4803; x_wconf 90' lang='lat' dir='ltr'><strong>horriﬁcis</strong></span> <span class='ocrx_word' id='word_1_499' title='bbox 2445 4764 2571 4803; x_wconf 86' lang='lat' dir='ltr'><strong>mox</strong></span> <span class='ocrx_word' id='word_1_500' title='bbox 2609 4750 2920 4823; x_wconf 87' lang='lat' dir='ltr'><strong>allegantur</strong></span> <span class='ocrx_word' id='word_1_501' title='bbox 2940 4751 3140 4807; x_wconf 90' lang='lat' dir='ltr'><strong>edendi</strong></span> 
     </span>
    </p>
   </div>
   <div class='ocr_carea' id='block_1_88' title="bbox 1871 4838 3132 4912">
    <p class='ocr_par' dir='ltr' id='par_1_88' title="bbox 1871 4838 3132 4912">
     <span class='ocr_line' id='line_1_88' title="bbox 1871 4838 3132 4912; baseline 0.006 -22"><span class='ocrx_word' id='word_1_502' title='bbox 1871 4838 2216 4911; x_wconf 70' lang='lat' dir='ltr'><strong>Abrahaaque</strong></span> <span class='ocrx_word' id='word_1_503' title='bbox 2246 4841 2368 4895; x_wconf 91' lang='lat' dir='ltr'><strong>sinu</strong></span> <span class='ocrx_word' id='word_1_504' title='bbox 2396 4841 2633 4912; x_wconf 90' lang='lat' dir='ltr'><strong>correpti</strong></span> <span class='ocrx_word' id='word_1_505' title='bbox 2673 4858 2739 4896; x_wconf 88' lang='lat' dir='ltr'><strong>ex</strong></span> <span class='ocrx_word' id='word_1_506' title='bbox 2771 4857 2866 4897; x_wconf 90' lang='lat' dir='ltr'><strong>ore</strong></span> <span class='ocrx_word' id='word_1_507' title='bbox 2899 4841 3132 4898; x_wconf 90' lang='lat' dir='ltr'><strong>ferarum</strong></span> 
     </span>
    </p>
   </div>
   <div class='ocr_carea' id='block_1_89' title="bbox 1796 4909 3220 5007">
    <p class='ocr_par' dir='ltr' id='par_1_89' title="bbox 1796 4909 3220 5007">
     <span class='ocr_line' id='line_1_89' title="bbox 1796 4909 3220 5007; baseline 0.001 -19"><span class='ocrx_word' id='word_1_508' title='bbox 1796 4909 1850 4978; x_wconf 83' lang='lat' dir='ltr'>D</span> <span class='ocrx_word' id='word_1_509' title='bbox 1878 4909 2174 5007; x_wconf 80' lang='lat' dir='ltr'><strong>Perpetuas</strong></span> <span class='ocrx_word' id='word_1_510' title='bbox 2197 4939 2447 5006; x_wconf 90' lang='lat' dir='ltr'><strong>prompta</strong></span> <span class='ocrx_word' id='word_1_511' title='bbox 2477 4909 2756 4989; x_wconf 83' lang='lat' dir='ltr'><strong>lucrantur</strong></span> <span class='ocrx_word' id='word_1_512' title='bbox 2783 4942 2959 4991; x_wconf 89' lang='lat' dir='ltr'><strong>morte</strong></span> <span class='ocrx_word' id='word_1_513' title='bbox 2987 4950 3220 4992; x_wconf 88' lang='lat' dir='ltr'><strong>coronas</strong></span> 
     </span>
    </p>
   </div>
   <div class='ocr_carea' id='block_1_90' title="bbox 1628 5062 2019 5119">
    <p class='ocr_par' dir='ltr' id='par_1_90' title="bbox 1628 5062 2019 5119">
     <span class='ocr_line' id='line_1_90' title="bbox 1628 5062 2019 5119; baseline 0.005 -2"><span class='ocrx_word' id='word_1_514' title='bbox 1628 5062 1838 5119; x_wconf 88' lang='lat' dir='ltr'><strong>CAPUT</strong></span> <span class='ocrx_word' id='word_1_515' title='bbox 1878 5063 2019 5119; x_wconf 85' lang='lat' dir='ltr'><strong>XIII.</strong></span> 
     </span>
    </p>
   </div>
   <div class='ocr_carea' id='block_1_91' title="bbox 1505 5166 2134 5228">
    <p class='ocr_par' dir='ltr' id='par_1_91' title="bbox 1505 5166 2134 5228">
     <span class='ocr_line' id='line_1_91' title="bbox 1505 5166 2134 5228; baseline 0 -4"><span class='ocrx_word' id='word_1_516' title='bbox 1505 5166 1584 5225; x_wconf 90' lang='lat' dir='ltr'><strong>De</strong></span> <span class='ocrx_word' id='word_1_517' title='bbox 1626 5174 1831 5228; x_wconf 86' lang='lat' dir='ltr'><strong>sancto</strong></span> <span class='ocrx_word' id='word_1_518' title='bbox 1876 5167 2134 5227; x_wconf 77' lang='lat' dir='ltr'><strong>Marino.</strong></span> 
     </span>
    </p>
   </div>
   <div class='ocr_carea' id='block_1_92' title="bbox 133 5270 1708 5347">
    <p class='ocr_par' dir='ltr' id='par_1_92' title="bbox 133 5270 1708 5347">
     <span class='ocr_line' id='line_1_92' title="bbox 133 5270 1708 5347; baseline -0.006 -11"><span class='ocrx_word' id='word_1_519' title='bbox 133 5280 380 5347; x_wconf 85' lang='lat' dir='ltr'><strong>Quidam</strong></span> <span class='ocrx_word' id='word_1_520' title='bbox 404 5283 523 5332; x_wconf 90' lang='lat' dir='ltr'><strong>erat</strong></span> <span class='ocrx_word' id='word_1_521' title='bbox 548 5275 641 5331; x_wconf 89' lang='lat' dir='ltr'><strong>hic</strong></span> <span class='ocrx_word' id='word_1_522' title='bbox 658 5273 858 5345; x_wconf 85' lang='lat' dir='ltr'><strong>Opibus</strong></span> <span class='ocrx_word' id='word_1_523' title='bbox 877 5271 1095 5345; x_wconf 87' lang='lat' dir='ltr'><strong>pollens</strong></span> <span class='ocrx_word' id='word_1_524' title='bbox 1125 5278 1179 5325; x_wconf 87' lang='lat' dir='ltr'><strong>et</strong></span> <span class='ocrx_word' id='word_1_525' title='bbox 1204 5270 1436 5339; x_wconf 89' lang='lat' dir='ltr'><strong>honore,</strong></span> <span class='ocrx_word' id='word_1_526' title='bbox 1467 5271 1708 5329; x_wconf 83' lang='lat' dir='ltr'><strong>Marinus</strong></span> 
     </span>
    </p>
   </div>
   <div class='ocr_carea' id='block_1_93' title="bbox 129 5365 1543 5441">
    <p class='ocr_par' dir='ltr' id='par_1_93' title="bbox 129 5365 1543 5441">
     <span class='ocr_line' id='line_1_93' title="bbox 129 5365 1543 5441; baseline -0.006 -10"><span class='ocrx_word' id='word_1_527' title='bbox 129 5375 399 5440; x_wconf 86' lang='lat' dir='ltr'><strong>Nomine,</strong></span> <span class='ocrx_word' id='word_1_528' title='bbox 435 5371 648 5426; x_wconf 70' lang='lat' dir='ltr'><strong>militia:</strong></span> <span class='ocrx_word' id='word_1_529' title='bbox 678 5369 981 5440; x_wconf 81' lang='lat' dir='ltr'><strong>Splendens</strong></span> <span class='ocrx_word' id='word_1_530' title='bbox 1010 5365 1343 5441; x_wconf 88' lang='lat' dir='ltr'><strong>insignibus,</strong></span> <span class='ocrx_word' id='word_1_531' title='bbox 1377 5374 1543 5441; x_wconf 90' lang='lat' dir='ltr'><strong>atque</strong></span> 
     </span>
    </p>
   </div>
   <div class='ocr_carea' id='block_1_94' title="bbox 129 5456 1561 5529">
    <p class='ocr_par' dir='ltr' id='par_1_94' title="bbox 129 5456 1561 5529">
     <span class='ocr_line' id='line_1_94' title="bbox 129 5456 1561 5529; baseline -0.006 -8"><span class='ocrx_word' id='word_1_532' title='bbox 129 5462 468 5521; x_wconf 87' lang='lat' dir='ltr'><strong>Promeritis</strong></span> <span class='ocrx_word' id='word_1_533' title='bbox 499 5461 699 5523; x_wconf 88' lang='lat' dir='ltr'><strong>clarus,</strong></span> <span class='ocrx_word' id='word_1_534' title='bbox 735 5458 1079 5529; x_wconf 83' lang='lat' dir='ltr'><strong>Solymorum</strong></span> <span class='ocrx_word' id='word_1_535' title='bbox 1105 5473 1134 5511; x_wconf 91' lang='lat' dir='ltr'><strong>e</strong></span> <span class='ocrx_word' id='word_1_536' title='bbox 1167 5456 1386 5512; x_wconf 73' lang='lat' dir='ltr'><strong>civibus</strong></span> <span class='ocrx_word' id='word_1_537' title='bbox 1415 5474 1561 5512; x_wconf 89' lang='lat' dir='ltr'><strong>unus</strong></span> 
     </span>
    </p>
   </div>
   <div class='ocr_carea' id='block_1_95' title="bbox 129 5551 1490 5629">
    <p class='ocr_par' dir='ltr' id='par_1_95' title="bbox 129 5551 1490 5629">
     <span class='ocr_line' id='line_1_95' title="bbox 129 5551 1490 5629; baseline -0.006 -14"><span class='ocrx_word' id='word_1_538' title='bbox 129 5560 352 5615; x_wconf 68' lang='lat' dir='ltr'><strong>Militis</strong></span> <span class='ocrx_word' id='word_1_539' title='bbox 393 5557 528 5612; x_wconf 90' lang='lat' dir='ltr'><strong>dum</strong></span> <span class='ocrx_word' id='word_1_540' title='bbox 555 5556 675 5610; x_wconf 90' lang='lat' dir='ltr'><strong>luce</strong></span> <span class='ocrx_word' id='word_1_541' title='bbox 697 5553 901 5629; x_wconf 90' lang='lat' dir='ltr'><strong>gradus</strong></span> <span class='ocrx_word' id='word_1_542' title='bbox 933 5554 1081 5609; x_wconf 91' lang='lat' dir='ltr'><strong>hunc</strong></span> <span class='ocrx_word' id='word_1_543' title='bbox 1108 5551 1333 5609; x_wconf 88' lang='lat' dir='ltr'><strong>debitus</strong></span> <span class='ocrx_word' id='word_1_544' title='bbox 1354 5551 1490 5607; x_wconf 93' lang='lat' dir='ltr'><strong>ordo</strong></span> 
     </span>
    </p>
   </div>
   <div class='ocr_carea' id='block_1_96' title="bbox 1883 5271 3061 5348">
    <p class='ocr_par' dir='ltr' id='par_1_96' title="bbox 1883 5271 3061 5348">
     <span class='ocr_line' id='line_1_96' title="bbox 1883 5271 3061 5348; baseline 0.003 -22"><span class='ocrx_word' id='word_1_545' title='bbox 1883 5272 2063 5327; x_wconf 88' lang='lat' dir='ltr'><strong>Invisa</strong></span> <span class='ocrx_word' id='word_1_546' title='bbox 2093 5271 2287 5327; x_wconf 87' lang='lat' dir='ltr'><strong>Christi</strong></span> <span class='ocrx_word' id='word_1_547' title='bbox 2318 5272 2413 5344; x_wconf 91' lang='lat' dir='ltr'><strong>qui</strong></span> <span class='ocrx_word' id='word_1_548' title='bbox 2444 5272 2734 5348; x_wconf 88' lang='lat' dir='ltr'><strong>relligione</strong></span> <span class='ocrx_word' id='word_1_549' title='bbox 2766 5282 3061 5345; x_wconf 87' lang='lat' dir='ltr'><strong>prematur.</strong></span> 
     </span>
    </p>
   </div>
   <div class='ocr_carea' id='block_1_97' title="bbox 1881 5360 3172 5437">
    <p class='ocr_par' dir='ltr' id='par_1_97' title="bbox 1881 5360 3172 5437">
     <span class='ocr_line' id='line_1_97' title="bbox 1881 5360 3172 5437; baseline 0.003 -22"><span class='ocrx_word' id='word_1_550' title='bbox 1881 5360 2154 5424; x_wconf 67' lang='lat' dir='ltr'><strong>Qumsitus</strong></span> <span class='ocrx_word' id='word_1_551' title='bbox 2183 5377 2445 5416; x_wconf 89' lang='lat' dir='ltr'><strong>verumne</strong></span> <span class='ocrx_word' id='word_1_552' title='bbox 2478 5363 2602 5418; x_wconf 90' lang='lat' dir='ltr'><strong>sita</strong></span> <span class='ocrx_word' id='word_1_553' title='bbox 2630 5371 2902 5437; x_wconf 68' lang='lat' dir='ltr'><strong>quaestore</strong></span> <span class='ocrx_word' id='word_1_554' title='bbox 2935 5363 3172 5419; x_wconf 76' lang='lat' dir='ltr'><strong>Marinus</strong></span> 
     </span>
    </p>
   </div>
   <div class='ocr_carea' id='block_1_98' title="bbox 1879 5453 3073 5525">
    <p class='ocr_par' dir='ltr' id='par_1_98' title="bbox 1879 5453 3073 5525">
     <span class='ocr_line' id='line_1_98' title="bbox 1879 5453 3073 5525; baseline 0.003 -18"><span class='ocrx_word' id='word_1_555' title='bbox 1879 5453 2030 5509; x_wconf 92' lang='lat' dir='ltr'><strong>Illico</strong></span> <span class='ocrx_word' id='word_1_556' title='bbox 2051 5453 2426 5509; x_wconf 79' lang='lat' dir='ltr'><strong>Christicolam</strong></span> <span class='ocrx_word' id='word_1_557' title='bbox 2458 5455 2581 5512; x_wconf 88' lang='lat' dir='ltr'><strong>viva</strong></span> <span class='ocrx_word' id='word_1_558' title='bbox 2609 5473 2668 5512; x_wconf 92' lang='lat' dir='ltr'><strong>se</strong></span> <span class='ocrx_word' id='word_1_559' title='bbox 2696 5472 2831 5513; x_wconf 90' lang='lat' dir='ltr'><strong>voce</strong></span> <span class='ocrx_word' id='word_1_560' title='bbox 2856 5456 3073 5525; x_wconf 89' lang='lat' dir='ltr'><strong>fatetur,</strong></span> 
     </span>
    </p>
   </div>
   <div class='ocr_carea' id='block_1_99' title="bbox 1878 5544 3073 5623">
    <p class='ocr_par' dir='ltr' id='par_1_99' title="bbox 1878 5544 3073 5623">
     <span class='ocr_line' id='line_1_99' title="bbox 1878 5544 3073 5623; baseline 0.003 -24"><span class='ocrx_word' id='word_1_561' title='bbox 1878 5544 2075 5600; x_wconf 82' lang='lat' dir='ltr'><strong>Christi</strong></span> <span class='ocrx_word' id='word_1_562' title='bbox 2097 5562 2158 5600; x_wconf 92' lang='lat' dir='ltr'><strong>se</strong></span> <span class='ocrx_word' id='word_1_563' title='bbox 2188 5561 2317 5601; x_wconf 84' lang='lat' dir='ltr'><strong>vere</strong></span> <span class='ocrx_word' id='word_1_564' title='bbox 2359 5546 2608 5601; x_wconf 85' lang='lat' dir='ltr'><strong>famulari</strong></span> <span class='ocrx_word' id='word_1_565' title='bbox 2634 5548 2851 5623; x_wconf 86' lang='lat' dir='ltr'><strong>legibus</strong></span> <span class='ocrx_word' id='word_1_566' title='bbox 2879 5549 3073 5605; x_wconf 88' lang='lat' dir='ltr'><strong>edens.</strong></span> 
     </span>
    </p>
   </div>
   <div class='ocr_carea' id='block_1_100' title="bbox 131 5634 3167 5716">
    <p class='ocr_par' dir='ltr' id='par_1_100' title="bbox 131 5634 3167 5716">
     <span class='ocr_line' id='line_1_100' title="bbox 131 5634 3167 5716; baseline -0.003 -12"><span class='ocrx_word' id='word_1_567' title='bbox 131 5648 439 5715; x_wconf 84' lang='lat' dir='ltr'><strong>Quondam</strong></span> <span class='ocrx_word' id='word_1_568' title='bbox 479 5644 616 5710; x_wconf 89' lang='lat' dir='ltr'><strong>adit,</strong></span> <span class='ocrx_word' id='word_1_569' title='bbox 646 5643 868 5698; x_wconf 77' lang='lat' dir='ltr'><strong>invidiae</strong></span> <span class='ocrx_word' id='word_1_570' title='bbox 905 5642 1167 5700; x_wconf 90' lang='lat' dir='ltr'><strong>stimulus</strong></span> <span class='ocrx_word' id='word_1_571' title='bbox 1209 5642 1349 5716; x_wconf 88' lang='lat' dir='ltr'><strong>petit</strong></span> <span class='ocrx_word' id='word_1_572' title='bbox 1375 5656 1501 5696; x_wconf 89' lang='lat' dir='ltr'><strong>ecce</strong></span> <span class='ocrx_word' id='word_1_573' title='bbox 1529 5637 1776 5695; x_wconf 88' lang='lat' dir='ltr'><strong>sodalem</strong></span> <span class='ocrx_word' id='word_1_574' title='bbox 1881 5634 2271 5693; x_wconf 89' lang='lat' dir='ltr'><strong>Conceduntur</strong></span> <span class='ocrx_word' id='word_1_575' title='bbox 2309 5639 2359 5692; x_wconf 90' lang='lat' dir='ltr'><strong>ei</strong></span> <span class='ocrx_word' id='word_1_576' title='bbox 2393 5644 2506 5692; x_wconf 91' lang='lat' dir='ltr'><strong>tres</strong></span> <span class='ocrx_word' id='word_1_577' title='bbox 2535 5639 2661 5710; x_wconf 89' lang='lat' dir='ltr'><strong>quis</strong></span> <span class='ocrx_word' id='word_1_578' title='bbox 2690 5638 2963 5695; x_wconf 90' lang='lat' dir='ltr'><strong>deliberet</strong></span> <span class='ocrx_word' id='word_1_579' title='bbox 2991 5641 3167 5696; x_wconf 84' lang='lat' dir='ltr'><strong>horae:</strong></span> 
     </span>
    </p>
   </div>
   <div class='ocr_carea' id='block_1_101' title="bbox 132 5726 1774 5807">
    <p class='ocr_par' dir='ltr' id='par_1_101' title="bbox 132 5726 1774 5807">
     <span class='ocr_line' id='line_1_101' title="bbox 132 5726 1774 5807; baseline -0.009 -13"><span class='ocrx_word' id='word_1_580' title='bbox 132 5740 206 5793; x_wconf 74' lang='lat' dir='ltr'>Ex</span> <span class='ocrx_word' id='word_1_581' title='bbox 220 5738 543 5807; x_wconf 86' lang='lat' dir='ltr'><strong>clamatque</strong></span> <span class='ocrx_word' id='word_1_582' title='bbox 563 5732 792 5807; x_wconf 87' lang='lat' dir='ltr'><strong>gradum</strong></span> <span class='ocrx_word' id='word_1_583' title='bbox 818 5732 966 5787; x_wconf 88' lang='lat' dir='ltr'><strong>hunc</strong></span> <span class='ocrx_word' id='word_1_584' title='bbox 986 5747 1097 5788; x_wconf 91' lang='lat' dir='ltr'><strong>non</strong></span> <span class='ocrx_word' id='word_1_585' title='bbox 1120 5747 1287 5804; x_wconf 88' lang='lat' dir='ltr'><strong>posse</strong></span> <span class='ocrx_word' id='word_1_586' title='bbox 1307 5729 1493 5786; x_wconf 90' lang='lat' dir='ltr'><strong>subire</strong></span> <span class='ocrx_word' id='word_1_587' title='bbox 1510 5726 1774 5783; x_wconf 86' lang='lat' dir='ltr'><strong>Marinum</strong></span> 
     </span>
    </p>
   </div>
   <div class='ocr_carea' id='block_1_102' title="bbox 481 5836 1137 5902">
    <p class='ocr_par' dir='ltr' id='par_1_102' title="bbox 481 5836 1137 5902">
     <span class='ocr_line' id='line_1_102' title="bbox 481 5836 1137 5902; baseline -0.002 -3"><span class='ocrx_word' id='word_1_588' title='bbox 481 5840 762 5901; x_wconf 79' lang='lat' dir='ltr'><strong>PATROL.</strong></span> <span class='ocrx_word' id='word_1_589' title='bbox 812 5836 1137 5902; x_wconf 83' lang='lat' dir='ltr'><strong>CXXXV.</strong></span> 
     </span>
    </p>
   </div>
   <div class='ocr_carea' id='block_1_103' title="bbox 1880 5726 3207 5801">
    <p class='ocr_par' dir='ltr' id='par_1_103' title="bbox 1880 5726 3207 5801">
     <span class='ocr_line' id='line_1_103' title="bbox 1880 5726 3207 5801; baseline 0.004 -19"><span class='ocrx_word' id='word_1_590' title='bbox 1880 5726 1972 5783; x_wconf 90' lang='lat' dir='ltr'><strong>Dis</strong></span> <span class='ocrx_word' id='word_1_591' title='bbox 2002 5728 2174 5785; x_wconf 85' lang='lat' dir='ltr'><strong>libare</strong></span> <span class='ocrx_word' id='word_1_592' title='bbox 2206 5730 2358 5798; x_wconf 90' lang='lat' dir='ltr'><strong>velit,</strong></span> <span class='ocrx_word' id='word_1_593' title='bbox 2385 5728 2656 5801; x_wconf 89' lang='lat' dir='ltr'><strong>perimine</strong></span> <span class='ocrx_word' id='word_1_594' title='bbox 2689 5729 2974 5788; x_wconf 82' lang='lat' dir='ltr'><strong>vocamine</strong></span> <span class='ocrx_word' id='word_1_595' title='bbox 2995 5731 3207 5787; x_wconf 87' lang='lat' dir='ltr'><strong>Christi.</strong></span> 
     </span>
    </p>
   </div>
   <div class='ocr_carea' id='block_1_104' title="bbox 3088 5837 3155 5897">
    <p class='ocr_par' dir='ltr' id='par_1_104' title="bbox 3088 5837 3155 5897">
     <span class='ocr_line' id='line_1_104' title="bbox 3088 5837 3155 5897; baseline -0.03 0"><span class='ocrx_word' id='word_1_596' title='bbox 3088 5837 3155 5897; x_wconf 88' lang='lat' dir='ltr'><strong>I7</strong></span> 
     </span>
    </p>
   </div>
  </div>
