3874 6394
425 315 533 369 523

427 450 684 507 Protinus
708 465 988 523 egressum
1011 450 1316 526 Tcotignus
1338 454 1634 525 episcopus
1665 472 1905 524 armaris,

428 539 583 595 Ducit
611 538 668 592 in
689 539 998 605 ecclesiam,
1033 536 1164 594 ﬁdei
1197 542 1546 598 sermonibus
1575 550 1762 618 auget,

426 631 783 703 Tandemque
820 630 1098 698 attollens,
1141 630 1330 687 altaris
1356 634 1424 687 ad
1465 633 1660 688 intima
1690 634 1972 690 transfert:

429 731 544 794 Quo
575 727 903 799 praecinctus
932 732 1049 782 erat
1080 726 1324 801 gladium
1357 727 1639 799 proponit,
1673 734 1727 783 et
1749 727 1908 783 offert

432 819 563 873 lnde
579 818 957 893 Evangelium,
985 818 1233 891 rogitans
1263 817 1397 888 quid
1424 817 1838 873 malleteorum.

432 906 675 977 Cumque
702 920 925 959 manum
959 912 1215 975 prompte
1246 903 1434 959 divina
1461 906 1528 959 ad
1555 904 1680 973 jura
1708 905 1941 973 tulisset,

430 994 632 1048 Prassul
662 993 768 1047 ait:
804 1018 829 1039 κ
858 992 1014 1058 Quod
1045 992 1262 1062 coepisti
1288 993 1399 1062 jam
1430 993 1656 1064 perﬁce,
1690 992 1767 1048 ﬁli
1795 1011 1808 1049 :

430 1090 600 1144 Vitam
631 1095 997 1145 contemnens
1034 1087 1310 1157 fragilem,
1344 1097 1565 1161 sperato
1594 1098 1943 1159 manentem;

430 1181 651 1256 Pergito
684 1179 994 1250 conﬁdens,
1027 1180 1266 1238 oblatam
1295 1182 1508 1254 prende
1530 1199 1809 1252 coronam,

1186 319 1551 376 FLODOARDI
1594 323 1898 379 CANONICI
1942 326 2273 381 REMENSIS
2314 326 2652 382 OPL'SCULA
2692 326 3004 382 METBICA.

3674 328 3786 381 5Ξὶ

2068 464 2119 531 Α
2151 457 2263 522 Qua
2294 458 2562 513 redimire
2585 458 2733 528 pium
2775 457 3041 512 Dominus
3071 462 3238 526 caput
3266 455 3421 529 eligit
3452 456 3601 511 altus
3640 477 3670 507 ι

2150 550 2493 621 Regrediens
2516 565 2719 604 saevum
2749 548 2949 619 repetit
2971 563 3224 618 praecone
3246 548 3486 603 tribunal

2150 640 2442 706 lnvitante,
2477 641 2605 695 dato
2626 639 2731 693 sibi
2764 645 3031 708 tempore,
3062 638 3279 703 adesse,
3301 654 3601 694 recurrens

2151 728 2260 783 Nec
2291 728 2496 799 patitur
2523 727 2753 782 scitante
2786 741 2966 780 moras
2996 735 3056 781 ut
3077 726 3311 797 praeside
3342 727 3569 793 reddat;

2154 817 2329 871 Verba
2355 816 2452 870 sed
2485 830 2819 886 expromens
2849 822 2998 869 certo
3015 829 3075 868 se
3099 815 3298 870 robore
3317 814 3504 870 ﬁxum.

2155 905 2270 960 Non
2297 905 2581 979 rogitatus,
2616 904 2689 958 ait
2710 902 3093 959 conﬁrmatum
3116 920 3237 960 esse
3265 913 3495 977 paterna

2157 996 2322 1073 Lege,
2355 997 2450 1051 Dei
2478 997 2657 1067 potius
2684 996 2926 1052 hominis
2955 1013 3121 1068 quam
3143 997 3301 1065 jussa
3341 997 3609 1052 timenda.

2155 1090 2248 1145 Sic
2285 1090 2452 1160 plecti
2478 1089 2675 1165 jugulo
2706 1089 2800 1144 tali
2823 1105 2920 1161 pro
2950 1088 3154 1145 famine
3175 1091 3383 1160 jussus,

2153 1184 2375 1253 Majoris
2414 1200 2582 1256 super
2609 1194 2756 1240 astra
2780 1184 3013 1257 gradum
3044 1199 3173 1239 mox
3201 1184 3367 1240 sumit
3389 1185 3641 1251 honoris,

1909 1316 2119 1372 CAPUT
2155 1317 2285 1372 XIV.

1788 1447 1863 1505 De
1904 1455 2108 1507 sancto
2154 1448 2406 1507 Asterio.

425 1580 677 1636 Asterius
706 1580 931 1653 quidam
956 1596 1207 1652 praesens
1240 1588 1377 1647 erat,
1408 1581 1562 1636 urbis
1584 1581 1841 1636 alumnus

430 1672 637 1735 Romae,
671 1672 956 1742 patricius,
992 1679 1142 1739 natu,
1173 1672 1471 1742 splendore
1496 1688 1742 1737 senaror,

428 1764 663 1819 Ornatus
691 1763 924 1832 meritis,
953 1763 1157 1836 Opibus
1186 1763 1426 1819 feliciter
1464 1774 1648 1830 utens,

428 1856 724 1910 Nobilitate
754 1855 970 1929 vigens,
996 1855 1164 1929 regali
1198 1862 1485 1910 stemmate
1508 1856 1743 1927 pollens,

428 1945 496 1999 At
515 1960 687 2014 super
713 1943 832 1999 haec
862 1942 992 1998 ﬁdei
1015 1942 1212 2001 Christi
1241 1945 1540 2015 praecelsus
1575 1961 1780 2001 amore.

431 2034 482 2088 ls
512 2034 789 2105 praataxati
834 2032 964 2088 dum
996 2034 1252 2106 martyris
1281 2042 1419 2089 astat
1439 2035 1624 2107 agoni,

432 2126 646 2198 Excipit
670 2132 725 2182 et
763 2141 963 2181 caesum
995 2126 1201 2201 gladio,
1242 2126 1553 2199 attollitque
1584 2134 1845 2182 verenter

431 2219 708 2291 Subjectis
738 2220 1004 2285 humeris,
1034 2221 1307 2277 substrata
1338 2230 1393 2276 et
1417 2229 1590 2288 veste,
1610 2222 1847 2276 cadaver

430 2309 608 2364 Testis
627 2318 682 2365 et
705 2308 984 2380 exsequiis
1004 2325 1169 2381 quem
1193 2309 1307 2377 dat,
1330 2326 1455 2365 mox
1488 2320 1673 2382 captat
1695 2312 1983 2366 honorem.
2038 2343 2051 2354 -

433 2399 690 2455 Traditur
721 2400 811 2455 hic
840 2400 1026 2455 multis
1055 2400 1179 2456 aliis
1209 2416 1433 2474 quoque
1453 2400 1695 2474 fulgidus
1723 2402 1878 2468 aclis,

435 2489 473 2543 E
501 2489 706 2561 quibus
736 2489 789 2544 id
821 2505 918 2560 per
948 2506 1075 2545 eum
1109 2491 1331 2546 tradunt
1360 2490 1718 2546 memorabile
1748 2498 1987 2564 gestum,

435 2580 745 2636 Paneadam
778 2596 940 2653 quam
973 2580 1264 2636 thnices
1284 2581 1587 2653 antiquitus
1616 2581 1808 2638 urbem

436 2669 655 2736 Dicunt,
687 2669 985 2726 Caesaream
1018 2671 1190 2726 nostri
1223 2670 1412 2726 dixere
1440 2671 1714 2743 Philippi;

436 2759 640 2814 Panius
667 2761 806 2815 hanc
833 2776 1005 2832 prope
1034 2777 1216 2829 mons,
1245 2763 1405 2831 cujus
1434 2762 1715 2837 radicibus
1743 2772 1896 2820 ortus

434 2851 694 2906 Jordanis
713 2852 939 2926 gemino
964 2853 1231 2909 asseritur
1257 2855 1557 2925 procedere
1581 2854 1732 2911 fonte
1758 2874 1771 2910 :

438 2941 605 2997 Moris
628 2951 745 2998 erat
780 2950 1112 2999 mactaretur
1140 2960 1250 3017 quo
1271 2944 1492 3001 victima
1512 2954 1665 3002 certo

438 3035 797 3107 Solemnique
827 3037 918 3093 die
958 3036 1121 3093 fatuis
1151 3055 1179 3093 a
1203 3039 1465 3113 gentibus
1496 3040 1611 3096 illic

437 3130 787 3198 Daemonicae,
819 3129 943 3188 fuco
975 3149 1097 3204 qua)
1119 3132 1330 3189 fraudis
1359 3135 1616 3207 adempta
1650 3136 1879 3206 dolosae,

435 3219 964 3290 Vanescens,oculis
1003 3240 1274 3296 nusquam
1311 3241 1505 3295 parere
1536 3227 1772 3295 solebat,

436 3308 715 3384 Famaque
742 3311 1013 3368 suadebat
1044 3312 1435 3383 praesentibus,
1476 3313 1655 3370 hostia
1672 3316 1804 3371 celsi

2157 1582 2311 1648 Quod
2344 1581 2675 1637 mirabiliter
2696 1588 2908 1653 peteret
2940 1582 3244 1654 penetralia
3274 1582 3399 1638 οωιὶ

2158 1675 2395 1746 Contigit
2424 1674 2719 1742 Asterium,
2754 1675 3032 1745 quondam
3065 1674 3323 1745 deceptio
3358 1675 3480 1730 talis

2157 1766 2291 1820 Dum
2324 1765 2552 1839 geritur,
2595 1781 2724 1820 casu
2755 1772 3086 1836 praesentem
3117 1774 3292 1821 astare
3325 1765 3574 1836 profanis

2157 1858 2582 1929 Praestringique
2610 1859 2805 1913 videns
2834 1859 3086 1929 stupidas
3116 1859 3502 1930 phantasmate
3536 1867 3794 1921 menleo,

2159 1905 2176 1912 ⁵
2199 1905 2582 1929 'w"""'n"1“"
2621 1905 2804 1913 "“"'""
2834 1905 3084 1929 """I""‘“"
3118 1905 3501 1930 ιν·“”··“·“’·”-“’
3538 1905 3651 1913 """

2078 1905 2127 1972 Β
2160 1948 2493 2019 Erroresque
2524 1947 2718 2003 dolens
2746 1947 3055 2013 hominum,
3077 1947 3370 2001 miseratus
3390 1954 3446 2001 et
3476 1962 3651 2002 orans

2160 2039 2411 2113 Ingemit,
2436 2046 2602 2110 atque
2624 2040 2814 2094 oculos
2839 2039 2993 2094 oculis
3024 2038 3343 2109 palmasque
3374 2038 3722 2109 repandens,

2161 2133 2382 2189 lnvocat
2399 2132 2617 2188 interno
2645 2134 2937 2188 Dominum
2969 2133 3209 2189 clamore
3237 2140 3545 2204 potentem,

2161 2229 2488 2301 lntegraque
2518 2226 2626 2282 ﬁde
2655 2228 2852 2299 poscit,
2870 2227 3239 2300 lacrymisque
3259 2228 3501 2300 profusis

2160 2322 2407 2397 Flagitat,
2440 2323 2654 2395 antiqui
2683 2322 2907 2379 fallaces
2936 2329 3129 2398 arguat
3158 2329 3303 2377 artes

2160 2414 2466 2485 Serpentis,
2489 2415 2705 2471 miseris
2732 2430 3023 2470 removens
3051 2414 3376 2470 mortalibus
3403 2414 3573 2483 hujus

2159 2505 2433 2581 Praestigit
2455 2506 2704 2562 nebulas.
2742 2523 3055 2579 arcanaque
3083 2514 3328 2562 monstra
3361 2508 3639 2574 revelans,

2161 2594 2285 2650 llzec
2305 2595 2578 2671 rogitante
2611 2596 2714 2667 piis
2744 2596 3003 2667 precibus
3028 2613 3149 2653 cum
3184 2594 3408 2651 ﬂetibus
3438 2597 3612 2663 almo,

2163 2684 2299 2739 Eece
2329 2684 2626 2755 superferri
2650 2684 2834 2740 subito
2874 2685 3219 2757 depromitur
3242 2684 3462 2760 anguis,

2160 2776 2390 2831 Victima
2420 2776 2621 2832 divinis
2656 2777 2873 2832 sublata
2904 2784 3095 2848 putata
3121 2777 3332 2849 rapinis

2162 2867 2413 2935 Reddita,
2439 2874 2762 2923 cunctorum
2791 2867 2943 2923 ﬂuvii
2964 2867 3354 2939 conspectibus
3373 2868 3509 2934 imo,

2162 2955 2253 3011 Sic
2282 2954 2412 3011 ﬁdei
2446 2973 2608 3027 prece
2640 2956 2980 3013 Christicolae
3020 2958 3266 3013 resoluto
3298 2956 3501 3012 fatiscit

2159 3045 2391 3101 [Etatum
2420 3046 2541 3101 falsi
2571 3053 2845 3103 tantarum
2876 3048 3133 3103 machina
3156 3048 3299 3113 ludi,

2163 3134 2227 3189 Ut
2256 3150 2367 3190 non
2408 3135 2562 3191 hisce
2595 3136 2731 3191 locis
2761 3137 3005 3208 reparari
3027 3136 3268 3209 quiverit
3297 3150 3452 3191 error

2163 3226 2432 3297 Amplius,
2464 3226 2555 3282 hic
2583 3226 2715 3282 clari
2747 3226 3018 3298 patefacto
3050 3228 3257 3284 lumine
3290 3226 3427 3282 veri.

1933 3442 2141 3498 CAPUT
2179 3443 2285 3498 XV.

1741 3573 1816 3633 De
1855 3582 2061 3634 statua
2102 3573 2460 3635 Saluatoris.

440 3709 708 3766 Paneadaz
738 3708 872 3766 civis
898 3709 1101 3765 mulier
1138 3708 1504 3783 deprenditur
1535 3708 1721 3777 hujus,

438 3802 678 3857 Fimbria
709 3819 873 3874 quam
904 3802 1119 3858 Domini
1159 3808 1414 3858 contacta
1432 3816 1626 3857 cruore
1657 3799 1880 3855 levavit.

435 3893 585 3949 Aidis
615 3909 714 3965 pro
741 3892 972 3959 foribus,
1005 3892 1161 3963 cujus
1182 3893 1330 3948 basis
1359 3907 1521 3955 aerea,
1555 3889 1664 3945 ﬁxa

436 3984 768 4042 Constiterat
788 3984 1077 4040 muliebris
1104 3983 1320 4039 habens
1348 3981 1609 4057 ligmenta
1644 3978 1832 4054 ﬁgurae

437 4073 684 4138 Femina,
717 4091 819 4130 ceu
858 4073 1066 4145 palmas
1092 4072 1328 4127 tendens
1358 4071 1710 4145 genibusque
1740 4068 1948 4123 voluta.

434 4164 615 4220 Altera
643 4163 906 4221 salviﬁeis
931 4171 1166 4218 statuam
1189 4162 1337 4217 basis
1368 4177 1479 4217 iere
1499 4161 1731 4233 gerebat

435 4259 662 4331 Compta
694 4259 853 4326 stola,
883 4258 1127 4314 dextram
1178 4256 1336 4329 quasi
1370 4262 1625 4331 pergeret
1666 4267 1779 4326 (pro
1811 4254 2060 4326 porrige-

1488 4345 1611 4417 [ret)
1642 4344 1979 4399 auxiliando.

436 4438 584 4495 llanc
612 4455 776 4496 secus
805 4456 1106 4512 erumpens
1133 4438 1285 4495 humi
1316 4438 1591 4494 innascicr
1622 4438 1793 4493 herba

2084 3714 2134 3782 Ο
2170 3708 2431 3765 Crescere
2462 3710 2530 3764 ad
2563 3726 2732 3765 erasae
2765 3717 3032 3765 consueta
3071 3707 3275 3764 lacinia
3300 3708 3496 3772 vestis,

2165 3802 2292 3867 Quae
2318 3819 2446 3858 mox
2486 3802 2795 3858 frondentis
2824 3803 3172 3878 tetigissetve
3185 3801 3321 3857 rtice
3351 3800 3507 3865 coni,

2163 3894 2456 3950 Pellendos
2487 3893 2657 3949 robur
2680 3893 2909 3949 morbos
2947 3892 3204 3964 capiebat
3235 3892 3302 3947 ad
3332 3907 3555 3958 omnes,

2164 3983 2245 4038 Nil
2276 3983 2489 4039 virtutis
2515 3983 2729 4038 habens
2756 3999 2912 4039 sacra
2951 3984 3058 4039 nisi
3092 3991 3232 4040 tacta
3256 3983 3500 4039 lacerna.

2161 4074 2409 4129 Perﬁdus
2440 4075 2583 4130 hanc
2603 4091 2773 4131 cernu
2799 4082 2988 4130 taurus
3019 4075 3114 4147 qui
3141 4075 3412 4132 obsistere
3435 4076 3618 4146 ruptis

2163 4163 2401 4218 lrrnerat
2422 4162 2651 4219 domino
2678 4162 2831 4229 loris,
2859 4164 3017 4234 petit,
3043 4163 3251 4235 impete
3280 4164 3465 4232 vertit,

2162 4255 2543 4332 Figmeutique
2567 4254 2755 4310 furens
2784 4255 2994 4326 prOprii
3026 4255 3320 4311 simulacra
3340 4257 3586 4328 reponit,

2163 4346 2384 4403 C(elitus
2413 4344 2610 4401 aﬁ‘ulso
2638 4346 2834 4402 teritur
2872 4345 3023 4417 quod
3053 4344 3286 4401 fulmine
3320 4356 3578 4401 truncum

2158 4428 2335 4507 Atque
2360 4435 2726 4510 notatjugulo
2761 4434 2932 4489 divini
2961 4434 3201 4490 vindicis
3241 4435 3433 4491 ictum.

1918 4574 2129 4630 CAPUT
2169 4573 2299 4629 XVI.

1750 4707 1827 4765 De
1867 4711 2071 4764 sancto
2108 4705 2446 4780 Pamphilo.

433 4843 641 4903 Floruit
660 4845 754 4903 hic
776 4846 957 4903 clarus
983 4846 1303 4903 venerando
1325 4846 1645 4918 Pamphilus
1683 4851 1806 4900 actu

431 4934 651 5006 Martyr,
676 4935 1054 5007 presbyterum
1087 4935 1316 5010 dignum
1340 4951 1506 5006 quem
1527 4934 1689 4989 laude
1720 4933 1952 4988 sacravit

427 5029 668 5101 Agapius
688 5029 913 5100 praesul,
946 5030 1110 5099 hujus
1139 5029 1484 5104 largissimus
1511 5028 1664 5083 urbis

430 5120 567 5196 Erga
595 5120 814 5191 inopes,
837 5130 891 5176 et
921 5121 1004 5176 eis
1034 5120 1320 5177 devinctus
1350 5135 1537 5176 amore
1571 5127 1801 5190 paterno
1828 5137 1843 5186 ;

429 5208 605 5281 Inque
633 5208 998 5279 gubernando
1030 5209 1328 5266 Ecelesiam
1361 5208 1590 5265 solertia
1621 5207 1779 5276 cujus

426 5298 660 5371 Pervigil
693 5307 916 5368 experta
946 5310 1051 5367 est,
1084 5301 1373 5373 multoque
1406 5301 1595 5356 labore
1626 5298 1879 5372 probata.

425 5387 523 5441 Hic
556 5388 615 5439 in
646 5385 913 5456 episcopii
936 5390 1302 5465 Theotignum
1326 5393 1453 5461 jura
1493 5398 1716 5447 secutus

422 5474 616 5536 Fulsit,
652 5470 707 5523 id
737 5472 904 5529 officii
936 5495 1097 5549 quam
1131 5481 1486 5537 laudabiliter
1516 5482 1764 5554 explens.

419 5560 750 5636 Pamphilus
774 5569 1035 5637 excalpsit
1066 5590 1189 5643 quae
1216 5592 1373 5630 saera
1402 5576 1686 5631 volumina
1718 5581 1923 5646 martyr

416 5652 772 5730 Hieronymo
803 5645 973 5708 αι’ωεί
995 5660 1144 5729 gazis
1167 5662 1382 5729 potiora
1421 5662 1674 5720 feruntur

2082 4849 2140 4917 Ι)
2164 4844 2329 4919 Signa
2350 4859 2547 4899 manus
2579 4844 2849 4913 recolens,
2881 4845 3116 4920 vestigia
3149 4846 3442 4921 sanguinis
3471 4846 3654 4903 edens

2163 4934 2419 4988 Articulis
2449 4942 2671 4990 sanctus
2698 4935 2938 5006 propriis
2970 4951 3091 5007 quae
3122 4944 3326 5007 martyr
3355 4943 3560 5003 ararat,

2161 5024 2259 5090 Qui
2292 5025 2490 5096 plenus
2519 5025 2670 5093 ﬁdei,
2713 5026 2888 5082 divini
2924 5026 3123 5099 plenus
3153 5028 3358 5084 amoris

2162 5117 2351 5191 Regna
2383 5117 2744 5189 triumphavit
2773 5117 2964 5173 feralia
2995 5118 3334 5186 Maximiani,

2161 5209 2429 5265 Eusebius
2467 5208 2636 5267 fastos
2661 5210 2819 5279 cujus
2849 5210 3016 5266 edere
3050 5211 3209 5266 libris

2162 5303 2292 5369 Quis
2319 5311 2558 5377 quantus
2585 5303 2749 5360 fuerit
2777 5304 3009 5373 studuit,
3040 5305 3203 5360 simul
3240 5305 3388 5361 unde
3413 5307 3695 5363 oriundus

2162 5396 2200 5449 A
2243 5408 2416 5465 puero
2447 5409 2630 5449 veram
2664 5394 2995 5462 doctrinam,
3020 5394 3232 5465 przelia,
3268 5396 3510 5466 palmas,

2166 5486 2487 5555 Quantaque
2511 5486 2817 5556 pertulerit,
2848 5502 2987 5557 quos
3010 5485 3299 5541 desudarit
3326 5504 3561 5559 agones,

2169 5575 2232 5630 Ut
2263 5591 2484 5647 quoque
2514 5576 2761 5647 percepit
2792 5577 2893 5632 hoc
2920 5576 3119 5649 dignus
3142 5578 3355 5633 honore
3386 5593 3654 5634 coronam
