3874 6400
692 420 773 475 DE
813 424 1175 495 TRIUMPHIS
1218 433 1473 491 CHRISTI
1514 438 1595 492 ET
1635 441 1726 495 SS.
1770 442 2170 503 PAL/ESTlN/E
2214 442 2395 508 LIBRI
2429 456 2613 513 TRES.
2656 491 2726 500 —
2766 463 2889 521 LIB.
2936 468 3002 524 II.
3408 486 3440 524 ξς

1632 543 1840 599 CAPUT
1879 548 2033 606 XVII.

1475 638 1553 697 De
1597 641 1848 704 Eusebio
1890 651 2198 726 scriptore.

154 728 359 799 Martyr
387 727 477 784 hic
505 730 727 799 adjutor
755 749 1037 791 sacrorum
1063 738 1119 793 in
1147 741 1267 797 luce
1300 743 1565 800 librorum

156 816 299 871 lluic
328 817 467 873 nitet
495 819 753 889 Eusebio,
774 822 1070 895 Scripturze
1101 846 1264 900 quem
1297 839 1453 889 vocat
1485 836 1603 907 ipse

157 905 531 977 llieronymus
558 909 794 978 clavem,
828 919 1258 990 testamentique
1289 926 1554 993 perennis

157 998 478 1071 Custodem,
509 1017 825 1060 memorans
878 1011 1281 1082 quamplurima
1337 1033 1573 1089 qumque
1602 1022 1779 1076 revol-

1572 1106 1679 1177 [vat

1810 761 1860 829 Α
1890 752 1960 807 Ex
1995 754 2225 814 infinitis
2256 760 2389 829 fere,
2422 765 2521 819 sed
2555 771 2815 837 praeclara
2844 775 3096 835 feruntur

1888 841 2120 900 Historia
2151 847 2428 915 Ecclesiaa,
2463 853 2711 914 Canones
2742 859 3185 940 Evangeliorum,

1884 935 2228 995 Omnimodis
2257 942 2585 1014 Chronicon,
2618 956 2791 1027 gestis
2818 960 3141 1033 clarissima,
3175 970 3333 1038 cujus

1875 1027 2144 1087 Doctrina
2174 1040 2337 1106 alque
2371 1037 2507 1095 fides
2538 1059 2765 1115 cperum
2800 1054 3076 1120 probitate
3110 1027 3345 1118 renidet.

1614 1212 1823 1269 CAPUT
1861 1219 2056 1279 XVIII.’

789 1304 869 1364 De
914 1306 1259 1385 Throphilo,
1299 1311 1514 1374 Araoio
1559 1326 1612 1375 et
1659 1320 1911 1384 Gelasio.
1962 1362 2041 1374 —
2083 1332 2335 1411 Reliqua
2378 1342 2619 1404 itineris
2664 1348 2883 1411 Paulaa.

149 1403 500 1476 Theophilus
522 1412 722 1479 praesul
755 1414 847 1469 hic
875 1416 1083 1472 lumine
1113 1421 1313 1476 claruit
1342 1423 1512 1491 almo,

148 1491 422 1564 Dogmate
453 1496 755 1567 puriﬁcans
792 1513 1042 1560 errantes
1073 1508 1284 1565 Pascha
1306 1514 1549 1571 colendi.

154 1582 268 1637 llac
297 1585 464 1640 etiam
495 1590 742 1646 renitens
774 1595 1006 1651 antistes
1027 1599 1258 1657 Aeacius
1287 1605 1445 1670 urbe,

150 1674 434 1745 Expositis
475 1678 606 1736 fidei
641 1683 954 1742 Salomonis
976 1690 1235 1764 dogmata
1256 1694 1453 1750 lustrat
1486 1715 1500 1751 :

151 1767 430 1826 Prazterea
451 1775 624 1829 multa
656 1775 954 1834 Ecclesiam
994 1799 1217 1855 quoque
1249 1787 1371 1843 luce
1402 1798 1675 1847 venustat.

150 1860 257 1922 Qui
292 1877 391 1932 pro
416 1863 630 1921 Liberio
661 1866 895 1924 Felicem
926 1871 1060 1927 sede
1093 1885 1321 1932 coronat

149 1955 430 2023 Gclasius,
461 1966 587 2029 post
616 1960 919 2019 Euzonium
950 1967 1064 2022 sale
1096 1968 1271 2025 fertur
1299 1972 1531 2030 honesto

151 2047 253 2102 Ilic
276 2048 520 2121 viguisse
552 2068 709 2107 sacer
733 2072 897 2125 parca
917 2060 1014 2113 sed
1056 2063 1299 2119 condere
1333 2066 1540 2121 dextra.

226 2138 526 2212 Postquam
557 2141 814 2211 Caesarea:
844 2147 1113 2206 lustrasse
1144 2156 1381 2211 sacraria
1402 2160 1612 2232 gaudet

148 2232 342 2299 Paula,
368 2250 468 2304 per
494 2236 766 2308 Antipatri
799 2241 1007 2299 dictum
1038 2247 1106 2301 de
1141 2251 1368 2305 nomine
1409 2261 1649 2308 castrum

147 2322 494 2379 Semirutum
526 2328 810 2401 gradiens,
832 2332 1091 2403 Lyddam,
1120 2339 1397 2410 Diospolis
1416 2357 1512 2397 ore

149 2409 286 2473 Quae
314 2408 488 2465 fertur
519 2412 701 2483 Graio,
740 2434 851 2474 non
882 2424 1070 2495 segnis
1104 2425 1184 2480 ire
1216 2408 1435 2502 sategit.

144 2500 416 2555 Dorcadis
444 2503 744 2577 fEneaaque
771 2509 919 2564 salus
953 2512 1095 2568 hanc
1124 2500 1550 2590 fulgida'comit.

147 2590 308 2644 llaud
338 2594 529 2661 procul
563 2594 692 2649 hinc
740 2597 1097 2655 Arimatbiam
1144 2604 1327 2659 vicum
1362 2608 1533 2663 intrat
1561 2610 1781 2681 Ioseph,

148 2682 426 2737 (lectorum
459 2684 749 2741 Dominum
778 2689 930 2760 digni
962 2694 1199 2749 condere
1221 2697 1497 2765 sepulcro,

153 2772 294 2825 Inde
323 2774 674 2829 sacerdotum
702 2777 932 2833 Niobem
968 2781 1220 2853 [Nobem]
1247 2786 1568 2841 succeditin
1594 2789 1785 2843 urbem

148 2863 286 2918 Post
313 2864 626 2920 occisorum
657 2870 928 2925 tumulum
954 2872 1094 2926 tristi
1112 2875 1512 2931 ominedictam
1548 2879 1711 2951 (156).

152 2957 295 3012 llinc
317 2958 549 3030 Joppem
580 2970 801 3033 portum
834 2975 1089 3035 penetrat
1114 2968 1383 3043 fugientis
1427 2973 1571 3027 lenm
1604 2992 1617 3040 ;

152 3045 311 3100 Unde
338 3048 480 3102 viam
510 3058 774 3121 repetens
805 3054 1002 3109 celeris
1030 3056 1252 3112 divertit
1275 3059 1329 3112 in
1362 3060 1638 3117 Emmaus.

151 3139 287 3203 Quae
315 3157 464 3196 nunc
494 3143 1089 3215 Nicopolis,Dominus
1120 3167 1229 3222 qua
1252 3150 1521 3227 fragmine
1554 3157 1713 3226 panis

146 3229 387 3302 Agnitus
415 3238 500 3286 est
531 3232 644 3287 illis
674 3250 911 3306 quorum
945 3238 1171 3294 dilectio
1200 3257 1331 3296 vera

150 3319 335 3375 Factis
365 3322 584 3392 enituit,
615 3340 848 3396 quorum
891 3327 1153 3386 irradiata
1182 3334 1489 3403 probantur

148 3411 405 3481 Lumina,
437 3414 570 3469 dum
599 3418 770 3490 gestis
795 3420 1042 3477 caelestia
1065 3424 1220 3492 jussa
1248 3427 1517 3483 decorant

148 3500 216 3554 Et
239 3510 665 3575 noscuntOpera
687 3509 836 3578 quod
867 3525 977 3566 non
1008 3529 1312 3587 agnoscere
1336 3524 1570 3587 possunt

144 3589 376 3659 Auditu,
400 3599 769 3668 releguntque
797 3598 961 3655 simul
993 3618 1105 3658 non
1144 3619 1271 3658 esse
1302 3605 1552 3661 beandos

146 3686 442 3750 Quoslibet
471 3704 568 3744 ore
594 3692 782 3760 modo,
815 3694 859 3748 si
879 3711 989 3751 non
1018 3696 1166 3753 bona
1196 3698 1338 3755 facta
1383 3708 1707 3773 sequantur.

148 3774 253 3828 Ilic
289 3792 400 3845 quo
428 3775 582 3833 fonte
608 3780 785 3849 pedes
804 3783 958 3839 visus
985 3786 1187 3842 lavisse
1221 3788 1559 3861 Redemptor

145 3862 439 3933 Apparens
468 3882 594 3921 cum
623 3868 934 3942 discipulis,
970 3890 1313 3948 numeroque
1344 3878 1575 3934 luuntur

146 3956 477 4015 Morborum
526 3961 637 4018 hoc
689 3972 875 4036 pestes
902 3968 1180 4024 variorum
1212 3971 1473 4028 animalia
1502 3973 1782 4045 linquunt.

146 4050 401 4120 Inclytus
433 4052 567 4109 hinc
607 4055 1064 4130 ClcOphas,cujus
1102 4070 1316 4118 sacrata
1355 4064 1575 4121 nitescit

148 4140 383 4212 Hospite
415 4143 585 4218 digna
615 4146 813 4204 domus
842 4151 1098 4220 Domino,
1125 4153 1415 4228 jugnlatur
1444 4157 1501 4210 in
1533 4157 1673 4227 ipsa,

144 4232 375 4289 Judaaos
406 4234 604 4292 Christi
636 4255 830 4310 passus
858 4259 959 4313 pro
978 4245 1143 4300 tande
1173 4245 1420 4303 furentes
1450 4265 1465 4312 ;

147 4322 380 4394 Quaque
410 4326 778 4396 etiam;cu|tus
802 4333 1008 4388 celebri
1043 4336 1248 4406 pietate
1266 4339 1520 4408 sepultus

146 4410 326 4475 Quem
368 4414 532 4469 terris
551 4416 842 4473 Dominum
862 4422 1084 4492 prepria
1109 4434 1435 4496 susceperat
1464 4428 1606 4498 aede,

147 4499 311 4555 Clara
342 4504 457 4573 poli
488 4521 658 4577 super
684 4515 833 4565 astra
852 4512 985 4567 colit
1005 4512 1112 4567 sibi
1137 4514 1358 4570 domata
1396 4517 1639 4572 dantem.

229 4596 485 4668 Nicopoli
510 4599 811 4672 egrediens
833 4602 1109 4660 Bethoron
1136 4607 1464 4663 conscendit
1494 4617 1785 4682 utramque

146 4690 343 4755 Paula,
377 4690 547 4745 urbes
566 4691 713 4765 regis
741 4693 1054 4752 Salomonis
1077 4698 1288 4754 honore
1318 4700 1544 4769 locatas,

144 4786 261 4841 Sed
280 4784 492 4840 dudum
524 4786 678 4841 vario
705 4787 975 4845 bellorum
1009 4791 1231 4848 turbine
1262 4810 1452 4849 versas
1485 4814 1499 4850 :

144 4879 187 4932 A
219 4876 433 4931 dextris
455 4875 715 4933 Gabaona
745 4884 930 4948 tuens,
971 4897 1083 4952 qua
1119 4882 1294 4958 figere
1324 4884 1497 4940 solem

148 4968 286 5023 Cum
316 4969 474 5023 socia
498 4968 674 5024 valuit
700 4969 875 5026 fretus
912 4974 1245 5047 cognomine
1271 4976 1455 5032 Iesus.

145 5060 405 5116 Substitit
436 5060 491 5114 in
525 5062 726 5129 Gabaa,
756 5064 1121 5137 meminitque
1147 5067 1381 5123 libidine
1401 5085 1573 5125 caesos

147 5155 567 5225 Sexcentosque
595 5162 906 5212 reservatos
937 5157 994 5211 in
1027 5159 1242 5232 origine
1267 5160 1441 5217 Pauli.

148 5240 289 5296 Hinc
316 5240 509 5295 urbem
543 5241 709 5297 misto
742 5243 1001 5317 trinoque
1030 5248 1318 5304 vocamine
1347 5249 1555 5305 dictum

150 5333 474 5406 Ingreditur
504 5332 835 5402 Jerusalem,
869 5331 973 5392 sub
1003 5346 1160 5410 parte
1181 5340 1406 5396 sinistra

146 5420 490 5477 Mausoleum
524 5422 747 5479 Helena:
779 5424 1018 5482 domina:
1047 5429 1245 5485 mirata
1275 5432 1497 5487 celebre

147 5513 584 5582 Adiabenorum,
618 5516 871 5587 Solymos
894 5534 1004 5590 quo
1035 5528 1285 5593 tempore
1308 5526 1477 5594 pavit,

147 5606 449 5663 lnsistente
480 5606 644 5663 famis
673 5608 971 5680 frumento,
1013 5631 1140 5672 rure
1170 5616 1395 5689 Canopi.

151 5697 402 5770 Hospitio
433 5699 619 5755 Paulae
648 5704 912 5771 praetoria
940 5705 1092 5762 celsa
1122 5707 1395 5778 feruntur,

228 5821 370 5892 (156)
397 5823 417 5876 Ι
449 5821 586 5896 Reg.
614 5838 748 5881 χχιι.

1889 1436 2060 1495 Parva
2090 1444 2184 1497 sed
2218 1447 2458 1506 admittit
2488 1454 2751 1512 vitantem
2776 1461 3013 1519 culmina
3030 1469 3185 1523 cella.
3359 1526 3365 1539 ,

1886 1527 2038 1585 Tunc
2069 1534 2186 1590 loca
2209 1550 2405 1596 cuncta
2436 1544 2546 1614 piis
2565 1547 2759 1605 Christi
2792 1553 3005 1627 signata
3033 1560 3329 1635 triumphis

1891 1618 2253 1694 Circumiens,
2284 1648 2483 1705 magno
2514 1635 2641 1692 fidei
2670 1652 2962 1701 veneratur
2999 1666 3204 1708 amore.

1892 1706 2162 1770 Prostrata
2184 1726 2310 1773 ante
2333 1737 2549 1779 crucem
2580 1728 2870 1787 Dominum
2888 1742 2945 1790 ut
2977 1743 3197 1795 tueatur
3216 1742 3411 1800 adorat

1890 1795 2252 1871 Pendentem,
2282 1811 2471 1865 mundi
2504 1830 2728 1886 quoque
2759 1821 2991 1877 crimina
3010 1834 3185 1883 morte
3218 1829 3461 1900 piantem
3490 1852 3504 1900 ;

1890 1889 2193 1964 Osculaque
2222 1897 2393 1973 afﬁgit
2417 1903 2610 1975 lapidi,
2641 1912 2924 1981 complexa
2955 1889 3291 1990 sepulcrum,

1814 1978 1864 2045 Β
1886 1979 2126 2054 Angelus
2156 1996 2340 2044 amoto
2381 2003 2588 2051 reserat
2616 2015 2726 2069 quo
2750 1978 2953 2075 gaudia
2983 1978 3124 2075 vitze,

1882 2070 2248 2146 Allambitque
2281 2080 2480 2137 locum.
2507 2085 2870 2160 lacrymarum
2910 2094 3140 2153 ﬂumine
3173 2099 3317 2168 fuso,

1883 2160 1957 2215 De
1993 2164 2209 2222 Domini
2238 2173 2503 2230 membris
2530 2184 2876 2238 monumenti
2905 2187 3029 2255 jure
3056 2203 3333 2247 sacratum

1885 2253 2020 2309 llinc
2040 2260 2261 2315 tandem
2285 2268 2581 2339 egrediens
2610 2272 2742 2329 Sion
2765 2279 3015 2335 ascendit
3040 2282 3095 2336 in
3120 2300 3301 2339 arcem

1884 2534 2003 2590 Non
2032 2537 2138 2593 illze
2166 2539 2403 2599 ﬂammis
2430 2548 2624 2617 quales
2653 2560 2888 2609 uruntur
2918 2557 2986 2611 ab
3027 2559 3220 2627 hostis,

1886 2623 1949 2676 At
1971 2625 2172 2695 quibus
2195 2629 2432 2687 intratur
2461 2637 2617 2710 regni
2649 2641 2890 2697 cmlestis
2916 2644 2970 2698 in
3000 2648 3176 2702 aulam

1886 2709 2003 2765 Non
2023 2713 2185 2769 siccis
2215 2726 2475 2788 spectans
2516 2727 2693 2781 oculis
2725 2732 3021 2804 aspergine
3052 2735 3245 2791 Christi

1888 2804 2188 2882 Sanguinis
2222 2812 2479 2870 infectam
2502 2820 2673 2877 vincti
2701 2825 2941 2897 czesiqne
2959 2830 3294 2899 columnam,

1886 2901 2015 2967 Quae
2043 2913 2191 2962 certe
2205 2908 2439 2966 assiduzc
2470 2915 2852 2975 moderamina
2880 2922 3029 2998 larga
3052 2926 3246 2981 salutis

1885 2991 2011 3047 Fert
2039 2992 2164 3049 fidis
2187 2998 2367 3053 valida
2413 3003 2691 3073 applicitis
2720 3007 2858 3063 dans
2899 2991 3099 3068 robora
3129 3016 3327 3072 vinclis

1885 3081 2095 3139 Pellere
2125 3086 2375 3143 diversas
2414 3094 2630 3150 medico
2662 3097 2934 3155 solamine
2965 3111 3170 3174 pestes,

1884 3169 2133 3226 Porticus
2157 3174 2407 3231 ecclesiae
2438 3196 2546 3250 qua
2573 3190 2877 3240 sustentata
2905 3169 3154 3259 levatur;

1884 3259 2291 3319 Panditurinde
2324 3267 2479 3323 locus
2511 3272 2711 3341 Paulae,
2742 3293 2852 3347 quo
2874 3280 3112 3350 Spiritus
3142 3282 3321 3340 almus

1884 3351 2111 3409 Centum
2146 3356 2232 3411 his
2260 3358 2546 3432 denosque
2576 3379 2744 3434 super
2773 3368 3141 3429 descenderat
3170 3389 3343 3449 agnos

1804 3451 1854 3519 Ο
1884 3443 1981 3498 Hic
2009 3460 2235 3517 quoque
2256 3451 2594 3520 pauperibus
2608 3452 2810 3512 Christi
2841 3459 2929 3530 pia
2953 3462 3098 3519 dona
3114 3443 3440 3523 ministrans

1884 3538 2155 3610 Competit
2184 3550 2426 3613 optatam
2463 3546 2626 3621 longo
2659 3550 2963 3620 spiramine
2984 3557 3269 3625 Bethlem;

1888 3629 2061 3700 Atque
2089 3646 2314 3700 specum
2340 3632 2660 3707 ingrediens
2679 3638 2928 3696 divinum
2957 3644 3198 3721 Virginis
3227 3650 3385 3708 alvus

1888 3719 2001 3784 Qua
2030 3722 2213 3791 posuit
2240 3730 2474 3793 partum,
2508 3742 2777 3799 priescpe,
2809 3719 3074 3790 animalia
3108 3738 3306 3797 (.hristi

1889 3810 2003 3875 Quo
2035 3812 2249 3868 Domini
2271 3831 2546 3889 agnovere
2576 3818 2682 3885 sui,
2714 3837 2774 3875 se
2806 3838 3034 3881 cernere
3056 3828 3177 3883 visu

1887 3899 2135 3955 Testatur
2159 3902 2289 3957 fidei
2315 3905 2500 3960 stratis
2528 3908 2762 3978 puerilia
2799 3914 3000 3982 pannis

1892 3998 2130 4053 Membra
2153 3998 2341 4068 jacere
2372 4001 2489 4070 Dei,
2518 4004 2737 4062 stabulo
2777 4007 3005 4080 deposta
3031 4013 3133 4067 sub
3170 4023 3320 4072 arcto
3354 4034 3368 4071 :

1889 4090 2127 4145 Sedulus
2158 4091 2375 4148 intactae
2399 4096 2558 4150 matri
2590 4098 2849 4155 nutritius
2874 4109 3061 4173 aptum

1888 4177 2103 4235 Praebet
2130 4186 2188 4233 ut
2208 4180 2533 4252 obsequium
2569 4202 2582 4251 ;
2610 4186 2900 4244 venientes
2927 4198 3174 4263 tempore
3204 4197 3383 4252 noctis

1888 4270 2162 4339 Pastores,
2185 4273 2531 4346 stellamque,
2573 4276 2757 4353 Magos
2786 4280 2878 4351 pia
2902 4299 3131 4339 munera
3159 4287 3355 4344 dantes
3385 4309 3397 4344 :

1888 4366 2179 4424 Lactentes
2206 4384 2398 4436 cassos,
2435 4371 2703 4428 Herodem
2737 4378 2886 4431 crede
2917 4377 3188 4435 furentem
3216 4386 3231 4434 ξ

1889 4457 1954 4512 Ut
1985 4459 2121 4528 petit
2150 4458 2439 4534 Egyptum
2465 4462 2675 4534 Joseph
2708 4467 3004 4524 comitante
3032 4471 3217 4527 Maria.

1888 4546 2088 4618 Sicque
2119 4549 2343 4604 domum
2377 4552 2537 4621 panis
2557 4554 2810 4624 lacrymis
2840 4567 3101 4616 venerata
3128 4564 3366 4633 profusis

1887 4638 2055 4695 Fonte
2087 4640 2178 4710 pio
2219 4641 2380 4716 Regis
2401 4644 2675 4700 cunabula
2704 4663 2856 4703 sacra
2886 4651 3102 4731 salutat.

1889 4727 2040 4782 Iland
2070 4729 2405 4801 proculinde
2436 4732 2573 4803 petit
2605 4736 2793 4791 turrim
2822 4727 3006 4813 gregis
3033 4743 3221 4799 omine
3242 4746 3388 4802 claro

1808 4826 1865 4894 D
1885 4818 2013 4883 Quae
2037 4819 2207 4874 Jacob
2238 4832 2465 4892 paverat
2493 4839 2646 4893 oves,
2672 4826 2781 4882 sibi
2813 4830 2965 4886 vocis
2994 4832 3260 4889 honorem

1883 4914 2158 4989 Angelicaa
2188 4916 2491 4973 hauserunt
2517 4928 2787 4991 pastores,
2823 4923 3004 4980 Gloria
3040 4943 3274 4994 ,summo

1885 5005 2003 5069 Qua
2026 5014 2240 5062 cantata
2269 5009 2379 5065 Deo
2410 5013 2735 5069 mortalious
2764 5024 2925 5087 atque
2965 5017 3222 5092 benignis

1886 5097 1995 5152 Pax
2026 5089 2226 5170 legata,
2252 5101 2421 5157 choro
2451 5102 2644 5159 Iaudes
2675 5105 2939 5163 reboante
2964 5089 3230 5180 superno.

1885 5186 2055 5251 Quem
2098 5204 2270 5259 prOpe
2301 5190 2430 5244 dum
2461 5200 2757 5261 pascuntur
2794 5210 2946 5263 oves,
2983 5212 3052 5251 en
3088 5200 3312 5256 velleris
3334 5220 3509 5277 agnus

1885 5280 2169 5355 Detegitur
2196 5283 2340 5354 puri,
2375 5266 2587 5339 caelesti
2617 5293 2671 5341 et
2697 5302 2822 5343 rore
2855 5291 3075 5361 repleti,

1884 5368 2166 5445 Sanguine
2194 5371 2285 5442 qui
2321 5372 2521 5446 dignus
2543 5372 2844 5431 dissolvere
2868 5379 3103 5435 crimina
3133 5386 3326 5441 mundi

1882 5461 1945 5516 Et
1973 5468 2302 5518 vastatorem
2335 5464 2558 5534 prepria
2587 5466 2868 5538 depellere
2901 5471 3086 5542 plebe.

1952 5549 2089 5605 lnde
2115 5552 2203 5608 via
2224 5554 2394 5609 veteri
2428 5556 2622 5613 Gazam
2653 5560 2789 5630 petit
2820 5561 3055 5638 impigre
3084 5566 3271 5638 Paula,

1880 5639 2098 5698 Persica
2124 5644 2437 5702 thesaurum
2462 5665 2625 5720 quam
2666 5668 2920 5723 promere
2952 5657 3140 5733 lingua
3169 5662 3432 5739 resignat.

1881 5733 1940 5788 In
1963 5752 2072 5807 qua
2104 5734 2358 5796 Silvanus
2390 5743 2599 5800 rabiem
2624 5745 2950 5806 Diocletiani
