3874 6438
407 411 512 466 527

410 531 580 601 Hujus
605 545 728 586 cum
753 527 918 584 sociis
939 525 1101 583 evicit
1128 526 1426 597 episcopus
1467 526 1639 593 urbis,

1188 405 1557 461 FLODOARDI
1602 405 1903 460 CANONICI
1947 405 2273 460 REMENSIS
2314 406 2651 463 OPUSCUI.A
2692 406 3000 463 METRICA.

3664 412 3782 470 5‘28

2058 532 2111 601 Α
2137 529 2171 583 .l
2204 529 2433 585 Domiuo
2465 538 2715 601 reparata
2745 530 2944 585 docent
2970 530 3173 585 erroris
3201 540 3496 605 utramque

409 622 637 689 Quando
684 621 740 675 in
789 619 1023 674 Fanensi
1099 618 1416 689 [Fenncnsi]
1453 618 1651 688 capitis
1681 634 1880 673 caesum
1912 635 2034 673 me—
2134 621 2209 675 De
2242 622 2489 676 tenebris
2530 622 2721 675 Christi
2757 623 3066 692 pellendam
3096 624 3325 679 numine
3353 626 3599 696 plebem.

1816 709 1963 780 [tallo

410 807 780 883 Quadraginia
805 804 968 861 simul
1000 802 1262 859 emlorum
1295 804 1363 857 ad
1396 802 1595 877 gaudia
1621 802 1792 859 misit.

407 898 526 952 Mox
558 898 688 951 hinc
713 895 780 950 ad
813 895 1059 949 dextram
1086 892 1317 946 Dethsur
1346 891 1627 958 transitur,
1660 898 1714 945 et
1747 891 1959 957 Esehol,

408 986 562 1040 Unde
590 986 805 1039 botrum
841 989 1061 1052 portant
1099 980 1277 1055 geruli
1313 981 1582 1055 praesagia
1617 980 1817 1034 Christi

409 1079 746 1145 Gestantem,
776 1076 924 1149 ligno
954 1090 1235 1144 appensus
1276 1074 1368 1143 qui
1399 1071 1583 1127 dulcia
1622 1071 1768 1127 fudit

409 1166 544 1219 Vina
572 1164 709 1229 suis,
743 1171 1053 1234 terramque
1085 1162 1236 1215 dedit
1264 1162 1492 1217 dulcorc
1529 1162 1813 1216 ﬂuentem.

412 1253 547 1307 Hinc
575 1253 721 1306 Sara;
745 1252 939 1306 cellam
963 1251 1097 1320 petit
1129 1259 1183 1304 et
1211 1250 1442 1323 vestigia
1473 1266 1711 1321 quercus

410 1344 657 1408 Abrahae,
689 1349 938 1412 spectare
969 1341 1115 1395 diem
1141 1357 1239 1411 per
1270 1342 1477 1395 lumina
1493 1340 1675 1395 cordis

408 1436 519 1501 Qua
546 1434 747 1488 meruit
775 1433 992 1501 Christi,
1026 1433 1258 1488 Domino
1292 1434 1503 1487 laetatus
1535 1434 1590 1486 in
1620 1434 1760 1503 ipso.

407 1529 719 1584 Scanditab
752 1528 877 1582 hinc
896 1528 1365 1600 surgensllebron
1400 1543 1521 1597 qua:
1555 1525 1905 1580 Chariatarbe

405 1618 673 1683 Quattuor
701 1634 732 1671 a
761 1616 985 1671 tumulis
1009 1632 1332 1689 magnorum
1366 1616 1511 1669 dicta
1545 1615 1785 1669 virorum
1813 1632 1827 1668 :

404 1705 656 1771 Abrahae,
691 1712 855 1777 atque
889 1705 1058 1770 Isaac,
1087 1702 1277 1769 Iacob,
1323 1702 1596 1773 primique
1618 1700 1886 1771 parentis,

400 1797 659 1871 Iungitur
688 1796 772 1849 his
803 1794 989 1862 Caleb,
1010 1803 1349 1866 quartusque
1378 1800 1599 1864 putatus
1636 1794 1690 1845 in
1716 1792 1846 1847 illis.

406 1885 638 1940 Dimittit
664 1884 1110 1955 Chariatsepher,
1138 1884 1224 1939 cui
1259 1884 1441 1937 littera
1468 1898 1672 1937 nomen

402 1976 679 2043 Praestitit,
702 1975 984 2030 admirans
1015 1991 1245 2046 superas
1275 1981 1439 2046 atque
1470 1974 1769 2029 interiores

406 2068 613 2134 Undas,
645 2067 900 2124 Othoniel
920 2067 1060 2122 ruris
1087 2082 1225 2138 quas
1245 2067 1399 2121 arida
1420 2072 1674 2121 temnens

405 2163 648 2233 Accepit.
692 2162 893 2233 quibus
924 2161 1160 2235 irriguos
1187 2161 1382 2215 ditaret
1405 2160 1616 2234 agellos
1634 2158 1801 2230 (157).

407 2252 540 2305 Inde
573 2249 782 2321 Caphar
812 2251 1069 2305 Baruchze
1102 2250 1298 2304 teritur
1329 2250 1621 2303 benedictio
1650 2249 1812 2312 vium,

406 2342 638 2397 Siderco
679 2340 946 2394 Abraham
984 2341 1216 2396 Domino
1243 2356 1428 2396 comes
1465 2354 1755 2410 usquequo
1786 2337 1953 2394 venit.

405 2432 631 2487 Miratur
656 2448 881 2503 campos
910 2432 1162 2488 Sodomre
1178 2433 1343 2486 Paula
1373 2438 1540 2502 atque
1572 2430 1887 2485 Gomorrhaa

407 2521 646 2586 Caelesti,
673 2521 887 2576 meritis
925 2521 1284 2593 agiiantibus,
1318 2520 1446 2594 igne
1478 2527 1757 2592 perustos.

406 2613 611 2683 Aspicit
630 2612 875 2687 Engaddi
907 2613 1112 2667 vineta.
1142 2612 1500 2683 Opobalsama
1527 2611 1727 2665 sudant

406 2706 539 2772 Quis
568 2706 804 2780 virgulta
835 2705 994 2772 locis,
1028 2705 1151 2761 aliis
1182 2705 1430 2760 indebita
1462 2705 1640 2760 terris.

409 2794 916 2889 Contemplplnsquc
965 2794 1163 2868 Segor,
1214 2794 1437 2850 Zoaram
1489 2809 1652 2864 quam
1693 2809 1826 2848 voce
1856 2792 2027 2864 Syro-

672 2880 677 2889 .
706 2880 737 2889 ..
1821 2881 1959 2953 [mm

407 2972 624 3034 Dieant,
658 2971 936 3042 speluncae
977 2970 1228 3025 meminit
1258 2969 1357 3025 Lot
1382 2970 1570 3042 sicque
1611 2972 1849 3038 sodales,

407 3062 465 3114 lu
498 3060 765 3131 Iacrymas
794 3075 1079 3125 conversa,
1118 3066 1309 3114 monet
1335 3076 1498 3130 quam
1528 3060 1655 3114 vina
1684 3060 1927 3115 cavenda

405 3152 544 3219 Sint,
577 3152 858 3208 dominata
888 3152 1002 3205 viro
1026 3159 1308 3222 nequeunt
1339 3168 1501 3222 quem
1536 3151 1760 3206 vincere
1790 3153 1957 3207 cives.

404 3241 652 3313 Hincque
681 3242 851 3297 notho
870 3240 1098 3295 aealido
1131 3239 1355 3294 rediens
1386 3240 1696 3311 ubisponsa
1736 3242 2028 3297 cubantem

404 3331 619 3386 Invenit
649 3345 940 3401 sponsum,
980 3330 1255 3385 Thecuam
1291 3330 1609 3400 pertransit,
1642 3338 1898 3386 ovantem

405 3422 726 3494 Suspiciens
763 3430 1008 3476 montem
1042 3421 1111 3475 de
1142 3437 1251 3492 quo
1292 3422 1538 3476 Salvator
1571 3422 1638 3476 ad
1672 3423 1842 3477 altum

405 3513 738 3569 Conscendit
770 3513 943 3567 Patris
969 3512 1169 3567 solium
1202 3528 1311 3583 quo
1343 3513 1505 3567 saecla
1519 3514 1810 3588 gubernat.

407 3607 518 3661 Hoc
548 3605 755 3660 dudum
789 3603 979 3660 ruﬂam
1005 3620 1123 3660 mos
1153 3611 1338 3660 monte
1370 3604 1601 3679 ﬂagrare
1636 3607 1932 3676 juvencam

402 3699 719 3765 Exstiterat,
748 3697 903 3767 cujus
932 3697 1124 3770 populi
1156 3697 1297 3752 cinis
1328 3704 1440 3752 atra
1472 3698 1679 3769 piabat,

404 3792 464 3845 In
496 3806 659 3862 quem
683 3790 980 3863 migrantes
1011 3788 1323 3855 cherubim,
1358 3788 1575 3864 fastigia
1597 3792 1785 3862 templi

404 3887 705 3957 Linquunt,
736 3884 982 3939 ecclesiae
1015 3883 1339 3939 fundamina
1369 3882 1525 3939 firma
1564 3884 1831 3954 locantes,

403 3982 519 4047 Qua
546 3980 735 4035 Jacobi
766 3986 1075 4035 memorant
1102 3987 1315 4035 sacrata
1345 3979 1631 4034 recondita
1657 3982 1923 4052 membra,

404 4075 528 4145 Ipse
553 4073 700 4145 quod
732 4073 982 4128 ediderat
1002 4072 1210 4143 templo
1242 4072 1560 4126 veneranda
1583 4072 1800 4143 piorum

404 4164 677 4219 Zachariae
709 4163 958 4218 condens
989 4161 1281 4232 Symeonis
1311 4172 1365 4216 et
1401 4178 1527 4216 ossa
1557 4162 1659 4215 sub
1701 4162 1845 4233 ipso.

406 4254 543 4308 Hinc
574 4249 1081 4325 quoqucPelagiam
1115 4249 1393 4320 quondam
1425 4250 1740 4304 contamine
1770 4268 2028 4320 mersam,

405 4349 653 4404 Pondere
694 4346 947 4419 deposito
970 4346 1172 4411 carnis,
1218 4344 1339 4399 αωιί
1374 4345 1482 4398 alta
1522 4346 1726 4415 petisse

405 4437 567 4490 Fama
596 4434 762 4501 canit,
784 4434 942 4502 cujus
972 4440 1277 4488 memoratu
1312 4441 1366 4488 et
1397 4433 1659 4488 laudibus
1694 4443 1849 4490 actus

404 4529 676 4601 Condigni
704 4528 831 4584 felix
855 4529 1065 4583 imitatu
1098 4527 1224 4582 finis
1256 4528 1509 4596 habetur,

404 4620 672 4691 Perspieit
701 4619 999 4690 hospitium
1034 4620 1257 4675 Marthae
1299 4620 1465 4675 Paula
1494 4627 1658 4692 atque
1678 4620 1855 4677 Mariae

407 4712 862 4787 Detphagemque
884 4712 1230 4767 sacerdotum
1266 4712 1477 4768 ditione
1500 4721 1791 4780 retentam,

403 4806 579 4877 Atque
609 4805 790 4860 locum
819 4805 1034 4860 Domini
1070 4806 1323 4876 petulans
1353 4823 1463 4878 quo
1492 4808 1644 4862 frena
1676 4809 1890 4880 recepit

404 4895 633 4950 Gentilis
664 4896 870 4967 pullus,
902 4895 1104 4950 celebri
1130 4896 1224 4967 qui
1256 4904 1507 4967 comptus
1536 4897 1743 4953 honore

402 4988 579 5043 Vestis
609 4988 925 5058 apostolicae
955 4988 1048 5043 dat
1075 4988 1262 5042 mollia
1294 4998 1446 5063 terga
1476 4989 1712 5045 sedenti.

401 5076 638 5131 'framitc
666 5076 748 5131 sic
778 5084 925 5130 recto
956 5075 1184 5132 Jericho
1217 5076 1507 5132 descendit
1536 5086 1591 5131 et
1620 5078 1741 5146 ejus

404 5169 475 5223 Ex
508 5167 804 5242 Evangelio
827 5167 1097 5234 meminit,
1131 5184 1295 5240 quem
1324 5168 1759 5224 saevalatronum

390 5255 631 5333 Spicula
656 5255 994 5310 seminecem
1027 5256 1318 5323 dederant,
1344 5262 1726 5329 temptumque
1758 5274 1954 5314 severa

400 5345 583 5398 Mente
615 5345 987 5413 sacerdotum,
1010 5347 1247 5414 jumeuti
1271 5355 1424 5422 terga
1449 5355 1737 5419 coaptans,

400 5431 665 5488 Ecclesiae
704 5433 916 5488 stabulo
943 5438 1187 5492 clemens
1214 5439 1305 5494 dat
1326 5439 1715 5494 Samaritanus.

394 5514 629 5572 Arboris
656 5520 709 5565 el
739 5515 952 5584 Zachei,
985 5523 1110 5576 vita:
1140 5526 1231 5595 qui
1256 5527 1420 5581 noxia
1449 5527 1689 5592 calcans,

388 5598 732 5660 Prmcelsum
765 5603 907 5655 celsa
939 5607 1226 5665 Dominum
1255 5614 1408 5668 videt
1433 5631 1556 5667 arce
1584 5620 1879 5668 meantem.

386 5686 687 5772 Cagcorjnf
710 5680 821 5772 jfm
845 5684 1007 5745 Paula
1034 5700 1193 5750 tuens
1224 5700 1363 5768 loca,
1394 5701 1602 5755 lumina
1624 5717 1859 5772 quorum

442 5780 502 5851 (ί
516 5765 627 5832 57)
658 5763 835 5821 Judic.
872 5787 907 5825 I.

2136 712 2449 786 Ingreditur
2472 713 2690 768 Iericho
2722 714 3025 786 turrimque
3058 715 3245 771 Aehiel
3276 718 3581 788 speculata,

2135 801 2304 866 Quam
2338 802 2689 874 primogeniti
2732 803 2881 857 letho
2906 802 3156 858 fundavit
3182 805 3424 873 Abiram,

2136 890 2308 961 Inque
2350 890 2532 963 Seguh
2560 891 2784 965 generis
2813 898 2994 962 portas
3027 892 3080 946 in
3115 892 3306 950 limine
3335 896 3491 965 ponit
3517 896 3697 967 (1258).

2134 985 2355 1059 Galgala
2379 992 2681 1041 castrorum
2718 995 2930 1058 spectat
2957 988 3246 1059 praeputia,
3280 988 3441 1061 liquit

2133 1074 2260 1139 Qua!
2293 1083 2448 1130 vetus
2490 1076 2652 1131 Israel
2686 1077 2930 1148 repetitae
2960 1079 3193 1149 mystica
3244 1079 3450 1135 rimans

2132 1166 2322 1222 Carnis
2352 1184 2580 1234 casurae,
2614 1184 2676 1223 ac
2704 1169 2956 1224 recolens
2987 1171 3319 1245 purgamina
3350 1173 3574 1228 mentis.

2131 1259 2220 1314 Bis
2247 1277 2342 1315 sex
2375 1260 2505 1315 hinc
2527 1261 3051 1331 lapidestranslatos
3067 1262 3313 1318 ﬂuminis
3330 1264 3439 1320 imo

2128 1350 2276 1405 Iuris
2307 1352 2593 1421 apostolici
2626 1352 2720 1423 qui
2743 1350 3104 1407 fundamenta
3136 1353 3423 1420 locarunt;

2131 1448 2357 1502 Fontem
2387 1448 2550 1502 etiam
2582 1447 2783 1502 veteris
2812 1464 3212 1520 nonnunquam
3246 1449 3387 1522 legis
3410 1465 3668 1504 amarum

2135 1539 2196 1593 Et
2225 1540 2496 1602 sterilem,
2520 1554 2685 1611 quem
2710 1539 2764 1593 in
2791 1539 3073 1594 dulcorem
3097 1541 3369 1611 sapientia
3388 1539 3581 1613 magni

2132 1627 2592 1700 Convertitjvatis,
2627 1629 2869 1683 reddens
2894 1628 3237 1699 scaturigine
3268 1630 3460 1684 ditem.

2201 1718 2296 1771 Vix
2326 1733 2431 1773 nox
2462 1718 2771 1784 transierat,
2808 1718 3366 1788 redeuntislampade
3421 1721 3581 1787 lueis,

2130 1810 2537 1881 Jordanemque
2555 1812 2710 1882 petit,
2747 1811 3022 1866 meditans
3051 1811 3284 1886 vestigia
3310 1812 3598 1884 quondam

2132 1900 2288 1956 Sicca
2318 1902 2667 1957 sacerdotum
2696 1901 2955 1955 steterint
2984 1900 3234 1955 cedentis
3262 1909 3324 1955 ut
3360 1902 3546 1956 amnis

2135 1992 2193 2045 In
2222 1992 2407 2047 medio
2438 2010 2452 2057 ;
2486 1998 2612 2062 post
2644 1991 2770 2044 Elite
2803 1990 3023 2045 virtutis
3056 1997 3111 2044 et
3139 1990 3262 2058 ejus

2135 2082 2413 2152 Compotis
2436 2088 2495 2135 ut
2518 2082 2728 2135 siccum
2749 2080 2922 2148 jussis
2952 2080 3060 2135 iter
3087 2080 3236 2134 unda
3263 2080 3522 2152 pararit:

2134 2169 2199 2225 Ut
2227 2170 2500 2241 baptisma
2520 2186 2722 2224 novum
2746 2185 2972 2224 sacrans
2994 2169 3306 2237 animabus,
3339 2170 3394 2223 in
3428 2172 3552 2241 ipso

2135 2262 2381 2318 Abluerit
2403 2262 2577 2316 vellus
2597 2262 2811 2316 macula
2838 2262 2961 2315 sine
2987 2260 3258 2316 candidus
3282 2262 3492 2336 Agnus,

2134 2354 2329 2408 Nostra
2363 2353 2538 2423 piaela
2565 2347 2771 2417 lavans,
2806 2352 3014 2422 polluta
3042 2360 3099 2407 et
3123 2359 3302 2425 strage
3335 2352 3547 2409 ﬂuenta

2135 2444 2368 2500 Humani
2397 2444 2620 2517 generis
2651 2443 2874 2515 proprio
2907 2443 3238 2513 baptismate
3268 2445 3547 2500 mundans

2126 2534 2303 2590 Achor
2333 2534 2620 2587 turbarum
2640 2532 2839 2588 vallem
2869 2532 3021 2588 videt
3050 2541 3219 2604 atque
3251 2535 3545 2602 tumultus,

2129 2628 2244 2691 Qua
2273 2624 2477 2679 furtum
2510 2633 2592 2679 est
2614 2633 2669 2679 et
2704 2624 2948 2679 avaritiae
2987 2625 3247 2679 damnata
3272 2625 3479 2695 cupido
3515 2645 3531 2693 ;

2132 2714 2263 2769 Inde
2285 2713 2512 2768 domum
2554 2713 2771 2767 Domini
2806 2714 3017 2781 Bethel,
3048 2729 3158 2785 qua
3182 2730 3396 2785 pauper
3426 2715 3592 2770 Iacob

2131 2805 2198 2861 In
2237 2805 2387 2861 nuda
2418 2804 2675 2859 dormivit
2710 2805 2898 2873 humo,
2943 2805 3113 2876 lapidi
3145 2806 3327 2877 capite
3358 2814 3506 2872 acto,

2132 2892 2417 2949 Zacharias
2448 2893 2641 2947 oculos
2660 2901 2873 2962 septem
2906 2909 3070 2964 quem
3091 2893 3268 2949 cernit
3293 2894 3621 2961 habentem,

2132 2984 2380 3060 Angulus
2410 2984 2696 3055 utriusque
2718 2983 2879 3038 datur
2902 2999 3013 3055 quo
3044 2985 3271 3055 parjetis
3294 3001 3458 3044 unus.

2134 3078 2198 3133 Et
2228 3079 2376 3133 videt
2404 3078 2604 3132 scalam
2627 3077 2750 3132 οωιὶ
2782 3077 2837 3130 in
2869 3076 3089 3151 fastigia
3111 3078 3332 3134 ductam

2065 3181 2114 3249 (ς
2136 3171 2383 3241 Desuper
2406 3170 2628 3224 innixus
2656 3177 2834 3225 rector
2854 3186 2964 3241 qua
2991 3170 3221 3241 porrigit
3237 3169 3382 3225 altus

2136 3260 2256 3330 Ipse
2282 3275 2503 3314 manum
2522 3259 2692 3333 digno
2714 3258 3114 3313 scandentibus
3144 3265 3290 3314 astra
3319 3264 3540 3313 meatu:

2128 3351 2481 3422 Prmcipitans
2501 3366 2673 3404 vanos
2703 3356 2757 3405 et
2788 3366 2961 3420 opaca
2992 3348 3184 3405 fraude
3213 3351 3509 3422 malignos.

2125 3440 2257 3494 Jesn
2289 3454 2415 3493 mox
2438 3444 2493 3494 et
2518 3438 2738 3492 Eleazar
2768 3445 3028 3492 venerata
3066 3438 3323 3509 sepulcro

2126 3532 2350 3586 Miratur
2377 3546 2575 3587 censor
2609 3529 2759 3600 quod
2792 3528 2992 3604 legerit
3023 3546 3222 3601 aspera
3250 3531 3457 3586 montis

2137 3627 2286 3698 Ipse,
2305 3625 2411 3680 situ
2441 3624 2674 3696 reliquis
2700 3623 2864 3695 plana
2891 3632 3058 3696 atque
3082 3625 3359 3681 uberrima
3387 3626 3633 3683 tradens.

2136 3719 2275 3784 Quid
2307 3718 2540 3774 referam
2564 3718 2699 3784 Silo,
2741 3717 2838 3789 qui
2871 3718 3055 3773 diruta
3085 3717 3347 3788 panditur
3382 3734 3478 3773 ara

2129 3811 2418 3867 Sacrorum
2448 3817 2719 3875 veterum,
2752 3827 2861 3882 qua
2889 3808 3247 3878 Benjamitica
3268 3809 3449 3866 scitur

2131 3900 2483 3956 Praecessisse
2510 3900 2688 3955 tribus
2706 3908 2887 3970 raptas
2913 3899 3037 3954 sine
3066 3914 3224 3954 more
3253 3899 3490 3955 Sabinas
3515 3900 3546 3954 7

2132 3989 2571 4064 Transgrediens
2598 3989 2837 4053 Sichem,
2870 4005 2993 4060 quae
3022 3988 3283 4060 Neapolis
3312 4004 3454 4045 nova
3480 3989 3682 4060 fertur,

2133 4078 2303 4134 Intrat
2333 4078 2390 4133 in
2422 4078 2712 4135 ecclesiam
2747 4078 3004 4144 Garizim,
3036 4078 3179 4133 latus
3208 4078 3358 4133 edita
3387 4080 3618 4146 montis,

2133 4166 2261 4231 Quae
2276 4183 2436 4224 secus
2462 4176 2711 4239 aspectat
2733 4176 2961 4238 puteum
2994 4183 3159 4238 quem
3176 4166 3314 4222 fodit
3332 4166 3521 4234 Iacob,

2132 4256 2301 4320 Quem
2331 4272 2497 4327 super
2534 4256 2784 4310 assidens
2817 4256 3081 4311 Dominus
3112 4255 3217 4311 fert
3248 4256 3448 4327 pocula
3489 4273 3752 4329 poscens,

2136 4346 2196 4400 Et
2226 4346 2454 4417 lympha
2483 4345 2612 4400 fidei
2643 4346 2873 4400 satiatur
2912 4346 3292 4413 Samaritana,

2136 4434 2421 4489 Librorum
2458 4451 2580 4505 quae
2609 4434 2860 4505 quinque
2892 4434 3037 4490 viros
3068 4434 3449 4505 Mosaycorum

2136 4530 2501 4601 Erroremque
2526 4537 2672 4584 meat
2707 4529 2956 4585 Dosithei
2988 4529 3239 4601 linquere
3267 4536 3507 4595 sextum,

2051 4590 2109 4658 D
2136 4618 2385 4674 Messium
2406 4590 2594 4674 verum
2621 4590 3374 4690 Salvatorcmquelreceptat.

2137 4707 2270 4763 Hinc
2300 4709 2548 4782 digressa
2592 4709 2805 4762 Patrum
2838 4708 3099 4763 duodena
3127 4708 3383 4779 sepulcra
3404 4714 3614 4776 tuetur,

2133 4804 2543 4876 Samariamque
2570 4805 2740 4867 videt,
2770 4805 2971 4860 dictam
3003 4805 3106 4860 sub
3140 4805 3351 4861 honore
3380 4805 3678 4862 Sebastem

2130 4894 2379 4965 Augusti,
2412 4900 2640 4949 tenuere
2672 4893 2747 4965 pii
2770 4910 2879 4966 qua
2898 4894 3057 4951 busta
3091 4896 3376 4967 prophetae

2100 4983 2349 5047 .Abdias,
2383 4985 2613 5050 Eliseus,
2643 5000 2877 5057 magnus
2907 4985 3150 5056 Baptista
3179 4985 3426 5043 Joannes
3459 5003 3475 5041 :

2126 5072 2406 5145 Valdeque
2427 5073 2762 5130 contremuit
2791 5073 3055 5130 miracula
3079 5074 3236 5146 plura
3259 5076 3505 5133 videndo
3536 5092 3550 5132 :

2124 5161 2288 5216 Audit
2316 5162 2462 5217 enim
2496 5169 2743 5233 strepere
2772 5162 2941 5218 variis
2965 5163 3122 5234 nigra
3154 5164 3377 5238 agmina
3400 5165 3610 5235 pennis

2126 5254 2450 5309 Sanctorum
2481 5255 2552 5309 ad
2581 5254 2818 5321 tumbas,
2846 5255 3101 5311 homines
3131 5255 3343 5311 ululare
3366 5256 3632 5327 luporum

2126 5343 2293 5410 More,
2324 5342 2521 5398 latrare
2553 5359 2774 5411 canum,
2810 5342 3343 5416 frcmituquerugire
3374 5344 3634 5401 leonum.

2125 5435 2283 5489 Tauri
2312 5435 2441 5489 hinc
2471 5435 2716 5509 mugitus
2747 5434 3069 5501 reboat,ﬂat
3099 5434 3294 5489 sibilus
3320 5435 3543 5509 anguis,

2130 5525 2255 5578 Post
2272 5532 2597 5599 tergumque
2627 5532 2806 5582 rotare
2834 5532 3020 5597 caput,
3053 5526 3152 5581 hos
3172 5524 3380 5581 vertice
3412 5532 3620 5581 terram

2128 5613 2450 5680 l’ercutere;
2483 5622 2648 5685 atque
2679 5614 2818 5668 alios
2844 5614 3233 5685 prospectatin
3258 5629 3386 5668 aere
3420 5630 3635 5684 pensos

2131 5701 2187 5753 ln
2220 5699 2418 5756 faciem
2437 5703 2609 5756 versis
2637 5703 2898 5773 pedibus.
2942 5720 3045 5758 nec
3074 5718 3305 5777 vergere
3331 5711 3541 5759 vestes.

2198 5790 2344 5859 (l58)
2372 5790 2539 5846 Iosue
2569 5807 2645 5857 γι,
2675 5793 2745 5846 26
2778 5809 2791 5860 ;
2826 5792 2894 5847 Ill
2931 5791 3062 5867 Reg.
3091 5808 3199 5862 xvi,
3231 5792 3319 5846 34.
