3874 6398
118 407 230 461 529
629 405 714 460 DE
749 403 1112 461 TRIUMPHIS
1153 403 1408 460 CHRISTI
1451 407 1531 460 ET
1571 407 1666 464 SS.
1709 406 2118 462 PAIJES'I‘IN/E
2157 404 2332 460 LIBRI
2373 404 2558 460 TRES.
2601 437 2671 446 —
2713 405 2837 462 LIB.
2881 405 2974 462 III.
3370 406 3476 462 530

115 537 224 592 Pro
247 535 452 608 quibus
473 531 768 590 effundens
794 533 1064 606 lacrymas
1093 533 1478 606 Christumque
1499 545 1739 607 precata,
1779 543 1830 609 Λ
1861 537 2105 608 Hospitio
2139 534 2304 590 nimis
2341 541 2576 607 augusto
2610 540 2720 588 tros
2751 533 2905 608 degit
2935 533 2988 590 in
3017 548 3194 590 annos

119 630 286 685 Fessa
318 628 466 696 licet,
502 634 747 684 montem
776 627 1016 701 pedibus
1047 629 1428 685 conscendere
1457 633 1680 703 gaudet,
1857 630 1923 682 At
1953 629 2109 684 tollat
2143 627 2321 682 donec
2343 625 2611 697 collisque
2650 625 3114 696 monasteriisque

118 723 181 776 In
204 720 364 789 cujus
393 719 636 793 geminis
665 727 890 776 centum
919 719 1022 775 sub
1062 727 1312 792 tempore
1343 724 1513 792 pestis
1856 720 2098 776 Sollicito
2121 719 2358 775 fabricas
2389 719 2618 776 diversis
2648 717 2843 774 usibus
2869 725 3043 789 aptas.

118 813 354 868 Abdiam
388 812 672 884 specubus
703 819 918 868 constat
939 812 1156 884 pavisse
1185 813 1503 884 prOphetas,
1855 811 2206 883 Diversisque
2236 811 2541 883 peregrinis
2568 808 2881 865 habitacula
2921 809 3124 866 condat

119 903 256 958 Inde
284 902 376 973 pio
399 901 610 974 petitur
628 901 846 957 Domini
879 901 1153 956 nutricula
1172 919 1363 974 gressu
1853 903 2045 975 Ampla
2073 901 2403 971 viamjuxta,
2433 901 2666 957 veniens
2687 917 2794 974 qua
2812 900 3003 956 coelica
3025 901 3189 977 Virgo

118 991 347 1054 Nazara,
381 997 608 1062 tumque
639 990 784 1044 Cana
816 989 1332 1062 Capharnaumquo,
1366 1009 1589 1063 capace.
1855 991 2158 1062 Hospitium
2197 991 2400 1062 Joseph
2433 991 2703 1046 eomitans
2724 1006 2833 1046 non
2865 989 3108 1061 repperit
3134 989 3286 1045 olim.

115 1079 414 1150 Signorum
457 1077 682 1144 Christi,
723 1086 977 1150 stagnum
1010 1095 1232 1151 quoque
1262 1079 1573 1137 Tiberiadis
1851 1079 1980 1134 Nam
2015 1081 2421 1136 xenodochium
2444 1080 2634 1136 statuit
2659 1079 2904 1135 studiosa
2924 1079 3192 1146 virorum,

117 1171 348 1247 Navigio
376 1179 611 1238 sectum,
639 1169 765 1224 divo
797 1176 1062 1242 sectuqne
1095 1180 1370 1226 sacratum
1851 1167 2254 1240 Virgineosque
2286 1169 2484 1225 choros
2514 1175 2687 1224 certat
2718 1168 3014 1240 disponere
3045 1168 3259 1236 turmis,

115 1263 316 1316 Vastus
345 1261 414 1314 ab
440 1259 572 1314 inde
611 1258 785 1324 locus,
817 1259 1024 1314 satians
1047 1259 1140 1315 ubi
1168 1259 1341 1315 millia
1370 1261 1622 1336 quinque
1852 1261 2028 1332 Atque
2059 1259 2414 1316 monasteriis
2444 1259 2718 1316 famulans
2747 1277 2887 1333 quos
2917 1260 3109 1315 ultima
3136 1261 3294 1328 rexit,

117 1354 364 1409 Panibus
393 1369 458 1408 ex
488 1351 698 1424 quinis,
730 1351 816 1406 bis
835 1369 929 1406 sex
961 1368 1116 1407 sacra
1143 1353 1359 1407 vascula
1393 1355 1616 1425 replens
1856 1353 1920 1408 Ut
1947 1355 2152 1410 servire
2182 1355 2358 1428 magis
2379 1355 2522 1410 hanc
2553 1372 2716 1428 quam
2739 1355 3225 1428 przecssevideres.

120 1445 414 1518 Relliquiis
440 1444 706 1499 Dominus
735 1444 1059 1514 superantia
1087 1444 1234 1500 dona
1268 1447 1486 1516 reponit
1928 1443 2056 1498 Cum
2100 1460 2250 1499 mare
2283 1444 2543 1500 defuncto
2575 1445 2728 1500 nullo
2757 1444 2871 1500 edit
2897 1444 2965 1498 ab
2993 1444 3122 1498 inde
3149 1443 3369 1510 marito,

117 1535 444 1606 Discipulis,
468 1534 666 1608 vulgus
689 1549 812 1605 quae
838 1534 1080 1590 condere
1101 1543 1289 1590 ventre
1322 1536 1605 1607 nequibat.
1855 1533 2116 1598 Quamvis
2145 1534 2248 1590 hoc
2271 1543 2465 1589 sancto
2487 1534 2706 1589 virtutis
2733 1535 2784 1588 in
2809 1549 2936 1588 arce
2953 1532 3237 1604 probaret.

189 1623 421 1680 Scandit
477 1621 686 1678 deinde
744 1621 980 1692 Thabor,
1038 1640 1294 1696 superam
1349 1642 1460 1698 quo
1517 1625 1752 1696 prodere
1854 1622 1965 1677 Nec
1993 1630 2116 1693 post
2147 1622 2344 1677 balnea
2373 1623 2500 1676 linis
2521 1621 3188 1693 fractavaporelevatur’

1429 1717 1678 1789 [tormam
1850 1715 2031 1772 Mollia
2061 1734 2170 1772 non
2196 1717 2385 1773 habuit
2413 1718 2560 1790 lecti,
2581 1718 2688 1773 nisi
2715 1718 2962 1774 febribus
2979 1733 3146 1791 aegra,

114 1805 467 1878 Complacuit
495 1805 732 1862 Domino
763 1803 974 1860 cmlesti
1003 1803 1126 1860 luce
1157 1803 1473 1862 micantem.
1779 1861 1825 1882 η
1852 1807 2027 1864 Strata
2049 1809 2258 1877 cilicio;
2291 1825 2518 1866 somnos
2539 1811 2702 1866 dabat
2724 1828 2918 1882 aspera
2952 1815 3147 1871 tellus:

166 1861 179 1863 -
257 1861 271 1878 ,
457 1861 462 1862 ,
554 1861 563 1862 κ
1464 1861 1470 1862 κ
2246 1861 2258 1877 ,
2293 1861 2515 1866 --η---νν
2543 1861 2702 1866 ww"
2725 1861 2918 1882 --ι----
2953 1861 3146 1871 -ν--ε-υ-

117 1899 364 1954 Ilermon
409 1897 860 1969 Hormoniimque
893 1895 1088 1952 videns
1119 1897 1226 1952 lata
1251 1904 1305 1952 et
1334 1896 1570 1952 Galilmaa
1778 1861 1828 1929 Β
1852 1897 2226 1970 Noctibusque
2255 1907 2308 1954 et
2337 1899 2609 1971 requiem,
2651 1901 2874 1972 requies
2903 1903 2947 1956 si
2975 1903 3076 1958 rite
3106 1913 3332 1960 vocatur

117 1993 265 2048 Rura
294 1998 482 2056 tuens,
522 1991 732 2062 Sysara:
766 1990 968 2045 Barach
1008 1989 1266 2046 vincente
1301 1991 1606 2064 phalanges
1850 1991 1964 2056 Qua
1995 1993 2374 2069 con)ungebat
2403 1997 2656 2068 p.ecibus
2697 2004 2997 2070 noctesque
3035 1999 3288 2071 diesque,

115 2084 230 2146 Qua
261 2089 472 2147 stratae,
497 2081 787 2152 rivumque
810 2079 971 2134 Cison
993 2079 1113 2134 loca
1131 2080 1296 2151 plana
1321 2088 1638 2148 secantem;
1850 2078 2156 2136 Infundens
2187 2082 2438 2153 lscrymis
2469 2099 2640 2140 cunas
2672 2085 2873 2156 pietate
2903 2087 3164 2158 profusis.

107 2175 241 2230 Tum
279 2189 612 2246 peremensa
649 2172 829 2240 Naim,
858 2173 1038 2228 viduae
1069 2189 1211 2228 nova
1243 2176 1447 2245 gaudia
1477 2184 1742 2245 tractans,
1849 2167 2046 2223 Crebra
2076 2171 2184 2242 Diis
2213 2172 2424 2227 (11168ηὸ
2455 2174 2659 2244 Pariter
2682 2175 2895 2243 ieiunia
2920 2177 3060 2231 νοῑίδ

104 2263 358 2318 Destinat
386 2263 682 2338 [Egyptum
717 2262 923 2333 legere,
967 2262 1244 2334 pauloque
1273 2263 1478 2320 resistit
1846 2255 2038 2312 Omnia
2069 2262 2410 2331 pauperibus
2439 2262 2709 2331 tribuens,
2739 2264 2798 2318 fit
2826 2265 2992 2320 rebus
3022 2282 3198 2338 egena

106 2353 182 2407 Ad
215 2352 432 2409 fontem
465 2352 560 2424 qui
591 2351 825 2406 maxillae
857 2352 927 2407 de
957 2352 1123 2407 dente
1151 2351 1344 2408 molari
1846 2347 2118 2416 Terrenis,
2153 2353 2340 2423 superi
2360 2354 2607 2426 locuples
2635 2356 2733 2410 sed
2756 2357 3000 2412 culmine
3024 2358 3181 2414 doni.

105 2442 363 2497 Profluus
381 2443 906 2498 Arcaditetorrentia
935 2443 1150 2499 viscera
1183 2445 1420 2511 mulcet;
1847 2440 1979 2494 Nam
2012 2442 2205 2497 docilis
2235 2446 2463 2500 memori
2493 2447 2803 2518 Scripturas
2828 2457 3010 2503 mente
3041 2451 3268 2522 gerebat

105 2533 516 2604 Morashimque
557 2533 706 2588 videt
736 2533 927 2589 Michze
959 2535 1211 2590 studiosa
1235 2537 1572 2606 sepulcrum.
1848 2531 2071 2589 Divinas
2101 2537 2400 2604 meditans,
2425 2539 2479 2592 in
2507 2539 2590 2594 eis
2615 2541 2906 2612 aenigmata
2935 2541 3073 2596 lueis

103 2627 216 2680 Jam
250 2641 406 2680 nunc
432 2626 747 2690 ecclesiam,
778 2625 861 2682 sic
881 2625 1068 2681 fertur
1108 2627 1165 2682 in
1195 2644 1322 2683 arva
1357 2628 1560 2700 Canopi
1848 2629 2220 2683 Instrumenta
2251 2630 2400 2696 novi,
2425 2632 2628 2686 veteris
2653 2649 2875 2704 quoque
2898 2634 3172 2706 dogmatis
3203 2633 3326 2704 ipso

107 2715 290 2770 Visere
323 2713 558 2770 diffusos
587 2713 762 2770 eremi
803 2713 1026 2786 lateque
1060 2723 1315 2786 patentes
1847 2718 2056 2774 Hausit.
2093 2721 2425 2792 Hieronymo
2457 2722 2662 2778 celebri
2685 2725 2934 2779 tradente
2965 2724 3230 2798 magistro

107 2807 381 2862 Virtutum
415 2821 645 2877 campos
675 2805 940 2862 mir-orum
971 2807 1185 2862 semine
1222 2807 1383 2864 fetos.
1847 2808 2168 2864 llebraicam
2200 2811 2393 2866 didicit
2422 2813 2686 2887 linguam,
2715 2831 2974 2872 sermone
3006 2816 3242 2870 canebat

111 2902 365 2974 Quinque
397 2901 569 2956 urbes
610 2901 853 2970 Pharias,
883 2901 1218 2958 Chanaatide
1248 2920 1384 2960 voce
1428 2904 1738 2976 loquentes.
1845 2903 2112 2960 Hebraico
2138 2907 2399 2976 psalmos,
2422 2910 2798 2983 genuina'hos
2826 2927 2960 2967 voce
2989 2911 3292 2982 resultans;

111 2993 312 3048 Cessen
344 2992 736 3064 Tapsucosque
766 2994 862 3048 Dei
893 2993 1126 3049 Nilotica
1149 3010 1276 3048 rura
1843 2995 2132 3068 Eloquium
2153 2998 2300 3054 Latio
2321 3017 2548 3073 gramen
2580 3003 2880 3058 sine'more
2911 3002 3166 3068 sonabat,

112 3087 237 3150 Quze
271 3086 478 3142 summi
506 3085 678 3152 jussis
701 3085 915 3158 Moyses
938 3087 1238 3158 splendore
1267 3087 1592 3158 triumphat,
1846 3085 2114 3144 Virtutum
2147 3089 2309 3144 rutila
2336 3090 2609 3146 variarum
2642 3093 2765 3146 luce
2795 3093 3026 3158 nitebat,

108 3173 381 3230 Percurrit
412 3174 611 3230 celeris
641 3173 818 3229 celsas
847 3175 1098 3247 amplexa
1127 3173 1412 3230 columnas
1767 3185 1816 3252 Ο
1847 3179 2200 3236 Eustochium
2235 3188 2479 3255 gnatam,
2511 3183 2630 3238 solo
2660 3199 2770 3254 quo
2801 3199 3030 3238 munere
3057 3183 3227 3238 ditem

109 3265 368 3319 Ecclesia!
407 3263 632 3328 Christi,
663 3263 1016 3337 pedibusque
1058 3265 1375 3321 advolvitur
1405 3265 1598 3320 horum
1847 3269 2026 3341 Liquit
2065 3279 2379 3340 otOptatam
2409 3273 2476 3326 ad
2509 3273 2738 3342 patriam
2760 3273 3004 3341 jocunda
3039 3274 3286 3330 recessit.

109 3353 224 3420 Qui,
260 3353 475 3408 mundo
495 3353 744 3425 profugi,
779 3363 1043 3424 superant
1063 3354 1324 3409 sublimia
1351 3355 1564 3422 mundi,
1847 3357 2090 3430 Cumque
2115 3367 2399 3432 rogaretur
2421 3361 2664 3415 moriens
2684 3368 2939 3418 utrumne
2966 3363 3184 3419 dolores

108 3441 291 3498 Obviat
336 3441 579 3497 Isidorus
611 3443 821 3512 primas
848 3453 1187 3515 sanctusque
1218 3445 1478 3500 sacerdos
1843 3449 2102 3514 Sentiret,
2139 3449 2319 3504 retulit
2343 3449 2418 3503 nil
2449 3466 2509 3504 se
2541 3451 2747 3506 sentire
2779 3453 3110 3507 molestum:

110 3533 167 3586 In
210 3533 404 3588 Nitriae
435 3540 624 3604 partes
640 3533 963 3600 confessor;
1005 3535 1186 3590 eidem
1847 3544 2051 3598 Cuncta
2081 3545 2268 3616 quieta
2307 3544 2435 3614 sibi,
2459 3545 2572 3614 jam
2603 3553 2803 3602 cuncta
2841 3563 3038 3602 serena
3076 3548 3288 3615 videri;

109 3623 361 3714 liIacharii
389 3629 711 3696 properant,
730 3625 970 3693 Arsetes,
990 3626 1342 3698 Serapiones.
1564 3711 1573 3714 Α
1845 3633 2047 3706 Sicque
2087 3651 2308 3690 crucem
2339 3635 2500 3689 labiis
2527 3636 2680 3710 digiti
2711 3638 3094 3692 moderamine
3123 3639 3303 3714 pingit

112 3713 214 3768 H03
243 3729 499 3804 69111995,
528 3715 827 3804 Dominum
856 3731 985 3770 νοτο
1007 3733 1067 3770 $0
1094 3732 1327 3771 Cernere
1348 3711 1573 3784 credit.
1845 3730 2160 3802 Emittitque
2189 3731 2452 3798 animam,
2481 3731 2606 3787 caeli
2637 3740 2850 3787 secreta
2877 3739 3174 3804 petentem.

112 3805 378 3876 Quodque
412 3803 690 3875 ἱῐηρθηόίι
719 3804 821 3871 eis:
852 3805 1057 3879 ςδυάθι
1087 3807 1409 3876 del)cndcrc
1434 3808 1669 3875 ΟὴΓίδῑο,
1845 3821 2172 3876 Pontificum
2214 3823 2473 3878 manibus
2500 3823 2758 3878 feretrum
2802 3803 3059 3880 translata
3090 3825 3392 3892 ferentum,

117 3894 224 3948 llac
253 3909 474 3967 quoque
505 3894 736 3966 legisset
769 3896 996 3970 regione
1037 3897 1243 3967 quietis
1274 3897 1538 3953 honorem

1845 3914 2074 3970 Ponitur
2102 3916 2156 3970 in
2192 3917 2373 3970 media
2402 3917 2682 3988 speluncae
2711 3917 2926 3972 consita
2956 3917 3154 3973 Christi

113 3984 172 4038 Ni
213 3986 477 4042 desiderii
509 3995 700 4041 votum
723 3986 842 4042 loca
869 3995 1056 4043 sancta
1086 3996 1364 4054 tenerent;

1847 4004 2110 4058 Ecclesia.
2143 4005 2370 4069 Quintus
2400 4022 2524 4060 cum
2558 4006 2888 4078 Hieronymo
2917 4025 3050 4082 ergo
3070 4007 3284 4063 beatam

111 4081 186 4134 Ad
217 4098 342 4154 quae
384 4099 486 4138 ceu
512 4081 719 4152 pennis
745 4083 935 4152 pernix
967 4084 1230 4139 remeavit
1261 4085 1454 4142 avinis.
1847 4093 2214 4166 Martyrioque
2247 4102 2564 4151 coronatam
2592 4113 2719 4151 vere
2755 4097 2922 4152 edere
2955 4081 3140 4172 longo.

119 4173 283 4246 Inque
308 4191 518 4232 sacram
553 4183 765 4232 remeat
794 4176 1042 4232 Bethlem
1074 4194 1331 4233 mansura
1360 4195 1638 4250 perenne;

934 4367 1437 4458 1NCIPIT
1524 4369 1918 4456 LIBER
2009 4369 2638 4458 TERTIUS.

1526 4547 1733 4604 CAPUT
1779 4549 2062 4606 PRIMUM.

1006 4675 1080 4733 De
1105 4677 1337 4734 sanctis
1370 4675 1646 4750 Eusebio,
1685 4677 1849 4737 Peleo
1880 4686 1931 4736 et
1961 4677 2134 4756 .Nito,
2173 4676 2568 4752 martyribus.

117 4810 379 4865 Praeterea
394 4809 586 4865 multis
617 4809 715 4863 ista
739 4808 933 4864 tellure
966 4808 1260 4877 triumphis
1758 4814 1812 4882 ι)
1839 4810 2080 4882 Martyrii
2102 4811 2335 4881 sumpsit
2363 4810 2627 4865 caelorum
2661 4807 2885 4879 prtemia
2918 4821 3102 4878 paena,

119 4900 385 4955 Enituisse
420 4900 596 4971 liquet
626 4907 849 4954 sanctos
888 4898 1184 4954 formidine
1214 4900 1374 4956 victa.
1838 4902 2064 4978 Augusti
2097 4903 2290 4973 quinto
2314 4902 2531 4958 decimo
2559 4901 2706 4973 quod
2743 4899 2861 4956 sole
2893 4899 3107 4954 dicatur

117 4989 648 5062 Eusebiusquidam,
683 4987 809 5044 ﬁdei
840 4989 1072 5045 devotus
1100 4992 1374 5057 alumnus,
1841 4995 1948 5048 llac
1979 4995 2154 5065 patria
2184 5001 2475 5066 torquente
2507 4993 2626 5066 pios
2661 4990 2998 5048 Diocletiano

117 5081 148 5130 A
183 5081 409 5135 custode
441 5079 732 5135 Palaestina
765 5097 864 5152 pro
905 5082 1131 5138 nomine
1175 5083 1370 5140 Christi
1839 5083 2131 5140 Pontifices
2151 5084 2348 5140 Christi
2374 5084 2679 5155 Peleusque
2715 5082 2980 5152 Nilusque
2999 5079 3250 5134 feruntur

113 5170 327 5239 Tentus,
353 5180 631 5229 tormento
658 5172 896 5244 primum
927 5173 1203 5230 cruciatur
1221 5176 1428 5247 equino
1839 5174 2068 5250 Agmine
2107 5191 2230 5231 cum
2259 5175 2390 5231 cleri
2411 5175 2609 5230 ccelum
2641 5173 2864 5244 petiisse
2895 5188 2994 5242 per
3023 5170 3178 5242 ignes

115 5257 233 5314 Post
255 5262 454 5335 jugulo
487 5260 704 5334 plcxus,
737 5262 934 5334 capitis
957 5263 1059 5318 sub
1085 5263 1274 5320 fenore
1306 5265 1417 5320 dite
1841 5267 1900 5321 Et
1927 5266 2162 5323 Domino
2188 5283 2248 5322 se
2279 5282 2378 5338 pro
2411 5265 2629 5338 populis
2661 5264 2976 5320 holocausta
3003 5261 3244 5317 dedisse.

1628 5400 1836 5456 CAPUT
1877 5401 1944 5456 II.

579 5498 658 5556 De
685 5497 956 5576 Asclepio
987 5501 1280 5576 episcopo,
1325 5501 1574 5561 Eusebio
1605 5520 1864 5580 quoque,
1902 5503 2180 5562 Nectario
2214 5501 2566 5577 Zenoncque
2598 5501 2995 5576 martyribus.

115 5606 357 5663 Cazenus
387 5607 519 5662 ﬁdei
552 5607 886 5683 impugnans
915 5610 1199 5680 Asclepins
1239 5611 1426 5666 hostes
1836 5612 2018 5666 Lance
2041 5610 2268 5678 librans,
2299 5610 2528 5682 sedique
2559 5609 2990 5683 ministerioque
3015 5611 3298 5680 reformat,

114 5695 328 5755 Pellitur
356 5699 588 5765 invidia,
612 5699 968 5772 Romanaque
997 5699 1265 5774 regimina
1296 5700 1473 5757 fidens
1833 5703 2059 5758 Actores
2089 5703 2343 5773 culpans,
2377 5699 2714 5772 monitisque
2733 5701 3317 5774 minisquecoorcens,

115 5792 338 5851 Iustitiae
370 5794 610 5866 fulgore,
643 5794 796 5865 petit,
825 5811 947 5867 qum
973 5796 1153 5852 Juhus
1180 5813 1338 5867 aequa
1836 5797 2103 5853 Eusebius
2143 5797 2253 5862 hic,
2297 5796 2578 5852 Nectarius
2607 5797 2903 5870 Zenonque
2937 5799 3298 5869 triumphant.
