  <div class='ocr_page' id='page_1' title='image "/cluster/home/n/w/nwhite01/storage/ocr_20150623/134-135/uc1.31175013627537/785.png"; bbox 0 0 3874 6442; ppageno 0'>
   <div class='ocr_carea' id='block_1_1' title="bbox 367 334 467 387">
    <p class='ocr_par' dir='ltr' id='par_1_1' title="bbox 367 334 467 387">
     <span class='ocr_line' id='line_1_1' title="bbox 367 334 467 387; baseline -0.01 0"><span class='ocrx_word' id='word_1_1' title='bbox 367 334 467 387; x_wconf 78' lang='lat'>531</span> 
     </span>
    </p>
   </div>
   <div class='ocr_carea' id='block_1_2' title="bbox 367 488 1783 565">
    <p class='ocr_par' dir='ltr' id='par_1_2' title="bbox 367 488 1783 565">
     <span class='ocr_line' id='line_1_2' title="bbox 367 488 1783 565; baseline 0.003 -22"><span class='ocrx_word' id='word_1_2' title='bbox 367 488 666 557; x_wconf 86' lang='lat' dir='ltr'>Gazenses,</span> <span class='ocrx_word' id='word_1_3' title='bbox 695 505 835 561; x_wconf 90' lang='lat' dir='ltr'>quos</span> <span class='ocrx_word' id='word_1_4' title='bbox 872 489 1196 545; x_wconf 74' lang='lat' dir='ltr'>verberibus</span> <span class='ocrx_word' id='word_1_5' title='bbox 1217 490 1525 562; x_wconf 89' lang='lat' dir='ltr'>vinclisque</span> <span class='ocrx_word' id='word_1_6' title='bbox 1552 491 1783 565; x_wconf 76' lang='lat' dir='ltr'>fatigant</span> 
     </span>
    </p>
   </div>
   <div class='ocr_carea' id='block_1_3' title="bbox 368 581 1774 652">
    <p class='ocr_par' dir='ltr' id='par_1_3' title="bbox 368 581 1774 652">
     <span class='ocr_line' id='line_1_3' title="bbox 368 581 1774 652; baseline 0.002 -17"><span class='ocrx_word' id='word_1_7' title='bbox 368 581 541 651; x_wconf 82' lang='lat' dir='ltr'>Impia</span> <span class='ocrx_word' id='word_1_8' title='bbox 570 581 721 652; x_wconf 87' lang='lat' dir='ltr'>quod</span> <span class='ocrx_word' id='word_1_9' title='bbox 750 581 945 637; x_wconf 90' lang='lat' dir='ltr'>studiis</span> <span class='ocrx_word' id='word_1_10' title='bbox 965 581 1163 635; x_wconf 89' lang='lat' dir='ltr'>horum</span> <span class='ocrx_word' id='word_1_11' title='bbox 1196 581 1307 635; x_wconf 88' lang='lat' dir='ltr'>sint</span> <span class='ocrx_word' id='word_1_12' title='bbox 1338 589 1501 637; x_wconf 87' lang='lat' dir='ltr'>strata</span> <span class='ocrx_word' id='word_1_13' title='bbox 1533 584 1735 638; x_wconf 90' lang='lat' dir='ltr'>sacella</span> <span class='ocrx_word' id='word_1_14' title='bbox 1760 602 1774 651; x_wconf 92' lang='lat'><strong>;</strong></span> 
     </span>
    </p>
   </div>
   <div class='ocr_carea' id='block_1_4' title="bbox 368 672 1767 749">
    <p class='ocr_par' dir='ltr' id='par_1_4' title="bbox 368 672 1767 749">
     <span class='ocr_line' id='line_1_4' title="bbox 368 672 1767 749; baseline 0.004 -24"><span class='ocrx_word' id='word_1_15' title='bbox 368 672 623 726; x_wconf 80' lang='lat' dir='ltr'>Fastibus</span> <span class='ocrx_word' id='word_1_16' title='bbox 656 672 953 739; x_wconf 76' lang='lat' dir='ltr'>intersunt,</span> <span class='ocrx_word' id='word_1_17' title='bbox 989 673 1199 727; x_wconf 90' lang='lat' dir='ltr'>laceros</span> <span class='ocrx_word' id='word_1_18' title='bbox 1232 674 1488 746; x_wconf 87' lang='lat' dir='ltr'>saxisque</span> <span class='ocrx_word' id='word_1_19' title='bbox 1513 682 1767 749; x_wconf 88' lang='lat' dir='ltr'>gravatos</span> 
     </span>
    </p>
   </div>
   <div class='ocr_carea' id='block_1_5' title="bbox 368 763 1894 834">
    <p class='ocr_par' dir='ltr' id='par_1_5' title="bbox 368 763 1894 834">
     <span class='ocr_line' id='line_1_5' title="bbox 368 763 1894 834; baseline 0.003 -17"><span class='ocrx_word' id='word_1_20' title='bbox 368 766 444 818; x_wconf 92' lang='lat' dir='ltr'>Ac</span> <span class='ocrx_word' id='word_1_21' title='bbox 470 764 707 819; x_wconf 91' lang='lat' dir='ltr'>cerebro</span> <span class='ocrx_word' id='word_1_22' title='bbox 734 764 1011 834; x_wconf 78' lang='lat' dir='ltr'>demptos,</span> <span class='ocrx_word' id='word_1_23' title='bbox 1035 763 1410 819; x_wconf 87' lang='lat' dir='ltr'>membrorum</span> <span class='ocrx_word' id='word_1_24' title='bbox 1435 776 1631 821; x_wconf 79' lang='lat' dir='ltr'>caetera</span> <span class='ocrx_word' id='word_1_25' title='bbox 1656 766 1894 821; x_wconf 83' lang='lat' dir='ltr'>ﬂammis</span> 
     </span>
    </p>
   </div>
   <div class='ocr_carea' id='block_1_6' title="bbox 367 852 1892 922">
    <p class='ocr_par' dir='ltr' id='par_1_6' title="bbox 367 852 1892 922">
     <span class='ocr_line' id='line_1_6' title="bbox 367 852 1892 922; baseline 0.002 -16"><span class='ocrx_word' id='word_1_26' title='bbox 367 852 508 906; x_wconf 85' lang='lat' dir='ltr'>Dant</span> <span class='ocrx_word' id='word_1_27' title='bbox 540 852 1025 922; x_wconf 72' lang='lat' dir='ltr'>iumentorumque</span> <span class='ocrx_word' id='word_1_28' title='bbox 1066 861 1260 906; x_wconf 89' lang='lat' dir='ltr'>serunt</span> <span class='ocrx_word' id='word_1_29' title='bbox 1291 853 1451 908; x_wconf 90' lang='lat' dir='ltr'>mista</span> <span class='ocrx_word' id='word_1_30' title='bbox 1491 854 1714 909; x_wconf 89' lang='lat' dir='ltr'>ossibus</span> <span class='ocrx_word' id='word_1_31' title='bbox 1742 872 1892 921; x_wconf 90' lang='lat' dir='ltr'>ossa,</span> 
     </span>
    </p>
   </div>
   <div class='ocr_carea' id='block_1_7' title="bbox 368 943 1931 1021">
    <p class='ocr_par' dir='ltr' id='par_1_7' title="bbox 368 943 1931 1021">
     <span class='ocr_line' id='line_1_7' title="bbox 368 943 1931 1021; baseline 0.004 -24"><span class='ocrx_word' id='word_1_32' title='bbox 368 944 497 1008; x_wconf 79' lang='lat' dir='ltr'>Quae</span> <span class='ocrx_word' id='word_1_33' title='bbox 528 959 733 1015; x_wconf 90' lang='lat' dir='ltr'>supero</span> <span class='ocrx_word' id='word_1_34' title='bbox 764 943 961 997; x_wconf 91' lang='lat' dir='ltr'>mulier</span> <span class='ocrx_word' id='word_1_35' title='bbox 989 943 1203 998; x_wconf 88' lang='lat' dir='ltr'>monitu</span> <span class='ocrx_word' id='word_1_36' title='bbox 1232 960 1598 1017; x_wconf 40' lang='lat' dir='ltr'>quaerensque</span> <span class='ocrx_word' id='word_1_37' title='bbox 1628 947 1931 1021; x_wconf 81' lang='lat' dir='ltr'>legensque</span> 
     </span>
    </p>
   </div>
   <div class='ocr_carea' id='block_1_8' title="bbox 370 1033 1518 1109">
    <p class='ocr_par' dir='ltr' id='par_1_8' title="bbox 370 1033 1518 1109">
     <span class='ocr_line' id='line_1_8' title="bbox 370 1033 1518 1109; baseline 0.003 -20"><span class='ocrx_word' id='word_1_38' title='bbox 370 1036 593 1109; x_wconf 88' lang='lat' dir='ltr'>Delegat</span> <span class='ocrx_word' id='word_1_39' title='bbox 623 1033 972 1090; x_wconf 86' lang='lat' dir='ltr'>manifestato</span> <span class='ocrx_word' id='word_1_40' title='bbox 1002 1052 1101 1105; x_wconf 91' lang='lat' dir='ltr'>per</span> <span class='ocrx_word' id='word_1_41' title='bbox 1125 1035 1241 1091; x_wconf 88' lang='lat' dir='ltr'>visa</span> <span class='ocrx_word' id='word_1_42' title='bbox 1271 1036 1518 1093; x_wconf 88' lang='lat' dir='ltr'>sobrino.</span> 
     </span>
    </p>
   </div>
   <div class='ocr_carea' id='block_1_9' title="bbox 370 1126 1764 1204">
    <p class='ocr_par' dir='ltr' id='par_1_9' title="bbox 370 1126 1764 1204">
     <span class='ocr_line' id='line_1_9' title="bbox 370 1126 1764 1204; baseline 0.004 -23"><span class='ocrx_word' id='word_1_43' title='bbox 370 1128 436 1181; x_wconf 91' lang='lat' dir='ltr'>At</span> <span class='ocrx_word' id='word_1_44' title='bbox 466 1128 610 1182; x_wconf 89' lang='lat' dir='ltr'>Zeno</span> <span class='ocrx_word' id='word_1_45' title='bbox 634 1126 920 1197; x_wconf 87' lang='lat' dir='ltr'>accipiens</span> <span class='ocrx_word' id='word_1_46' title='bbox 951 1128 1241 1182; x_wconf 87' lang='lat' dir='ltr'>charorum</span> <span class='ocrx_word' id='word_1_47' title='bbox 1273 1129 1505 1204; x_wconf 80' lang='lat' dir='ltr'>pignora</span> <span class='ocrx_word' id='word_1_48' title='bbox 1536 1130 1764 1186; x_wconf 83' lang='lat' dir='ltr'>fratrum</span> 
     </span>
    </p>
   </div>
   <div class='ocr_carea' id='block_1_10' title="bbox 367 1213 1827 1287">
    <p class='ocr_par' dir='ltr' id='par_1_10' title="bbox 367 1213 1827 1287">
     <span class='ocr_line' id='line_1_10' title="bbox 367 1213 1827 1287; baseline 0.004 -18"><span class='ocrx_word' id='word_1_49' title='bbox 367 1215 528 1270; x_wconf 82' lang='lat' dir='ltr'>Tecta</span> <span class='ocrx_word' id='word_1_50' title='bbox 560 1213 710 1270; x_wconf 90' lang='lat' dir='ltr'>domi</span> <span class='ocrx_word' id='word_1_51' title='bbox 737 1222 937 1284; x_wconf 86' lang='lat' dir='ltr'>servat,</span> <span class='ocrx_word' id='word_1_52' title='bbox 968 1217 1099 1271; x_wconf 90' lang='lat' dir='ltr'>dum</span> <span class='ocrx_word' id='word_1_53' title='bbox 1133 1218 1336 1287; x_wconf 66' lang='lat' dir='ltr'>priesul</span> <span class='ocrx_word' id='word_1_54' title='bbox 1368 1218 1423 1272; x_wconf 91' lang='lat' dir='ltr'>in</span> <span class='ocrx_word' id='word_1_55' title='bbox 1452 1219 1589 1274; x_wconf 89' lang='lat' dir='ltr'>urbe</span> <span class='ocrx_word' id='word_1_56' title='bbox 1612 1219 1827 1275; x_wconf 91' lang='lat' dir='ltr'>dicatus</span> 
     </span>
    </p>
   </div>
   <div class='ocr_carea' id='block_1_11' title="bbox 369 1302 1681 1377">
    <p class='ocr_par' dir='ltr' id='par_1_11' title="bbox 369 1302 1681 1377">
     <span class='ocr_line' id='line_1_11' title="bbox 369 1302 1681 1377; baseline 0.005 -21"><span class='ocrx_word' id='word_1_57' title='bbox 369 1302 602 1359; x_wconf 84' lang='lat' dir='ltr'>Basilica</span> <span class='ocrx_word' id='word_1_58' title='bbox 642 1311 849 1360; x_wconf 91' lang='lat' dir='ltr'>structa</span> <span class='ocrx_word' id='word_1_59' title='bbox 879 1305 1082 1361; x_wconf 90' lang='lat' dir='ltr'>sociari</span> <span class='ocrx_word' id='word_1_60' title='bbox 1111 1306 1198 1360; x_wconf 89' lang='lat' dir='ltr'>his</span> <span class='ocrx_word' id='word_1_61' title='bbox 1228 1306 1458 1363; x_wconf 87' lang='lat' dir='ltr'>Nestora</span> <span class='ocrx_word' id='word_1_62' title='bbox 1487 1315 1681 1377; x_wconf 87' lang='lat' dir='ltr'>certat,</span> 
     </span>
    </p>
   </div>
   <div class='ocr_carea' id='block_1_12' title="bbox 1116 336 2940 405">
    <p class='ocr_par' dir='ltr' id='par_1_12' title="bbox 1116 336 2940 405">
     <span class='ocr_line' id='line_1_12' title="bbox 1116 336 2940 405; baseline 0.009 -17"><span class='ocrx_word' id='word_1_63' title='bbox 1116 336 1485 394; x_wconf 77' lang='lat' dir='ltr'>FLODOARDI</span> <span class='ocrx_word' id='word_1_64' title='bbox 1527 339 1833 394; x_wconf 83' lang='lat' dir='ltr'>CANONlCl</span> <span class='ocrx_word' id='word_1_65' title='bbox 1877 340 2207 397; x_wconf 79' lang='lat' dir='ltr'>REMENSlS</span> <span class='ocrx_word' id='word_1_66' title='bbox 2248 343 2589 401; x_wconf 84' lang='lat' dir='ltr'>OPUSCULA</span> <span class='ocrx_word' id='word_1_67' title='bbox 2632 346 2940 405; x_wconf 86' lang='lat' dir='ltr'>METRICA.</span> 
     </span>
    </p>
   </div>
   <div class='ocr_carea' id='block_1_13' title="bbox 3629 362 3745 420">
    <p class='ocr_par' dir='ltr' id='par_1_13' title="bbox 3629 362 3745 420">
     <span class='ocr_line' id='line_1_13' title="bbox 3629 362 3745 420; baseline 0.009 -1"><span class='ocrx_word' id='word_1_68' title='bbox 3629 362 3745 420; x_wconf 72' lang='lat'>53?.</span> 
     </span>
    </p>
   </div>
   <div class='ocr_carea' id='block_1_14' title="bbox 2018 476 3497 560">
    <p class='ocr_par' dir='ltr' id='par_1_14' title="bbox 2018 476 3497 560">
     <span class='ocr_line' id='line_1_14' title="bbox 2018 476 3497 560; baseline 0.012 -31"><span class='ocrx_word' id='word_1_69' title='bbox 2018 483 2069 547; x_wconf 86' lang='grc' dir='ltr'>Α</span> <span class='ocrx_word' id='word_1_70' title='bbox 2098 476 2199 542; x_wconf 90' lang='lat' dir='ltr'>Qui</span> <span class='ocrx_word' id='word_1_71' title='bbox 2228 476 2361 532; x_wconf 89' lang='lat' dir='ltr'>belli</span> <span class='ocrx_word' id='word_1_72' title='bbox 2401 493 2590 535; x_wconf 90' lang='lat' dir='ltr'>comes</span> <span class='ocrx_word' id='word_1_73' title='bbox 2618 482 2878 556; x_wconf 84' lang='lat' dir='ltr'>egregius</span> <span class='ocrx_word' id='word_1_74' title='bbox 2906 498 3250 560; x_wconf 91' lang='lat' dir='ltr'>consorsque</span> <span class='ocrx_word' id='word_1_75' title='bbox 3278 505 3497 548; x_wconf 73' lang='lat' dir='ltr'>corona:</span> 
     </span>
    </p>
   </div>
   <div class='ocr_carea' id='block_1_15' title="bbox 2096 571 3628 651">
    <p class='ocr_par' dir='ltr' id='par_1_15' title="bbox 2096 571 3628 651">
     <span class='ocr_line' id='line_1_15' title="bbox 2096 571 3628 651; baseline 0.013 -25"><span class='ocrx_word' id='word_1_76' title='bbox 2096 571 2355 644; x_wconf 73' lang='lat' dir='ltr'>Corporis</span> <span class='ocrx_word' id='word_1_77' title='bbox 2381 574 2449 628; x_wconf 90' lang='lat' dir='ltr'>ad</span> <span class='ocrx_word' id='word_1_78' title='bbox 2489 575 2731 645; x_wconf 87' lang='lat' dir='ltr'>speciem</span> <span class='ocrx_word' id='word_1_79' title='bbox 2773 577 2902 631; x_wconf 90' lang='lat' dir='ltr'>dum</span> <span class='ocrx_word' id='word_1_80' title='bbox 2935 580 3155 651; x_wconf 85' lang='lat' dir='ltr'>spirans</span> <span class='ocrx_word' id='word_1_81' title='bbox 3192 584 3383 641; x_wconf 91' lang='lat' dir='ltr'>ultima</span> <span class='ocrx_word' id='word_1_82' title='bbox 3413 588 3628 647; x_wconf 89' lang='lat' dir='ltr'>missus</span> 
     </span>
    </p>
   </div>
   <div class='ocr_carea' id='block_1_16' title="bbox 2100 665 3379 744">
    <p class='ocr_par' dir='ltr' id='par_1_16' title="bbox 2100 665 3379 744">
     <span class='ocr_line' id='line_1_16' title="bbox 2100 665 3379 744; baseline 0.011 -26"><span class='ocrx_word' id='word_1_83' title='bbox 2100 665 2318 719; x_wconf 89' lang='lat' dir='ltr'>Zenone</span> <span class='ocrx_word' id='word_1_84' title='bbox 2337 665 2575 721; x_wconf 88' lang='lat' dir='ltr'>sollicite</span> <span class='ocrx_word' id='word_1_85' title='bbox 2608 683 2793 722; x_wconf 90' lang='lat' dir='ltr'>curam</span> <span class='ocrx_word' id='word_1_86' title='bbox 2818 677 3112 740; x_wconf 63' lang='lat' dir='ltr'>praestante</span> <span class='ocrx_word' id='word_1_87' title='bbox 3147 672 3379 744; x_wconf 81' lang='lat' dir='ltr'>favetur,</span> 
     </span>
    </p>
   </div>
   <div class='ocr_carea' id='block_1_17' title="bbox 2102 747 3466 834">
    <p class='ocr_par' dir='ltr' id='par_1_17' title="bbox 2102 747 3466 834">
     <span class='ocr_line' id='line_1_17' title="bbox 2102 747 3466 834; baseline 0.01 -23"><span class='ocrx_word' id='word_1_88' title='bbox 2102 747 2307 811; x_wconf 79' lang='lat' dir='ltr'>Emicat</span> <span class='ocrx_word' id='word_1_89' title='bbox 2337 758 2604 812; x_wconf 90' lang='lat' dir='ltr'>emeritus</span> <span class='ocrx_word' id='word_1_90' title='bbox 2636 758 2876 831; x_wconf 87' lang='lat' dir='ltr'>coelique</span> <span class='ocrx_word' id='word_1_91' title='bbox 2907 764 3148 834; x_wconf 86' lang='lat' dir='ltr'>capessit</span> <span class='ocrx_word' id='word_1_92' title='bbox 3178 766 3466 825; x_wconf 87' lang='lat' dir='ltr'>honorem.</span> 
     </span>
    </p>
   </div>
   <div class='ocr_carea' id='block_1_18' title="bbox 2103 848 3406 923">
    <p class='ocr_par' dir='ltr' id='par_1_18' title="bbox 2103 848 3406 923">
     <span class='ocr_line' id='line_1_18' title="bbox 2103 848 3406 923; baseline 0.012 -22"><span class='ocrx_word' id='word_1_93' title='bbox 2103 848 2344 903; x_wconf 78' lang='lat' dir='ltr'>Antistes</span> <span class='ocrx_word' id='word_1_94' title='bbox 2373 849 2554 905; x_wconf 89' lang='lat' dir='ltr'>Zenon</span> <span class='ocrx_word' id='word_1_95' title='bbox 2595 866 2819 923; x_wconf 90' lang='lat' dir='ltr'>quoque</span> <span class='ocrx_word' id='word_1_96' title='bbox 2860 856 3216 913; x_wconf 82' lang='lat' dir='ltr'>centenarias</span> <span class='ocrx_word' id='word_1_97' title='bbox 3245 861 3406 917; x_wconf 85' lang='lat' dir='ltr'>almis</span> 
     </span>
    </p>
   </div>
   <div class='ocr_carea' id='block_1_19' title="bbox 2105 940 3316 1020">
    <p class='ocr_par' dir='ltr' id='par_1_19' title="bbox 2105 940 3316 1020">
     <span class='ocr_line' id='line_1_19' title="bbox 2105 940 3316 1020; baseline 0.009 -23"><span class='ocrx_word' id='word_1_98' title='bbox 2105 940 2311 997; x_wconf 87' lang='lat' dir='ltr'>Ofﬁciis</span> <span class='ocrx_word' id='word_1_99' title='bbox 2334 941 2685 1011; x_wconf 85' lang='lat' dir='ltr'>indeﬁciens,</span> <span class='ocrx_word' id='word_1_100' title='bbox 2710 946 2999 1002; x_wconf 91' lang='lat' dir='ltr'>sollemnis</span> <span class='ocrx_word' id='word_1_101' title='bbox 3028 957 3082 1005; x_wconf 90' lang='lat' dir='ltr'>et</span> <span class='ocrx_word' id='word_1_102' title='bbox 3109 959 3316 1020; x_wconf 87' lang='lat' dir='ltr'>astans,</span> 
     </span>
    </p>
   </div>
   <div class='ocr_carea' id='block_1_20' title="bbox 2104 1031 3590 1108">
    <p class='ocr_par' dir='ltr' id='par_1_20' title="bbox 2104 1031 3590 1108">
     <span class='ocr_line' id='line_1_20' title="bbox 2104 1031 3590 1108; baseline 0.011 -23"><span class='ocrx_word' id='word_1_103' title='bbox 2104 1031 2215 1086; x_wconf 90' lang='lat' dir='ltr'>Nec</span> <span class='ocrx_word' id='word_1_104' title='bbox 2242 1031 2427 1087; x_wconf 90' lang='lat' dir='ltr'>minor</span> <span class='ocrx_word' id='word_1_105' title='bbox 2457 1033 2742 1103; x_wconf 89' lang='lat' dir='ltr'>aspicitur,</span> <span class='ocrx_word' id='word_1_106' title='bbox 2759 1036 3013 1108; x_wconf 89' lang='lat' dir='ltr'>requiem</span> <span class='ocrx_word' id='word_1_107' title='bbox 3046 1055 3149 1096; x_wconf 91' lang='lat' dir='ltr'>nec</span> <span class='ocrx_word' id='word_1_108' title='bbox 3178 1042 3376 1099; x_wconf 90' lang='lat' dir='ltr'>ritibus</span> <span class='ocrx_word' id='word_1_109' title='bbox 3400 1045 3590 1103; x_wconf 67' lang='lat' dir='ltr'>atfert.</span> 
     </span>
    </p>
   </div>
   <div class='ocr_carea' id='block_1_21' title="bbox 2103 1123 3194 1202">
    <p class='ocr_par' dir='ltr' id='par_1_21' title="bbox 2103 1123 3194 1202">
     <span class='ocr_line' id='line_1_21' title="bbox 2103 1123 3194 1202; baseline 0.007 -23"><span class='ocrx_word' id='word_1_110' title='bbox 2103 1124 2235 1179; x_wconf 88' lang='lat' dir='ltr'>Jure</span> <span class='ocrx_word' id='word_1_111' title='bbox 2262 1123 2499 1179; x_wconf 89' lang='lat' dir='ltr'>maritali</span> <span class='ocrx_word' id='word_1_112' title='bbox 2536 1131 2787 1182; x_wconf 91' lang='lat' dir='ltr'>ternotus</span> <span class='ocrx_word' id='word_1_113' title='bbox 2809 1128 3064 1202; x_wconf 81' lang='lat' dir='ltr'>jungitur</span> <span class='ocrx_word' id='word_1_114' title='bbox 3092 1132 3194 1202; x_wconf 86' lang='lat' dir='ltr'>eis,</span> 
     </span>
    </p>
   </div>
   <div class='ocr_carea' id='block_1_22' title="bbox 2107 1214 3539 1297">
    <p class='ocr_par' dir='ltr' id='par_1_22' title="bbox 2107 1214 3539 1297">
     <span class='ocr_line' id='line_1_22' title="bbox 2107 1214 3539 1297; baseline 0.01 -30"><span class='ocrx_word' id='word_1_115' title='bbox 2107 1214 2241 1270; x_wconf 83' lang='lat' dir='ltr'>Huic</span> <span class='ocrx_word' id='word_1_116' title='bbox 2268 1214 2428 1270; x_wconf 65' lang='lat' dir='ltr'>trinae</span> <span class='ocrx_word' id='word_1_117' title='bbox 2458 1215 2682 1289; x_wconf 81' lang='lat' dir='ltr'>genitor</span> <span class='ocrx_word' id='word_1_118' title='bbox 2705 1217 2934 1286; x_wconf 89' lang='lat' dir='ltr'>sobolis,</span> <span class='ocrx_word' id='word_1_119' title='bbox 2969 1221 3057 1276; x_wconf 90' lang='lat' dir='ltr'>hic</span> <span class='ocrx_word' id='word_1_120' title='bbox 3084 1221 3248 1279; x_wconf 88' lang='lat' dir='ltr'>laude</span> <span class='ocrx_word' id='word_1_121' title='bbox 3273 1226 3539 1297; x_wconf 69' lang='lat' dir='ltr'>sophista:</span> 
     </span>
    </p>
   </div>
   <div class='ocr_carea' id='block_1_23' title="bbox 2105 1303 3562 1378">
    <p class='ocr_par' dir='ltr' id='par_1_23' title="bbox 2105 1303 3562 1378">
     <span class='ocr_line' id='line_1_23' title="bbox 2105 1303 3562 1378; baseline 0.01 -20"><span class='ocrx_word' id='word_1_122' title='bbox 2105 1303 2414 1372; x_wconf 86' lang='lat' dir='ltr'>Excellens,</span> <span class='ocrx_word' id='word_1_123' title='bbox 2446 1305 2696 1378; x_wconf 87' lang='lat' dir='ltr'>actisque</span> <span class='ocrx_word' id='word_1_124' title='bbox 2737 1307 2979 1364; x_wconf 89' lang='lat' dir='ltr'>animam</span> <span class='ocrx_word' id='word_1_125' title='bbox 3010 1310 3307 1368; x_wconf 86' lang='lat' dir='ltr'>virtutibus</span> <span class='ocrx_word' id='word_1_126' title='bbox 3336 1330 3562 1374; x_wconf 89' lang='lat' dir='ltr'>ornans.</span> 
     </span>
    </p>
   </div>
   <div class='ocr_carea' id='block_1_24' title="bbox 1882 1403 2225 1460">
    <p class='ocr_par' dir='ltr' id='par_1_24' title="bbox 1882 1403 2225 1460">
     <span class='ocr_line' id='line_1_24' title="bbox 1882 1403 2225 1460; baseline -0.003 -1"><span class='ocrx_word' id='word_1_127' title='bbox 1882 1404 2092 1460; x_wconf 85' lang='lat' dir='ltr'>CAPUT</span> <span class='ocrx_word' id='word_1_128' title='bbox 2133 1403 2225 1458; x_wconf 87' lang='lat' dir='ltr'>lIl.</span> 
     </span>
    </p>
   </div>
   <div class='ocr_carea' id='block_1_25' title="bbox 1595 1509 2527 1586">
    <p class='ocr_par' dir='ltr' id='par_1_25' title="bbox 1595 1509 2527 1586">
     <span class='ocr_line' id='line_1_25' title="bbox 1595 1509 2527 1586; baseline -0.001 -15"><span class='ocrx_word' id='word_1_129' title='bbox 1595 1514 1675 1572; x_wconf 88' lang='lat' dir='ltr'>De</span> <span class='ocrx_word' id='word_1_130' title='bbox 1716 1521 1923 1573; x_wconf 84' lang='lat' dir='ltr'>sancto</span> <span class='ocrx_word' id='word_1_131' title='bbox 1964 1512 2289 1572; x_wconf 73' lang='lat' dir='ltr'>Hilarione</span> <span class='ocrx_word' id='word_1_132' title='bbox 2330 1509 2527 1586; x_wconf 85' lang='grc'>(159).</span> 
     </span>
    </p>
   </div>
   <div class='ocr_carea' id='block_1_26' title="bbox 367 1616 1738 1688">
    <p class='ocr_par' dir='ltr' id='par_1_26' title="bbox 367 1616 1738 1688">
     <span class='ocr_line' id='line_1_26' title="bbox 367 1616 1738 1688; baseline 0.004 -18"><span class='ocrx_word' id='word_1_133' title='bbox 367 1616 522 1671; x_wconf 88' lang='lat' dir='ltr'>Patre</span> <span class='ocrx_word' id='word_1_134' title='bbox 552 1616 898 1673; x_wconf 73' lang='lat' dir='ltr'>Palaestinam</span> <span class='ocrx_word' id='word_1_135' title='bbox 927 1617 1129 1673; x_wconf 90' lang='lat' dir='ltr'>claram</span> <span class='ocrx_word' id='word_1_136' title='bbox 1165 1619 1447 1676; x_wconf 87' lang='lat' dir='ltr'>Hilarione</span> <span class='ocrx_word' id='word_1_137' title='bbox 1479 1619 1738 1688; x_wconf 89' lang='lat' dir='ltr'>feramus,</span> 
     </span>
    </p>
   </div>
   <div class='ocr_carea' id='block_1_27' title="bbox 365 1705 1993 1782">
    <p class='ocr_par' dir='ltr' id='par_1_27' title="bbox 365 1705 1993 1782">
     <span class='ocr_line' id='line_1_27' title="bbox 365 1705 1993 1782; baseline 0.004 -24"><span class='ocrx_word' id='word_1_138' title='bbox 365 1705 759 1777; x_wconf 82' lang='lat' dir='ltr'>Hieronymum</span> <span class='ocrx_word' id='word_1_139' title='bbox 792 1722 901 1778; x_wconf 89' lang='lat' dir='ltr'>que</span> <span class='ocrx_word' id='word_1_140' title='bbox 930 1708 1129 1762; x_wconf 90' lang='lat' dir='ltr'>ducem</span> <span class='ocrx_word' id='word_1_141' title='bbox 1158 1708 1282 1763; x_wconf 82' lang='lat' dir='ltr'>vitae</span> <span class='ocrx_word' id='word_1_142' title='bbox 1309 1709 1365 1763; x_wconf 90' lang='lat' dir='ltr'>in</span> <span class='ocrx_word' id='word_1_143' title='bbox 1394 1726 1654 1766; x_wconf 87' lang='lat' dir='ltr'>sermone</span> <span class='ocrx_word' id='word_1_144' title='bbox 1679 1727 1993 1782; x_wconf 82' lang='lat' dir='ltr'>sequamur.</span> 
     </span>
    </p>
   </div>
   <div class='ocr_carea' id='block_1_28' title="bbox 365 1793 1886 1870">
    <p class='ocr_par' dir='ltr' id='par_1_28' title="bbox 365 1793 1886 1870">
     <span class='ocr_line' id='line_1_28' title="bbox 365 1793 1886 1870; baseline 0.006 -24"><span class='ocrx_word' id='word_1_145' title='bbox 365 1793 567 1847; x_wconf 88' lang='lat' dir='ltr'>Scribit</span> <span class='ocrx_word' id='word_1_146' title='bbox 589 1794 680 1849; x_wconf 89' lang='lat' dir='ltr'>hic</span> <span class='ocrx_word' id='word_1_147' title='bbox 702 1801 926 1850; x_wconf 84' lang='lat' dir='ltr'>exortus</span> <span class='ocrx_word' id='word_1_148' title='bbox 957 1796 1197 1866; x_wconf 91' lang='lat' dir='ltr'>primum</span> <span class='ocrx_word' id='word_1_149' title='bbox 1230 1803 1289 1852; x_wconf 89' lang='lat' dir='ltr'>ut</span> <span class='ocrx_word' id='word_1_150' title='bbox 1316 1798 1439 1854; x_wconf 87' lang='lat' dir='ltr'>vico</span> <span class='ocrx_word' id='word_1_151' title='bbox 1463 1815 1638 1870; x_wconf 83' lang='lat' dir='ltr'>prope</span> <span class='ocrx_word' id='word_1_152' title='bbox 1667 1800 1886 1868; x_wconf 85' lang='lat' dir='ltr'>Gazam,</span> 
     </span>
    </p>
   </div>
   <div class='ocr_carea' id='block_1_29' title="bbox 364 1881 1674 1956">
    <p class='ocr_par' dir='ltr' id='par_1_29' title="bbox 364 1881 1674 1956">
     <span class='ocr_line' id='line_1_29' title="bbox 364 1881 1674 1956; baseline 0.005 -20"><span class='ocrx_word' id='word_1_153' title='bbox 364 1881 606 1936; x_wconf 88' lang='lat' dir='ltr'>Millibus</span> <span class='ocrx_word' id='word_1_154' title='bbox 637 1890 691 1937; x_wconf 93' lang='lat' dir='ltr'>et</span> <span class='ocrx_word' id='word_1_155' title='bbox 719 1882 909 1955; x_wconf 90' lang='lat' dir='ltr'>quinis</span> <span class='ocrx_word' id='word_1_156' title='bbox 932 1884 1155 1940; x_wconf 87' lang='lat' dir='ltr'>distanti</span> <span class='ocrx_word' id='word_1_157' title='bbox 1190 1886 1467 1941; x_wconf 69' lang='lat' dir='ltr'>mmnibus</span> <span class='ocrx_word' id='word_1_158' title='bbox 1498 1888 1674 1956; x_wconf 89' lang='lat' dir='ltr'>urbis,</span> 
     </span>
    </p>
   </div>
   <div class='ocr_carea' id='block_1_30' title="bbox 365 1975 1706 2051">
    <p class='ocr_par' dir='ltr' id='par_1_30' title="bbox 365 1975 1706 2051">
     <span class='ocr_line' id='line_1_30' title="bbox 365 1975 1706 2051; baseline 0.004 -22"><span class='ocrx_word' id='word_1_159' title='bbox 365 1975 601 2029; x_wconf 89' lang='lat' dir='ltr'>Nomine</span> <span class='ocrx_word' id='word_1_160' title='bbox 619 1975 877 2043; x_wconf 82' lang='lat' dir='ltr'>Thavata,</span> <span class='ocrx_word' id='word_1_161' title='bbox 911 1984 1096 2048; x_wconf 86' lang='lat' dir='ltr'>partes</span> <span class='ocrx_word' id='word_1_162' title='bbox 1136 1979 1228 2051; x_wconf 92' lang='lat' dir='ltr'>qui</span> <span class='ocrx_word' id='word_1_163' title='bbox 1262 1980 1488 2051; x_wconf 90' lang='lat' dir='ltr'>respicit</span> <span class='ocrx_word' id='word_1_164' title='bbox 1516 1981 1706 2036; x_wconf 90' lang='lat' dir='ltr'>austri.</span> 
     </span>
    </p>
   </div>
   <div class='ocr_carea' id='block_1_31' title="bbox 368 2067 1637 2146">
    <p class='ocr_par' dir='ltr' id='par_1_31' title="bbox 368 2067 1637 2146">
     <span class='ocr_line' id='line_1_31' title="bbox 368 2067 1637 2146; baseline 0.005 -25"><span class='ocrx_word' id='word_1_165' title='bbox 368 2067 639 2122; x_wconf 88' lang='lat' dir='ltr'>Evolvens</span> <span class='ocrx_word' id='word_1_166' title='bbox 666 2067 908 2139; x_wconf 87' lang='lat' dir='ltr'>reliquos</span> <span class='ocrx_word' id='word_1_167' title='bbox 945 2069 1071 2124; x_wconf 69' lang='lat' dir='ltr'>vita:</span> <span class='ocrx_word' id='word_1_168' title='bbox 1103 2086 1167 2124; x_wconf 90' lang='lat' dir='ltr'>ac</span> <span class='ocrx_word' id='word_1_169' title='bbox 1194 2070 1407 2125; x_wconf 76' lang='lat' dir='ltr'>virtutis</span> <span class='ocrx_word' id='word_1_170' title='bbox 1429 2087 1637 2146; x_wconf 79' lang='lat' dir='ltr'>agones</span> 
     </span>
    </p>
   </div>
   <div class='ocr_carea' id='block_1_32' title="bbox 366 2157 1765 2238">
    <p class='ocr_par' dir='ltr' id='par_1_32' title="bbox 366 2157 1765 2238">
     <span class='ocr_line' id='line_1_32' title="bbox 366 2157 1765 2238; baseline 0.005 -26"><span class='ocrx_word' id='word_1_171' title='bbox 366 2157 462 2213; x_wconf 83' lang='lat' dir='ltr'>Hic</span> <span class='ocrx_word' id='word_1_172' title='bbox 489 2158 639 2213; x_wconf 90' lang='lat' dir='ltr'>velut</span> <span class='ocrx_word' id='word_1_173' title='bbox 660 2174 689 2213; x_wconf 88' lang='lat' dir='ltr'>e</span> <span class='ocrx_word' id='word_1_174' title='bbox 708 2159 885 2230; x_wconf 90' lang='lat' dir='ltr'>spinis</span> <span class='ocrx_word' id='word_1_175' title='bbox 914 2159 1175 2215; x_wconf 90' lang='lat' dir='ltr'>redolcns</span> <span class='ocrx_word' id='word_1_176' title='bbox 1209 2178 1331 2217; x_wconf 91' lang='lat' dir='ltr'>rosa</span> <span class='ocrx_word' id='word_1_177' title='bbox 1369 2164 1543 2238; x_wconf 82' lang='lat' dir='ltr'>surgit</span> <span class='ocrx_word' id='word_1_178' title='bbox 1570 2165 1765 2233; x_wconf 89' lang='lat' dir='ltr'>acutis,</span> 
     </span>
    </p>
   </div>
   <div class='ocr_carea' id='block_1_33' title="bbox 368 2249 1665 2329">
    <p class='ocr_par' dir='ltr' id='par_1_33' title="bbox 368 2249 1665 2329">
     <span class='ocr_line' id='line_1_33' title="bbox 368 2249 1665 2329; baseline 0.007 -25"><span class='ocrx_word' id='word_1_179' title='bbox 368 2249 719 2320; x_wconf 90' lang='lat' dir='ltr'>Sculptilium</span> <span class='ocrx_word' id='word_1_180' title='bbox 752 2252 903 2308; x_wconf 88' lang='lat' dir='ltr'>cultu</span> <span class='ocrx_word' id='word_1_181' title='bbox 928 2256 1088 2310; x_wconf 67' lang='lat' dir='ltr'>saevis</span> <span class='ocrx_word' id='word_1_182' title='bbox 1117 2257 1462 2329; x_wconf 87' lang='lat' dir='ltr'>genitoribus</span> <span class='ocrx_word' id='word_1_183' title='bbox 1491 2266 1665 2326; x_wconf 89' lang='lat' dir='ltr'>ortus,</span> 
     </span>
    </p>
   </div>
   <div class='ocr_carea' id='block_1_34' title="bbox 368 2342 1620 2405">
    <p class='ocr_par' dir='ltr' id='par_1_34' title="bbox 368 2342 1620 2405">
     <span class='ocr_line' id='line_1_34' title="bbox 368 2342 1620 2405; baseline 0.008 -11"><span class='ocrx_word' id='word_1_184' title='bbox 368 2342 720 2398; x_wconf 88' lang='lat' dir='ltr'>Erudiendus</span> <span class='ocrx_word' id='word_1_185' title='bbox 751 2345 1046 2402; x_wconf 86' lang='lat' dir='ltr'>Alexandri</span> <span class='ocrx_word' id='word_1_186' title='bbox 1077 2349 1471 2405; x_wconf 89' lang='lat' dir='ltr'>transmittitur</span> <span class='ocrx_word' id='word_1_187' title='bbox 1497 2350 1620 2404; x_wconf 91' lang='lat' dir='ltr'>urbi</span> 
     </span>
    </p>
   </div>
   <div class='ocr_carea' id='block_1_35' title="bbox 369 2437 1884 2511">
    <p class='ocr_par' dir='ltr' id='par_1_35' title="bbox 369 2437 1884 2511">
     <span class='ocr_line' id='line_1_35' title="bbox 369 2437 1884 2511; baseline 0.009 -21"><span class='ocrx_word' id='word_1_188' title='bbox 369 2437 903 2511; x_wconf 89' lang='lat' dir='ltr'>Grammaticamque</span> <span class='ocrx_word' id='word_1_189' title='bbox 932 2442 1068 2497; x_wconf 89' lang='lat' dir='ltr'>catis</span> <span class='ocrx_word' id='word_1_190' title='bbox 1095 2442 1289 2499; x_wconf 90' lang='lat' dir='ltr'>didicit</span> <span class='ocrx_word' id='word_1_191' title='bbox 1328 2444 1649 2501; x_wconf 89' lang='lat' dir='ltr'>doctoribus</span> <span class='ocrx_word' id='word_1_192' title='bbox 1679 2455 1884 2502; x_wconf 89' lang='lat' dir='ltr'>artem:</span> 
     </span>
    </p>
   </div>
   <div class='ocr_carea' id='block_1_36' title="bbox 367 2524 1814 2604">
    <p class='ocr_par' dir='ltr' id='par_1_36' title="bbox 367 2524 1814 2604">
     <span class='ocr_line' id='line_1_36' title="bbox 367 2524 1814 2604; baseline 0.01 -27"><span class='ocrx_word' id='word_1_193' title='bbox 367 2524 634 2580; x_wconf 91' lang='lat' dir='ltr'>Omnibus</span> <span class='ocrx_word' id='word_1_194' title='bbox 665 2533 719 2580; x_wconf 92' lang='lat' dir='ltr'>et</span> <span class='ocrx_word' id='word_1_195' title='bbox 746 2528 947 2585; x_wconf 89' lang='lat' dir='ltr'>charus</span> <span class='ocrx_word' id='word_1_196' title='bbox 978 2531 1218 2585; x_wconf 90' lang='lat' dir='ltr'>studium</span> <span class='ocrx_word' id='word_1_197' title='bbox 1252 2548 1550 2604; x_wconf 89' lang='lat' dir='ltr'>moresque</span> <span class='ocrx_word' id='word_1_198' title='bbox 1580 2536 1814 2592; x_wconf 88' lang='lat' dir='ltr'>calebat.</span> 
     </span>
    </p>
   </div>
   <div class='ocr_carea' id='block_1_37' title="bbox 366 2619 1557 2695">
    <p class='ocr_par' dir='ltr' id='par_1_37' title="bbox 366 2619 1557 2695">
     <span class='ocr_line' id='line_1_37' title="bbox 366 2619 1557 2695; baseline 0.008 -22"><span class='ocrx_word' id='word_1_199' title='bbox 366 2619 599 2695; x_wconf 87' lang='lat' dir='ltr'>Egregio</span> <span class='ocrx_word' id='word_1_200' title='bbox 630 2622 739 2677; x_wconf 87' lang='lat' dir='ltr'>ritu</span> <span class='ocrx_word' id='word_1_201' title='bbox 770 2622 966 2679; x_wconf 89' lang='lat' dir='ltr'>Christi</span> <span class='ocrx_word' id='word_1_202' title='bbox 998 2641 1057 2679; x_wconf 89' lang='lat' dir='ltr'>se</span> <span class='ocrx_word' id='word_1_203' title='bbox 1087 2626 1325 2680; x_wconf 89' lang='lat' dir='ltr'>cultibus</span> <span class='ocrx_word' id='word_1_204' title='bbox 1356 2626 1557 2682; x_wconf 89' lang='lat' dir='ltr'>indens</span> 
     </span>
    </p>
   </div>
   <div class='ocr_carea' id='block_1_38' title="bbox 360 2707 1782 2789">
    <p class='ocr_par' dir='ltr' id='par_1_38' title="bbox 360 2707 1782 2789">
     <span class='ocr_line' id='line_1_38' title="bbox 360 2707 1782 2789; baseline 0.01 -30"><span class='ocrx_word' id='word_1_205' title='bbox 360 2707 685 2780; x_wconf 82' lang='lat' dir='ltr'>Atfectuque</span> <span class='ocrx_word' id='word_1_206' title='bbox 712 2710 806 2781; x_wconf 85' lang='lat' dir='ltr'>pio</span> <span class='ocrx_word' id='word_1_207' title='bbox 834 2712 1110 2765; x_wconf 87' lang='lat' dir='ltr'>meditans</span> <span class='ocrx_word' id='word_1_208' title='bbox 1141 2712 1196 2765; x_wconf 92' lang='lat' dir='ltr'>in</span> <span class='ocrx_word' id='word_1_209' title='bbox 1229 2714 1542 2789; x_wconf 86' lang='lat' dir='ltr'>relligionis</span> <span class='ocrx_word' id='word_1_210' title='bbox 1570 2733 1782 2773; x_wconf 89' lang='lat' dir='ltr'>amore.</span> 
     </span>
    </p>
   </div>
   <div class='ocr_carea' id='block_1_39' title="bbox 361 2798 1575 2876">
    <p class='ocr_par' dir='ltr' id='par_1_39' title="bbox 361 2798 1575 2876">
     <span class='ocr_line' id='line_1_39' title="bbox 361 2798 1575 2876; baseline 0.008 -26"><span class='ocrx_word' id='word_1_211' title='bbox 361 2798 583 2852; x_wconf 83' lang='lat' dir='ltr'>Antonii</span> <span class='ocrx_word' id='word_1_212' title='bbox 608 2814 810 2854; x_wconf 90' lang='lat' dir='ltr'>nomen</span> <span class='ocrx_word' id='word_1_213' title='bbox 844 2800 1053 2855; x_wconf 87' lang='lat' dir='ltr'>celebri</span> <span class='ocrx_word' id='word_1_214' title='bbox 1081 2818 1302 2858; x_wconf 90' lang='lat' dir='ltr'>rumore</span> <span class='ocrx_word' id='word_1_215' title='bbox 1331 2806 1575 2876; x_wconf 87' lang='lat' dir='ltr'>capessit</span> 
     </span>
    </p>
   </div>
   <div class='ocr_carea' id='block_1_40' title="bbox 361 2891 1922 2972">
    <p class='ocr_par' dir='ltr' id='par_1_40' title="bbox 361 2891 1922 2972">
     <span class='ocr_line' id='line_1_40' title="bbox 361 2891 1922 2972; baseline 0.008 -27"><span class='ocrx_word' id='word_1_216' title='bbox 361 2891 548 2946; x_wconf 81' lang='lat' dir='ltr'>Visere</span> <span class='ocrx_word' id='word_1_217' title='bbox 571 2909 736 2964; x_wconf 91' lang='lat' dir='ltr'>quem</span> <span class='ocrx_word' id='word_1_218' title='bbox 769 2893 1005 2960; x_wconf 84' lang='lat' dir='ltr'>fervens,</span> <span class='ocrx_word' id='word_1_219' title='bbox 1032 2911 1280 2951; x_wconf 90' lang='lat' dir='ltr'>eremum</span> <span class='ocrx_word' id='word_1_220' title='bbox 1316 2900 1475 2968; x_wconf 89' lang='lat' dir='ltr'>petit,</span> <span class='ocrx_word' id='word_1_221' title='bbox 1508 2907 1677 2972; x_wconf 89' lang='lat' dir='ltr'>utque</span> <span class='ocrx_word' id='word_1_222' title='bbox 1712 2903 1922 2972; x_wconf 88' lang='lat' dir='ltr'>positus</span> 
     </span>
    </p>
   </div>
   <div class='ocr_carea' id='block_1_41' title="bbox 360 2977 1460 3047">
    <p class='ocr_par' dir='ltr' id='par_1_41' title="bbox 360 2977 1460 3047">
     <span class='ocr_line' id='line_1_41' title="bbox 360 2977 1460 3047; baseline 0.01 -15"><span class='ocrx_word' id='word_1_223' title='bbox 360 2977 589 3047; x_wconf 72' lang='lat' dir='ltr'>Effectu,</span> <span class='ocrx_word' id='word_1_224' title='bbox 614 2981 773 3036; x_wconf 89' lang='lat' dir='ltr'>solita</span> <span class='ocrx_word' id='word_1_225' title='bbox 795 2989 1039 3038; x_wconf 87' lang='lat' dir='ltr'>mutatur</span> <span class='ocrx_word' id='word_1_226' title='bbox 1064 2993 1216 3039; x_wconf 84' lang='lat' dir='ltr'>veste</span> <span class='ocrx_word' id='word_1_227' title='bbox 1239 2985 1460 3043; x_wconf 92' lang='lat' dir='ltr'>duobus</span> 
     </span>
    </p>
   </div>
   <div class='ocr_carea' id='block_1_42' title="bbox 357 3071 1923 3158">
    <p class='ocr_par' dir='ltr' id='par_1_42' title="bbox 357 3071 1923 3158">
     <span class='ocr_line' id='line_1_42' title="bbox 357 3071 1923 3158; baseline 0.01 -33"><span class='ocrx_word' id='word_1_228' title='bbox 357 3071 657 3141; x_wconf 89' lang='lat' dir='ltr'>Mensibus,</span> <span class='ocrx_word' id='word_1_229' title='bbox 690 3074 780 3128; x_wconf 91' lang='lat' dir='ltr'>hic</span> <span class='ocrx_word' id='word_1_230' title='bbox 804 3075 959 3142; x_wconf 84' lang='lat' dir='ltr'>juxta</span> <span class='ocrx_word' id='word_1_231' title='bbox 988 3075 1262 3131; x_wconf 87' lang='lat' dir='ltr'>recubans</span> <span class='ocrx_word' id='word_1_232' title='bbox 1294 3086 1462 3151; x_wconf 88' lang='lat' dir='ltr'>atque</span> <span class='ocrx_word' id='word_1_233' title='bbox 1489 3080 1661 3136; x_wconf 88' lang='lat' dir='ltr'>ardua</span> <span class='ocrx_word' id='word_1_234' title='bbox 1692 3083 1923 3158; x_wconf 86' lang='lat' dir='ltr'>signans</span> 
     </span>
    </p>
   </div>
   <div class='ocr_carea' id='block_1_43' title="bbox 360 3162 1780 3242">
    <p class='ocr_par' dir='ltr' id='par_1_43' title="bbox 360 3162 1780 3242">
     <span class='ocr_line' id='line_1_43' title="bbox 360 3162 1780 3242; baseline 0.009 -25"><span class='ocrx_word' id='word_1_235' title='bbox 360 3162 643 3219; x_wconf 89' lang='lat' dir='ltr'>Castorum</span> <span class='ocrx_word' id='word_1_236' title='bbox 675 3166 877 3220; x_wconf 90' lang='lat' dir='ltr'>seriem</span> <span class='ocrx_word' id='word_1_237' title='bbox 911 3182 1121 3222; x_wconf 91' lang='lat' dir='ltr'>morum</span> <span class='ocrx_word' id='word_1_238' title='bbox 1153 3185 1473 3242; x_wconf 70' lang='lat' dir='ltr'>normreque</span> <span class='ocrx_word' id='word_1_239' title='bbox 1506 3179 1780 3242; x_wconf 87' lang='lat' dir='ltr'>tenorem,</span> 
     </span>
    </p>
   </div>
   <div class='ocr_carea' id='block_1_44' title="bbox 360 3256 1886 3328">
    <p class='ocr_par' dir='ltr' id='par_1_44' title="bbox 360 3256 1886 3328">
     <span class='ocr_line' id='line_1_44' title="bbox 360 3256 1886 3328; baseline 0.009 -19"><span class='ocrx_word' id='word_1_240' title='bbox 360 3256 527 3320; x_wconf 87' lang='lat' dir='ltr'>Quam</span> <span class='ocrx_word' id='word_1_241' title='bbox 562 3256 700 3312; x_wconf 86' lang='lat' dir='ltr'>foret</span> <span class='ocrx_word' id='word_1_242' title='bbox 729 3258 938 3313; x_wconf 88' lang='lat' dir='ltr'>orando</span> <span class='ocrx_word' id='word_1_243' title='bbox 961 3259 1237 3328; x_wconf 88' lang='lat' dir='ltr'>assiduus,</span> <span class='ocrx_word' id='word_1_244' title='bbox 1270 3264 1602 3320; x_wconf 86' lang='lat' dir='ltr'>summissus</span> <span class='ocrx_word' id='word_1_245' title='bbox 1631 3266 1886 3323; x_wconf 90' lang='lat' dir='ltr'>alumnos</span> 
     </span>
    </p>
   </div>
   <div class='ocr_carea' id='block_1_45' title="bbox 360 3350 1879 3430">
    <p class='ocr_par' dir='ltr' id='par_1_45' title="bbox 360 3350 1879 3430">
     <span class='ocr_line' id='line_1_45' title="bbox 360 3350 1879 3430; baseline 0.009 -26"><span class='ocrx_word' id='word_1_246' title='bbox 360 3350 669 3422; x_wconf 86' lang='lat' dir='ltr'>Excipiens,</span> <span class='ocrx_word' id='word_1_247' title='bbox 691 3368 928 3424; x_wconf 88' lang='lat' dir='ltr'>acerque</span> <span class='ocrx_word' id='word_1_248' title='bbox 946 3370 1204 3421; x_wconf 91' lang='lat' dir='ltr'>monens,</span> <span class='ocrx_word' id='word_1_249' title='bbox 1227 3356 1523 3430; x_wconf 88' lang='lat' dir='ltr'>alacerque</span> <span class='ocrx_word' id='word_1_250' title='bbox 1552 3361 1879 3425; x_wconf 86' lang='lat' dir='ltr'>cohortans;</span> 
     </span>
    </p>
   </div>
   <div class='ocr_carea' id='block_1_46' title="bbox 358 3439 1694 3520">
    <p class='ocr_par' dir='ltr' id='par_1_46' title="bbox 358 3439 1694 3520">
     <span class='ocr_line' id='line_1_46' title="bbox 358 3439 1694 3520; baseline 0.01 -30"><span class='ocrx_word' id='word_1_251' title='bbox 358 3439 637 3508; x_wconf 81' lang='lat' dir='ltr'>Asperitas</span> <span class='ocrx_word' id='word_1_252' title='bbox 667 3440 845 3510; x_wconf 88' lang='lat' dir='ltr'>qualis</span> <span class='ocrx_word' id='word_1_253' title='bbox 876 3442 1004 3496; x_wconf 88' lang='lat' dir='ltr'>huic</span> <span class='ocrx_word' id='word_1_254' title='bbox 1033 3445 1420 3516; x_wconf 86' lang='lat' dir='ltr'>propositique</span> <span class='ocrx_word' id='word_1_255' title='bbox 1453 3447 1694 3520; x_wconf 88' lang='lat' dir='ltr'>cibique.</span> 
     </span>
    </p>
   </div>
   <div class='ocr_carea' id='block_1_47' title="bbox 359 3531 1916 3616">
    <p class='ocr_par' dir='ltr' id='par_1_47' title="bbox 359 3531 1916 3616">
     <span class='ocr_line' id='line_1_47' title="bbox 359 3531 1916 3616; baseline 0.01 -31"><span class='ocrx_word' id='word_1_256' title='bbox 359 3532 436 3586; x_wconf 90' lang='lat' dir='ltr'>Ad</span> <span class='ocrx_word' id='word_1_257' title='bbox 468 3531 699 3602; x_wconf 90' lang='lat' dir='ltr'>patriam</span> <span class='ocrx_word' id='word_1_258' title='bbox 733 3541 857 3602; x_wconf 89' lang='lat' dir='ltr'>post</span> <span class='ocrx_word' id='word_1_259' title='bbox 880 3535 997 3590; x_wconf 66' lang='lat' dir='ltr'>hare</span> <span class='ocrx_word' id='word_1_260' title='bbox 1027 3539 1312 3594; x_wconf 90' lang='lat' dir='ltr'>monachis</span> <span class='ocrx_word' id='word_1_261' title='bbox 1343 3540 1556 3616; x_wconf 90' lang='lat' dir='ltr'>collega</span> <span class='ocrx_word' id='word_1_262' title='bbox 1588 3544 1916 3615; x_wconf 80' lang='lat' dir='ltr'>quibusdam</span> 
     </span>
    </p>
   </div>
   <div class='ocr_carea' id='block_1_48' title="bbox 360 3622 1918 3701">
    <p class='ocr_par' dir='ltr' id='par_1_48' title="bbox 360 3622 1918 3701">
     <span class='ocr_line' id='line_1_48' title="bbox 360 3622 1918 3701; baseline 0.01 -25"><span class='ocrx_word' id='word_1_263' title='bbox 360 3622 645 3677; x_wconf 86' lang='lat' dir='ltr'>Defunctis</span> <span class='ocrx_word' id='word_1_264' title='bbox 678 3624 901 3679; x_wconf 88' lang='lat' dir='ltr'>rediens</span> <span class='ocrx_word' id='word_1_265' title='bbox 943 3633 1095 3697; x_wconf 88' lang='lat' dir='ltr'>patre</span> <span class='ocrx_word' id='word_1_266' title='bbox 1129 3628 1355 3700; x_wconf 89' lang='lat' dir='ltr'>jamque</span> <span class='ocrx_word' id='word_1_267' title='bbox 1386 3638 1441 3687; x_wconf 90' lang='lat' dir='ltr'>et</span> <span class='ocrx_word' id='word_1_268' title='bbox 1471 3640 1661 3701; x_wconf 89' lang='lat' dir='ltr'>matre,</span> <span class='ocrx_word' id='word_1_269' title='bbox 1697 3636 1918 3693; x_wconf 87' lang='lat' dir='ltr'>decenti</span> 
     </span>
    </p>
   </div>
   <div class='ocr_carea' id='block_1_49' title="bbox 361 3714 1588 3793">
    <p class='ocr_par' dir='ltr' id='par_1_49' title="bbox 361 3714 1588 3793">
     <span class='ocr_line' id='line_1_49' title="bbox 361 3714 1588 3793; baseline 0.011 -26"><span class='ocrx_word' id='word_1_270' title='bbox 361 3714 650 3785; x_wconf 86' lang='lat' dir='ltr'>Dispensat</span> <span class='ocrx_word' id='word_1_271' title='bbox 680 3716 909 3772; x_wconf 88' lang='lat' dir='ltr'>dimissa</span> <span class='ocrx_word' id='word_1_272' title='bbox 941 3719 1050 3773; x_wconf 88' lang='lat' dir='ltr'>sibi</span> <span class='ocrx_word' id='word_1_273' title='bbox 1083 3722 1415 3790; x_wconf 90' lang='lat' dir='ltr'>patrimonia</span> <span class='ocrx_word' id='word_1_274' title='bbox 1440 3724 1588 3793; x_wconf 89' lang='lat' dir='ltr'>jure,</span> 
     </span>
    </p>
   </div>
   <div class='ocr_carea' id='block_1_50' title="bbox 359 3807 1736 3890">
    <p class='ocr_par' dir='ltr' id='par_1_50' title="bbox 359 3807 1736 3890">
     <span class='ocr_line' id='line_1_50' title="bbox 359 3807 1736 3890; baseline 0.011 -30"><span class='ocrx_word' id='word_1_275' title='bbox 359 3807 636 3862; x_wconf 88' lang='lat' dir='ltr'>Fratribus</span> <span class='ocrx_word' id='word_1_276' title='bbox 676 3817 731 3863; x_wconf 89' lang='lat' dir='ltr'>et</span> <span class='ocrx_word' id='word_1_277' title='bbox 770 3817 1000 3879; x_wconf 89' lang='lat' dir='ltr'>partem,</span> <span class='ocrx_word' id='word_1_278' title='bbox 1024 3820 1233 3883; x_wconf 89' lang='lat' dir='ltr'>partem</span> <span class='ocrx_word' id='word_1_279' title='bbox 1265 3814 1497 3889; x_wconf 85' lang='lat' dir='ltr'>largitur</span> <span class='ocrx_word' id='word_1_280' title='bbox 1523 3820 1736 3890; x_wconf 85' lang='lat' dir='ltr'>egenis,</span> 
     </span>
    </p>
   </div>
   <div class='ocr_carea' id='block_1_51' title="bbox 359 3898 1819 3977">
    <p class='ocr_par' dir='ltr' id='par_1_51' title="bbox 359 3898 1819 3977">
     <span class='ocr_line' id='line_1_51' title="bbox 359 3898 1819 3977; baseline 0.01 -24"><span class='ocrx_word' id='word_1_281' title='bbox 359 3898 442 3954; x_wconf 90' lang='lat' dir='ltr'>Nil</span> <span class='ocrx_word' id='word_1_282' title='bbox 472 3899 694 3955; x_wconf 89' lang='lat' dir='ltr'>sibimet</span> <span class='ocrx_word' id='word_1_283' title='bbox 722 3916 967 3957; x_wconf 82' lang='lat' dir='ltr'>servans.</span> <span class='ocrx_word' id='word_1_284' title='bbox 997 3904 1098 3958; x_wconf 88' lang='lat' dir='ltr'>Ter</span> <span class='ocrx_word' id='word_1_285' title='bbox 1121 3906 1322 3977; x_wconf 90' lang='lat' dir='ltr'>quinos</span> <span class='ocrx_word' id='word_1_286' title='bbox 1355 3909 1537 3963; x_wconf 89' lang='lat' dir='ltr'>nudus</span> <span class='ocrx_word' id='word_1_287' title='bbox 1561 3917 1613 3965; x_wconf 89' lang='lat' dir='ltr'>et</span> <span class='ocrx_word' id='word_1_288' title='bbox 1644 3928 1819 3967; x_wconf 86' lang='lat' dir='ltr'>annos</span> 
     </span>
    </p>
   </div>
   <div class='ocr_carea' id='block_1_52' title="bbox 358 3988 1842 4070">
    <p class='ocr_par' dir='ltr' id='par_1_52' title="bbox 358 3988 1842 4070">
     <span class='ocr_line' id='line_1_52' title="bbox 358 3988 1842 4070; baseline 0.012 -30"><span class='ocrx_word' id='word_1_289' title='bbox 358 3988 493 4041; x_wconf 92' lang='lat' dir='ltr'>Dum</span> <span class='ocrx_word' id='word_1_290' title='bbox 524 3988 684 4063; x_wconf 89' lang='lat' dir='ltr'>regit,</span> <span class='ocrx_word' id='word_1_291' title='bbox 717 4005 867 4044; x_wconf 90' lang='lat' dir='ltr'>arma</span> <span class='ocrx_word' id='word_1_292' title='bbox 897 4007 1097 4065; x_wconf 87' lang='lat' dir='ltr'>gerens</span> <span class='ocrx_word' id='word_1_293' title='bbox 1115 3993 1334 4061; x_wconf 90' lang='lat' dir='ltr'>Christi,</span> <span class='ocrx_word' id='word_1_294' title='bbox 1367 3996 1589 4054; x_wconf 87' lang='lat' dir='ltr'>deserta</span> <span class='ocrx_word' id='word_1_295' title='bbox 1611 4000 1842 4070; x_wconf 86' lang='lat' dir='ltr'>subivit,</span> 
     </span>
    </p>
   </div>
   <div class='ocr_carea' id='block_1_53' title="bbox 361 4080 1495 4161">
    <p class='ocr_par' dir='ltr' id='par_1_53' title="bbox 361 4080 1495 4161">
     <span class='ocr_line' id='line_1_53' title="bbox 361 4080 1495 4161; baseline 0.008 -28"><span class='ocrx_word' id='word_1_296' title='bbox 361 4080 510 4135; x_wconf 82' lang='lat' dir='ltr'>llirto</span> <span class='ocrx_word' id='word_1_297' title='bbox 540 4080 739 4135; x_wconf 89' lang='lat' dir='ltr'>ruralis</span> <span class='ocrx_word' id='word_1_298' title='bbox 779 4090 1075 4152; x_wconf 89' lang='lat' dir='ltr'>coopertus</span> <span class='ocrx_word' id='word_1_299' title='bbox 1106 4086 1348 4158; x_wconf 87' lang='lat' dir='ltr'>tegmine</span> <span class='ocrx_word' id='word_1_300' title='bbox 1381 4089 1495 4161; x_wconf 87' lang='lat' dir='ltr'>sagi</span> 
     </span>
    </p>
   </div>
   <div class='ocr_carea' id='block_1_54' title="bbox 361 4169 1628 4243">
    <p class='ocr_par' dir='ltr' id='par_1_54' title="bbox 361 4169 1628 4243">
     <span class='ocr_line' id='line_1_54' title="bbox 361 4169 1628 4243; baseline 0.008 -19"><span class='ocrx_word' id='word_1_301' title='bbox 361 4169 575 4226; x_wconf 89' lang='lat' dir='ltr'>Vestem</span> <span class='ocrx_word' id='word_1_302' title='bbox 598 4170 999 4243; x_wconf 87' lang='lat' dir='ltr'>pelliceamque</span> <span class='ocrx_word' id='word_1_303' title='bbox 1023 4173 1227 4241; x_wconf 87' lang='lat' dir='ltr'>ferens,</span> <span class='ocrx_word' id='word_1_304' title='bbox 1255 4176 1523 4233; x_wconf 84' lang='lat' dir='ltr'>Antonius</span> <span class='ocrx_word' id='word_1_305' title='bbox 1551 4180 1628 4235; x_wconf 91' lang='lat' dir='ltr'>illi</span> 
     </span>
    </p>
   </div>
   <div class='ocr_carea' id='block_1_55' title="bbox 359 4260 1818 4337">
    <p class='ocr_par' dir='ltr' id='par_1_55' title="bbox 359 4260 1818 4337">
     <span class='ocr_line' id='line_1_55' title="bbox 359 4260 1818 4337; baseline 0.011 -24"><span class='ocrx_word' id='word_1_306' title='bbox 359 4260 528 4325; x_wconf 88' lang='lat' dir='ltr'>Quam</span> <span class='ocrx_word' id='word_1_307' title='bbox 558 4261 711 4316; x_wconf 84' lang='lat' dir='ltr'>dedit</span> <span class='ocrx_word' id='word_1_308' title='bbox 749 4261 1019 4319; x_wconf 86' lang='lat' dir='ltr'>instructo</span> <span class='ocrx_word' id='word_1_309' title='bbox 1044 4264 1179 4337; x_wconf 83' lang='lat' dir='ltr'>juga</span> <span class='ocrx_word' id='word_1_310' title='bbox 1215 4264 1354 4321; x_wconf 89' lang='lat' dir='ltr'>ferre</span> <span class='ocrx_word' id='word_1_311' title='bbox 1386 4271 1575 4325; x_wconf 80' lang='lat' dir='ltr'>suavia</span> <span class='ocrx_word' id='word_1_312' title='bbox 1604 4272 1818 4329; x_wconf 87' lang='lat' dir='ltr'>Christi.</span> 
     </span>
    </p>
   </div>
   <div class='ocr_carea' id='block_1_56' title="bbox 360 4354 1697 4433">
    <p class='ocr_par' dir='ltr' id='par_1_56' title="bbox 360 4354 1697 4433">
     <span class='ocr_line' id='line_1_56' title="bbox 360 4354 1697 4433; baseline 0.01 -25"><span class='ocrx_word' id='word_1_313' title='bbox 360 4354 545 4410; x_wconf 87' lang='lat' dir='ltr'>Carica</span> <span class='ocrx_word' id='word_1_314' title='bbox 569 4355 683 4424; x_wconf 90' lang='lat' dir='ltr'>jam</span> <span class='ocrx_word' id='word_1_315' title='bbox 711 4363 875 4411; x_wconf 88' lang='lat' dir='ltr'>noctu</span> <span class='ocrx_word' id='word_1_316' title='bbox 909 4356 1112 4413; x_wconf 89' lang='lat' dir='ltr'>fessum</span> <span class='ocrx_word' id='word_1_317' title='bbox 1148 4366 1231 4415; x_wconf 89' lang='lat' dir='ltr'>ter</span> <span class='ocrx_word' id='word_1_318' title='bbox 1261 4361 1431 4433; x_wconf 90' lang='lat' dir='ltr'>quina</span> <span class='ocrx_word' id='word_1_319' title='bbox 1461 4365 1697 4421; x_wconf 87' lang='lat' dir='ltr'>cibabat.</span> 
     </span>
    </p>
   </div>
   <div class='ocr_carea' id='block_1_57' title="bbox 359 4448 1805 4528">
    <p class='ocr_par' dir='ltr' id='par_1_57' title="bbox 359 4448 1805 4528">
     <span class='ocr_line' id='line_1_57' title="bbox 359 4448 1805 4528; baseline 0.012 -27"><span class='ocrx_word' id='word_1_320' title='bbox 359 4448 623 4512; x_wconf 85' lang='lat' dir='ltr'>Quattuor</span> <span class='ocrx_word' id='word_1_321' title='bbox 652 4449 781 4505; x_wconf 89' lang='lat' dir='ltr'>huic</span> <span class='ocrx_word' id='word_1_322' title='bbox 796 4450 960 4505; x_wconf 89' lang='lat' dir='ltr'>annis</span> <span class='ocrx_word' id='word_1_323' title='bbox 990 4461 1155 4507; x_wconf 73' lang='lat' dir='ltr'>aestus</span> <span class='ocrx_word' id='word_1_324' title='bbox 1182 4453 1512 4528; x_wconf 74' lang='lat' dir='ltr'>pluviasque</span> <span class='ocrx_word' id='word_1_325' title='bbox 1542 4470 1805 4518; x_wconf 84' lang='lat' dir='ltr'>removet.</span> 
     </span>
    </p>
   </div>
   <div class='ocr_carea' id='block_1_58' title="bbox 357 4540 1720 4620">
    <p class='ocr_par' dir='ltr' id='par_1_58' title="bbox 357 4540 1720 4620">
     <span class='ocr_line' id='line_1_58' title="bbox 357 4540 1720 4620; baseline 0.005 -26"><span class='ocrx_word' id='word_1_326' title='bbox 357 4540 603 4613; x_wconf 79' lang='lat' dir='ltr'>Angulus</span> <span class='ocrx_word' id='word_1_327' title='bbox 641 4540 869 4617; x_wconf 89' lang='lat' dir='ltr'>Augusti</span> <span class='ocrx_word' id='word_1_328' title='bbox 904 4545 1109 4617; x_wconf 87' lang='lat' dir='ltr'>tugurii</span> <span class='ocrx_word' id='word_1_329' title='bbox 1134 4548 1446 4620; x_wconf 82' lang='lat' dir='ltr'>casnlaeqne</span> <span class='ocrx_word' id='word_1_330' title='bbox 1489 4552 1720 4620; x_wconf 58' lang='lat' dir='ltr'>pusillae,</span> 
     </span>
    </p>
   </div>
   <div class='ocr_carea' id='block_1_59' title="bbox 358 4632 1644 4703">
    <p class='ocr_par' dir='ltr' id='par_1_59' title="bbox 358 4632 1644 4703">
     <span class='ocr_line' id='line_1_59' title="bbox 358 4632 1644 4703; baseline 0.01 -17"><span class='ocrx_word' id='word_1_331' title='bbox 358 4632 502 4697; x_wconf 88' lang='lat' dir='ltr'>Quas</span> <span class='ocrx_word' id='word_1_332' title='bbox 534 4632 910 4703; x_wconf 43' lang='lat' dir='ltr'>molli&#39;juncto</span> <span class='ocrx_word' id='word_1_333' title='bbox 943 4652 1066 4691; x_wconf 92' lang='lat' dir='ltr'>cum</span> <span class='ocrx_word' id='word_1_334' title='bbox 1099 4639 1278 4694; x_wconf 89' lang='lat' dir='ltr'>carice</span> <span class='ocrx_word' id='word_1_335' title='bbox 1308 4641 1440 4695; x_wconf 82' lang='lat' dir='ltr'>texit</span> <span class='ocrx_word' id='word_1_336' title='bbox 1465 4651 1644 4699; x_wconf 87' lang='lat' dir='ltr'>acuta.</span> 
     </span>
    </p>
   </div>
   <div class='ocr_carea' id='block_1_60' title="bbox 2101 1640 3521 1720">
    <p class='ocr_par' dir='ltr' id='par_1_60' title="bbox 2101 1640 3521 1720">
     <span class='ocr_line' id='line_1_60' title="bbox 2101 1640 3521 1720; baseline 0.007 -25"><span class='ocrx_word' id='word_1_337' title='bbox 2101 1640 2287 1711; x_wconf 90' lang='lat' dir='ltr'>Usque</span> <span class='ocrx_word' id='word_1_338' title='bbox 2321 1640 2468 1694; x_wconf 90' lang='lat' dir='ltr'>diem</span> <span class='ocrx_word' id='word_1_339' title='bbox 2502 1641 2714 1706; x_wconf 90' lang='lat' dir='ltr'>mortis,</span> <span class='ocrx_word' id='word_1_340' title='bbox 2748 1657 2854 1698; x_wconf 92' lang='lat' dir='ltr'>nec</span> <span class='ocrx_word' id='word_1_341' title='bbox 2874 1643 2925 1699; x_wconf 91' lang='lat' dir='ltr'>ei</span> <span class='ocrx_word' id='word_1_342' title='bbox 2954 1645 3249 1716; x_wconf 89' lang='lat' dir='ltr'>pretiosior</span> <span class='ocrx_word' id='word_1_343' title='bbox 3276 1664 3521 1720; x_wconf 90' lang='lat' dir='ltr'>unquam</span> 
     </span>
    </p>
   </div>
   <div class='ocr_carea' id='block_1_61' title="bbox 2101 1732 3549 1803">
    <p class='ocr_par' dir='ltr' id='par_1_61' title="bbox 2101 1732 3549 1803">
     <span class='ocr_line' id='line_1_61' title="bbox 2101 1732 3549 1803; baseline 0.008 -17"><span class='ocrx_word' id='word_1_344' title='bbox 2101 1732 2219 1797; x_wconf 88' lang='lat' dir='ltr'>Quo</span> <span class='ocrx_word' id='word_1_345' title='bbox 2251 1732 2427 1787; x_wconf 92' lang='lat' dir='ltr'>semel</span> <span class='ocrx_word' id='word_1_346' title='bbox 2454 1732 2681 1789; x_wconf 90' lang='lat' dir='ltr'>indutus</span> <span class='ocrx_word' id='word_1_347' title='bbox 2702 1734 2901 1803; x_wconf 86' lang='lat' dir='ltr'>fuerat,</span> <span class='ocrx_word' id='word_1_348' title='bbox 2935 1753 3045 1793; x_wconf 90' lang='lat' dir='ltr'>non</span> <span class='ocrx_word' id='word_1_349' title='bbox 3069 1755 3262 1795; x_wconf 89' lang='lat' dir='ltr'>saccus</span> <span class='ocrx_word' id='word_1_350' title='bbox 3293 1741 3347 1796; x_wconf 92' lang='lat' dir='ltr'>in</span> <span class='ocrx_word' id='word_1_351' title='bbox 3380 1744 3549 1798; x_wconf 92' lang='lat' dir='ltr'>undis</span> 
     </span>
    </p>
   </div>
   <div class='ocr_carea' id='block_1_62' title="bbox 2100 1821 3555 1901">
    <p class='ocr_par' dir='ltr' id='par_1_62' title="bbox 2100 1821 3555 1901">
     <span class='ocr_line' id='line_1_62' title="bbox 2100 1821 3555 1901; baseline 0.01 -27"><span class='ocrx_word' id='word_1_352' title='bbox 2100 1821 2227 1875; x_wconf 90' lang='lat' dir='ltr'>Post</span> <span class='ocrx_word' id='word_1_353' title='bbox 2259 1822 2425 1887; x_wconf 90' lang='lat' dir='ltr'>lotus,</span> <span class='ocrx_word' id='word_1_354' title='bbox 2461 1821 2720 1894; x_wconf 84' lang='lat' dir='ltr'>lacrymis</span> <span class='ocrx_word' id='word_1_355' title='bbox 2752 1825 2937 1880; x_wconf 87' lang='lat' dir='ltr'>cordis</span> <span class='ocrx_word' id='word_1_356' title='bbox 2966 1827 3073 1882; x_wconf 89' lang='lat' dir='ltr'>nisi</span> <span class='ocrx_word' id='word_1_357' title='bbox 3103 1827 3256 1884; x_wconf 83' lang='lat' dir='ltr'>fonte</span> <span class='ocrx_word' id='word_1_358' title='bbox 3288 1830 3555 1901; x_wconf 89' lang='lat' dir='ltr'>profusis.</span> 
     </span>
    </p>
   </div>
   <div class='ocr_carea' id='block_1_63' title="bbox 2099 1912 3456 1989">
    <p class='ocr_par' dir='ltr' id='par_1_63' title="bbox 2099 1912 3456 1989">
     <span class='ocr_line' id='line_1_63' title="bbox 2099 1912 3456 1989; baseline 0.01 -24"><span class='ocrx_word' id='word_1_359' title='bbox 2099 1912 2412 1984; x_wconf 90' lang='lat' dir='ltr'>Scripturas</span> <span class='ocrx_word' id='word_1_360' title='bbox 2438 1922 2657 1970; x_wconf 88' lang='lat' dir='ltr'>sanctas</span> <span class='ocrx_word' id='word_1_361' title='bbox 2685 1917 2891 1972; x_wconf 89' lang='lat' dir='ltr'>mentis</span> <span class='ocrx_word' id='word_1_362' title='bbox 2919 1919 3196 1975; x_wconf 89' lang='lat' dir='ltr'>retinebat</span> <span class='ocrx_word' id='word_1_363' title='bbox 3224 1921 3280 1975; x_wconf 89' lang='lat' dir='ltr'>in</span> <span class='ocrx_word' id='word_1_364' title='bbox 3311 1938 3456 1989; x_wconf 90' lang='lat' dir='ltr'>arca,</span> 
     </span>
    </p>
   </div>
   <div class='ocr_carea' id='block_1_64' title="bbox 2022 2006 3743 2087">
    <p class='ocr_par' dir='ltr' id='par_1_64' title="bbox 2022 2006 3743 2087">
     <span class='ocr_line' id='line_1_64' title="bbox 2022 2006 3743 2087; baseline 0.009 -27"><span class='ocrx_word' id='word_1_365' title='bbox 2022 2018 2072 2085; x_wconf 73' lang='grc' dir='ltr'>Β</span> <span class='ocrx_word' id='word_1_366' title='bbox 2100 2006 2336 2078; x_wconf 83' lang='lat' dir='ltr'>Postque</span> <span class='ocrx_word' id='word_1_367' title='bbox 2361 2022 2555 2078; x_wconf 88' lang='lat' dir='ltr'>preces</span> <span class='ocrx_word' id='word_1_368' title='bbox 2578 2008 2817 2079; x_wconf 86' lang='lat' dir='ltr'>psalmos</span> <span class='ocrx_word' id='word_1_369' title='bbox 2841 2010 3072 2067; x_wconf 90' lang='lat' dir='ltr'>Domino</span> <span class='ocrx_word' id='word_1_370' title='bbox 3098 2020 3156 2067; x_wconf 91' lang='lat' dir='ltr'>nt</span> <span class='ocrx_word' id='word_1_371' title='bbox 3178 2022 3451 2085; x_wconf 83' lang='lat' dir='ltr'>praesente</span> <span class='ocrx_word' id='word_1_372' title='bbox 3470 2019 3743 2087; x_wconf 84' lang='lat' dir='ltr'>canebat,</span> 
     </span>
    </p>
   </div>
   <div class='ocr_carea' id='block_1_65' title="bbox 2101 2094 3527 2170">
    <p class='ocr_par' dir='ltr' id='par_1_65' title="bbox 2101 2094 3527 2170">
     <span class='ocr_line' id='line_1_65' title="bbox 2101 2094 3527 2170; baseline 0.008 -21"><span class='ocrx_word' id='word_1_373' title='bbox 2101 2094 2247 2165; x_wconf 81' lang='grc'>(160)</span> <span class='ocrx_word' id='word_1_374' title='bbox 2280 2096 2371 2150; x_wconf 90' lang='lat' dir='ltr'>Cui</span> <span class='ocrx_word' id='word_1_375' title='bbox 2403 2102 2563 2151; x_wconf 88' lang='lat' dir='ltr'>natus</span> <span class='ocrx_word' id='word_1_376' title='bbox 2593 2097 2687 2151; x_wconf 90' lang='lat' dir='ltr'>ubi</span> <span class='ocrx_word' id='word_1_377' title='bbox 2719 2099 2985 2170; x_wconf 68' lang='lat' dir='ltr'>praeteriit</span> <span class='ocrx_word' id='word_1_378' title='bbox 3013 2100 3311 2157; x_wconf 89' lang='lat' dir='ltr'>vicesimus</span> <span class='ocrx_word' id='word_1_379' title='bbox 3342 2120 3527 2161; x_wconf 89' lang='lat' dir='ltr'>annus</span> 
     </span>
    </p>
   </div>
   <div class='ocr_carea' id='block_1_66' title="bbox 2098 2184 3531 2264">
    <p class='ocr_par' dir='ltr' id='par_1_66' title="bbox 2098 2184 3531 2264">
     <span class='ocr_line' id='line_1_66' title="bbox 2098 2184 3531 2264; baseline 0.01 -28"><span class='ocrx_word' id='word_1_380' title='bbox 2098 2184 2181 2237; x_wconf 90' lang='lat' dir='ltr'>Nil</span> <span class='ocrx_word' id='word_1_381' title='bbox 2211 2184 2437 2255; x_wconf 88' lang='lat' dir='ltr'>epulum</span> <span class='ocrx_word' id='word_1_382' title='bbox 2474 2193 2670 2257; x_wconf 64' lang='lat' dir='ltr'>praeter</span> <span class='ocrx_word' id='word_1_383' title='bbox 2698 2186 2863 2243; x_wconf 91' lang='lat' dir='ltr'>lentis</span> <span class='ocrx_word' id='word_1_384' title='bbox 2895 2189 3074 2245; x_wconf 88' lang='lat' dir='ltr'>tribus</span> <span class='ocrx_word' id='word_1_385' title='bbox 3104 2193 3219 2247; x_wconf 90' lang='lat' dir='ltr'>edit</span> <span class='ocrx_word' id='word_1_386' title='bbox 3248 2193 3305 2248; x_wconf 91' lang='lat' dir='ltr'>in</span> <span class='ocrx_word' id='word_1_387' title='bbox 3338 2196 3531 2264; x_wconf 90' lang='lat' dir='ltr'>annis,</span> 
     </span>
    </p>
   </div>
   <div class='ocr_carea' id='block_1_67' title="bbox 2097 2272 3653 2356">
    <p class='ocr_par' dir='ltr' id='par_1_67' title="bbox 2097 2272 3653 2356">
     <span class='ocr_line' id='line_1_67' title="bbox 2097 2272 3653 2356; baseline 0.01 -29"><span class='ocrx_word' id='word_1_388' title='bbox 2097 2272 2315 2344; x_wconf 82' lang='lat' dir='ltr'>Frigida</span> <span class='ocrx_word' id='word_1_389' title='bbox 2347 2290 2512 2344; x_wconf 90' lang='lat' dir='ltr'>quam</span> <span class='ocrx_word' id='word_1_390' title='bbox 2544 2275 2711 2345; x_wconf 90' lang='lat' dir='ltr'>paulo</span> <span class='ocrx_word' id='word_1_391' title='bbox 2742 2277 3022 2333; x_wconf 89' lang='lat' dir='ltr'>domitans</span> <span class='ocrx_word' id='word_1_392' title='bbox 3062 2281 3434 2338; x_wconf 88' lang='lat' dir='ltr'>madefecerat</span> <span class='ocrx_word' id='word_1_393' title='bbox 3463 2288 3653 2356; x_wconf 81' lang='lat' dir='ltr'>unda;</span> 
     </span>
    </p>
   </div>
   <div class='ocr_carea' id='block_1_68' title="bbox 2097 2360 3618 2442">
    <p class='ocr_par' dir='ltr' id='par_1_68' title="bbox 2097 2360 3618 2442">
     <span class='ocr_line' id='line_1_68' title="bbox 2097 2360 3618 2442; baseline 0.011 -29"><span class='ocrx_word' id='word_1_394' title='bbox 2097 2360 2232 2415; x_wconf 89' lang='lat' dir='ltr'>lline</span> <span class='ocrx_word' id='word_1_395' title='bbox 2261 2361 2434 2416; x_wconf 90' lang='lat' dir='ltr'>tribus</span> <span class='ocrx_word' id='word_1_396' title='bbox 2465 2370 2550 2418; x_wconf 91' lang='lat' dir='ltr'>est</span> <span class='ocrx_word' id='word_1_397' title='bbox 2578 2362 2703 2419; x_wconf 88' lang='lat' dir='ltr'>aliis</span> <span class='ocrx_word' id='word_1_398' title='bbox 2733 2365 2867 2432; x_wconf 89' lang='lat' dir='ltr'>sale,</span> <span class='ocrx_word' id='word_1_399' title='bbox 2902 2383 3044 2437; x_wconf 87' lang='lat' dir='ltr'>pane</span> <span class='ocrx_word' id='word_1_400' title='bbox 3076 2368 3316 2425; x_wconf 88' lang='lat' dir='ltr'>refectus</span> <span class='ocrx_word' id='word_1_401' title='bbox 3338 2378 3391 2427; x_wconf 91' lang='lat' dir='ltr'>et</span> <span class='ocrx_word' id='word_1_402' title='bbox 3423 2376 3576 2429; x_wconf 88' lang='lat' dir='ltr'>unda</span> <span class='ocrx_word' id='word_1_403' title='bbox 3603 2394 3618 2442; x_wconf 92' lang='lat'><strong>;</strong></span> 
     </span>
    </p>
   </div>
   <div class='ocr_carea' id='block_1_69' title="bbox 2096 2450 3563 2530">
    <p class='ocr_par' dir='ltr' id='par_1_69' title="bbox 2096 2450 3563 2530">
     <span class='ocr_line' id='line_1_69' title="bbox 2096 2450 3563 2530; baseline 0.01 -27"><span class='ocrx_word' id='word_1_404' title='bbox 2096 2450 2365 2514; x_wconf 87' lang='lat' dir='ltr'>Quattuor</span> <span class='ocrx_word' id='word_1_405' title='bbox 2392 2459 2474 2506; x_wconf 89' lang='lat' dir='ltr'>cst</span> <span class='ocrx_word' id='word_1_406' title='bbox 2505 2460 2629 2524; x_wconf 90' lang='lat' dir='ltr'>post</span> <span class='ocrx_word' id='word_1_407' title='bbox 2672 2455 2815 2511; x_wconf 90' lang='lat' dir='ltr'>hanc</span> <span class='ocrx_word' id='word_1_408' title='bbox 2847 2456 3038 2511; x_wconf 88' lang='lat' dir='ltr'>herbis</span> <span class='ocrx_word' id='word_1_409' title='bbox 3079 2461 3392 2530; x_wconf 83' lang='lat' dir='ltr'>agrestibus</span> <span class='ocrx_word' id='word_1_410' title='bbox 3427 2480 3563 2518; x_wconf 89' lang='lat' dir='ltr'>usus</span> 
     </span>
    </p>
   </div>
   <div class='ocr_carea' id='block_1_70' title="bbox 2099 2542 3490 2621">
    <p class='ocr_par' dir='ltr' id='par_1_70' title="bbox 2099 2542 3490 2621">
     <span class='ocr_line' id='line_1_70' title="bbox 2099 2542 3490 2621; baseline 0.01 -25"><span class='ocrx_word' id='word_1_411' title='bbox 2099 2542 2470 2605; x_wconf 90' lang='lat' dir='ltr'>Quorumdam</span> <span class='ocrx_word' id='word_1_412' title='bbox 2496 2545 2706 2613; x_wconf 89' lang='lat' dir='ltr'>junctis</span> <span class='ocrx_word' id='word_1_413' title='bbox 2728 2546 3019 2603; x_wconf 91' lang='lat' dir='ltr'>fructicum</span> <span class='ocrx_word' id='word_1_414' title='bbox 3048 2552 3330 2607; x_wconf 86' lang='lat' dir='ltr'>radicibus</span> <span class='ocrx_word' id='word_1_415' title='bbox 3352 2570 3448 2609; x_wconf 90' lang='lat' dir='ltr'>esu</span> <span class='ocrx_word' id='word_1_416' title='bbox 3475 2573 3490 2621; x_wconf 87' lang='lat'><strong>;</strong></span> 
     </span>
    </p>
   </div>
   <div class='ocr_carea' id='block_1_71' title="bbox 2101 2632 3625 2706">
    <p class='ocr_par' dir='ltr' id='par_1_71' title="bbox 2101 2632 3625 2706">
     <span class='ocr_line' id='line_1_71' title="bbox 2101 2632 3625 2706; baseline 0.01 -22"><span class='ocrx_word' id='word_1_417' title='bbox 2101 2632 2352 2703; x_wconf 91' lang='lat' dir='ltr'>Quinque</span> <span class='ocrx_word' id='word_1_418' title='bbox 2381 2633 2585 2689; x_wconf 88' lang='lat' dir='ltr'>dehinc</span> <span class='ocrx_word' id='word_1_419' title='bbox 2612 2651 2810 2706; x_wconf 86' lang='lat' dir='ltr'>panem</span> <span class='ocrx_word' id='word_1_420' title='bbox 2843 2638 3038 2693; x_wconf 66' lang='lat' dir='ltr'>mediae</span> <span class='ocrx_word' id='word_1_421' title='bbox 3069 2640 3201 2695; x_wconf 89' lang='lat' dir='ltr'>dant</span> <span class='ocrx_word' id='word_1_422' title='bbox 3227 2643 3433 2698; x_wconf 90' lang='lat' dir='ltr'>hordea</span> <span class='ocrx_word' id='word_1_423' title='bbox 3467 2644 3625 2699; x_wconf 79' lang='lat' dir='ltr'>librae,</span> 
     </span>
    </p>
   </div>
   <div class='ocr_carea' id='block_1_72' title="bbox 2094 2722 3737 2809">
    <p class='ocr_par' dir='ltr' id='par_1_72' title="bbox 2094 2722 3737 2809">
     <span class='ocr_line' id='line_1_72' title="bbox 2094 2722 3737 2809; baseline 0.01 -35"><span class='ocrx_word' id='word_1_424' title='bbox 2094 2722 2270 2792; x_wconf 88' lang='lat' dir='ltr'>Atque</span> <span class='ocrx_word' id='word_1_425' title='bbox 2292 2722 2414 2777; x_wconf 92' lang='lat' dir='ltr'>olus</span> <span class='ocrx_word' id='word_1_426' title='bbox 2436 2723 2644 2797; x_wconf 86' lang='lat' dir='ltr'>absque</span> <span class='ocrx_word' id='word_1_427' title='bbox 2672 2725 2797 2781; x_wconf 87' lang='lat' dir='ltr'>oleo</span> <span class='ocrx_word' id='word_1_428' title='bbox 2820 2727 3101 2783; x_wconf 89' lang='lat' dir='ltr'>modicum</span> <span class='ocrx_word' id='word_1_429' title='bbox 3125 2737 3459 2804; x_wconf 90' lang='lat' dir='ltr'>coctumque</span> <span class='ocrx_word' id='word_1_430' title='bbox 3482 2735 3737 2809; x_wconf 73' lang='lat' dir='ltr'>iugatur.</span> 
     </span>
    </p>
   </div>
   <div class='ocr_carea' id='block_1_73' title="bbox 2097 2808 3411 2891">
    <p class='ocr_par' dir='ltr' id='par_1_73' title="bbox 2097 2808 3411 2891">
     <span class='ocr_line' id='line_1_73' title="bbox 2097 2808 3411 2891; baseline 0.011 -29"><span class='ocrx_word' id='word_1_431' title='bbox 2097 2808 2326 2864; x_wconf 86' lang='lat' dir='ltr'>Lumina</span> <span class='ocrx_word' id='word_1_432' title='bbox 2353 2811 2559 2867; x_wconf 90' lang='lat' dir='ltr'>deinde</span> <span class='ocrx_word' id='word_1_433' title='bbox 2590 2813 2789 2868; x_wconf 86' lang='lat' dir='ltr'>videns</span> <span class='ocrx_word' id='word_1_434' title='bbox 2813 2815 2921 2870; x_wconf 89' lang='lat' dir='ltr'>sibi</span> <span class='ocrx_word' id='word_1_435' title='bbox 2951 2818 3189 2891; x_wconf 81' lang='lat' dir='ltr'>caligare</span> <span class='ocrx_word' id='word_1_436' title='bbox 3218 2820 3411 2877; x_wconf 91' lang='lat' dir='ltr'>labore</span> 
     </span>
    </p>
   </div>
   <div class='ocr_carea' id='block_1_74' title="bbox 2096 2901 3507 2983">
    <p class='ocr_par' dir='ltr' id='par_1_74' title="bbox 2096 2901 3507 2983">
     <span class='ocr_line' id='line_1_74' title="bbox 2096 2901 3507 2983; baseline 0.01 -29"><span class='ocrx_word' id='word_1_437' title='bbox 2096 2901 2430 2973; x_wconf 87' lang='lat' dir='ltr'>Pumiceque</span> <span class='ocrx_word' id='word_1_438' title='bbox 2458 2912 2641 2959; x_wconf 90' lang='lat' dir='ltr'>cutem</span> <span class='ocrx_word' id='word_1_439' title='bbox 2671 2907 2874 2961; x_wconf 85' lang='lat' dir='ltr'>retrahi</span> <span class='ocrx_word' id='word_1_440' title='bbox 2898 2910 3219 2966; x_wconf 88' lang='lat' dir='ltr'>scabiedine</span> <span class='ocrx_word' id='word_1_441' title='bbox 3243 2914 3507 2983; x_wconf 89' lang='lat' dir='ltr'>qnadam.</span> 
     </span>
    </p>
   </div>
   <div class='ocr_carea' id='block_1_75' title="bbox 2099 2991 3296 3073">
    <p class='ocr_par' dir='ltr' id='par_1_75' title="bbox 2099 2991 3296 3073">
     <span class='ocr_line' id='line_1_75' title="bbox 2099 2991 3296 3073; baseline 0.008 -28"><span class='ocrx_word' id='word_1_442' title='bbox 2099 2991 2332 3047; x_wconf 67' lang='lat' dir='ltr'>Praefato</span> <span class='ocrx_word' id='word_1_443' title='bbox 2374 2992 2620 3049; x_wconf 90' lang='lat' dir='ltr'>fomenta</span> <span class='ocrx_word' id='word_1_444' title='bbox 2660 2995 2787 3051; x_wconf 91' lang='lat' dir='ltr'>cibo</span> <span class='ocrx_word' id='word_1_445' title='bbox 2820 2998 3104 3073; x_wconf 88' lang='lat' dir='ltr'>conjungii</span> <span class='ocrx_word' id='word_1_446' title='bbox 3136 3000 3296 3067; x_wconf 85' lang='lat' dir='ltr'>olivi;</span> 
     </span>
    </p>
   </div>
   <div class='ocr_carea' id='block_1_76' title="bbox 2100 3084 3396 3166">
    <p class='ocr_par' dir='ltr' id='par_1_76' title="bbox 2100 3084 3396 3166">
     <span class='ocr_line' id='line_1_76' title="bbox 2100 3084 3396 3166; baseline 0.008 -29"><span class='ocrx_word' id='word_1_447' title='bbox 2100 3084 2327 3156; x_wconf 88' lang='lat' dir='ltr'>llocque</span> <span class='ocrx_word' id='word_1_448' title='bbox 2370 3094 2562 3141; x_wconf 90' lang='lat' dir='ltr'>tenore</span> <span class='ocrx_word' id='word_1_449' title='bbox 2592 3086 2705 3142; x_wconf 91' lang='lat' dir='ltr'>cibi</span> <span class='ocrx_word' id='word_1_450' title='bbox 2735 3089 2866 3142; x_wconf 90' lang='lat' dir='ltr'>dum</span> <span class='ocrx_word' id='word_1_451' title='bbox 2900 3092 3284 3166; x_wconf 86' lang='lat' dir='ltr'>sexagesimus</span> <span class='ocrx_word' id='word_1_452' title='bbox 3316 3094 3396 3149; x_wconf 89' lang='lat' dir='ltr'>illi</span> 
     </span>
    </p>
   </div>
   <div class='ocr_carea' id='block_1_77' title="bbox 2097 3175 3383 3251">
    <p class='ocr_par' dir='ltr' id='par_1_77' title="bbox 2097 3175 3383 3251">
     <span class='ocr_line' id='line_1_77' title="bbox 2097 3175 3383 3251; baseline 0.007 -23"><span class='ocrx_word' id='word_1_453' title='bbox 2097 3175 2312 3229; x_wconf 89' lang='lat' dir='ltr'>Tertius</span> <span class='ocrx_word' id='word_1_454' title='bbox 2339 3185 2394 3230; x_wconf 89' lang='lat' dir='ltr'>et</span> <span class='ocrx_word' id='word_1_455' title='bbox 2423 3175 2549 3231; x_wconf 69' lang='lat' dir='ltr'>vita:</span> <span class='ocrx_word' id='word_1_456' title='bbox 2581 3177 2892 3249; x_wconf 90' lang='lat' dir='ltr'>completur</span> <span class='ocrx_word' id='word_1_457' title='bbox 2913 3180 3154 3251; x_wconf 90' lang='lat' dir='ltr'>pascitur</span> <span class='ocrx_word' id='word_1_458' title='bbox 3184 3198 3383 3249; x_wconf 90' lang='lat' dir='ltr'>annus,</span> 
     </span>
    </p>
   </div>
   <div class='ocr_carea' id='block_1_78' title="bbox 2097 3263 3396 3347">
    <p class='ocr_par' dir='ltr' id='par_1_78' title="bbox 2097 3263 3396 3347">
     <span class='ocr_line' id='line_1_78' title="bbox 2097 3263 3396 3347; baseline 0.008 -31"><span class='ocrx_word' id='word_1_459' title='bbox 2097 3263 2367 3319; x_wconf 64' lang='lat' dir='ltr'>Praeterea</span> <span class='ocrx_word' id='word_1_460' title='bbox 2404 3264 2582 3321; x_wconf 88' lang='lat' dir='ltr'>victus</span> <span class='ocrx_word' id='word_1_461' title='bbox 2614 3266 2719 3321; x_wconf 83' lang='lat' dir='ltr'>sibi</span> <span class='ocrx_word' id='word_1_462' title='bbox 2750 3267 2828 3321; x_wconf 91' lang='lat' dir='ltr'>nil</span> <span class='ocrx_word' id='word_1_463' title='bbox 2860 3269 3161 3338; x_wconf 87' lang='lat' dir='ltr'>cujuslibet</span> <span class='ocrx_word' id='word_1_464' title='bbox 3186 3287 3396 3347; x_wconf 88' lang='lat' dir='ltr'>augens</span> 
     </span>
    </p>
   </div>
   <div class='ocr_carea' id='block_1_79' title="bbox 2020 3353 3512 3460">
    <p class='ocr_par' dir='ltr' id='par_1_79' title="bbox 2020 3353 3512 3460">
     <span class='ocr_line' id='line_1_79' title="bbox 2020 3353 3512 3460; baseline 0.009 -55"><span class='ocrx_word' id='word_1_465' title='bbox 2020 3394 2066 3460; x_wconf 57' lang='grc' dir='ltr'><strong>(η</strong></span> <span class='ocrx_word' id='word_1_466' title='bbox 2094 3353 2182 3409; x_wconf 88' lang='lat' dir='ltr'>Sic</span> <span class='ocrx_word' id='word_1_467' title='bbox 2209 3354 2550 3423; x_wconf 89' lang='lat' dir='ltr'>indefessus,</span> <span class='ocrx_word' id='word_1_468' title='bbox 2593 3373 2715 3413; x_wconf 89' lang='lat' dir='ltr'>cnm</span> <span class='ocrx_word' id='word_1_469' title='bbox 2745 3358 2855 3427; x_wconf 88' lang='lat' dir='ltr'>jam</span> <span class='ocrx_word' id='word_1_470' title='bbox 2886 3359 2990 3413; x_wconf 89' lang='lat' dir='ltr'>sibi</span> <span class='ocrx_word' id='word_1_471' title='bbox 3022 3359 3217 3416; x_wconf 92' lang='lat' dir='ltr'>adesse</span> <span class='ocrx_word' id='word_1_472' title='bbox 3257 3361 3512 3432; x_wconf 76' lang='lat' dir='ltr'>palestrze</span> 
     </span>
     <span class='ocr_line' id='line_1_80' title="bbox 2048 3437 3311 3460; baseline 0 0"><span class='ocrx_word' id='word_1_473' title='bbox 2048 3437 2067 3460; x_wconf 67' lang='grc' dir='ltr'><em>λ</em></span> <span class='ocrx_word' id='word_1_474' title='bbox 2099 3447 2127 3460; x_wconf 75' lang='grc' dir='ltr'>ι·</span> <span class='ocrx_word' id='word_1_475' title='bbox 2172 3446 2225 3460; x_wconf 78' lang='lat' dir='ltr'>n-</span> <span class='ocrx_word' id='word_1_476' title='bbox 2373 3454 2383 3460; x_wconf 87' lang='lat'>.</span> <span class='ocrx_word' id='word_1_477' title='bbox 2513 3454 2521 3460; x_wconf 89' lang='lat'>.</span> <span class='ocrx_word' id='word_1_478' title='bbox 2792 3450 2802 3460; x_wconf 73' lang='grc' dir='ltr'>ι</span> <span class='ocrx_word' id='word_1_479' title='bbox 2979 3458 2984 3460; x_wconf 87' lang='grc'>.</span> <span class='ocrx_word' id='word_1_480' title='bbox 3129 3452 3160 3460; x_wconf 86' lang='grc'>..</span> <span class='ocrx_word' id='word_1_481' title='bbox 3227 3452 3245 3460; x_wconf 67' lang='grc' dir='ltr'>ι.</span> <span class='ocrx_word' id='word_1_482' title='bbox 3280 3453 3311 3460; x_wconf 80' lang='grc'>..</span> 
     </span>
    </p>
   </div>
   <div class='ocr_carea' id='block_1_80' title="bbox 2048 3437 3428 3522">
    <p class='ocr_par' dir='ltr' id='par_1_80' title="bbox 2048 3437 3428 3522">
     <span class='ocr_line' id='line_1_81' title="bbox 2048 3437 3428 3522; baseline 0.006 -22"><span class='ocrx_word' id='word_1_483' title='bbox 2048 3437 2067 3461; x_wconf 59' lang='grc' dir='ltr'><em>λ</em></span> <span class='ocrx_word' id='word_1_484' title='bbox 2096 3446 2390 3521; x_wconf 78' lang='lat' dir='ltr'>Colligeret</span> <span class='ocrx_word' id='word_1_485' title='bbox 2417 3454 2639 3516; x_wconf 88' lang='lat' dir='ltr'>metam,</span> <span class='ocrx_word' id='word_1_486' title='bbox 2676 3450 2837 3521; x_wconf 91' lang='lat' dir='ltr'>panis</span> <span class='ocrx_word' id='word_1_487' title='bbox 2863 3452 3428 3522; x_wconf 89' lang='lat' dir='ltr'>contemnitofellam,</span> 
     </span>
    </p>
   </div>
   <div class='ocr_carea' id='block_1_81' title="bbox 2096 3537 3409 3617">
    <p class='ocr_par' dir='ltr' id='par_1_81' title="bbox 2096 3537 3409 3617">
     <span class='ocr_line' id='line_1_82' title="bbox 2096 3537 3409 3617; baseline 0.008 -26"><span class='ocrx_word' id='word_1_488' title='bbox 2096 3537 2579 3612; x_wconf 87' lang='lat' dir='ltr'>Contemnensque</span> <span class='ocrx_word' id='word_1_489' title='bbox 2611 3542 2732 3597; x_wconf 92' lang='lat' dir='ltr'>dies</span> <span class='ocrx_word' id='word_1_490' title='bbox 2771 3545 3164 3614; x_wconf 81' lang='lat' dir='ltr'>octogenarius</span> <span class='ocrx_word' id='word_1_491' title='bbox 3194 3545 3409 3617; x_wconf 90' lang='lat' dir='ltr'>implet,</span> 
     </span>
    </p>
   </div>
   <div class='ocr_carea' id='block_1_82' title="bbox 2094 3629 3470 3705">
    <p class='ocr_par' dir='ltr' id='par_1_82' title="bbox 2094 3629 3470 3705">
     <span class='ocr_line' id='line_1_83' title="bbox 2094 3629 3470 3705; baseline 0.007 -24"><span class='ocrx_word' id='word_1_492' title='bbox 2094 3629 2370 3684; x_wconf 90' lang='lat' dir='ltr'>lmmenso</span> <span class='ocrx_word' id='word_1_493' title='bbox 2402 3629 2619 3686; x_wconf 90' lang='lat' dir='ltr'>fervore</span> <span class='ocrx_word' id='word_1_494' title='bbox 2650 3632 2863 3700; x_wconf 90' lang='lat' dir='ltr'>calens,</span> <span class='ocrx_word' id='word_1_495' title='bbox 2894 3633 3053 3705; x_wconf 89' lang='lat' dir='ltr'>quasi</span> <span class='ocrx_word' id='word_1_496' title='bbox 3086 3634 3191 3690; x_wconf 90' lang='lat' dir='ltr'>tiro</span> <span class='ocrx_word' id='word_1_497' title='bbox 3224 3635 3470 3690; x_wconf 90' lang='lat' dir='ltr'>duellum</span> 
     </span>
    </p>
   </div>
   <div class='ocr_carea' id='block_1_83' title="bbox 2094 3720 3431 3796">
    <p class='ocr_par' dir='ltr' id='par_1_83' title="bbox 2094 3720 3431 3796">
     <span class='ocr_line' id='line_1_84' title="bbox 2094 3720 3431 3796; baseline 0.006 -22"><span class='ocrx_word' id='word_1_498' title='bbox 2094 3720 2389 3791; x_wconf 82' lang='lat' dir='ltr'>inciperet,</span> <span class='ocrx_word' id='word_1_499' title='bbox 2421 3722 2569 3777; x_wconf 90' lang='lat' dir='ltr'>soliti</span> <span class='ocrx_word' id='word_1_500' title='bbox 2599 3739 2710 3795; x_wconf 91' lang='lat' dir='ltr'>quo</span> <span class='ocrx_word' id='word_1_501' title='bbox 2742 3732 2993 3795; x_wconf 87' lang='lat' dir='ltr'>tempore</span> <span class='ocrx_word' id='word_1_502' title='bbox 3019 3741 3224 3796; x_wconf 90' lang='lat' dir='ltr'>ponere</span> <span class='ocrx_word' id='word_1_503' title='bbox 3254 3727 3431 3782; x_wconf 88' lang='lat' dir='ltr'>multi.</span> 
     </span>
    </p>
   </div>
   <div class='ocr_carea' id='block_1_84' title="bbox 2089 3810 3648 3886">
    <p class='ocr_par' dir='ltr' id='par_1_84' title="bbox 2089 3810 3648 3886">
     <span class='ocr_line' id='line_1_85' title="bbox 2089 3810 3648 3886; baseline 0.007 -23"><span class='ocrx_word' id='word_1_504' title='bbox 2089 3810 2335 3882; x_wconf 87' lang='lat' dir='ltr'>Namque</span> <span class='ocrx_word' id='word_1_505' title='bbox 2367 3811 2565 3879; x_wconf 91' lang='lat' dir='ltr'>farina,</span> <span class='ocrx_word' id='word_1_506' title='bbox 2598 3812 2792 3867; x_wconf 87' lang='lat' dir='ltr'>herbis</span> <span class='ocrx_word' id='word_1_507' title='bbox 2824 3830 3048 3886; x_wconf 90' lang='lat' dir='ltr'>quoque</span> <span class='ocrx_word' id='word_1_508' title='bbox 3077 3816 3477 3872; x_wconf 91' lang='lat' dir='ltr'>sorbitiuncula</span> <span class='ocrx_word' id='word_1_509' title='bbox 3507 3820 3648 3876; x_wconf 84' lang='lat' dir='ltr'>tritis</span> 
     </span>
    </p>
   </div>
   <div class='ocr_carea' id='block_1_85' title="bbox 2091 3902 3495 3982">
    <p class='ocr_par' dir='ltr' id='par_1_85' title="bbox 2091 3902 3495 3982">
     <span class='ocr_line' id='line_1_86' title="bbox 2091 3902 3495 3982; baseline 0.007 -27"><span class='ocrx_word' id='word_1_510' title='bbox 2091 3902 2282 3957; x_wconf 83' lang='lat' dir='ltr'>Editur</span> <span class='ocrx_word' id='word_1_511' title='bbox 2309 3904 2565 3974; x_wconf 87' lang='lat' dir='ltr'>huncque</span> <span class='ocrx_word' id='word_1_512' title='bbox 2587 3905 2782 3961; x_wconf 88' lang='lat' dir='ltr'>cibans</span> <span class='ocrx_word' id='word_1_513' title='bbox 2805 3913 2957 3977; x_wconf 87' lang='lat' dir='ltr'>potat</span> <span class='ocrx_word' id='word_1_514' title='bbox 2987 3907 3078 3962; x_wconf 85' lang='lat' dir='ltr'>vix</span> <span class='ocrx_word' id='word_1_515' title='bbox 3110 3910 3274 3965; x_wconf 88' lang='lat' dir='ltr'>uncia</span> <span class='ocrx_word' id='word_1_516' title='bbox 3304 3911 3495 3982; x_wconf 89' lang='lat' dir='ltr'>quina.</span> 
     </span>
    </p>
   </div>
   <div class='ocr_carea' id='block_1_86' title="bbox 2088 3991 3471 4063">
    <p class='ocr_par' dir='ltr' id='par_1_86' title="bbox 2088 3991 3471 4063">
     <span class='ocr_line' id='line_1_87' title="bbox 2088 3991 3471 4063; baseline 0.007 -19"><span class='ocrx_word' id='word_1_517' title='bbox 2088 3991 2288 4061; x_wconf 87' lang='lat' dir='ltr'>Sicque</span> <span class='ocrx_word' id='word_1_518' title='bbox 2318 3991 2557 4063; x_wconf 90' lang='lat' dir='ltr'>implens</span> <span class='ocrx_word' id='word_1_519' title='bbox 2584 3994 2785 4048; x_wconf 90' lang='lat' dir='ltr'>seriem</span> <span class='ocrx_word' id='word_1_520' title='bbox 2817 3995 2963 4062; x_wconf 74' lang='lat' dir='ltr'>vitae,</span> <span class='ocrx_word' id='word_1_521' title='bbox 2996 3996 3313 4053; x_wconf 89' lang='lat' dir='ltr'>nullatenus</span> <span class='ocrx_word' id='word_1_522' title='bbox 3341 4008 3471 4054; x_wconf 88' lang='lat' dir='ltr'>ante</span> 
     </span>
    </p>
   </div>
   <div class='ocr_carea' id='block_1_87' title="bbox 2089 4086 3456 4166">
    <p class='ocr_par' dir='ltr' id='par_1_87' title="bbox 2089 4086 3456 4166">
     <span class='ocr_line' id='line_1_88' title="bbox 2089 4086 3456 4166; baseline 0.006 -25"><span class='ocrx_word' id='word_1_523' title='bbox 2089 4086 2258 4151; x_wconf 85' lang='lat' dir='ltr'>Quam</span> <span class='ocrx_word' id='word_1_524' title='bbox 2282 4088 2363 4143; x_wconf 92' lang='lat' dir='ltr'>sol</span> <span class='ocrx_word' id='word_1_525' title='bbox 2394 4088 2660 4143; x_wconf 89' lang='lat' dir='ltr'>occiduus</span> <span class='ocrx_word' id='word_1_526' title='bbox 2694 4090 2879 4145; x_wconf 88' lang='lat' dir='ltr'>radios</span> <span class='ocrx_word' id='word_1_527' title='bbox 2920 4091 3271 4166; x_wconf 85' lang='lat' dir='ltr'>immergeret</span> <span class='ocrx_word' id='word_1_528' title='bbox 3289 4093 3456 4150; x_wconf 91' lang='lat' dir='ltr'>undis</span> 
     </span>
    </p>
   </div>
   <div class='ocr_carea' id='block_1_88' title="bbox 2086 4179 3388 4254">
    <p class='ocr_par' dir='ltr' id='par_1_88' title="bbox 2086 4179 3388 4254">
     <span class='ocr_line' id='line_1_89' title="bbox 2086 4179 3388 4254; baseline 0.006 -21"><span class='ocrx_word' id='word_1_529' title='bbox 2086 4179 2197 4234; x_wconf 90' lang='lat' dir='ltr'>Nec</span> <span class='ocrx_word' id='word_1_530' title='bbox 2218 4179 2373 4234; x_wconf 85' lang='lat' dir='ltr'>festis</span> <span class='ocrx_word' id='word_1_531' title='bbox 2400 4181 2712 4254; x_wconf 85' lang='lat' dir='ltr'>graviterve</span> <span class='ocrx_word' id='word_1_532' title='bbox 2741 4182 2955 4239; x_wconf 89' lang='lat' dir='ltr'>cubans</span> <span class='ocrx_word' id='word_1_533' title='bbox 2980 4183 3192 4253; x_wconf 89' lang='lat' dir='ltr'>jejunia</span> <span class='ocrx_word' id='word_1_534' title='bbox 3207 4185 3388 4241; x_wconf 88' lang='lat' dir='ltr'>solvit.</span> 
     </span>
    </p>
   </div>
   <div class='ocr_carea' id='block_1_89' title="bbox 2155 4290 3719 4366">
    <p class='ocr_par' dir='ltr' id='par_1_89' title="bbox 2155 4290 3719 4366">
     <span class='ocr_line' id='line_1_90' title="bbox 2155 4290 3719 4366; baseline 0.008 -23"><span class='ocrx_word' id='word_1_535' title='bbox 2155 4290 2334 4345; x_wconf 72' lang='lat' dir='ltr'>Multze</span> <span class='ocrx_word' id='word_1_536' title='bbox 2367 4308 2593 4362; x_wconf 90' lang='lat' dir='ltr'>parvum</span> <span class='ocrx_word' id='word_1_537' title='bbox 2636 4294 2802 4360; x_wconf 89' lang='lat' dir='ltr'>acies,</span> <span class='ocrx_word' id='word_1_538' title='bbox 2850 4296 3155 4351; x_wconf 88' lang='lat' dir='ltr'>certamina</span> <span class='ocrx_word' id='word_1_539' title='bbox 3208 4298 3379 4352; x_wconf 89' lang='lat' dir='ltr'>multa</span> <span class='ocrx_word' id='word_1_540' title='bbox 3412 4297 3719 4366; x_wconf 85' lang='lat' dir='ltr'>lacessunt,</span> 
     </span>
    </p>
   </div>
   <div class='ocr_carea' id='block_1_90' title="bbox 2085 4383 3504 4456">
    <p class='ocr_par' dir='ltr' id='par_1_90' title="bbox 2085 4383 3504 4456">
     <span class='ocr_line' id='line_1_91' title="bbox 2085 4383 3504 4456; baseline 0.007 -21"><span class='ocrx_word' id='word_1_541' title='bbox 2085 4383 2245 4436; x_wconf 86' lang='lat' dir='ltr'>Extra</span> <span class='ocrx_word' id='word_1_542' title='bbox 2276 4392 2501 4439; x_wconf 87' lang='lat' dir='ltr'>externa</span> <span class='ocrx_word' id='word_1_543' title='bbox 2534 4393 2782 4456; x_wconf 82' lang='lat' dir='ltr'>crepant,</span> <span class='ocrx_word' id='word_1_544' title='bbox 2826 4387 2975 4442; x_wconf 89' lang='lat' dir='ltr'>intus</span> <span class='ocrx_word' id='word_1_545' title='bbox 3012 4388 3196 4443; x_wconf 89' lang='lat' dir='ltr'>civilia</span> <span class='ocrx_word' id='word_1_546' title='bbox 3224 4399 3504 4455; x_wconf 84' lang='lat' dir='ltr'>mussant;</span> 
     </span>
    </p>
   </div>
   <div class='ocr_carea' id='block_1_91' title="bbox 2088 4469 3561 4550">
    <p class='ocr_par' dir='ltr' id='par_1_91' title="bbox 2088 4469 3561 4550">
     <span class='ocr_line' id='line_1_92' title="bbox 2088 4469 3561 4550; baseline 0.008 -28"><span class='ocrx_word' id='word_1_547' title='bbox 2088 4469 2331 4525; x_wconf 84' lang='lat' dir='ltr'>Flaminc</span> <span class='ocrx_word' id='word_1_548' title='bbox 2363 4472 2459 4526; x_wconf 90' lang='lat' dir='ltr'>sed</span> <span class='ocrx_word' id='word_1_549' title='bbox 2490 4473 2686 4528; x_wconf 85' lang='lat' dir='ltr'>doctus</span> <span class='ocrx_word' id='word_1_550' title='bbox 2717 4491 2925 4547; x_wconf 91' lang='lat' dir='ltr'>supero</span> <span class='ocrx_word' id='word_1_551' title='bbox 2952 4477 3076 4546; x_wconf 90' lang='lat' dir='ltr'>pius</span> <span class='ocrx_word' id='word_1_552' title='bbox 3108 4478 3299 4532; x_wconf 84' lang='lat' dir='ltr'>intima</span> <span class='ocrx_word' id='word_1_553' title='bbox 3326 4486 3561 4550; x_wconf 88' lang='lat' dir='ltr'>pressat,</span> 
     </span>
    </p>
   </div>
   <div class='ocr_carea' id='block_1_92' title="bbox 2090 4556 3561 4632">
    <p class='ocr_par' dir='ltr' id='par_1_92' title="bbox 2090 4556 3561 4632">
     <span class='ocr_line' id='line_1_93' title="bbox 2090 4556 3561 4632; baseline 0.008 -21"><span class='ocrx_word' id='word_1_554' title='bbox 2090 4556 2551 4632; x_wconf 87' lang='lat' dir='ltr'>Componensque</span> <span class='ocrx_word' id='word_1_555' title='bbox 2584 4561 2756 4616; x_wconf 90' lang='lat' dir='ltr'>animi</span> <span class='ocrx_word' id='word_1_556' title='bbox 2788 4563 2927 4619; x_wconf 90' lang='lat' dir='ltr'>sudo</span> <span class='ocrx_word' id='word_1_557' title='bbox 2958 4566 3337 4622; x_wconf 90' lang='lat' dir='ltr'>moderamine</span> <span class='ocrx_word' id='word_1_558' title='bbox 3370 4569 3561 4623; x_wconf 86' lang='lat' dir='ltr'>turbas</span> 
     </span>
    </p>
   </div>
   <div class='ocr_carea' id='block_1_93' title="bbox 2090 4653 3532 4732">
    <p class='ocr_par' dir='ltr' id='par_1_93' title="bbox 2090 4653 3532 4732">
     <span class='ocr_line' id='line_1_94' title="bbox 2090 4653 3532 4732; baseline 0.008 -25"><span class='ocrx_word' id='word_1_559' title='bbox 2090 4653 2321 4709; x_wconf 83' lang='lat' dir='ltr'>Conficit</span> <span class='ocrx_word' id='word_1_560' title='bbox 2360 4656 2672 4712; x_wconf 84' lang='lat' dir='ltr'>edomitans</span> <span class='ocrx_word' id='word_1_561' title='bbox 2703 4659 2968 4717; x_wconf 85' lang='lat' dir='ltr'>lascivum</span> <span class='ocrx_word' id='word_1_562' title='bbox 3000 4663 3247 4732; x_wconf 90' lang='lat' dir='ltr'>pondere</span> <span class='ocrx_word' id='word_1_563' title='bbox 3279 4664 3532 4732; x_wconf 89' lang='lat' dir='ltr'>asellum,</span> 
     </span>
    </p>
   </div>
   <div class='ocr_carea' id='block_1_94' title="bbox 357 4719 3500 4834">
    <p class='ocr_par' dir='ltr' id='par_1_94' title="bbox 357 4719 3500 4834">
     <span class='ocr_line' id='line_1_95' title="bbox 357 4719 3500 4834; baseline 0.011 -60"><span class='ocrx_word' id='word_1_564' title='bbox 357 4719 560 4775; x_wconf 89' lang='lat' dir='ltr'>Cellula</span> <span class='ocrx_word' id='word_1_565' title='bbox 584 4727 706 4791; x_wconf 89' lang='lat' dir='ltr'>post</span> <span class='ocrx_word' id='word_1_566' title='bbox 730 4723 978 4791; x_wconf 89' lang='lat' dir='ltr'>struitur,</span> <span class='ocrx_word' id='word_1_567' title='bbox 1015 4727 1251 4796; x_wconf 89' lang='lat' dir='ltr'>pedibus</span> <span class='ocrx_word' id='word_1_568' title='bbox 1280 4745 1402 4800; x_wconf 64' lang='lat' dir='ltr'>qua)</span> <span class='ocrx_word' id='word_1_569' title='bbox 1445 4740 1704 4801; x_wconf 88' lang='lat' dir='ltr'>quattuor</span> <span class='ocrx_word' id='word_1_570' title='bbox 1728 4736 1909 4806; x_wconf 83' lang='lat' dir='ltr'>ampla</span> <span class='ocrx_word' id='word_1_571' title='bbox 2008 4767 2063 4834; x_wconf 66' lang='grc' dir='ltr'>Ι)</span> <span class='ocrx_word' id='word_1_572' title='bbox 2092 4743 2310 4818; x_wconf 76' lang='lat' dir='ltr'>Frangit</span> <span class='ocrx_word' id='word_1_573' title='bbox 2333 4754 2387 4799; x_wconf 91' lang='lat' dir='ltr'>et</span> <span class='ocrx_word' id='word_1_574' title='bbox 2412 4753 2673 4802; x_wconf 85' lang='lat' dir='ltr'>extenuat</span> <span class='ocrx_word' id='word_1_575' title='bbox 2700 4719 3089 4822; x_wconf 81' lang='lat' dir='ltr'>bellorumque</span> <span class='ocrx_word' id='word_1_576' title='bbox 3113 4752 3303 4807; x_wconf 91' lang='lat' dir='ltr'>usibus</span> <span class='ocrx_word' id='word_1_577' title='bbox 3329 4760 3500 4823; x_wconf 92' lang='lat' dir='ltr'>aptat.</span> 
     </span>
    </p>
   </div>
   <div class='ocr_carea' id='block_1_95' title="bbox 357 4812 3374 4906">
    <p class='ocr_par' dir='ltr' id='par_1_95' title="bbox 357 4812 3374 4906">
     <span class='ocr_line' id='line_1_96' title="bbox 357 4812 3374 4906; baseline 0.01 -42"><span class='ocrx_word' id='word_1_578' title='bbox 357 4812 604 4867; x_wconf 90' lang='lat' dir='ltr'>Culmine</span> <span class='ocrx_word' id='word_1_579' title='bbox 635 4813 882 4885; x_wconf 91' lang='lat' dir='ltr'>quinque</span> <span class='ocrx_word' id='word_1_580' title='bbox 908 4817 1112 4886; x_wconf 88' lang='lat' dir='ltr'>pedum</span> <span class='ocrx_word' id='word_1_581' title='bbox 1144 4821 1436 4887; x_wconf 88' lang='lat' dir='ltr'>scandens,</span> <span class='ocrx_word' id='word_1_582' title='bbox 1472 4825 1817 4882; x_wconf 89' lang='lat' dir='ltr'>summissior</span> <span class='ocrx_word' id='word_1_583' title='bbox 1859 4830 1979 4898; x_wconf 87' lang='lat' dir='ltr'>ejus</span> <span class='ocrx_word' id='word_1_584' title='bbox 2009 4812 2277 4890; x_wconf 59' lang='lat' dir='ltr'>“Suetus</span> <span class='ocrx_word' id='word_1_585' title='bbox 2308 4836 2363 4890; x_wconf 89' lang='lat' dir='ltr'>in</span> <span class='ocrx_word' id='word_1_586' title='bbox 2392 4836 2645 4906; x_wconf 89' lang='lat' dir='ltr'>internis,</span> <span class='ocrx_word' id='word_1_587' title='bbox 2681 4840 2748 4893; x_wconf 90' lang='lat' dir='ltr'>ad</span> <span class='ocrx_word' id='word_1_588' title='bbox 2771 4840 3005 4897; x_wconf 88' lang='lat' dir='ltr'>barbara</span> <span class='ocrx_word' id='word_1_589' title='bbox 3026 4842 3219 4899; x_wconf 91' lang='lat' dir='ltr'>fortior</span> <span class='ocrx_word' id='word_1_590' title='bbox 3248 4844 3374 4899; x_wconf 85' lang='lat' dir='ltr'>exit.</span> 
     </span>
    </p>
   </div>
   <div class='ocr_carea' id='block_1_96' title="bbox 354 4907 1730 4991">
    <p class='ocr_par' dir='ltr' id='par_1_96' title="bbox 354 4907 1730 4991">
     <span class='ocr_line' id='line_1_97' title="bbox 354 4907 1730 4991; baseline 0.012 -32"><span class='ocrx_word' id='word_1_591' title='bbox 354 4907 593 4974; x_wconf 90' lang='lat' dir='ltr'>Statura,</span> <span class='ocrx_word' id='word_1_592' title='bbox 611 4909 844 4963; x_wconf 89' lang='lat' dir='ltr'>veniens</span> <span class='ocrx_word' id='word_1_593' title='bbox 876 4910 1101 4965; x_wconf 90' lang='lat' dir='ltr'>humilis</span> <span class='ocrx_word' id='word_1_594' title='bbox 1123 4922 1416 4984; x_wconf 87' lang='lat' dir='ltr'>caperetur</span> <span class='ocrx_word' id='word_1_595' title='bbox 1440 4927 1499 4973; x_wconf 90' lang='lat' dir='ltr'>ut</span> <span class='ocrx_word' id='word_1_596' title='bbox 1527 4919 1730 4991; x_wconf 88' lang='lat' dir='ltr'>hospes</span> 
     </span>
    </p>
   </div>
   <div class='ocr_carea' id='block_1_97' title="bbox 356 4994 1837 5079">
    <p class='ocr_par' dir='ltr' id='par_1_97' title="bbox 356 4994 1837 5079">
     <span class='ocr_line' id='line_1_98' title="bbox 356 4994 1837 5079; baseline 0.011 -31"><span class='ocrx_word' id='word_1_597' title='bbox 356 4994 595 5066; x_wconf 90' lang='lat' dir='ltr'>Corpore</span> <span class='ocrx_word' id='word_1_598' title='bbox 628 4996 758 5051; x_wconf 93' lang='lat' dir='ltr'>dum</span> <span class='ocrx_word' id='word_1_599' title='bbox 791 4998 1038 5066; x_wconf 85' lang='lat' dir='ltr'>recubat,</span> <span class='ocrx_word' id='word_1_600' title='bbox 1069 5003 1233 5071; x_wconf 90' lang='lat' dir='ltr'>paulo</span> <span class='ocrx_word' id='word_1_601' title='bbox 1267 5020 1391 5074; x_wconf 54' lang='lat' dir='ltr'>quia</span> <span class='ocrx_word' id='word_1_602' title='bbox 1432 5006 1649 5079; x_wconf 86' lang='lat' dir='ltr'>longior</span> <span class='ocrx_word' id='word_1_603' title='bbox 1688 5018 1837 5065; x_wconf 89' lang='lat' dir='ltr'>esset</span> 
     </span>
    </p>
   </div>
   <div class='ocr_carea' id='block_1_98' title="bbox 354 5086 1973 5172">
    <p class='ocr_par' dir='ltr' id='par_1_98' title="bbox 354 5086 1973 5172">
     <span class='ocr_line' id='line_1_99' title="bbox 354 5086 1973 5172; baseline 0.012 -32"><span class='ocrx_word' id='word_1_604' title='bbox 354 5086 524 5150; x_wconf 85' lang='lat' dir='ltr'>Quam</span> <span class='ocrx_word' id='word_1_605' title='bbox 550 5099 825 5145; x_wconf 89' lang='lat' dir='ltr'>non&#39;esse</span> <span class='ocrx_word' id='word_1_606' title='bbox 849 5090 1096 5156; x_wconf 90' lang='lat' dir='ltr'>domum,</span> <span class='ocrx_word' id='word_1_607' title='bbox 1132 5095 1401 5150; x_wconf 89' lang='lat' dir='ltr'>tumulum</span> <span class='ocrx_word' id='word_1_608' title='bbox 1433 5099 1530 5153; x_wconf 92' lang='lat' dir='ltr'>sed</span> <span class='ocrx_word' id='word_1_609' title='bbox 1564 5099 1701 5156; x_wconf 86' lang='lat' dir='ltr'>forte</span> <span class='ocrx_word' id='word_1_610' title='bbox 1732 5111 1973 5172; x_wconf 85' lang='lat' dir='ltr'>putares.</span> 
     </span>
    </p>
   </div>
   <div class='ocr_carea' id='block_1_99' title="bbox 354 5178 1671 5261">
    <p class='ocr_par' dir='ltr' id='par_1_99' title="bbox 354 5178 1671 5261">
     <span class='ocr_line' id='line_1_100' title="bbox 354 5178 1671 5261; baseline 0.012 -30"><span class='ocrx_word' id='word_1_611' title='bbox 354 5178 600 5233; x_wconf 87' lang='lat' dir='ltr'>Paschali</span> <span class='ocrx_word' id='word_1_612' title='bbox 630 5178 722 5235; x_wconf 89' lang='lat' dir='ltr'>ille</span> <span class='ocrx_word' id='word_1_613' title='bbox 744 5180 834 5236; x_wconf 89' lang='lat' dir='ltr'>die</span> <span class='ocrx_word' id='word_1_614' title='bbox 866 5183 1031 5239; x_wconf 89' lang='lat' dir='ltr'>modo</span> <span class='ocrx_word' id='word_1_615' title='bbox 1065 5186 1395 5242; x_wconf 87' lang='lat' dir='ltr'>tondebatur</span> <span class='ocrx_word' id='word_1_616' title='bbox 1425 5189 1480 5244; x_wconf 90' lang='lat' dir='ltr'>in</span> <span class='ocrx_word' id='word_1_617' title='bbox 1501 5206 1671 5261; x_wconf 89' lang='lat' dir='ltr'>anno,</span> 
     </span>
    </p>
   </div>
   <div class='ocr_carea' id='block_1_100' title="bbox 351 5267 1909 5354">
    <p class='ocr_par' dir='ltr' id='par_1_100' title="bbox 351 5267 1909 5354">
     <span class='ocr_line' id='line_1_101' title="bbox 351 5267 1909 5354; baseline 0.015 -35"><span class='ocrx_word' id='word_1_618' title='bbox 351 5267 471 5323; x_wconf 89' lang='lat' dir='ltr'>Non</span> <span class='ocrx_word' id='word_1_619' title='bbox 501 5273 722 5323; x_wconf 88' lang='lat' dir='ltr'>mutans</span> <span class='ocrx_word' id='word_1_620' title='bbox 750 5271 990 5327; x_wconf 89' lang='lat' dir='ltr'>tunicam</span> <span class='ocrx_word' id='word_1_621' title='bbox 1021 5274 1131 5329; x_wconf 91' lang='lat' dir='ltr'>nisi</span> <span class='ocrx_word' id='word_1_622' title='bbox 1164 5292 1287 5332; x_wconf 91' lang='lat' dir='ltr'>cum</span> <span class='ocrx_word' id='word_1_623' title='bbox 1326 5281 1550 5351; x_wconf 89' lang='lat' dir='ltr'>penitus</span> <span class='ocrx_word' id='word_1_624' title='bbox 1592 5284 1741 5354; x_wconf 91' lang='lat' dir='ltr'>prior</span> <span class='ocrx_word' id='word_1_625' title='bbox 1764 5294 1909 5342; x_wconf 89' lang='lat' dir='ltr'>esset</span> 
     </span>
    </p>
   </div>
   <div class='ocr_carea' id='block_1_101' title="bbox 352 5354 1706 5439">
    <p class='ocr_par' dir='ltr' id='par_1_101' title="bbox 352 5354 1706 5439">
     <span class='ocr_line' id='line_1_102' title="bbox 352 5354 1706 5439; baseline 0.014 -32"><span class='ocrx_word' id='word_1_626' title='bbox 352 5355 415 5408; x_wconf 88' lang='lat' dir='ltr'>lu</span> <span class='ocrx_word' id='word_1_627' title='bbox 446 5354 648 5423; x_wconf 87' lang='lat' dir='ltr'>pannis</span> <span class='ocrx_word' id='word_1_628' title='bbox 677 5357 918 5413; x_wconf 87' lang='lat' dir='ltr'>resoluta</span> <span class='ocrx_word' id='word_1_629' title='bbox 942 5360 1149 5433; x_wconf 89' lang='lat' dir='ltr'>pioque</span> <span class='ocrx_word' id='word_1_630' title='bbox 1178 5364 1470 5439; x_wconf 89' lang='lat' dir='ltr'>absumpta</span> <span class='ocrx_word' id='word_1_631' title='bbox 1498 5369 1706 5426; x_wconf 88' lang='lat' dir='ltr'>labore.</span> 
     </span>
    </p>
   </div>
   <div class='ocr_carea' id='block_1_102' title="bbox 348 5439 1758 5525">
    <p class='ocr_par' dir='ltr' id='par_1_102' title="bbox 348 5439 1758 5525">
     <span class='ocr_line' id='line_1_103' title="bbox 348 5439 1758 5525; baseline 0.016 -31"><span class='ocrx_word' id='word_1_632' title='bbox 348 5441 561 5495; x_wconf 90' lang='lat' dir='ltr'>Stratus</span> <span class='ocrx_word' id='word_1_633' title='bbox 602 5439 831 5496; x_wconf 86' lang='lat' dir='ltr'>humum</span> <span class='ocrx_word' id='word_1_634' title='bbox 871 5450 1073 5503; x_wconf 87' lang='lat' dir='ltr'>nudam</span> <span class='ocrx_word' id='word_1_635' title='bbox 1098 5454 1380 5510; x_wconf 90' lang='lat' dir='ltr'>sternebat</span> <span class='ocrx_word' id='word_1_636' title='bbox 1400 5457 1641 5525; x_wconf 89' lang='lat' dir='ltr'>junceus</span> <span class='ocrx_word' id='word_1_637' title='bbox 1682 5461 1758 5515; x_wconf 91' lang='lat' dir='ltr'>illi</span> 
     </span>
    </p>
   </div>
   <div class='ocr_carea' id='block_1_103' title="bbox 393 5548 1971 5648">
    <p class='ocr_par' dir='ltr' id='par_1_103' title="bbox 393 5548 1971 5648">
     <span class='ocr_line' id='line_1_104' title="bbox 393 5548 1971 5648; baseline 0.007 -27"><span class='ocrx_word' id='word_1_638' title='bbox 986 5561 1280 5648; x_wconf 57' lang='lat' dir='ltr'>llilarienis</span> <span class='ocrx_word' id='word_1_639' title='bbox 1323 5569 1503 5648; x_wconf 77' lang='lat' dir='ltr'>_Vitam</span> <span class='ocrx_word' id='word_1_640' title='bbox 1538 5572 1681 5628; x_wconf 89' lang='lat' dir='ltr'>inter</span> <span class='ocrx_word' id='word_1_641' title='bbox 1711 5576 1887 5648; x_wconf 88' lang='lat' dir='ltr'>Opera</span> <span class='ocrx_word' id='word_1_642' title='bbox 1917 5579 1971 5632; x_wconf 88' lang='lat' dir='ltr'>S.</span> 
     </span>
    </p>
   </div>
   <div class='ocr_carea' id='block_1_104' title="bbox 343 5621 1862 5701">
    <p class='ocr_par' dir='ltr' id='par_1_104' title="bbox 343 5621 1862 5701">
     <span class='ocr_line' id='line_1_105' title="bbox 343 5621 1862 5701; baseline 0.019 -28"><span class='ocrx_word' id='word_1_643' title='bbox 343 5621 865 5701; x_wconf 23' lang='lat' dir='ltr'>lliergpyn&#39;i&#39;igtomo</span> <span class='ocrx_word' id='word_1_644' title='bbox 898 5627 941 5701; x_wconf 87' lang='lat' dir='ltr'>_n</span> <span class='ocrx_word' id='word_1_645' title='bbox 984 5630 1128 5701; x_wconf 57' lang='grc' dir='ltr'>ψη,</span> <span class='ocrx_word' id='word_1_646' title='bbox 1159 5621 1862 5701; x_wconf 54' lang='grc' dir='ltr'>Ρςιιιεοιοέίὶὲὲίὅὲἱιῖ’)ίῖεέἰῖίξ</span> 
     </span>
    </p>
   </div>
   <div class='ocr_carea' id='block_1_105' title="bbox 413 5685 1974 5775">
    <p class='ocr_par' dir='ltr' id='par_1_105' title="bbox 413 5685 1974 5775">
     <span class='ocr_line' id='line_1_106' title="bbox 413 5685 1974 5775; baseline 0.017 -27"><span class='ocrx_word' id='word_1_647' title='bbox 413 5685 563 5761; x_wconf 76' lang='grc' dir='ltr'>(16οί</span> <span class='ocrx_word' id='word_1_648' title='bbox 612 5685 838 5740; x_wconf 80' lang='lat' dir='ltr'>Hieron.</span> <span class='ocrx_word' id='word_1_649' title='bbox 896 5694 948 5749; x_wconf 89' lang='lat' dir='ltr'>in</span> <span class='ocrx_word' id='word_1_650' title='bbox 1004 5685 1510 5765; x_wconf 35' lang='lat' dir='ltr'>Vita&#39;Malchioiii‘s’:</span> <span class='ocrx_word' id='word_1_651' title='bbox 1540 5685 1974 5775; x_wconf 46' lang='lat' dir='ltr'>“(lmAuéiEHéimo</span> 
     </span>
    </p>
   </div>
   <div class='ocr_carea' id='block_1_106' title="bbox 2080 4924 3565 5004">
    <p class='ocr_par' dir='ltr' id='par_1_106' title="bbox 2080 4924 3565 5004">
     <span class='ocr_line' id='line_1_107' title="bbox 2080 4924 3565 5004; baseline 0.009 -28"><span class='ocrx_word' id='word_1_652' title='bbox 2080 4924 2230 4979; x_wconf 87' lang='lat' dir='ltr'>Bella</span> <span class='ocrx_word' id='word_1_653' title='bbox 2259 4927 2481 4982; x_wconf 89' lang='lat' dir='ltr'>trahens</span> <span class='ocrx_word' id='word_1_654' title='bbox 2514 4928 2684 4984; x_wconf 89' lang='lat' dir='ltr'>hostis</span> <span class='ocrx_word' id='word_1_655' title='bbox 2709 4931 2877 4986; x_wconf 82' lang='lat' dir='ltr'>variis</span> <span class='ocrx_word' id='word_1_656' title='bbox 2909 4933 3055 4987; x_wconf 92' lang='lat' dir='ltr'>hunc</span> <span class='ocrx_word' id='word_1_657' title='bbox 3090 4942 3353 5004; x_wconf 89' lang='lat' dir='ltr'>provocat</span> <span class='ocrx_word' id='word_1_658' title='bbox 3374 4935 3565 5003; x_wconf 88' lang='lat' dir='ltr'>armis,</span> 
     </span>
    </p>
   </div>
   <div class='ocr_carea' id='block_1_107' title="bbox 2081 5015 3362 5095">
    <p class='ocr_par' dir='ltr' id='par_1_107' title="bbox 2081 5015 3362 5095">
     <span class='ocr_line' id='line_1_108' title="bbox 2081 5015 3362 5095; baseline 0.009 -26"><span class='ocrx_word' id='word_1_659' title='bbox 2081 5015 2225 5071; x_wconf 83' lang='lat' dir='ltr'>Mille</span> <span class='ocrx_word' id='word_1_660' title='bbox 2259 5019 2399 5088; x_wconf 90' lang='lat' dir='ltr'>petit</span> <span class='ocrx_word' id='word_1_661' title='bbox 2429 5018 2606 5089; x_wconf 84' lang='lat' dir='ltr'>furtis,</span> <span class='ocrx_word' id='word_1_662' title='bbox 2650 5021 2940 5095; x_wconf 83' lang='lat' dir='ltr'>impugnat</span> <span class='ocrx_word' id='word_1_663' title='bbox 2979 5026 3131 5081; x_wconf 90' lang='lat' dir='ltr'>mille</span> <span class='ocrx_word' id='word_1_664' title='bbox 3162 5026 3362 5082; x_wconf 91' lang='lat' dir='ltr'>duellis</span> 
     </span>
    </p>
   </div>
   <div class='ocr_carea' id='block_1_108' title="bbox 2082 5107 3543 5195">
    <p class='ocr_par' dir='ltr' id='par_1_108' title="bbox 2082 5107 3543 5195">
     <span class='ocr_line' id='line_1_109' title="bbox 2082 5107 3543 5195; baseline 0.009 -34"><span class='ocrx_word' id='word_1_665' title='bbox 2082 5107 2245 5163; x_wconf 89' lang='lat' dir='ltr'>Pusio</span> <span class='ocrx_word' id='word_1_666' title='bbox 2277 5111 2426 5181; x_wconf 89' lang='lat' dir='ltr'>quod</span> <span class='ocrx_word' id='word_1_667' title='bbox 2459 5114 2625 5187; x_wconf 80' lang='lat' dir='ltr'>vagit,</span> <span class='ocrx_word' id='word_1_668' title='bbox 2660 5114 2745 5168; x_wconf 84' lang='lat' dir='ltr'>vel</span> <span class='ocrx_word' id='word_1_669' title='bbox 2771 5115 2919 5187; x_wconf 91' lang='lat' dir='ltr'>quod</span> <span class='ocrx_word' id='word_1_670' title='bbox 2952 5117 3278 5173; x_wconf 88' lang='lat' dir='ltr'>muliercula</span> <span class='ocrx_word' id='word_1_671' title='bbox 3308 5118 3543 5195; x_wconf 88' lang='lat' dir='ltr'>plangit,</span> 
     </span>
    </p>
   </div>
   <div class='ocr_carea' id='block_1_109' title="bbox 2081 5197 3545 5280">
    <p class='ocr_par' dir='ltr' id='par_1_109' title="bbox 2081 5197 3545 5280">
     <span class='ocr_line' id='line_1_110' title="bbox 2081 5197 3545 5280; baseline 0.009 -29"><span class='ocrx_word' id='word_1_672' title='bbox 2081 5197 2233 5262; x_wconf 88' lang='lat' dir='ltr'>Quod</span> <span class='ocrx_word' id='word_1_673' title='bbox 2260 5200 2436 5274; x_wconf 88' lang='lat' dir='ltr'>mugit</span> <span class='ocrx_word' id='word_1_674' title='bbox 2461 5201 2580 5269; x_wconf 89' lang='lat' dir='ltr'>bos,</span> <span class='ocrx_word' id='word_1_675' title='bbox 2615 5201 2762 5257; x_wconf 88' lang='lat' dir='ltr'>balat</span> <span class='ocrx_word' id='word_1_676' title='bbox 2792 5204 2932 5271; x_wconf 83' lang='lat' dir='ltr'>ovis,</span> <span class='ocrx_word' id='word_1_677' title='bbox 2965 5206 3113 5277; x_wconf 90' lang='lat' dir='ltr'>quod</span> <span class='ocrx_word' id='word_1_678' title='bbox 3135 5206 3317 5262; x_wconf 90' lang='lat' dir='ltr'>bellua</span> <span class='ocrx_word' id='word_1_679' title='bbox 3334 5209 3545 5280; x_wconf 85' lang='lat' dir='ltr'>gannit.</span> 
     </span>
    </p>
   </div>
   <div class='ocr_carea' id='block_1_110' title="bbox 2080 5289 3579 5368">
    <p class='ocr_par' dir='ltr' id='par_1_110' title="bbox 2080 5289 3579 5368">
     <span class='ocr_line' id='line_1_111' title="bbox 2080 5289 3579 5368; baseline 0.011 -27"><span class='ocrx_word' id='word_1_680' title='bbox 2080 5289 2376 5359; x_wconf 85' lang='lat' dir='ltr'>Admonet,</span> <span class='ocrx_word' id='word_1_681' title='bbox 2406 5302 2571 5365; x_wconf 89' lang='lat' dir='ltr'>atque</span> <span class='ocrx_word' id='word_1_682' title='bbox 2603 5295 2980 5364; x_wconf 88' lang='lat' dir='ltr'>pavendorum</span> <span class='ocrx_word' id='word_1_683' title='bbox 3013 5303 3268 5368; x_wconf 88' lang='lat' dir='ltr'>portenta</span> <span class='ocrx_word' id='word_1_684' title='bbox 3290 5315 3579 5368; x_wconf 90' lang='lat' dir='ltr'>sonorum,</span> 
     </span>
    </p>
   </div>
   <div class='ocr_carea' id='block_1_111' title="bbox 2081 5380 3451 5453">
    <p class='ocr_par' dir='ltr' id='par_1_111' title="bbox 2081 5380 3451 5453">
     <span class='ocr_line' id='line_1_112' title="bbox 2081 5380 3451 5453; baseline 0.009 -19"><span class='ocrx_word' id='word_1_685' title='bbox 2081 5380 2143 5435; x_wconf 87' lang='lat' dir='ltr'>Et</span> <span class='ocrx_word' id='word_1_686' title='bbox 2173 5382 2433 5453; x_wconf 88' lang='lat' dir='ltr'>strepitus</span> <span class='ocrx_word' id='word_1_687' title='bbox 2456 5386 2819 5441; x_wconf 83' lang='lat' dir='ltr'>exercituum.</span> <span class='ocrx_word' id='word_1_688' title='bbox 2856 5387 3028 5451; x_wconf 91' lang='lat' dir='ltr'>Quem</span> <span class='ocrx_word' id='word_1_689' title='bbox 3058 5404 3195 5445; x_wconf 89' lang='lat' dir='ltr'>voce</span> <span class='ocrx_word' id='word_1_690' title='bbox 3223 5406 3451 5447; x_wconf 84' lang='lat' dir='ltr'>movere</span> 
     </span>
    </p>
   </div>
   <div class='ocr_carea' id='block_1_112' title="bbox 2082 5472 3547 5545">
    <p class='ocr_par' dir='ltr' id='par_1_112' title="bbox 2082 5472 3547 5545">
     <span class='ocr_line' id='line_1_113' title="bbox 2082 5472 3547 5545; baseline 0.01 -20"><span class='ocrx_word' id='word_1_691' title='bbox 2082 5472 2215 5526; x_wconf 86' lang='lat' dir='ltr'>Dum</span> <span class='ocrx_word' id='word_1_692' title='bbox 2251 5474 2465 5545; x_wconf 87' lang='lat' dir='ltr'>nequit,</span> <span class='ocrx_word' id='word_1_693' title='bbox 2508 5476 2780 5534; x_wconf 87' lang='lat' dir='ltr'>horrificis</span> <span class='ocrx_word' id='word_1_694' title='bbox 2803 5484 2976 5534; x_wconf 88' lang='lat' dir='ltr'>tentat</span> <span class='ocrx_word' id='word_1_695' title='bbox 2995 5488 3353 5537; x_wconf 92' lang='lat' dir='ltr'>consternere</span> <span class='ocrx_word' id='word_1_696' title='bbox 3383 5484 3547 5540; x_wconf 84' lang='lat' dir='ltr'>visis:</span> 
     </span>
    </p>
   </div>
   <div class='ocr_carea' id='block_1_113' title="bbox 2079 5581 3713 5661">
    <p class='ocr_par' dir='ltr' id='par_1_113' title="bbox 2079 5581 3713 5661">
     <span class='ocr_line' id='line_1_114' title="bbox 2079 5581 3713 5661; baseline 0.013 -28"><span class='ocrx_word' id='word_1_697' title='bbox 2079 5581 2255 5661; x_wconf 82' lang='lat' dir='ltr'>primo</span> <span class='ocrx_word' id='word_1_698' title='bbox 2284 5598 2645 5661; x_wconf 45' lang='lat' dir='ltr'>annohusqne</span> <span class='ocrx_word' id='word_1_699' title='bbox 2678 5588 2745 5661; x_wconf 77' lang='lat' dir='ltr'>ad</span> <span class='ocrx_word' id='word_1_700' title='bbox 2799 5589 3120 5661; x_wconf 78' lang='lat' dir='ltr'>vicesimum</span> <span class='ocrx_word' id='word_1_701' title='bbox 3152 5592 3474 5661; x_wconf 87' lang='lat' dir='ltr'>septimum,</span> <span class='ocrx_word' id='word_1_702' title='bbox 3535 5597 3713 5654; x_wconf 89' lang='lat' dir='ltr'>tribus</span> 
     </span>
    </p>
   </div>
   <div class='ocr_carea' id='block_1_114' title="bbox 2076 5652 3712 5744">
    <p class='ocr_par' dir='ltr' id='par_1_114' title="bbox 2076 5652 3712 5744">
     <span class='ocr_line' id='line_1_115' title="bbox 2076 5652 3712 5744; baseline 0.014 -42"><span class='ocrx_word' id='word_1_703' title='bbox 2076 5652 2239 5744; x_wconf 57' lang='lat' dir='ltr'>annis</span> <span class='ocrx_word' id='word_1_704' title='bbox 2266 5652 2573 5744; x_wconf 48' lang='lat' dir='ltr'>dimidiu‘rn&#39;</span> <span class='ocrx_word' id='word_1_705' title='bbox 2606 5659 2775 5744; x_wconf 39' lang='lat' dir='ltr'>lentis.</span> <span class='ocrx_word' id='word_1_706' title='bbox 2815 5660 3111 5744; x_wconf 71' lang='lat' dir='ltr'>sextarium</span> <span class='ocrx_word' id='word_1_707' title='bbox 3162 5652 3537 5744; x_wconf 70' lang='lat' dir='ltr'>madefactum</span> <span class='ocrx_word' id='word_1_708' title='bbox 3570 5652 3712 5744; x_wconf 77' lang='lat' dir='ltr'>aqua</span> 
     </span>
    </p>
   </div>
   <div class='ocr_carea' id='block_1_115' title="bbox 2077 5721 3234 5798">
    <p class='ocr_par' dir='ltr' id='par_1_115' title="bbox 2077 5721 3234 5798">
     <span class='ocr_line' id='line_1_116' title="bbox 2077 5721 3234 5798; baseline 0.011 -24"><span class='ocrx_word' id='word_1_709' title='bbox 2077 5721 2277 5795; x_wconf 79' lang='lat' dir='ltr'>frigida</span> <span class='ocrx_word' id='word_1_710' title='bbox 2308 5727 2570 5793; x_wconf 87' lang='lat' dir='ltr'>comedit,</span> <span class='ocrx_word' id='word_1_711' title='bbox 2603 5739 2657 5783; x_wconf 91' lang='lat' dir='ltr'>et</span> <span class='ocrx_word' id='word_1_712' title='bbox 2686 5728 2810 5785; x_wconf 90' lang='lat' dir='ltr'>aliis</span> <span class='ocrx_word' id='word_1_713' title='bbox 2843 5732 3037 5798; x_wconf 87' lang='lat' dir='ltr'>tribus,</span> <span class='ocrx_word' id='word_1_714' title='bbox 3067 5753 3091 5784; x_wconf 83' lang='lat'><strong><em>»</em></strong></span> <span class='ocrx_word' id='word_1_715' title='bbox 3131 5742 3234 5789; x_wconf 89' lang='lat' dir='ltr'>etc.</span> 
     </span>
    </p>
   </div>
  </div>
