3874 6422
396 392 503 450 535

1164 380 1532 437 FLODOABDI
1575 380 1880 439 CANONlCl
1921 374 2249 432 REMENSIS
2289 373 2625 431 OPUSCULA
2665 375 2975 431 METRICA.

3653 378 3768 436 536

396 520 507 576 Sed
535 532 721 590 neque
740 531 868 587 pars
886 528 1075 569 aversa
1100 510 1245 576 silet,
1269 509 1442 565 virtus
1467 510 1599 581 quia
1631 510 1841 564 Marnas
1862 508 2014 580 (161)
2043 515 2092 580 Α
2118 506 2201 561 Me
2232 512 2426 574 terres,
2452 506 2597 561 idem
2622 506 2676 561 in
2700 521 2924 579 magno,
2957 504 3052 577 qui
3084 505 3139 559 in
3155 506 3340 578 vulpe,
3361 508 3603 575 camelo,

395 608 689 678 Subjaceat
709 604 921 659 Christo
951 620 965 668 ;
999 599 1244 671 fideique
1274 598 1490 654 occasio
1522 598 1708 653 multis

397 705 509 760 Hoc
540 704 654 773 jam
683 707 791 755 tam
823 711 1061 770 prOpero
1090 693 1362 766 praefulsit
1393 699 1545 764 parta
1571 693 1877 764 triumpho.

467 795 674 870 Anguis
704 793 792 847 hic
816 789 1025 862 antiqui
1059 789 1203 842 vires
1228 786 1497 843 vacuabat
1535 793 1589 841 et
1616 793 1806 852 artem,

397 891 508 945 Nec
532 902 717 944 coram
750 883 929 956 posito
958 880 1206 957 figmenti
1237 887 1481 935 monstra
1509 879 1789 934 valebant.

396 978 629 1032 Sacrata:
663 971 886 1043 juvenis
907 968 1175 1044 ﬂagrabat
1200 967 1429 1040 virginis
1456 967 1608 1041 igne,

397 1070 632 1127 Ludicra
662 1068 1000 1140 praetulerat,
1032 1064 1131 1119 sed
1162 1062 1418 1138 frangere
1444 1069 1569 1117 vota
1595 1061 1880 1134 nequibat.

400 1163 553 1219 Haud
573 1176 739 1236 grave
757 1158 909 1213 ducit
953 1158 1059 1212 iter
1084 1156 1439 1226 Memphitem
1468 1155 1700 1209 tendere
1723 1153 1776 1207 in
1806 1152 2024 1220 urbem,

368 1248 371 1251 ’
397 1256 763 1323 Armaturque
793 1249 936 1305 dolis
960 1248 1160 1303 Christi
1189 1254 1249 1302 ut
1278 1261 1539 1317 superare
1569 1245 1776 1299 monile

397 1346 713 1402 Praevaleat.
747 1341 940 1397 Totum
979 1340 1138 1396 vanis
1162 1340 1236 1394 ita
1258 1338 1457 1393 deterit
1485 1353 1690 1391 annum
1724 1354 1738 1402 ;

400 1436 532 1491 Inde
557 1431 692 1489 vafri
720 1430 946 1486 rediens
972 1430 1271 1483 instructus
1301 1427 1495 1481 fraude
1523 1425 1754 1487 colubri,

397 1528 910 1595 Prmsumptumque
934 1535 1134 1595 gerens
1164 1518 1334 1573 animi
1352 1516 1693 1590 grassamine
1706 1515 1937 1582 crimen,

398 1619 509 1686 1E5,
540 1618 711 1671 limen
743 1614 954 1680 subter,
986 1611 1239 1683 quaedam
1270 1610 1338 1665 ad
1382 1616 1635 1680 portenta
1672 1615 1917 1664 notatum

398 1714 639 1781 Defodit,
657 1710 925 1781 adjiciens
944 1707 1146 1782 magici
1174 1706 1290 1761 fera
1319 1721 1601 1760 murmura
1622 1704 1809 1760 vincli.

403 1804 557 1859 Ilicet
589 1799 854 1863 insanire,
896 1803 1080 1868 caput,
1111 1794 1387 1850 velamine
1415 1793 1573 1849 vulso

399 1899 561 1971 Virgo
588 1904 798 1961 rotans,
837 1891 1035 1948 diﬂ'usa
1062 1907 1250 1946 comas
1266 1896 1321 1945 et
1345 1889 1579 1945 stridula
1609 1889 1777 1945 dente

400 1991 607 2046 Ardore
640 1987 892 2053 incendi,
926 2000 1164 2057 puerum
1198 1983 1439 2038 clamore
1478 1997 1699 2038 vocare.

405 2085 663 2140 Traditur
684 2090 805 2138 acta
834 2080 977 2148 seni,
1013 2078 1211 2153 retegit
1237 2076 1325 2133 cui
1358 2076 1507 2133 larva
1531 2076 1773 2147 piaclum

406 2178 685 2249 Ejululans
715 2183 771 2232 et
798 2174 943 2230 furta
968 2172 1169 2238 fatens,
1197 2171 1512 2242 Memphyte
1541 2177 1816 2238 vocatum,

403 2272 465 2327 Vi
487 2273 737 2337 ductum,
770 2272 1042 2323 tormenta
1071 2264 1204 2337 pati,
1234 2263 1414 2319 crucis
1445 2263 1665 2336 ignibus
1693 2263 1800 2318 uri.

405 2360 587 2436 Cogis,
613 2358 714 2427 ait,
746 2373 835 2412 me
860 2356 1007 2411 exire
1036 2360 1187 2410 tenet
1218 2369 1383 2425 quem
1406 2352 1577 2407 limen
1608 2353 1886 2408 adactum.

405 2453 600 2527 Magna
626 2448 832 2519 (senex)
847 2447 1020 2503 virtus
1047 2462 1210 2518 quem
1242 2445 1447 2499 lamina
1476 2443 1603 2498 licia
1635 2443 1898 2499 nectunt!

408 2542 512 2597 Cur
541 2557 653 2596 non
685 2538 837 2594 hunc
860 2535 1048 2609 potius
1079 2534 1175 2606 qui
1204 2540 1256 2589 te
1287 2532 1602 2589 immitebat
1630 2533 1780 2587 inisti
1811 2532 1839 2585 ‘?

405 2630 633 2702 thuid,
661 2628 759 2696 ait,
794 2625 1009 2701 collega
1038 2640 1219 2691 meus,
1242 2639 1407 2695 quem
1440 2623 1657 2677 dmmon
1687 2623 1892 2678 amoris

405 2722 757 2793 Illaquearat,
781 2733 887 2793 ego
908 2717 1236 2787 impeterem
1272 2713 1301 2766 ‘P
1330 2713 1440 2770 Sed
1460 2714 1614 2788 virgo
1647 2713 1891 2787 sigillum

405 2810 483 2864 Ne
508 2814 710 2863 tereret
724 2805 902 2877 rapui.
924 2803 1123 2859 Fecisti
1146 2802 1371 2868 invitus,
1395 2809 1449 2857 at
1478 2803 1566 2856 exi

408 2899 669 2964 Perdere,
698 2912 812 2951 non
843 2910 1066 2950 servare
1093 2894 1302 2959 solens,
1333 2892 1602 2963 pellitque
1634 2892 1875 2948 ferocem

405 2988 517 3042 Nec
538 2987 804 3056 juvenem
835 2988 1137 3055 exspectat,
1173 2980 1382 3036 fraudis
1413 2981 1651 3055 vestigia
1681 2982 1887 3050 vitans;

402 3076 655 3147 Increpat
674 3079 923 3145 ereptam
948 3086 1059 3125 non
1081 3085 1140 3124 se
1165 3069 1372 3123 cavisse
1396 3068 1661 3140 puellam.

471 3169 592 3222 Non
624 3165 790 3220 modo
817 3163 1030 3219 vicinas
1061 3161 1227 3216 urbes
1259 3160 1350 3232 pia
1390 3159 1536 3214 fama
1559 3161 1815 3230 replerat.

400 3258 542 3324 Quin
572 3254 863 3329 longinqui
886 3254 1052 3309 etiam
1073 3260 1270 3327 gentes
1306 3252 1583 3307 exciverat
1613 3252 1782 3307 orbis.

402 3351 469 3406 Ut
500 3347 723 3413 nostris,
749 3345 944 3418 procul
976 3361 1005 3399 e
1032 3345 1191 3400 terris
1223 3344 1459 3399 Orientis
1491 3344 1544 3399 in
1569 3360 1746 3410 axem,

402 3442 657 3505 Quzerere
683 3436 989 3492 salviticum
1018 3435 1285 3511 delegerit
1306 3435 1398 3490 ille
1427 3434 1742 3489 medentem

404 3532 738 3587 Francorum
768 3528 1000 3583 illustris
1028 3542 1190 3598 quem
1219 3527 1467 3597 jussibus
1499 3527 1860 3598 induperator

405 3621 770 3691 Prosequitur
799 3619 1024 3687 chartis,
1058 3619 1318 3674 comitatu
1375 3626 1429 3674 et
1456 3619 1765 3675 honoribus
1792 3624 2011 3674 auctum

405 3715 506 3781 Qui
529 3714 685 3770 furvo
715 3730 747 3768 a
784 3726 957 3782 puero
990 3726 1282 3781 possessus
1316 3710 1593 3777 daemone,
1625 3719 1794 3765 noctu

407 3802 677 3859 Dentibus
702 3801 1021 3867 infremere,
1044 3805 1097 3853 et
1123 3815 1370 3873 gemere,
1395 3807 1560 3870 atque
1585 3798 1798 3854 ululare
1820 3806 2031 3867 suetus,

406 3899 644 3970 Diraque
675 3896 843 3969 ﬂagra
866 3894 1072 3960 ferens,
1099 3894 1349 3965 requiem
1382 3892 1731 3948 intormenta
1762 3893 2029 3948 trahebat.

410 3987 574 4055 Cujus
596 3987 651 4041 in
676 3984 1008 4055 obsequium
1049 3984 1234 4054 plures
1263 3982 1334 4037 ob
1368 3982 1507 4053 patri
1539 3998 1785 4038 amorem

408 4079 742 4142 Procedunt,
775 4076 927 4132 videt
956 4084 1016 4131 ut
1046 4076 1263 4129 turbam
1296 4075 1599 4143 benedicit,
1632 4075 1788 4130 abire

408 4170 741 4241 Prmcipiens
779 4168 985 4233 senior,
1004 4167 1383 4237 juvenemque
1406 4183 1647 4238 suosque
1678 4184 1927 4233 manere,

410 4263 544 4317 Nam
576 4276 797 4316 causam
822 4259 1092 4314 adventus
1118 4273 1184 4312 ex
1214 4258 1335 4327 ipso
1354 4258 1611 4333 intelligit
1633 4274 1750 4313 ore.

411 4353 533 4408 Mox
556 4351 822 4425 rogitatus
855 4350 1040 4405 homo.
1074 4349 1288 4419 rapitur
1317 4348 1405 4403 vix
1438 4355 1667 4422 tangere
1699 4356 1898 4404 terram

412 4443 480 4498 Ut
507 4442 743 4514 pedibus
774 4441 973 4507 valeat,
1008 4440 1255 4511 loquitur
1293 4454 1549 4493 sermone
1590 4439 1850 4509 Syrorum

410 4536 562 4591 Tunc
592 4535 828 4605 primum
859 4532 1070 4599 audito,
1110 4548 1340 4587 servans
1381 4531 1643 4587 idiomata
1676 4533 1901 4607 linguae,

412 4627 526 4682 Nec
544 4626 727 4680 minus
757 4625 1010 4680 etGrzeco
1038 4625 1238 4679 citatus
1262 4624 1528 4695 [scitatus]
1551 4624 1754 4678 famine
1778 4626 1967 4695 pollet.

411 4718 742 4773 Prteteriens
770 4717 950 4773 varias
981 4717 1189 4788 quibus
1218 4717 1309 4771 hic
1338 4716 1701 4787 sit-praeditus
1731 4723 1898 4783 artes,

412 4809 648 4865 Nomine
675 4815 730 4864 et
764 4810 999 4879 imperio
1027 4808 1228 4864 Christi
1259 4816 1502 4870 curatus,
1535 4817 1593 4862 ut
1626 4816 1743 4862 atra

413 4899 574 4954 Peste
602 4898 753 4972 viget
778 4899 940 4964 liber,
976 4898 1239 4952 librarum
1268 4897 1516 4967 pondera
1557 4896 1762 4966 profert

414 4990 779 5059 Simpllcitate
805 4995 1007 5061 putans
1028 4988 1144 5042 auri
1175 4988 1381 5041 debere
1404 4988 1609 5042 talenta
1635 5005 1649 5052 ;

417 5080 632 5135 Hordea
662 5079 731 5133 ab
765 5079 871 5133 hoc
900 5078 997 5132 sed
1028 5094 1168 5148 pane
1191 5078 1358 5148 capit,
1391 5076 1555 5131 simul
1584 5076 1811 5147 insuper
1842 5079 1997 5134 audit
2028 5098 2039 5133 :

413 5169 620 5223 Aurum
647 5169 797 5239 quod
830 5184 1042 5223 caenum
1077 5173 1334 5238 reputent
1357 5166 1451 5238 qui
1484 5165 1614 5221 talia
1643 5178 1881 5223 sumant.

484 5261 606 5315 Non
638 5260 890 5315 homines
919 5261 1084 5316 modo
1109 5259 1398 5326 reddebat,
1433 5259 1568 5331 quin
1594 5259 1756 5315 bruta
1782 5261 1964 5316 saluti.

415 5354 482 5410 Ut
516 5356 711 5409 Bactra
734 5356 1014 5425 quondam
1047 5356 1273 5410 ductnm
1307 5355 1533 5427 regione
1565 5356 1858 5423 camelum,

414 5443 589 5507 Quem
619 5441 847 5496 terdena
883 5446 1060 5501 virum
1087 5447 1191 5500 sibi
1223 5453 1447 5518 pectora
1468 5445 1691 5502 funibus
1714 5458 1897 5502 actum
1987 5499 1990 5503 .

412 5532 749 5588 Praesentem
779 5531 1044 5591 dederant
1074 5556 1087 5590 :
1118 5538 1370 5593 rabidum
1397 5539 1925 5611 quilinquerejussi,

408 5620 722 5691 Diffugiunt
758 5635 971 5695 Omnes,
998 5630 1279 5703 sociisque
1301 5649 1525 5688 manere
1559 5650 1660 5689 nec
1686 5636 1833 5690 ausis

406 5712 623 5769 Obvius
652 5705 745 5758 ille
778 5721 958 5768 meat:
992 5719 1105 5772 Non
1139 5724 1303 5791 mole,
1332 5722 1576 5795 diabolo,
1601 5732 1751 5780 vasta

469 5807 522 5879 (1
536 5796 637 5863 6-1)
664 5795 801 5849 ldoli
828 5800 1179 5868 Gazennium.

2118 596 2492 665 Proclamans,
2522 611 2870 672 pergensque
2906 595 3022 667 [pro
3042 595 3350 669 porrigens]
3387 613 3645 663 manum,
3670 598 3765 653 cui

3284 689 3529 760 [turbida
3560 691 3694 746 dire

2124 788 2299 858 Atque
2332 787 2571 841 immane
2602 785 2845 841 fremens
2874 786 3001 841 dum
3030 786 3279 857 proxima
3321 787 3508 843 bellua
3554 788 3768 845 fertur.

2128 875 2371 942 Labitur,
2403 882 2568 947 atque
2595 882 2760 946 caput
2793 874 2993 946 premit
3020 875 3359 946 exasquabile
3389 876 3573 932 terris.

2129 970 2395 1024 Mirantur
2424 970 2630 1038 cuncti,
2660 976 2810 1025 tanto
2841 977 3048 1025 terrore
3086 968 3358 1025 furentem

2127 1061 2257 1115 Tam
2279 1060 2482 1127 subito,
2520 1060 2609 1115 tali
2635 1060 2834 1116 factam
2863 1060 3128 1116 lenimine
3156 1062 3369 1119 mitem.

2198 1156 2307 1209 Nec
2327 1155 2471 1226 potis
2501 1162 2585 1210 est
2616 1171 2848 1210 numero
2877 1155 3059 1211 claudi
3091 1156 3444 1229 pedibusque
3467 1158 3634 1231 ligari

2130 1243 2285 1297 Omni
2328 1243 2471 1299 facta
2498 1243 2587 1298 die
2622 1261 2719 1315 per
2748 1260 2873 1299 eum
2903 1244 3167 1299 miracula
3191 1244 3336 1300 vitae.

2130 1336 2282 1390 llaud
2312 1337 2494 1391 minus
2524 1353 2621 1392 ore
2652 1345 2849 1407 potens
2871 1336 3057 1392 turbas
3084 1338 3341 1408 explebat
3365 1346 3564 1395 euntes

2130 1427 2427 1495 lrradians,
2460 1428 2528 1482 ad
2552 1428 2699 1483 celsa
2726 1444 2951 1495 vocans,
2974 1436 3030 1483 et
3056 1429 3112 1482 in
3135 1429 3307 1484 ardua
3335 1430 3573 1485 ductans
3601 1447 3618 1484 ι

2128 1519 2317 1574 Visere
2347 1528 2591 1575 semotos
2624 1536 2732 1574 non
2761 1536 3057 1591 spernens,
3100 1522 3313 1576 semina
3340 1522 3507 1577 Verbi

2128 1607 2309 1662 Laetus
2375 1624 2544 1680 agens
2577 1608 2790 1663 Domini
2834 1619 2888 1663 et
2913 1618 3157 1684 segetem
3199 1626 3402 1682 supero
3450 1611 3633 1667 imbre
3675 1629 3775 1668 ve-

3380 1702 3643 1774 [nustans
3677 1724 3693 1771 ;

2056 1792 2103 1859 13
2128 1789 2597 1863 Amplificansque
2625 1792 2718 1864 pio
2746 1793 3022 1865 proscissa
3049 1792 3268 1849 novalia
3310 1800 3511 1861 rastro,

2130 1883 2305 1958 Auget
2335 1884 2480 1939 culta
2508 1885 2603 1939 Dei
2635 1885 2809 1941 veteri
2838 1901 2981 1940 nova
3012 1886 3225 1940 semina
3256 1886 3433 1961 glebae

2131 1972 2437 2027 lnculcans.
2463 1975 2841 2049 Agarenorum
2872 1990 2973 2029 ceu
3004 1974 3196 2044 pandit
3227 1974 3412 2042 Elusa,

2133 2062 2299 2127 Quam
2332 2064 2623 2120 inveniens
2649 2064 2780 2120 olim
2824 2063 3097 2121 Cithereia
3129 2064 3267 2120 festa
3297 2066 3576 2135 litantem,

2132 2152 2249 2208 Non
2279 2152 2430 2224 prius
2457 2154 2674 2208 absistit
2701 2153 2957 2224 laerymis
2987 2161 3040 2208 et
3062 2153 3266 2209 famine
3298 2156 3445 2222 divo,

2134 2240 2393 2296 Ecclesiae
2421 2258 2585 2313 quam
2617 2243 2922 2298 condendae
2955 2242 3277 2298 fundamina
3307 2251 3544 2308 metans,

2135 2332 2456 2388 Pontiﬁcem
2479 2334 2651 2389 sacris
2674 2341 2732 2389 ut
2759 2343 2875 2389 erat
2905 2334 3128 2389 vittatus
3154 2335 3364 2391 Adonis

2137 2429 2421 2499 (Damone
2450 2446 2576 2484 nam
2610 2430 2771 2501 pulso
2804 2430 2991 2500 plures
3022 2438 3307 2486 curaverat
3339 2432 3557 2487 horum.

2137 2518 2377 2573 Adnotet
2408 2518 2611 2591 insigni
2642 2519 2957 2573 redimitum
2975 2526 3264 2575 stemmate
3289 2520 3509 2576 Christi.

2136 2610 2405 2680 Alapiona
2445 2610 2559 2665 fero
2583 2626 2822 2666 vacuans
2850 2610 3129 2665 afﬂamine
3159 2613 3331 2667 menti

2136 2706 2271 2760 Dum
2304 2706 2580 2773 redhibet,
2619 2707 2830 2761 Christo
2862 2706 3105 2773 lucrans,
3132 2705 3398 2762 affinibus
3428 2708 3609 2763 auctis

2137 2800 2384 2855 Nominis
2414 2800 2606 2855 aeterni
2640 2802 2963 2857 Bethlchem
2992 2800 3260 2856 attollitur
3284 2810 3479 2856 auctor
3505 2820 3520 2865 ς

2135 2894 2334 2964 Sicque
2375 2893 2731 2948 monasteriis
2757 2893 2912 2948 vicus
2941 2893 3189 2964 repletur
3219 2900 3272 2949 et
3298 2893 3456 2947 aulis.

2135 2989 2527 3060 Sollicitusque
2560 2995 2618 3043 ut
2649 2996 2784 3057 erat,
2820 2988 3045 3044 fratrum
3074 3005 3351 3061 praenosse
3382 2989 3597 3045 solebat

2138 3078 2319 3144 Multa,
2352 3078 2535 3132 futura
2565 3094 2786 3143 cavens,
2816 3078 2988 3133 vitare
3019 3078 3275 3134 nocentia
3296 3077 3522 3132 callens.

2140 3164 2248 3219 Ceu
2282 3166 2562 3236 quondam
2593 3166 2762 3220 sociis
2785 3166 2954 3222 vetuli
2984 3167 3279 3221 discrimen
3299 3166 3444 3221 avari

2061 3264 2110 3332 ς,
2138 3253 2495 3323 Prmmonuit,
2525 3254 2855 3327 turbamque
2883 3254 3050 3310 feram
3069 3263 3399 3328 turpemque
3419 3256 3705 3326 repulsam

2138 3347 2266 3412 Qum
2300 3347 2447 3418 passi
2479 3366 2494 3413 ;
2530 3347 2831 3419 hospitium
2864 3354 3076 3418 patrem
3109 3346 3342 3401 lustrare
3365 3354 3591 3401 tenaces

2139 3440 2275 3492 Dum
2302 3447 2529 3512 cogunt,
2567 3439 2725 3507 cujus
2754 3440 2927 3494 multa
2942 3439 3211 3512 vertigine
3240 3437 3425 3493 fundae

2138 3527 2309 3581 Vinea
2349 3526 2664 3598 przevallata
2692 3527 2880 3582 minus
2910 3527 3073 3583 solito
3098 3527 3294 3596 edidit,
3327 3535 3495 3599 atque

2139 3622 2197 3675 Id
2215 3637 2436 3693 quoque
2459 3621 2514 3675 in
2545 3621 2883 3676 horrendum
2913 3622 3120 3676 mensis
3159 3621 3391 3678 descivit
3412 3631 3655 3678 acetum.

2138 3711 2371 3782 Dapsilis
2401 3717 2455 3766 at
2486 3710 2681 3766 fratres
2708 3711 2869 3766 hilari
2900 3711 2993 3784 qui
3024 3711 3154 3766 dote
3182 3710 3378 3767 refovit

2137 3803 2328 3869 Vinea,
2361 3819 2483 3873 qua:
2518 3809 2737 3858 centum
2771 3802 2950 3858 fuerat
2968 3802 3175 3858 factura
3202 3803 3427 3878 lagenas

2138 3894 2375 3948 Millibus
2401 3901 2460 3947 ut
2486 3894 2662 3949 tribus
2682 3902 2764 3949 est
2787 3894 2968 3965 plebis
2996 3894 3244 3964 depasta,
3278 3900 3553 3949 trecentas

2137 3983 2395 4038 Reddidit
2422 3984 2476 4037 in
2504 3984 2744 4055 spatium
2778 3984 2972 4055 viginti
3001 3984 3141 4038 lecta
3172 3984 3410 4050 dierum,

2138 4079 2267 4132 Nam
2288 4078 2448 4132 Pater
2474 4077 2717 4133 llilarion
2751 4078 2879 4133 la3to
2897 4078 3035 4133 hanc
3058 4078 3419 4133 benedixerat
3444 4094 3563 4133 ore.

2139 4166 2266 4220 Cum
2288 4165 2529 4236 propriis
2550 4166 2760 4221 sineret
2784 4166 3048 4241 gregibus
3069 4166 3274 4222 servire
3293 4165 3571 4233 fovendis,

2141 4261 2295 4315 Celsa
2326 4260 2479 4331 prius
2512 4260 2690 4315 doctis
2720 4260 2981 4315 alimenta
3017 4262 3298 4333 requirere
3327 4260 3552 4325 mentis,

2146 4355 2333 4410 llaecce
2383 4354 2605 4426 quidem
2652 4357 2953 4427 qumrcnda
2995 4356 3151 4428 juge,
3206 4358 3324 4412 haec
3353 4358 3618 4412 sectanda
3661 4376 3775 4413 ma-

3490 4448 3706 4519 [tu-bat,

2016 4526 2023 4529 ’
2069 4540 2126 4609 Ι)
2147 4541 2266 4596 Non
2299 4556 2363 4595 ea
2393 4557 2515 4612 qum
2546 4541 2769 4597 assidue
2800 4543 3009 4597 mundo
3037 4542 3258 4598 labente
3290 4541 3555 4598 fatiscunt
3589 4561 3602 4597 :

2146 4634 2384 4697 Quorum
2408 4650 2571 4703 quem
2606 4650 2789 4687 curam
2826 4634 3152 4690 monachum
3195 4635 3431 4689 retinere
3462 4635 3705 4703 sciebat,

2147 4726 2314 4796 Hujus
2345 4725 2586 4780 avaritiae
2614 4726 2761 4781 haud
2794 4727 3199 4782 norattolerare
3219 4726 3484 4782 furorem.

2146 4820 2321 4883 Quare
2352 4836 2382 4874 a
2409 4827 2711 4891 conspectu
2734 4820 3037 4876 venerandi
3072 4821 3490 4876 amoveratovis

2147 4911 2452 4966 Sollicitum
2486 4912 2805 4983 quemdam,
2839 4913 3121 4969 custodem
3157 4912 3416 4983 pauperis
3443 4914 3610 4979 horti,

2146 5007 2319 5079 Atque
2351 5008 2534 5062 animo
2572 5023 2828 5062 nummos
2855 5009 3079 5063 solitum
3109 5024 3324 5062 servare
3344 5008 3546 5078 pusillo
3580 5027 3592 5062 :

2146 5096 2246 5160 Qui
2278 5103 2498 5151 tentans
2540 5096 2715 5150 lenire
2746 5112 2957 5163 senem,
2989 5113 3111 5150 cum
3148 5096 3294 5150 fasce
3323 5096 3560 5151 virentis

2142 5188 2376 5243 Advenit
2405 5188 2621 5255 ciceris,
2653 5203 2951 5259 coramque
2986 5204 3089 5243 nec
3118 5204 3286 5243 ausus
3309 5188 3481 5252 adire,

2143 5277 2288 5332 Clam
2313 5279 2465 5334 dedit
2500 5279 2769 5350 Hesychia
2802 5279 3122 5351 ponendum
3154 5280 3219 5334 ad
3251 5278 3459 5334 fercula
3483 5296 3496 5345 ;
3518 5295 3648 5335 sero

2141 5369 2389 5425 Fetorem
2425 5371 2671 5441 appliciti
2703 5372 2891 5427 senior
2923 5371 3141 5427 haurire
3170 5387 3455 5438 recusans,

2143 5460 2350 5516 Clamat
2370 5462 2652 5517 avaritiam
2681 5463 2875 5518 ciceris
2905 5470 3099 5534 putere
3129 5462 3327 5519 virore.

2139 5553 2365 5607 llorrida
2391 5553 2435 5608 si
2465 5553 2650 5608 minus
2682 5555 2816 5608 haec.
2851 5552 3052 5625 inquit,
3083 5552 3383 5624 spiramina
3409 5557 3613 5620 sentis,

2139 5643 2341 5698 Saltem
2362 5643 2567 5698 adhibe
2596 5644 2795 5709 bobus,
2827 5643 3014 5717 fugere
3045 5645 3163 5699 haec
3193 5644 3424 5699 etbruta
3457 5646 3697 5702 videbis.

2142 5734 2384 5801 Factum,
2418 5734 2686 5807 disruptis
2719 5735 2938 5809 fugiunt
2967 5736 3228 5791 animalia
3253 5736 3475 5795 vinclis.
