3874 6400
136 386 249 442 537

140 512 393 568 Pellebat
421 512 696 584 siquidem
722 523 990 585 praestans
1021 516 1123 571 hac
1152 517 1412 573 culminis
1432 534 1555 575 arce

141 602 402 674 Corporis
432 604 626 679 attigui
649 622 899 661 senszeve
931 605 1212 663 afflamine
1240 609 1428 677 vestis,

139 693 415 764 Tangeret
444 700 539 747 aut
568 709 731 765 quam
754 694 1011 766 quisque,
1032 696 1144 771 regi
1171 713 1280 770 quo
1313 708 1500 755 nosset
1526 701 1697 757 odore

143 780 244 835 Cui
274 780 456 848 larva),
492 782 751 837 addietus
776 784 909 838 vitio
937 784 1023 839 vel
1054 785 1228 841 oleret
1257 789 1499 845 adustus.

220 872 410 927 Flebat
439 881 495 928 at
524 873 787 929 obsessus
815 878 1126 932 numerosis
1149 878 1392 951 undique
1415 881 1589 936 turbis

143 965 208 1018 Et
240 980 407 1040 grege
438 965 673 1036 stipatus
706 965 931 1020 fratrum
963 983 1203 1041 curaque
1234 970 1455 1027 fovendi

142 1057 386 1113 Affectus
414 1060 586 1131 pacis,
613 1061 889 1117 desiderio
915 1069 1078 1134 atque
1102 1065 1304 1135 quietis

140 1152 350 1205 Aretari
379 1152 667 1223 obsequiis
688 1154 1007 1209 venientum
1030 1162 1083 1210 et
1102 1156 1312 1211 honore
1334 1158 1595 1215 dolebat:

143 1240 394 1295 Carceris
424 1240 541 1296 haec
572 1241 768 1296 tabens
793 1243 1030 1297 evadere
1050 1252 1206 1314 septa
1234 1245 1466 1313 calebat,

142 1327 480 1400 Oblatasque
511 1329 698 1385 animo
718 1346 949 1402 pompas
975 1348 1039 1387 ac
1068 1339 1360 1389 stemmata
1387 1336 1626 1403 calcans,

142 1418 335 1472 Solum
359 1418 658 1489 exoptabat
686 1435 965 1489 eremum;
999 1438 1162 1493 quam
1196 1440 1405 1493 pronus
1434 1425 1575 1479 inire

140 1510 283 1563 Dum
315 1510 542 1579 jamjam
584 1517 738 1580 parto
771 1528 1076 1582 prOperans
1106 1521 1338 1569 conatur
1357 1516 1553 1584 asello,

140 1600 311 1654 Multa
351 1600 590 1655 subinde
624 1608 787 1655 ruunt
816 1602 1103 1674 lacrymosi
1129 1606 1303 1660 millia
1334 1607 1504 1681 vulgi,

141 1690 425 1745 Excidium
459 1692 651 1763 patria:
677 1692 826 1747 velut
850 1693 1150 1750 intentetur
1176 1704 1230 1750 et
1253 1695 1415 1769 ignis,

140 1782 414 1837 Claudere
444 1782 622 1838 moliti
655 1785 1027 1857 precibusque
1058 1788 1363 1859 astringere
1393 1788 1520 1843 nisi.

139 1878 205 1931 At
237 1884 426 1932 manet
456 1876 695 1933 invictus
724 1886 960 1934 tractans
991 1881 1108 1936 haec
1132 1881 1335 1937 famina
1365 1898 1591 1938 secum:

139 1969 414 2024 Fallacem
440 1970 586 2025 haud
607 1969 748 2027 facio
774 1972 1090 2042 Dominnm,
1115 1990 1217 2029 nec
1236 1976 1407 2046 quibo
1438 1975 1629 2031 videre

140 2064 415 2119 Proruere
455 2064 738 2132 ecclesias,
769 2065 947 2121 fusum
980 2068 1237 2141 squalere
1269 2086 1555 2139 cruorem;

143 2153 299 2207 Unde
336 2154 573 2223 probare
602 2154 788 2209 datum
822 2156 1012 2226 patriae
1046 2159 1297 2228 νηυεοὶίδ
1331 2160 1554 2229 pericla.

140 2244 355 2299 Vadere
377 2245 473 2299 sed
494 2245 813 2316 prohibent,
839 2253 1070 2302 testatur
1084 2257 1139 2303 at
1160 2249 1276 2319 ipse
1306 2250 1554 2307 ciborum

139 2335 375 2390 Sumere
403 2336 479 2390 nil
512 2343 766 2407 potusve,
798 2338 903 2393 nisi
935 2339 1181 2395 mittatur
1199 2342 1371 2397 abire.

139 2432 229 2486 Sic
258 2440 473 2502 septem
498 2440 786 2505 postquam
814 2435 1030 2504 jejunia
1056 2443 1223 2492 tracta
1251 2438 1451 2493 diebus

138 2522 420 2590 Producit,
452 2524 676 2589 missus,
702 2526 852 2582 socio
874 2529 1048 2583 multo
1072 2529 1293 2602 agmine
1322 2532 1524 2605 pergit,

137 2615 380 2679 Quorum
413 2617 787 2687 quamplures.
823 2618 917 2673 ubi
949 2636 1048 2690 per
1080 2637 1179 2675 sua
1199 2638 1343 2689 rura,
1378 2623 1624 2690 remittit,

137 2705 513 2780 Quadraginta
544 2708 737 2780 legens
772 2726 982 2778 secum,
1010 2711 1227 2780 jejunia
1256 2714 1425 2770 fortes

143 2796 240 2860 Qui
262 2796 505 2851 tolerare
529 2804 754 2869 queant.
786 2799 1004 2855 Pelusia
1038 2801 1213 2855 tendit
1245 2802 1298 2855 in
1322 2818 1468 2856 arva.

137 2891 208 2944 Ac
229 2890 451 2945 Domini
476 2892 654 2964 patrio
683 2910 872 2949 servos
902 2895 1091 2951 invisit
1121 2912 1327 2952 amore.

136 2980 267 3037 Inde
306 2991 510 3055 petens
536 3000 808 3051 eremum,
829 2986 998 3042 coluit
1022 3004 1185 3059 quam
1218 2989 1489 3045 Antonius
1519 2990 1657 3045 alter

136 3070 371 3142 (Nempe
398 3072 700 3128 revelatum
732 3074 841 3129 sibi
866 3077 1012 3147 quod
1033 3076 1159 3131 coeli
1198 3077 1307 3132 alta
1334 3078 1617 3150 subisset),

138 3159 304 3214 Selari
335 3158 556 3228 fratres,
593 3161 826 3217 lustrare
860 3163 1169 3219 habitacula
1201 3171 1393 3227 certat.

141 3250 374 3307 Delectis
403 3250 510 3305 sibi
550 3252 886 3323 subparibus
916 3253 1101 3308 vicina
1120 3254 1357 3323 duobus,

140 3342 296 3397 Vasta
325 3342 499 3398 eremi
528 3351 803 3415 penetrat,
834 3351 1161 3416 tantumque
1191 3345 1494 3402 abstemius
1516 3347 1627 3403 illic

140 3431 377 3502 Tampue
401 3432 573 3486 silens
591 3432 721 3506 agit.
747 3439 808 3488 ut
828 3433 1067 3504 primum
1087 3434 1322 3505 ccepisse
1336 3437 1622 3506 professus

140 3520 283 3575 Tunc
313 3520 481 3576 fuerit
507 3521 715 3577 servire
742 3522 853 3577 Deo
879 3522 1003 3577 vitae
1043 3523 1241 3578 ordine
1274 3525 1509 3592 (.hristo,

141 3614 231 3669 Cui
262 3622 342 3671 tot
383 3616 580 3672 devoto
613 3622 851 3671 sacrarat
882 3622 1132 3688 tempora
1163 3634 1346 3673 cursu.

141 3711 361 3767 Arentes
393 3711 566 3767 nimio
597 3711 928 3783 squalebant
950 3712 1175 3783 pulvere
1200 3714 1400 3786 glebae,

144 3800 527 3875 Eﬂ‘ervensque
550 3802 673 3857 sitis
702 3803 1034 3858 moribunda
1066 3804 1369 3861 obduxerat
1396 3823 1546 3875 arva,

144 3893 201 3947 Et
227 3902 484 3949 vacuarat
511 3895 672 3967 aquis
692 3896 938 3951 clausum
967 3896 1086 3952 sola
1108 3897 1316 3952 torrida
1341 3898 1540 3953 ctelum

137 3982 250 4037 Jam
277 3984 451 4038 tribus
478 3991 537 4039 ut
567 3984 731 4057 liquit
757 3994 929 4041 terras
962 3987 1232 4042 Antonius
1257 3988 1439 4056 annis,

140 4076 430 4134 Decessum
460 4080 618 4148 cujus
633 4080 823 4152 lugere
855 4082 1132 4135 elementa
1163 4080 1432 4138 ferebant.

142 4168 335 4225 Adfore
367 4169 515 4226 fama
542 4170 735 4227 volans
764 4171 861 4227 ubi
886 4172 1131 4244 prodidit
1155 4173 1508 4243 Hilarionem,

144 4259 291 4316 Hunc
325 4261 572 4317 certatim
604 4262 831 4329 adeunt,
882 4262 1029 4318 ducti
1058 4263 1261 4334 passim
1292 4263 1554 4319 omnibus
1595 4265 1761 4338 agris,

143 4352 336 4409 Lurida
376 4356 503 4411 tabe
534 4355 694 4411 famis
726 4364 1039 4413 sternentes
1069 4374 1196 4413 ora:
1224 4359 1436 4414 colonis

144 4446 477 4520 Compatitur
503 4453 712 4521 pressis
744 4453 936 4508 senior
963 4453 1168 4524 pietate
1209 4454 1545 4520 redundans,

146 4536 313 4610 thue
346 4542 475 4611 polo
505 4558 695 4613 passas
725 4544 952 4618 gemino
983 4561 1106 4601 eum
1137 4544 1346 4600 lumine
1376 4546 1588 4616 palmas

144 4630 339 4702 Exerit,
372 4651 437 4691 os
460 4652 736 4704 reserans,
760 4638 942 4711 largos
967 4655 1091 4694 mox
1119 4639 1348 4695 exhibet
1368 4640 1589 4696 imbres.

141 4722 227 4778 Ast
250 4726 341 4780 ubi
365 4728 648 4783 concessis
678 4729 907 4784 satiatur
935 4732 1123 4803 glarea
1150 4731 1374 4797 nimbis,

146 4814 212 4867 En
246 4818 428 4873 subito
458 4820 665 4876 exortis
688 4821 972 4890 replentur
997 4839 1120 4878 rura
1145 4824 1438 4894 chelydris.

147 4902 255 4957 Non
287 4922 418 4963 arva
447 4909 719 4982 agricolis.
746 4912 933 4979 pecori
959 4927 1068 4967 non
1093 4928 1297 4982 pascua
1329 4920 1476 4980 tuta;

149 4994 420 5066 Nusquam
459 4997 608 5072 agris
634 5000 880 5070 requies,
912 5007 968 5055 et
1009 5009 1158 5056 certa
1189 5002 1435 5072 pericula
1464 5018 1765 5075 quaquam.

149 5083 281 5147 Quid
311 5087 632 5142 medicinali
663 5088 962 5144 exhibeant
1000 5090 1069 5144 ad
1102 5089 1295 5144 funera
1322 5090 1437 5146 fotu

149 5174 439 5245 Incertum,
468 5177 575 5232 nisi
598 5188 886 5249 patronum
917 5182 987 5235 ad
1015 5180 1272 5252 suffragia
1290 5191 1479 5237 notum

154 5263 302 5321 Certa
340 5275 553 5338 petant,
584 5285 694 5340 quo
726 5279 920 5326 incesta
948 5271 1156 5337 levent,
1189 5288 1299 5343 quo
1339 5272 1759 5343 noxiapellant.

155 5355 283 5431 Ergo
313 5359 409 5414 Dei
442 5360 632 5416 famuli
661 5370 853 5418 contra
884 5364 1001 5420 haec
1027 5365 1333 5421 munimina
1362 5374 1620 5437 poscunt,

152 5445 187 5497 A
216 5462 321 5517 quo
340 5460 623 5505 sumentes
652 5452 1019 5509 medicamina
1048 5452 1159 5509 ﬁda
1187 5456 1398 5524 salutis,

154 5532 264 5589 Mox
296 5537 589 5595 benedicto
610 5541 734 5597 oleo
766 5543 1058 5600 maledicta
1087 5562 1303 5602 venena
1325 5548 1618 5619 repellunt.

216 5624 460 5683 Afficitur
487 5629 636 5685 cultu
663 5631 870 5698 senior,
902 5643 1169 5705 pertaesus
1199 5636 1432 5706 honore,

216 5736 363 5807 (16‘!)
400 5739 603 5795 Iuliani
633 5740 846 5798 scilicet
873 5744 1147 5815 Apostata:

656 386 739 440 DE
776 385 1138 442 TRIUMPHIS
1179 387 1439 446 CHRISTI
1480 391 1559 446 ET
1597 391 1691 447 SS.
1734 392 2132 448 PALzESTINzE
2170 394 2347 450 LIBRI
2386 392 2570 449 TRES.
2603 425 2673 435 —
2712 395 2836 452 LIB.
2882 396 2971 452 III.
3381 396 3486 451 538

1792 526 1847 594 Α
1871 523 1933 577 Et
1962 535 2219 595 pompam
2242 523 2459 598 fugiens
2486 531 2849 580 venerantum
2877 523 3270 589 ruricolonum,

1870 617 2148 672 Accelerat
2180 624 2392 671 mutare
2430 617 2634 683 locum,
2668 632 2778 672 non
2806 624 2935 671 nota
2976 616 3262 687 requirens

1871 705 2096 761 Climata
2125 705 2384 781 profugii.
2423 707 2481 760 In
2523 706 2757 761 Bruchio
2789 712 2938 759 tanto
2965 705 3185 775 hospite
3212 704 3350 758 laetis

1870 793 2150 848 Fratribus
2178 802 2459 864 exceptus,
2504 793 2839 865 jamjamquc
2889 793 3225 848 instantibus
3255 791 3485 858 umbris,

1872 885 2160 940 Decretam
2189 892 2344 957 parat
2376 884 2454 940 ire
2488 885 2975 951 viam;turbantur
3005 884 3167 938 amici

1868 980 1940 1035 Ac
1966 980 2204 1035 retinere
2231 986 2455 1050 parant;
2489 977 2849 1033 nihilominus
2874 978 2967 1033 ille
2996 984 3273 1049 perurget.

1856 1072 2118 1145 Cesptum
2148 1073 2271 1139 iter,
2302 1080 2569 1127 attestans
2600 1089 2670 1127 ne
2697 1073 2766 1127 sit
2801 1087 2953 1127 mora
2985 1069 3123 1125 forte
3152 1068 3382 1125 molesta

1875 1165 1945 1220 Se
1972 1171 2303 1235 properante
2344 1164 2501 1236 fuga;
2532 1165 2676 1229 Post,
2700 1164 2902 1235 inquit,
2933 1179 3095 1217 causa
3127 1160 3334 1230 patebit

1876 1254 1957 1308 Me
1979 1254 2158 1308 subito
2179 1270 2212 1308 a
2227 1254 2385 1308 vobis
2410 1254 2687 1325 celerique
2703 1254 2967 1327 migrasse
2996 1267 3235 1307 recessu.

1873 1342 1983 1398 Nec
2012 1360 2165 1399 mora
2196 1350 2321 1414 post
2351 1354 2565 1397 noctem
2599 1342 2820 1397 lictores
2852 1342 3065 1411 hospita
3094 1341 3313 1411 pulsant

1873 1436 2103 1501 Limina,
2147 1444 2430 1507 portantes
2459 1436 2702 1507 perversi
2735 1435 2912 1490 edicta
2943 1433 3158 1505 tyranni
3183 1433 3360 1502 (16‘2),

1875 1526 2025 1580 llunc
2057 1526 2172 1596 qui,
2209 1527 2511 1593 destructo,
2549 1541 2658 1597 quo
2701 1533 2916 1580 rexerat
2945 1523 3185 1597 agmina,
3229 1522 3487 1588 claustro,

1873 1614 2215 1669 Funebribus
2240 1615 2411 1683 jussis
2438 1614 2723 1669 mandarat
2748 1613 2955 1684 ubique
2985 1611 3211 1682 requiri.

1875 1707 2132 1763 Frustrati
2164 1708 2324 1768 votis,
2354 1707 2541 1781 Magus
2570 1714 2673 1773 est,
2707 1712 2766 1761 ut
2794 1706 3016 1770 dicitur,
3050 1703 3126 1757 illi
3151 1720 3165 1767 ;

1873 1798 2012 1851 Yera
2045 1796 2292 1851 feruntur
2318 1812 2443 1851 eum
2466 1796 2694 1869 magicis
2724 1794 2925 1850 callere
2956 1792 3153 1847 futura.

1796 1895 1851 1963 Β
1876 1885 1969 1940 Ille
1999 1886 2169 1941 eremi
2198 1892 2412 1941 secreta
2432 1885 2643 1959 legens,
2674 1891 2919 1939 semotus
2948 1882 3004 1936 in
3032 1898 3237 1936 annum

1875 1980 2066 2035 Ferme
2098 1980 2302 2046 madet,
2330 1979 2526 2044 donec,
2570 1978 2711 2033 fama
2749 1978 3028 2051 vulgante,
3062 1973 3308 2038 nitescit;

1871 2068 2105 2140 Jamque
2137 2084 2330 2123 carens
2362 2068 2589 2133 latebra,
2613 2066 2773 2122 terris
2801 2066 2946 2120 bene
2979 2073 3143 2119 notus
3173 2063 3317 2117 Eois.

1872 2160 2094 2231 Appetit
2115 2159 2387 2231 aequoreis
2427 2160 2645 2215 tandem
2676 2176 2735 2214 se
2766 2158 3025 2213 claudere
3050 2155 3253 2210 arenis.

1871 2251 2180 2322 Discipulus
2197 2260 2324 2307 tunc
2343 2252 2644 2308 adveniens
2662 2251 2935 2306 Adrianus
2967 2250 3035 2304 ab
3062 2248 3173 2304 oris

1874 2343 2030 2398 Forte
2062 2344 2389 2413 Palzestinis,
2419 2344 2611 2415 pandit
2642 2344 2874 2415 periisse
2905 2342 3204 2397 nefandum

1875 2435 2048 2509 Regni
2089 2437 2509 2511 sceptrigerum,
2541 2436 2733 2491 Christi
2766 2450 2997 2506 regnare
3023 2433 3279 2489 clientem
3304 2430 3490 2501 .{I63),

1876 2528 2235 2600 llortaturque
2251 2528 2572 2583 monasterii
2605 2528 2844 2584 recidiva
2869 2525 3105 2598 reposci.

1870 2617 2203 2689 Ahnuitgiste
2235 2618 2406 2673 decus
2434 2617 2671 2691 fugiens,
2714 2633 2823 2672 non
2857 2615 3004 2670 bella
3032 2619 3328 2679 renutans;

1874 2707 1983 2764 Nec
2016 2708 2371 2765 reverebatur
2403 2709 2658 2779 pavidus,
2691 2709 2784 2779 qui
2813 2724 2979 2781 regna
3001 2721 3233 2776 perosus

1872 2803 2150 2874 Deviaque
2192 2802 2495 2875 ingressus,
2528 2802 2803 2856 conducto
2836 2800 3052 2853 interna
3077 2797 3312 2862 camelo,

1875 2900 1975 2954 Per
2014 2900 2133 2955 loca
2154 2907 2304 2955 vasta
2329 2898 2719 2955 Farhetonium
2762 2895 3079 2968 perducitur
3107 2894 3320 2947 urbem.

1867 2993 1960 3042 Ast
1989 2988 2258 3043 Adrianus
2279 2988 2491 3044 honore
2518 2987 2707 3043 calens
2729 2996 2784 3041 et
2813 2984 3070 3040 culminis
3099 2999 3232 3037 aura

1866 3076 2152 3143 Pertlatns,
2179 3075 2334 3132 vellit
2364 3075 2521 3131 furiis
2551 3082 2606 3130 et
2629 3074 2818 3129 fraude
2845 3072 3191 3145 magistrum,

1865 3168 1927 3223 Et
1956 3168 2098 3223 male
2130 3168 2378 3240 protritis
2396 3183 2517 3239 quae
2541 3166 2618 3221 iili
2653 3165 2888 3239 legenda
2927 3163 3137 3217 dicarat

1786 3272 1835 3338 ρ
1869 3256 2039 3330 Larga
2068 3271 2286 3319 manus,
2315 3264 2503 3325 spreto
2534 3252 2721 3307 infelix
2749 3251 2901 3307 senis
2929 3266 3027 3305 ore
3049 3248 3312 3314 recessit;

1866 3349 2072 3423 Regius
2102 3347 2248 3401 haud
2275 3347 2500 3420 longum
2527 3343 2691 3399 morti
2722 3358 2885 3414 quem
2917 3341 3145 3397 morbus
3173 3340 3381 3413 adegit.

1933 3438 2151 3491 Zonano
2192 3434 2588 3502 seniorjuncto
2619 3431 2770 3486 subit
2799 3431 2947 3485 edita
2980 3429 3179 3485 classis

1861 3527 2102 3582 Siciliam
2145 3525 2443 3591 tendentis,
2475 3540 2540 3578 ea
2567 3523 2737 3579 scissa
2768 3522 2935 3577 Adria
2964 3522 3137 3594 puppi

1864 3620 1998 3673 Dum
2028 3618 2249 3690 legitur,
2278 3617 2462 3672 subito
2495 3615 2738 3670 naucleri
2773 3615 2917 3669 titius
2940 3621 3059 3669 atro

1865 3712 2110 3768 Flamine
2124 3721 2435 3783 correptus,
2455 3712 2810 3782 clamansque
2828 3710 2903 3764 ita
2924 3709 3156 3780 prodere
3180 3707 3384 3764 fervet:

1867 3803 2108 3857 Hilarion
2141 3818 2259 3869 cur,
2292 3817 2451 3856 serve
2484 3799 2600 3862 Dei,
2632 3814 2736 3853 nec
2766 3799 2821 3852 in
2840 3798 3082 3869 tequoris
3113 3797 3277 3853 undis

1866 3893 1996 3949 Esse
2023 3894 2153 3949 licet
2183 3901 2351 3958 tutus,
2376 3892 2613 3963 spatium
2645 3891 2716 3945 da
2746 3898 2971 3961 tangere
3000 3896 3171 3943 terras

1865 3989 1962 4043 Hic
1992 3989 2227 4061 imasOne
2260 3987 2575 4059 praecipiter
2596 3986 2861 4057 depulsus
2878 3984 3132 4053 abyssos.

1865 4076 1963 4131 Ille
1996 4077 2191 4131 dolens
2210 4076 2412 4149 retegi:
2449 4076 2711 4139 Remane,
2741 4075 2882 4128 Deus
2913 4090 2981 4128 en
3011 4088 3191 4138 meus,
3214 4071 3416 4142 inquit.

1864 4164 1920 4218 Si
1952 4165 2105 4232 sinit,
2134 4165 2226 4219 hic
2252 4166 2470 4230 socius;
2504 4165 2781 4235 prohibet,
2814 4164 2899 4218 sin
2928 4163 3019 4217 ille
3042 4160 3244 4216 morari

1865 4253 2078 4309 Invidia
2105 4255 2253 4326 quod
2275 4255 2393 4329 agis
2417 4263 2764 4323 peccatorem
2796 4262 2961 4324 atque
2982 4259 3264 4305 vacantem
3285 4248 3313 4301 ?

1863 4343 1970 4397 Sed
1997 4349 2152 4412 patre
2175 4343 2338 4399 dante
2381 4342 2544 4399 fidem
2574 4343 2804 4415 reliquis
2835 4357 2944 4397 non
2974 4339 3201 4397 credere
3235 4336 3418 4403 terris‘,

1866 4438 2141 4511 Expurgat
2160 4437 2293 4493 vitio
2323 4454 2580 4509 puerum,
2606 4438 3001 4510 ingressusque
3032 4432 3486 4500 Pachimum(Pa-

3136 4529 3220 4601 [ch
3228 4529 3420 4599 ynum)

1867 4621 2020 4686 Quod
2038 4622 2214 4676 solum
2241 4627 2517 4692 superest,
2536 4620 2704 4675 rebus
2724 4619 2873 4691 quod
2890 4625 3055 4674 restat
3075 4634 3272 4693 egeno.

1786 4695 1840 4761 D
1869 4716 1994 4771 Fert
2020 4732 2116 4787 pro
2148 4717 2333 4791 naulo,
2361 4716 2713 4791 Evangelium
2743 4715 2891 4787 quod
2925 4714 3225 4785 scripserat
3250 4712 3382 4769 olim

1870 4809 1993 4879 Ipse
2014 4826 2180 4864 manu
2213 4810 2458 4881 propria,
2491 4809 2655 4866 nituit
2684 4810 2815 4864 dum
2840 4809 3018 4880 prima
3041 4808 3291 4877 juventa.

1815 4972 1835 4996 ι
1869 4905 2077 4979 Navigii
2099 4906 2280 4960 renuit
2303 4906 2581 4974 dominus,
2614 4906 2745 4975 nisi,
2777 4906 2992 4972 codice,
3023 4910 3192 4959 veste.

1870 4997 1943 5051 Re
1974 5013 2209 5053 cernens
2237 4998 2454 5071 inepes.
2489 4998 2723 5054 Laetatus
2751 5014 2915 5073 egere
2946 4997 3164 5061 beatus;

1869 5090 1934 5143 At
1964 5106 2033 5143 ne
2062 5097 2344 5161 promatur
2370 5092 2679 5147 meditullia
2709 5090 2903 5147 transit
2932 5089 2986 5144 in
3014 5103 3162 5154 arva,

1872 5178 2153 5251 Lignaque
2182 5178 2449 5235 decidens
2476 5181 2739 5236 humeros
2769 5178 3036 5235 onerabat
3064 5176 3270 5231 alumni
3294 5194 3309 5242 ;

1868 5271 1983 5335 Quo
2011 5272 2283 5326 redeunte
2305 5273 2392 5326 die
2421 5272 2596 5343 pretio
2628 5287 2726 5342 pro
2757 5270 3002 5343 pondere
3029 5275 3248 5339 sumpto

1868 5365 2028 5419 Panis
2048 5380 2208 5435 Opem
2250 5366 2339 5420 tali
2368 5366 2589 5423 sibimet
2607 5366 2808 5422 sudore
2836 5364 3124 5436 parabant.

1866 5458 2077 5512 Interea
2103 5457 2247 5512 Petri
2277 5458 2501 5529 quidam
2532 5458 2674 5514 intra
2703 5457 2897 5513 limina
2924 5457 3110 5513 Romae

1865 5550 2182 5607 Dzemonico
2223 5551 2422 5607 clamat
2447 5552 2720 5608 scutarius
2749 5552 2951 5623 impete
2978 5557 3185 5622 raptus,

1937 5754 2078 5825 (163)
2117 5755 2487 5813 Iovinianum.
