3874 6412
328 423 433 477 539

329 551 567 607 Siciliam
599 558 725 607 ante
755 551 876 607 dies
906 568 1112 623 paucos
1137 568 1260 607 esse
1294 552 1625 609 llilarionem
1718 544 1723 547 Α

331 638 677 712 lngressum;
711 655 875 710 quem
915 656 1079 695 nemo
1109 640 1272 711 sapit,
1306 648 1460 712 putat
1492 642 1609 713 ipse
1639 643 1806 698 latere

328 732 618 799 Secretus;
652 734 749 788 sed
778 735 944 791 abibo
978 743 1039 790 et
1065 751 1189 792 eum
1221 752 1320 807 per
1352 737 1593 808 compita
1621 738 1850 810 prodam

332 826 562 900 Moxque
611 836 808 900 petens
875 836 1092 900 portum
1146 830 1378 903 appellit
1431 832 1659 888 sinuosa
1711 815 1957 889 Pachimi

1577 921 1884 994 [Pachyni],

330 1006 402 1060 Ac
428 1005 572 1060 duce
598 1022 925 1077 possessore
956 1008 1100 1080 (164)
1126 1025 1308 1064 casam
1334 1010 1485 1065 senis
1510 1018 1637 1067 ante
1658 1010 1950 1066 recumbit.

329 1094 441 1149 Nec
479 1110 650 1162 mora,
676 1096 814 1151 liber
844 1097 982 1161 ablt,
1014 1098 1332 1170 medicique
1360 1099 1643 1155 notamina
1673 1099 1883 1174 pangit.

330 1188 500 1251 Quem
533 1186 721 1258 plures
764 1189 1044 1260 extemplo
1083 1191 1309 1258 adeunt,
1343 1192 1668 1264 morbisque
1708 1193 1961 1248 levantur

331 1273 584 1346 Corporis
609 1292 673 1332 ac
695 1278 921 1332 mentis.
952 1279 1087 1334 Tum
1122 1280 1191 1334 de
1223 1280 1560 1351 primoribus
1579 1298 1742 1349 unus,

330 1364 424 1418 Cui
464 1365 745 1439 gravidam
779 1368 1059 1439 lymphata
1090 1375 1271 1424 cutem
1303 1369 1650 1425 distenderat
1679 1370 1849 1439 unda,

328 1456 443 1521 Quo
474 1457 747 1513 venitsub
774 1460 911 1525 sole,
946 1460 1089 1515 redit
1117 1475 1244 1515 mox
1274 1461 1523 1532 pondere
1550 1462 1707 1518 liber.

327 1544 424 1610 Qui
458 1546 780 1603 medicatori
820 1550 1138 1619 praastantia
1168 1552 1394 1621 praemia
1424 1567 1711 1622 promens,

328 1634 451 1689 Hmc
474 1651 740 1707 responsa
781 1638 965 1706 capit:
993 1638 1168 1693 Gratis
1199 1638 1324 1694 data
1351 1639 1536 1694 dedite
1560 1640 1750 1712 gratis.

400 1728 547 1781 Inter
561 1743 683 1798 quae
701 1728 1028 1799 Hesychius,
1046 1746 1301 1801 quaerens
1322 1737 1433 1785 toto
1452 1731 1589 1785 urbe
1609 1731 1950 1804 magistrum,

327 1816 531 1871 Littora
560 1816 874 1887 perlustrat,
906 1827 1159 1891 penetrat
1188 1822 1429 1889 deserta,
1455 1822 1701 1877 levamen

329 1905 500 1962 Corde
531 1906 722 1963 fovens
743 1909 911 1978 istud,
941 1916 1153 1966 tantum
1178 1928 1289 1967 non
1313 1928 1475 1984 posse
1498 1914 1669 1968 latere

329 2001 481 2057 llunc
502 2002 823 2075 ubicunque
840 2005 962 2062 diu.
995 2006 1165 2071 Quam
1190 2023 1345 2078 spem
1371 2015 1482 2063 tres
1499 2007 1649 2064 ducit
1672 2007 1727 2062 in
1756 2024 1953 2065 annos.

328 2090 467 2148 lnda
490 2107 523 2145 a
559 2092 751 2148 Judaao
789 2094 1052 2150 vendenti
1082 2105 1267 2151 scruta
1298 2097 1531 2154 Metonre

329 2183 493 2237 Audit
522 2183 725 2240 Siciliae
755 2187 910 2242 miras
952 2187 1167 2243 virtutis
1194 2189 1248 2242 in
1279 2189 1394 2244 oris

330 2269 671 2327 Christicolis
697 2281 878 2329 vatem
912 2278 1133 2348 populis
1162 2278 1396 2335 nituisse
1425 2279 1724 2347 novellum,

328 2363 426 2418 Tot
454 2364 630 2439 signis
657 2365 887 2434 clarum,
922 2371 1087 2425 tantis
1117 2370 1419 2426 virtutibus
1450 2370 1641 2435 altum,

331 2452 656 2509 Sanctorum
675 2463 735 2511 ut
752 2464 999 2512 veterum
1019 2459 1245 2530 quidam
1274 2476 1397 2514 esse
1426 2460 1691 2532 prepheta
1711 2468 1956 2532 putetur.

331 2544 563 2601 Adriaeo
592 2562 715 2602 mox
745 2549 836 2604 hic
865 2550 1062 2624 pelago
1085 2551 1365 2607 Trinacria
1397 2553 1568 2607 fertur

335 2634 396 2689 In
425 2635 561 2699 sola,
588 2636 1042 2712 remigiojustum
1063 2639 1301 2695 ducente
1319 2642 1568 2696 secundo

334 2725 588 2782 Scitatus.
623 2728 822 2784 famam
855 2731 1007 2785 senis
1038 2747 1149 2787 uno
1178 2738 1237 2787 ut
1267 2733 1335 2787 ab
1367 2749 1463 2789 ore
1490 2734 1750 2804 capessit,

332 2814 586 2869 Consona
607 2824 928 2872 cunctorum
960 2819 1108 2873 rutili
1142 2821 1419 2890 praeconia
1450 2821 1620 2877 lichni
1652 2840 1665 2876 :

338 2906 453 2970 Qua
478 2905 671 2975 niteat,
697 2908 829 2980 quid
861 2917 1005 2982 agat,
1028 2927 1190 2983 quam
1214 2912 1371 2985 signa
1400 2915 1675 2985 stupenda
1697 2915 1959 2984 celebret,

336 2998 607 3055 Omnibus
636 3000 766 3057 hinc
794 3003 935 3059 adeo
964 3012 1207 3059 mentem
1237 3005 1568 3061 mirantibus
1595 3007 1747 3077 almi,

337 3086 491 3150 Quod
524 3103 625 3144 nec
645 3105 810 3160 opem
830 3107 861 3145 a
899 3106 1178 3163 quoquam
1206 3092 1388 3163 capiat
1414 3103 1540 3165 post
1565 3094 1692 3149 talia
1712 3096 1889 3167 panis.

339 3176 654 3249 Discipulus
684 3179 906 3235 tandem
938 3181 1196 3253 lacrymis
1223 3198 1321 3254 per
1342 3183 1544 3257 gaudia
1577 3183 1717 3239 fusis

342 3265 536 3341 Irrigat
563 3267 771 3324 inventi
801 3270 908 3326 hoc
937 3270 1156 3341 plantas
1195 3272 1398 3327 sudore
1425 3273 1703 3348 magistri;

339 3353 550 3426 Vixque
571 3363 789 3412 erectus
821 3372 909 3426 eo,
942 3366 997 3413 et
1023 3359 1191 3416 biduo
1213 3361 1467 3419 triduove
1491 3363 1699 3418 refotus

339 3451 566 3506 l’amine
596 3452 884 3521 melliﬂuo,
913 3455 1056 3510 velle
1090 3456 1238 3511 hunc
1262 3457 1495 3512 evadere
1528 3466 1699 3514 terras

339 3538 504 3594 Audit
532 3540 590 3595 in
613 3549 890 3611 externas,
918 3543 1140 3617 ignotus
1169 3546 1399 3602 nomine
1431 3555 1486 3601 et
1516 3563 1612 3603 ore

340 3635 457 3697 Qua
485 3634 734 3690 residere
762 3643 952 3708 qneat,
975 3637 1323 3711 Dominoque
1355 3655 1550 3695 vacare
1584 3640 1824 3712 quietus.

410 3726 636 3782 Ducitur
665 3743 795 3801 ergo
826 3730 1181 3801 Epidaurzeos
1210 3739 1505 3803 proreptus
1537 3733 1592 3787 in
1619 3748 1803 3806 agros,

339 3816 455 3880 Qua
484 3832 666 3888 neque
683 3819 894 3874 celatus
923 3820 1089 3895 longo
1120 3820 1224 3875 sub
1259 3830 1507 3893 tempore
1525 3822 1679 3896 degit

341 3904 485 3959 [ture
518 3905 694 3962 latens
723 3909 959 3964 modico.
991 3909 1277 3982 Siquidem
1309 3910 1475 3966 draco
1502 3928 1736 3985 magnus
1776 3912 1964 3968 Achivi

343 3998 511 4065 Quos,
531 4004 660 4054 trito
689 4016 969 4069 sermone,
1011 4002 1145 4057 boas
1169 4002 1409 4058 vocitare
1439 4004 1605 4071 sueti,

342 4084 471 4141 Late
498 4095 653 4144 actus
675 4090 945 4146 vacuabat
976 4107 1158 4163 agros,
1188 4100 1437 4147 armenta
1475 4108 1786 4166 gregesque

342 4184 707 4259 Pastoresque
757 4202 981 4256 vorans,
1039 4188 1226 4244 lethali
1275 4187 1497 4244 ﬂamine
1545 4196 1786 4247 tractans
1844 4192 1965 4262 (pro

1606 4280 1891 4354 {trahens}

345 4361 441 4417 Cui
470 4370 675 4421 vastam
701 4365 862 4436 jubet
891 4366 984 4421 ille
1017 4383 1205 4438 pyram
1237 4367 1513 4440 funusque
1538 4369 1740 4440 parari,

344 4452 706 4526 Excitumque
724 4456 850 4516 data
863 4457 1216 4530 seriem(166)
1245 4474 1407 4529 prece
1431 4459 1697 4515 scandere
1720 4460 1961 4517 mandat.

342 4548 669 4623 Obsequitur
708 4569 909 4625 supera
939 4568 1170 4624 serpens
1200 4554 1401 4610 virtute
1433 4562 1675 4610 coactus.

345 4646 643 4717 Supposito
663 4648 756 4704 ille
777 4666 1031 4705 eremans
1055 4651 1359 4708 immanem
1393 4650 1585 4706 fomite
1609 4658 1820 4723 pestem

344 4740 679 4797 Admiranda
708 4742 862 4798 dedit
890 4745 1090 4814 pavido
1120 4745 1437 4816 spectacula
1461 4745 1648 4819 vulgo.

343 4832 693 4904 Tempestate
718 4834 821 4889 sub
854 4836 978 4904 hac,
1020 4843 1179 4891 motae
1196 4838 1489 4891 concussio
1518 4842 1675 4890 terrae

343 4925 580 4997 [Equora
616 4926 888 4983 limitibus
914 4929 1192 5000 metisque
1224 4928 1421 4983 eﬂudit
1446 4927 1674 4993 abactis,

344 5013 616 5069 Diluvium
649 5023 709 5071 ut
736 5032 954 5071 rursum
986 5016 1217 5071 instaret
1246 5016 1601 5083 mortalibus;
1633 5031 1828 5071 omnes

344 5104 642 5177 Antiquum
675 5108 906 5163 timuere
937 5109 1106 5164 chaos
1128 5108 1197 5163 de
1221 5108 1507 5164 montibus
1537 5114 1685 5162 actas

350 5199 591 5254 Excelsis
619 5202 863 5272 pendere
895 5209 1059 5268 rates,
1091 5202 1404 5273 ﬂuctusque
1434 5199 1737 5256 frementes

350 5287 635 5358 Curgitum
656 5290 1021 5346 inundantum
1054 5290 1183 5346 ferri
1209 5307 1308 5362 per
1330 5289 1513 5345 iittora
1540 5297 1755 5345 montes

346 5374 646 5431 Cernentes
669 5378 997 5448 Epidauraei,
1026 5381 1157 5435 dum
1185 5379 1461 5452 stragibus
1484 5377 1644 5434 urbis

347 5466 648 5523 Praeteritis
679 5471 981 5542 trepidant,
1014 5473 1188 5529 Patris
1205 5472 1468 5547 suffragia
1496 5478 1769 5545 quierunt,

346 5562 518 5626 Quem
551 5574 651 5628 spe
684 5570 1021 5632 praesumpta
1051 5566 1331 5635 rapientes
1370 5565 1552 5620 littore
1579 5565 1797 5619 sistunt.

346 5650 467 5705 Mox
496 5647 603 5702 tria
627 5643 787 5713 signa
816 5649 996 5702 crucis
1037 5651 1230 5708 sabulo
1270 5653 1401 5707 dum
1445 5653 1824 5725 pingit‘arato,

441 5757 565 5820 .164)
610 5749 673 5820 l_d
697 5761 779 5807 est
810 5754 1081 5811 daunone.

440 5817 572 5888 165)
615 5817 677 5868 Id
704 5831 787 5876 est
816 5829 1032 5879 struem.

1091 423 1461 479 FLODOARDI
1501 424 1805 481 CANONICI
1846 426 2176 484 BEMENSIS
2219 425 2559 484 OPUSCULA
2599 425 2913 482 METRICA.

3598 430 3706 484 540

1972 564 2025 630 Α
2059 558 2409 630 lntendntque
2440 574 2638 613 manus
2668 564 2882 625 contra,
2905 556 3161 613 mirabile
3183 556 3366 613 dictul

2065 649 2307 706 Creverit
2337 660 2398 706 ut
2422 666 2659 726 surgens
2683 649 3010 721 steteritque
3042 650 3096 705 in
3130 649 3373 706 molibus
3401 666 3635 723 aequor,

2062 739 2471 812 Indignansque
2500 738 2855 810 tremensque
2878 739 2996 809 diu,
3018 738 3169 793 velut
3185 738 3348 795 obice
3365 755 3633 807 versum,

2062 828 2121 882 ln
2152 835 2328 882 semet
2355 827 2562 882 sensim
2592 826 2869 898 lapsisque
2901 825 3181 882 rcﬂuxerit
3208 827 3395 883 undis.

2061 916 2127 971 Ut
2156 932 2325 987 rupes
2353 916 2505 971 senis
2538 921 2664 969 ante
2696 913 2869 987 pedes
2901 914 3064 989 rigidi
3098 915 3153 969 in
3178 932 3331 970 mare
3360 922 3601 971 montes

2060 1008 2217 1065 Parte
2250 1008 2427 1064 ﬂuunt
2455 1008 2582 1074 alia,
2611 1007 2743 1062 hinc
2773 1023 2875 1062 ceu
2904 1007 3223 1075 marmorei,
3256 1007 3391 1063 inde
3419 1008 3703 1080 liquores,

2058 1096 2343 1170 Spargitur
2370 1096 2423 1151 id
2455 1102 2567 1151 tota
2604 1095 2855 1169 regione,
2884 1111 2987 1166 per
3024 1111 3173 1161 arva,
3199 1110 3297 1166 per
3325 1095 3522 1163 urbes,

2057 1182 2325 1239 Mirantur
2351 1183 2533 1239 cuncti
2564 1182 2751 1238 eximii
2781 1182 3058 1256 magnalia
3096 1181 3261 1257 signi,

2060 1276 2159 1330 llle
2188 1275 2384 1330 dolens
2412 1274 2593 1346 prodi.
2626 1274 2817 1329 lembo
2844 1273 2984 1329 clam
3017 1282 3181 1328 nocte
3213 1273 3484 1329 recedens

2058 1369 2276 1445 Effugit,
2308 1376 2363 1424 et
2387 1368 2561 1424 classe
2583 1384 2833 1436 ascensa,
2856 1368 3016 1423 Malta
3032 1367 3239 1440 [Malea]
3258 1375 3425 1441 atque
3456 1367 3701 1439 Cythera

2054 1460 2371 1516 Occurrunt.
2398 1459 2650 1530 Dumque
2679 1458 2788 1513 alia
2815 1458 2947 1534 legit
2968 1458 3199 1530 piratica
3229 1474 3491 1533 grassans

2054 1552 2247 1607 Fertur
2257 1551 2451 1606 adesse
2465 1567 2682 1619 manus,
2707 1551 2986 1622 trepidant
3002 1550 3138 1605 socii
3155 1566 3415 1622 armaque
3430 1558 3703 1623 poscunt,

2053 1644 2322 1699 Exercent
2350 1642 2765 1714 cunctos(166),
2801 1642 3137 1697 creberrima
3167 1642 3360 1697 nuntia
3389 1650 3634 1698 currunt

2056 1736 2115 1789 ld
2148 1736 2381 1791 recitare
2404 1736 2546 1790 seni.
2583 1735 2792 1790 Ridens
2821 1735 3014 1806 procul
3045 1734 3138 1790 ille
3169 1734 3388 1790 carinas

2056 1827 2287 1884 Utvidet
2317 1827 2574 1881 hostiles:
2606 1843 2630 1881 α
2664 1826 2825 1893 Quid,
2857 1826 2954 1893 ait,
2989 1825 3297 1897 trepidatis,
3321 1826 3597 1882 alumni?

1982 1930 2028 1997 Β
2059 1920 2096 1976 Ο
2130 1920 2359 1976 modicae
2390 1918 2549 1974 fidei!
2583 1918 2883 1975 Pharaonis
2907 1935 2974 1973 an
2997 1918 3217 1992 agmina
3245 1919 3405 1990 plura

2063 2010 2299 2067 Cernitis
2330 2010 2666 2081 agminibus,
2689 2011 2831 2065 divis
2857 2026 2979 2082 quae
3007 2026 3190 2064 mersa
3225 2010 3575 2081 triumphis?
3611 2033 3637 2060 υ

2061 2104 2343 2159 Saevorum
2376 2103 2590 2158 interea
2621 2102 2934 2173 spumantia
2964 2108 3137 2157 rostra
3162 2101 3583 2173 propinquant;

2063 2194 2305 2248 Emissus
2337 2203 2606 2265 quantum
2638 2194 2799 2265 spatii
2834 2192 2975 2264 lapis
3002 2197 3237 2263 occupat
3266 2191 3491 2260 absunt,

2063 2284 2160 2339 llle
2200 2299 2367 2339 manu
2409 2293 2602 2339 contra
2632 2290 2837 2350 erecta,
2869 2281 3222 2337 venientibus
3249 2297 3346 2338 ora

2061 2374 2138 2428 De
2170 2373 2293 2429 navi
2327 2373 2600 2444 loquitur:
2628 2393 2654 2421 α
2690 2372 2832 2427 Satis
2862 2378 2947 2426 est
2973 2371 3083 2426 huc
3111 2386 3287 2442 usque
3321 2386 3569 2427 measse.
3608 2395 3629 2423 ο

2060 2462 2193 2516 Mira
2222 2461 2389 2516 ﬁdes!
2420 2461 2633 2517 resilire
2660 2467 2821 2528 rates,
2846 2460 3189 2532 puppimque
3212 2460 3385 2531 petita

2060 2553 2294 2627 Agmine
2318 2553 2589 2609 nitentum
2611 2559 2800 2608 contra
2830 2559 2957 2624 post
2988 2562 3139 2625 terga
3159 2552 3342 2607 redire

2060 2646 2291 2712 Invitos,
2323 2646 2578 2716 stupidos
2609 2645 2804 2700 citiore
2835 2644 2903 2699 ad
2934 2644 3117 2699 littora
3147 2660 3314 2699 cursu

2063 2734 2234 2798 Quam
2268 2739 2491 2788 ventum
2525 2732 2719 2793 fuerat,
2753 2746 2908 2787 casso
2940 2731 3227 2786 molimine
3258 2731 3410 2796 ferri,

2129 2825 2217 2879 Sic
2240 2831 2591 2897 grassantum
2614 2824 2816 2879 athleta
2845 2823 2940 2880 Dei
2966 2823 3087 2878 sine
3122 2824 3393 2897 sanguine
3415 2822 3627 2889 victor,

2060 2913 2203 2968 Laeta
2234 2921 2444 2985 trepaea
2473 2912 2678 2979 ferens,
2710 2912 2841 2987 legit
2871 2927 3095 2984 aequora
3127 2911 3389 2983 Cycladas
3413 2912 3588 2977 inter,

2062 3004 2363 3060 Littoribus
2393 3004 2562 3060 variis
2579 3004 2902 3076 crebrisque
2927 3002 3167 3058 furentia
3198 3002 3382 3071 terris,

2062 3092 2230 3146 Tutus
2259 3092 2336 3146 uti
2365 3092 2541 3147 sulcet
2564 3091 2767 3163 placidi
2796 3091 2935 3147 vada
2956 3091 3112 3146 milia
3141 3091 3343 3165 stagni.

2072 3183 2310 3238 Urbibus
2334 3199 2397 3238 ac
2420 3182 2557 3239 vicis
2586 3182 2789 3255 passim
2818 3197 3150 3238 concurrere
3178 3181 3375 3256 vulgus

2066 3273 2325 3327 Dzemone
2354 3274 2709 3342 possessuum
2736 3286 2799 3326 ac
2828 3286 2995 3326 voces
3026 3270 3284 3326 incedere
3316 3270 3371 3325 in
3405 3287 3596 3325 aures.

1993 3350 2042 3418 C
2064 3364 2264 3435 Sicque
2291 3363 2537 3435 Paphum
2560 3363 2845 3434 appulsus,
2867 3362 3168 3435 requiescit
3184 3362 3253 3417 ab
3275 3362 3414 3417 urbe
3433 3372 3685 3417 remotus

2073 3461 2191 3516 Non
2222 3466 2402 3515 tamen
2437 3458 2492 3513 id
2526 3459 2787 3535 longum:
2817 3458 3012 3532 viginti
3045 3458 3186 3514 forte
3219 3458 3435 3513 dierum

2072 3554 2170 3608 Vix
2198 3552 2429 3607 volvens
2457 3552 2718 3623 spatium,
2754 3551 2969 3606 cunctis
3007 3566 3247 3622 namque
3279 3550 3457 3605 insula
3512 3552 3704 3607 clamat

2076 3640 2311 3695 Urbibus
2341 3655 2437 3696 ore
2469 3639 2801 3715 agitatorum
2823 3638 3021 3693 famam
3056 3637 3373 3705 Hilarionis,

2067 3736 2369 3791 Advenisse
2393 3735 2488 3789 Dei
2509 3750 2747 3797 servum,
2780 3733 2927 3789 hunc
2958 3732 3063 3788 sibi
3091 3733 3197 3788 rite
3225 3732 3562 3805 petendum.

2068 3830 2375 3885 Occurrunt
2415 3827 2678 3899 Lapithae.
2723 3825 3021 3893 Salamina,
3062 3825 3300 3897 aliaeque
3330 3824 3637 3880 resultant:

2066 3918 2491 3989 AppprOperant
2531 3914 2749 3971 cunctis
2774 3915 3023 3970 certatim
3051 3931 3117 3970 ex
3146 3913 3381 3969 urbibus
3411 3913 3547 3981 acti,

2069 4009 2241 4078 Atque
2272 4021 2383 4061 uno
2413 4014 2614 4061 coeunt
2637 4005 2816 4060 vexati
2842 4011 3029 4059 mente
3060 4002 3307 4073 ducenti,

2064 4100 2207 4155 Sexu
2238 4099 2482 4154 discreti.
2509 4099 2664 4155 Dolet
2680 4099 2883 4154 auferri
2912 4098 3003 4153 ille
3032 4097 3301 4170 quietem,

2065 4191 2503 4264 Praesidiumque
2521 4199 2720 4263 petens
2749 4201 2963 4257 notum,
2987 4190 3167 4261 precis
3185 4190 3311 4262 igne
3340 4189 3552 4262 fatigat,

2068 4285 2479 4353 Colluctatores,
2518 4286 2655 4342 alios
2684 4300 2810 4342 mox
2839 4284 3067 4350 decutit,
3100 4292 3268 4357 atque

2068 4376 2195 4431 Post
2215 4375 2440 4430 biduum
2470 4375 2784 4431 triduumve
2802 4374 2964 4439 alius,
2991 4373 3288 4446 nullusque
3320 4372 3551 4437 resistit,

2070 4462 2426 4519 Hebdomada
2448 4462 2729 4534 explicita,
2756 4463 2851 4534 qui
2868 4478 2979 4518 non
2996 4460 3213 4517 laetatus
3232 4461 3404 4516 abire.

2139 4558 2356 4613 Exactis
2376 4557 2614 4630 geminis
2638 4567 2928 4628 postquam
2953 4557 3256 4612 devenerat
3276 4555 3461 4623 annis,

1983 4627 2043 4696 Ῐ)
2070 4648 2282 4723 Cogitat
2317 4627 2533 4723 Egypti
2568 4649 2835 4723 profugus
2864 4649 2984 4705 loca
3015 4648 3246 4703 barbara
3279 4648 3470 4714 adire;

2073 4741 2279 4796 Suadet
2308 4750 2362 4796 at
2389 4742 2692 4812 Hesychius
2724 4740 2881 4811 Cypri
2918 4746 3209 4811 penetrare
3240 4754 3520 4807 recessus,

2071 4829 2415 4902 Abducitque
2446 4829 2606 4896 mari,
2628 4838 2847 4885 montes
2876 4828 3068 4899 procul
3094 4827 3241 4882 inter
3267 4842 3496 4898 opacos,

2042 4990 2047 4995 η
2073 4922 2362 4992 Reptando
2392 4921 2634 4996 genibus
2661 4921 3033 4992 manibusque
3064 4918 3301 4990 abrupta
3328 4919 3510 4975 subiri

2072 5012 2202 5076 Qua:
2229 5011 2321 5066 vix
2353 5010 2718 5081 praevaleant:
2752 5010 3002 5081 pomaria
3030 5009 3244 5065 consita
3273 5025 3561 5066 amoenum

2074 5103 2425 5170 Heddebant,
2458 5102 2721 5175 ductique
2752 5102 2934 5157 locum
2968 5102 3036 5157 de
3066 5102 3271 5157 vertice
3299 5101 3421 5159 rivi.

2073 5192 2185 5248 Nec
2211 5192 2488 5247 detractus
2513 5190 2782 5253 honosab
2806 5206 2874 5246 eo
2904 5206 3005 5261 per
3031 5198 3277 5262 tempora
3304 5191 3564 5263 quinque

2068 5285 2352 5339 Annorum
2371 5283 2665 5339 arboribus
2688 5282 2895 5355 quibus
2916 5283 3003 5338 hic
3024 5283 3295 5338 mansisse
3325 5283 3630 5354 probatur;

2068 5374 2227 5428 Nullo
2251 5374 2444 5429 horum
2462 5373 2767 5443 sumpsisse
2795 5372 2979 5427 cihum
3012 5372 3083 5427 de
3112 5372 3364 5444 germine
3394 5372 3595 5429 fertur.

2068 5464 2288 5537 Antiqui
2314 5464 2468 5533 juxta
2500 5463 2608 5518 fani
2630 5464 2872 5535 collapsa
2894 5463 3176 5535 patebant.

2071 5552 2289 5618 ania,
2322 5568 2431 5623 qua
2469 5551 2616 5606 sunti
2646 5551 2881 5605 inumeri
2914 5550 3016 5605 sub
3050 5559 3210 5607 nocte
3238 5552 3446 5623 dieque

2070 5645 2369 5702 Daemonici
2402 5630 2661 5701 resonare
2687 5643 2862 5719 globi,
2884 5644 3034 5700 velut
3064 5644 3285 5718 agmina
3305 5645 3447 5700 belli

2094 5838 2099 5847 ‘
2146 5834 2286 5902 (166)
2326 5833 2483 5890 Forte
2511 5834 2618 5907 leg.
2649 5841 2846 5890 eontos.
