  <div class='ocr_page' id='page_1' title='image "/cluster/home/n/w/nwhite01/storage/ocr_20150623/134-135/uc1.31175013627537/790.png"; bbox 0 0 3874 6416; ppageno 0'>
   <div class='ocr_carea' id='block_1_1' title="bbox 98 385 195 439">
    <p class='ocr_par' dir='ltr' id='par_1_1' title="bbox 98 385 195 439">
     <span class='ocr_line' id='line_1_1' title="bbox 98 385 195 439; baseline -0.021 0"><span class='ocrx_word' id='word_1_1' title='bbox 98 385 195 439; x_wconf 74' lang='grc'><strong>541</strong></span> 
     </span>
    </p>
   </div>
   <div class='ocr_carea' id='block_1_2' title="bbox 601 382 2948 472">
    <p class='ocr_par' dir='ltr' id='par_1_2' title="bbox 601 382 2948 472">
     <span class='ocr_line' id='line_1_2' title="bbox 601 382 2948 472; baseline 0.002 -35"><span class='ocrx_word' id='word_1_2' title='bbox 601 383 684 437; x_wconf 87' lang='lat' dir='ltr'><strong>DE</strong></span> <span class='ocrx_word' id='word_1_3' title='bbox 723 382 1088 472; x_wconf 67' lang='lat' dir='ltr'><strong>TRIUMI’HIS</strong></span> <span class='ocrx_word' id='word_1_4' title='bbox 1127 382 1389 440; x_wconf 79' lang='lat' dir='ltr'><strong>CHRISTI</strong></span> <span class='ocrx_word' id='word_1_5' title='bbox 1432 385 1512 441; x_wconf 86' lang='lat' dir='ltr'><strong>ET</strong></span> <span class='ocrx_word' id='word_1_6' title='bbox 1551 385 1644 441; x_wconf 90' lang='lat' dir='ltr'><strong>SS.</strong></span> <span class='ocrx_word' id='word_1_7' title='bbox 1688 384 2093 441; x_wconf 70' lang='lat' dir='ltr'><strong>PALAESTlN/E</strong></span> <span class='ocrx_word' id='word_1_8' title='bbox 2131 385 2308 440; x_wconf 76' lang='lat' dir='ltr'><strong>LIBRI</strong></span> <span class='ocrx_word' id='word_1_9' title='bbox 2348 385 2536 442; x_wconf 82' lang='lat' dir='ltr'><strong>TRES.</strong></span> <span class='ocrx_word' id='word_1_10' title='bbox 2576 415 2646 426; x_wconf 91' lang='lat'><strong>——</strong></span> <span class='ocrx_word' id='word_1_11' title='bbox 2685 385 2810 441; x_wconf 91' lang='lat' dir='ltr'><strong>LIB.</strong></span> <span class='ocrx_word' id='word_1_12' title='bbox 2855 386 2948 442; x_wconf 88' lang='lat' dir='ltr'><strong>III.</strong></span> 
     </span>
    </p>
   </div>
   <div class='ocr_carea' id='block_1_3' title="bbox 3339 386 3446 441">
    <p class='ocr_par' dir='ltr' id='par_1_3' title="bbox 3339 386 3446 441">
     <span class='ocr_line' id='line_1_3' title="bbox 3339 386 3446 441; baseline 0 -1"><span class='ocrx_word' id='word_1_13' title='bbox 3339 386 3446 441; x_wconf 63' lang='grc'><strong>542</strong></span> 
     </span>
    </p>
   </div>
   <div class='ocr_carea' id='block_1_4' title="bbox 99 506 3375 585">
    <p class='ocr_par' dir='ltr' id='par_1_4' title="bbox 99 506 3375 585">
     <span class='ocr_line' id='line_1_4' title="bbox 99 506 3375 585; baseline 0.001 -23"><span class='ocrx_word' id='word_1_14' title='bbox 99 506 302 563; x_wconf 80' lang='lat' dir='ltr'><strong>Gaudet</strong></span> <span class='ocrx_word' id='word_1_15' title='bbox 329 507 387 562; x_wconf 93' lang='lat' dir='ltr'><strong>in</strong></span> <span class='ocrx_word' id='word_1_16' title='bbox 419 507 505 562; x_wconf 89' lang='lat' dir='ltr'><strong>his</strong></span> <span class='ocrx_word' id='word_1_17' title='bbox 534 506 725 563; x_wconf 89' lang='lat' dir='ltr'><strong>senior</strong></span> <span class='ocrx_word' id='word_1_18' title='bbox 774 507 977 563; x_wconf 89' lang='lat' dir='ltr'><strong>habeat</strong></span> <span class='ocrx_word' id='word_1_19' title='bbox 1021 507 1168 578; x_wconf 92' lang='lat' dir='ltr'><strong>quod</strong></span> <span class='ocrx_word' id='word_1_20' title='bbox 1196 508 1452 563; x_wconf 84' lang='lat' dir='ltr'><strong>acumina</strong></span> <span class='ocrx_word' id='word_1_21' title='bbox 1495 514 1715 584; x_wconf 68' lang='lat' dir='ltr'><strong>pugnaa‘</strong></span> <span class='ocrx_word' id='word_1_22' title='bbox 1744 518 1794 584; x_wconf 81' lang='grc' dir='ltr'>Α</span> <span class='ocrx_word' id='word_1_23' title='bbox 1827 510 2061 582; x_wconf 77' lang='lat' dir='ltr'><strong>Haecque</strong></span> <span class='ocrx_word' id='word_1_24' title='bbox 2084 509 2464 579; x_wconf 78' lang='lat' dir='ltr'><strong>Evangelium,</strong></span> <span class='ocrx_word' id='word_1_25' title='bbox 2496 508 2693 565; x_wconf 71' lang='lat' dir='ltr'><strong>tunica:</strong></span> <span class='ocrx_word' id='word_1_26' title='bbox 2723 525 2847 565; x_wconf 92' lang='lat' dir='ltr'><strong>cum</strong></span> <span class='ocrx_word' id='word_1_27' title='bbox 2900 509 3165 585; x_wconf 88' lang='lat' dir='ltr'><strong>tegmine,</strong></span> <span class='ocrx_word' id='word_1_28' title='bbox 3206 509 3375 578; x_wconf 89' lang='lat' dir='ltr'><strong>sacci,</strong></span> 
     </span>
    </p>
   </div>
   <div class='ocr_carea' id='block_1_5' title="bbox 97 603 1716 674">
    <p class='ocr_par' dir='ltr' id='par_1_5' title="bbox 97 603 1716 674">
     <span class='ocr_line' id='line_1_5' title="bbox 97 603 1716 674; baseline 0.002 -17"><span class='ocrx_word' id='word_1_29' title='bbox 97 603 361 674; x_wconf 86' lang='lat' dir='ltr'><strong>Quodque</strong></span> <span class='ocrx_word' id='word_1_30' title='bbox 387 603 457 658; x_wconf 91' lang='lat' dir='ltr'><strong>ad</strong></span> <span class='ocrx_word' id='word_1_31' title='bbox 490 620 618 658; x_wconf 90' lang='lat' dir='ltr'><strong>eum</strong></span> <span class='ocrx_word' id='word_1_32' title='bbox 651 603 882 658; x_wconf 80' lang='lat' dir='ltr'><strong>auderet</strong></span> <span class='ocrx_word' id='word_1_33' title='bbox 912 603 1096 659; x_wconf 90' lang='lat' dir='ltr'><strong>nullus</strong></span> <span class='ocrx_word' id='word_1_34' title='bbox 1122 604 1210 659; x_wconf 86' lang='lat' dir='ltr'><strong>vel</strong></span> <span class='ocrx_word' id='word_1_35' title='bbox 1240 605 1510 660; x_wconf 85' lang='lat' dir='ltr'><strong>scandere</strong></span> <span class='ocrx_word' id='word_1_36' title='bbox 1541 621 1716 661; x_wconf 89' lang='lat' dir='ltr'><strong>rarus.</strong></span> 
     </span>
    </p>
   </div>
   <div class='ocr_carea' id='block_1_6' title="bbox 97 691 1718 770">
    <p class='ocr_par' dir='ltr' id='par_1_6' title="bbox 97 691 1718 770">
     <span class='ocr_line' id='line_1_6' title="bbox 97 691 1718 770; baseline 0.002 -23"><span class='ocrx_word' id='word_1_37' title='bbox 97 694 294 763; x_wconf 87' lang='lat' dir='ltr'><strong>Sicque</strong></span> <span class='ocrx_word' id='word_1_38' title='bbox 323 691 522 770; x_wconf 72' lang='lat' dir='ltr'><strong>fovens</strong></span> <span class='ocrx_word' id='word_1_39' title='bbox 551 693 793 758; x_wconf 90' lang='lat' dir='ltr'><strong>charam,</strong></span> <span class='ocrx_word' id='word_1_40' title='bbox 828 692 1058 747; x_wconf 89' lang='lat' dir='ltr'><strong>Domino</strong></span> <span class='ocrx_word' id='word_1_41' title='bbox 1079 693 1718 766; x_wconf 89' lang='lat' dir='ltr'><strong>inspectante,quietem,</strong></span> 
     </span>
    </p>
   </div>
   <div class='ocr_carea' id='block_1_7' title="bbox 98 781 1456 853">
    <p class='ocr_par' dir='ltr' id='par_1_7' title="bbox 98 781 1456 853">
     <span class='ocr_line' id='line_1_7' title="bbox 98 781 1456 853; baseline 0.001 -16"><span class='ocrx_word' id='word_1_42' title='bbox 98 783 333 848; x_wconf 83' lang='lat' dir='ltr'><strong>Quadam</strong></span> <span class='ocrx_word' id='word_1_43' title='bbox 364 781 507 838; x_wconf 89' lang='lat' dir='ltr'><strong>forte</strong></span> <span class='ocrx_word' id='word_1_44' title='bbox 541 782 632 836; x_wconf 91' lang='lat' dir='ltr'><strong>die</strong></span> <span class='ocrx_word' id='word_1_45' title='bbox 666 781 971 853; x_wconf 81' lang='lat' dir='ltr'><strong>paralytica</strong></span> <span class='ocrx_word' id='word_1_46' title='bbox 998 782 1245 838; x_wconf 90' lang='lat' dir='ltr'><strong>membra</strong></span> <span class='ocrx_word' id='word_1_47' title='bbox 1268 782 1456 851; x_wconf 86' lang='lat' dir='ltr'><strong>jacere</strong></span> 
     </span>
    </p>
   </div>
   <div class='ocr_carea' id='block_1_8' title="bbox 98 869 1725 945">
    <p class='ocr_par' dir='ltr' id='par_1_8' title="bbox 98 869 1725 945">
     <span class='ocr_line' id='line_1_8' title="bbox 98 869 1725 945; baseline 0.001 -18"><span class='ocrx_word' id='word_1_48' title='bbox 98 870 337 942; x_wconf 75' lang='lat' dir='ltr'><strong>Respicit</strong></span> <span class='ocrx_word' id='word_1_49' title='bbox 373 877 507 925; x_wconf 86' lang='lat' dir='ltr'><strong>ante</strong></span> <span class='ocrx_word' id='word_1_50' title='bbox 548 869 697 925; x_wconf 84' lang='lat' dir='ltr'><strong>fores</strong></span> <span class='ocrx_word' id='word_1_51' title='bbox 731 888 745 936; x_wconf 92' lang='lat'><strong>;</strong></span> <span class='ocrx_word' id='word_1_52' title='bbox 789 870 992 941; x_wconf 90' lang='lat' dir='ltr'><strong>quissit</strong></span> <span class='ocrx_word' id='word_1_53' title='bbox 1020 880 1196 945; x_wconf 89' lang='lat' dir='ltr'><strong>rogat,</strong></span> <span class='ocrx_word' id='word_1_54' title='bbox 1219 881 1278 926; x_wconf 88' lang='lat' dir='ltr'><strong>ut</strong></span> <span class='ocrx_word' id='word_1_55' title='bbox 1301 872 1433 943; x_wconf 92' lang='lat' dir='ltr'><strong>quid</strong></span> <span class='ocrx_word' id='word_1_56' title='bbox 1465 871 1725 928; x_wconf 78' lang='lat' dir='ltr'><strong>adactus?</strong></span> 
     </span>
    </p>
   </div>
   <div class='ocr_carea' id='block_1_9' title="bbox 96 961 1367 1034">
    <p class='ocr_par' dir='ltr' id='par_1_9' title="bbox 96 961 1367 1034">
     <span class='ocr_line' id='line_1_9' title="bbox 96 961 1367 1034; baseline -0.002 -15"><span class='ocrx_word' id='word_1_57' title='bbox 96 965 536 1030; x_wconf 83' lang='lat' dir='ltr'><strong>Procuratorem,</strong></span> <span class='ocrx_word' id='word_1_58' title='bbox 572 961 842 1034; x_wconf 86' lang='lat' dir='ltr'><strong>Hesychio</strong></span> <span class='ocrx_word' id='word_1_59' title='bbox 874 969 1153 1030; x_wconf 89' lang='lat' dir='ltr'><strong>narrante,</strong></span> <span class='ocrx_word' id='word_1_60' title='bbox 1182 962 1367 1019; x_wconf 84' lang='lat' dir='ltr'><strong>locelli</strong></span> 
     </span>
    </p>
   </div>
   <div class='ocr_carea' id='block_1_10' title="bbox 94 1055 1471 1128">
    <p class='ocr_par' dir='ltr' id='par_1_10' title="bbox 94 1055 1471 1128">
     <span class='ocr_line' id='line_1_10' title="bbox 94 1055 1471 1128; baseline 0 -15"><span class='ocrx_word' id='word_1_61' title='bbox 94 1057 326 1128; x_wconf 83' lang='lat' dir='ltr'><strong>Accipit,</strong></span> <span class='ocrx_word' id='word_1_62' title='bbox 356 1071 420 1111; x_wconf 92' lang='lat' dir='ltr'><strong>ac</strong></span> <span class='ocrx_word' id='word_1_63' title='bbox 439 1056 581 1112; x_wconf 70' lang='lat' dir='ltr'><strong>villae</strong></span> <span class='ocrx_word' id='word_1_64' title='bbox 622 1056 709 1111; x_wconf 93' lang='lat' dir='ltr'><strong>cui</strong></span> <span class='ocrx_word' id='word_1_65' title='bbox 736 1055 996 1110; x_wconf 88' lang='lat' dir='ltr'><strong>subditur</strong></span> <span class='ocrx_word' id='word_1_66' title='bbox 1034 1056 1289 1111; x_wconf 87' lang='lat' dir='ltr'><strong>hortulus</strong></span> <span class='ocrx_word' id='word_1_67' title='bbox 1326 1057 1471 1127; x_wconf 92' lang='lat' dir='ltr'><strong>ipso.</strong></span> 
     </span>
    </p>
   </div>
   <div class='ocr_carea' id='block_1_11' title="bbox 94 1144 1508 1217">
    <p class='ocr_par' dir='ltr' id='par_1_11' title="bbox 94 1144 1508 1217">
     <span class='ocr_line' id='line_1_11' title="bbox 94 1144 1508 1217; baseline 0.001 -17"><span class='ocrx_word' id='word_1_68' title='bbox 94 1147 251 1201; x_wconf 86' lang='lat' dir='ltr'><strong>[licet</strong></span> <span class='ocrx_word' id='word_1_69' title='bbox 278 1145 650 1217; x_wconf 85' lang='lat' dir='ltr'><strong>illaerymans,</strong></span> <span class='ocrx_word' id='word_1_70' title='bbox 685 1144 1024 1216; x_wconf 84' lang='lat' dir='ltr'><strong>inepemque</strong></span> <span class='ocrx_word' id='word_1_71' title='bbox 1055 1144 1251 1201; x_wconf 89' lang='lat' dir='ltr'><strong>salutis</strong></span> <span class='ocrx_word' id='word_1_72' title='bbox 1280 1145 1508 1202; x_wconf 89' lang='lat' dir='ltr'><strong>adortus</strong></span> 
     </span>
    </p>
   </div>
   <div class='ocr_carea' id='block_1_12' title="bbox 93 1232 1434 1304">
    <p class='ocr_par' dir='ltr' id='par_1_12' title="bbox 93 1232 1434 1304">
     <span class='ocr_line' id='line_1_12' title="bbox 93 1232 1434 1304; baseline -0.001 -12"><span class='ocrx_word' id='word_1_73' title='bbox 93 1238 186 1292; x_wconf 90' lang='lat' dir='ltr'><strong>Sic</strong></span> <span class='ocrx_word' id='word_1_74' title='bbox 215 1236 407 1291; x_wconf 84' lang='lat' dir='ltr'><strong>dextra</strong></span> <span class='ocrx_word' id='word_1_75' title='bbox 431 1234 593 1304; x_wconf 88' lang='lat' dir='ltr'><strong>jubet</strong></span> <span class='ocrx_word' id='word_1_76' title='bbox 616 1234 835 1289; x_wconf 87' lang='lat' dir='ltr'><strong>intensa</strong></span> <span class='ocrx_word' id='word_1_77' title='bbox 861 1232 1179 1289; x_wconf 89' lang='lat' dir='ltr'><strong>recubantis</strong></span> <span class='ocrx_word' id='word_1_78' title='bbox 1210 1235 1267 1289; x_wconf 93' lang='lat' dir='ltr'><strong>in</strong></span> <span class='ocrx_word' id='word_1_79' title='bbox 1294 1250 1391 1290; x_wconf 91' lang='lat' dir='ltr'><strong>ora</strong></span> <span class='ocrx_word' id='word_1_80' title='bbox 1419 1252 1434 1290; x_wconf 90' lang='lat'><strong>:</strong></span> 
     </span>
    </p>
   </div>
   <div class='ocr_carea' id='block_1_13' title="bbox 94 1323 1454 1400">
    <p class='ocr_par' dir='ltr' id='par_1_13' title="bbox 94 1323 1454 1400">
     <span class='ocr_line' id='line_1_13' title="bbox 94 1323 1454 1400; baseline -0.001 -18"><span class='ocrx_word' id='word_1_81' title='bbox 94 1329 273 1400; x_wconf 80' lang='lat' dir='ltr'><strong>Surge</strong></span> <span class='ocrx_word' id='word_1_82' title='bbox 302 1324 404 1382; x_wconf 90' lang='lat' dir='ltr'><strong>tibi</strong></span> <span class='ocrx_word' id='word_1_83' title='bbox 434 1325 585 1391; x_wconf 89' lang='lat' dir='ltr'><strong>dico;</strong></span> <span class='ocrx_word' id='word_1_84' title='bbox 610 1323 963 1396; x_wconf 85' lang='lat' dir='ltr'><strong>Chistiquein</strong></span> <span class='ocrx_word' id='word_1_85' title='bbox 1005 1324 1227 1380; x_wconf 88' lang='lat' dir='ltr'><strong>nomine</strong></span> <span class='ocrx_word' id='word_1_86' title='bbox 1264 1340 1454 1399; x_wconf 88' lang='lat' dir='ltr'><strong>perge.</strong></span> 
     </span>
    </p>
   </div>
   <div class='ocr_carea' id='block_1_14' title="bbox 92 1412 1336 1470">
    <p class='ocr_par' dir='ltr' id='par_1_14' title="bbox 92 1412 1336 1470">
     <span class='ocr_line' id='line_1_14' title="bbox 92 1412 1336 1470; baseline -0.001 0"><span class='ocrx_word' id='word_1_87' title='bbox 92 1416 230 1470; x_wconf 82' lang='lat' dir='ltr'><strong>Mira</strong></span> <span class='ocrx_word' id='word_1_88' title='bbox 246 1412 504 1469; x_wconf 83' lang='lat' dir='ltr'><strong>medela!</strong></span> <span class='ocrx_word' id='word_1_89' title='bbox 540 1413 864 1469; x_wconf 90' lang='lat' dir='ltr'><strong>rotabantur</strong></span> <span class='ocrx_word' id='word_1_90' title='bbox 881 1413 1115 1469; x_wconf 90' lang='lat' dir='ltr'><strong>dicentis</strong></span> <span class='ocrx_word' id='word_1_91' title='bbox 1153 1413 1209 1468; x_wconf 92' lang='lat' dir='ltr'><strong>in</strong></span> <span class='ocrx_word' id='word_1_92' title='bbox 1240 1429 1336 1469; x_wconf 91' lang='lat' dir='ltr'><strong>ore</strong></span> 
     </span>
    </p>
   </div>
   <div class='ocr_carea' id='block_1_15' title="bbox 1825 598 3268 671">
    <p class='ocr_par' dir='ltr' id='par_1_15' title="bbox 1825 598 3268 671">
     <span class='ocr_line' id='line_1_15' title="bbox 1825 598 3268 671; baseline 0 -19"><span class='ocrx_word' id='word_1_93' title='bbox 1825 598 2153 671; x_wconf 89' lang='lat' dir='ltr'><strong>Palliolique</strong></span> <span class='ocrx_word' id='word_1_94' title='bbox 2180 599 2369 663; x_wconf 88' lang='lat' dir='ltr'><strong>decus,</strong></span> <span class='ocrx_word' id='word_1_95' title='bbox 2411 598 2573 653; x_wconf 89' lang='lat' dir='ltr'><strong>simul</strong></span> <span class='ocrx_word' id='word_1_96' title='bbox 2598 614 2661 653; x_wconf 91' lang='lat' dir='ltr'><strong>ac</strong></span> <span class='ocrx_word' id='word_1_97' title='bbox 2685 598 3005 654; x_wconf 79' lang='lat' dir='ltr'><strong>veneranda</strong></span> <span class='ocrx_word' id='word_1_98' title='bbox 3030 598 3268 666; x_wconf 89' lang='lat' dir='ltr'><strong>cuculla,</strong></span> 
     </span>
    </p>
   </div>
   <div class='ocr_carea' id='block_1_16' title="bbox 1819 687 3447 759">
    <p class='ocr_par' dir='ltr' id='par_1_16' title="bbox 1819 687 3447 759">
     <span class='ocr_line' id='line_1_16' title="bbox 1819 687 3447 759; baseline 0 -17"><span class='ocrx_word' id='word_1_99' title='bbox 1819 688 1940 742; x_wconf 84' lang='lat' dir='ltr'><strong>Jam</strong></span> <span class='ocrx_word' id='word_1_100' title='bbox 1972 688 2190 743; x_wconf 87' lang='lat' dir='ltr'><strong>modico</strong></span> <span class='ocrx_word' id='word_1_101' title='bbox 2241 687 2371 759; x_wconf 90' lang='lat' dir='ltr'><strong>igne</strong></span> <span class='ocrx_word' id='word_1_102' title='bbox 2406 694 2602 758; x_wconf 89' lang='lat' dir='ltr'><strong>tepens</strong></span> <span class='ocrx_word' id='word_1_103' title='bbox 2655 687 2714 741; x_wconf 91' lang='lat' dir='ltr'><strong>in</strong></span> <span class='ocrx_word' id='word_1_104' title='bbox 2747 695 2968 758; x_wconf 84' lang='lat' dir='ltr'><strong>pectore</strong></span> <span class='ocrx_word' id='word_1_105' title='bbox 3002 687 3221 743; x_wconf 86' lang='lat' dir='ltr'><strong>ﬂamma</strong></span> <span class='ocrx_word' id='word_1_106' title='bbox 3247 687 3447 744; x_wconf 89' lang='lat' dir='ltr'><strong>caloris</strong></span> 
     </span>
    </p>
   </div>
   <div class='ocr_carea' id='block_1_17' title="bbox 1826 774 3183 845">
    <p class='ocr_par' dir='ltr' id='par_1_17' title="bbox 1826 774 3183 845">
     <span class='ocr_line' id='line_1_17' title="bbox 1826 774 3183 845; baseline 0 -15"><span class='ocrx_word' id='word_1_107' title='bbox 1826 776 2134 840; x_wconf 78' lang='lat' dir='ltr'><strong>Restiterat,</strong></span> <span class='ocrx_word' id='word_1_108' title='bbox 2148 776 2263 845; x_wconf 90' lang='lat' dir='ltr'><strong>jam</strong></span> <span class='ocrx_word' id='word_1_109' title='bbox 2286 775 2363 829; x_wconf 90' lang='lat' dir='ltr'><strong>nil</strong></span> <span class='ocrx_word' id='word_1_110' title='bbox 2392 775 2654 842; x_wconf 92' lang='lat' dir='ltr'><strong>hominis,</strong></span> <span class='ocrx_word' id='word_1_111' title='bbox 2686 791 2885 829; x_wconf 89' lang='lat' dir='ltr'><strong>sensus</strong></span> <span class='ocrx_word' id='word_1_112' title='bbox 2914 775 3040 839; x_wconf 85' lang='lat' dir='ltr'><strong>nisi,</strong></span> <span class='ocrx_word' id='word_1_113' title='bbox 3077 774 3183 830; x_wconf 82' lang='lat' dir='ltr'><strong>vivi</strong></span> 
     </span>
    </p>
   </div>
   <div class='ocr_carea' id='block_1_18' title="bbox 1824 869 3210 947">
    <p class='ocr_par' dir='ltr' id='par_1_18' title="bbox 1824 869 3210 947">
     <span class='ocr_line' id='line_1_18' title="bbox 1824 869 3210 947; baseline 0 -21"><span class='ocrx_word' id='word_1_114' title='bbox 1824 872 2020 946; x_wconf 84' lang='lat' dir='ltr'><strong>Magno</strong></span> <span class='ocrx_word' id='word_1_115' title='bbox 2047 873 2216 928; x_wconf 86' lang='lat' dir='ltr'><strong>corde</strong></span> <span class='ocrx_word' id='word_1_116' title='bbox 2245 872 2413 947; x_wconf 82' lang='lat' dir='ltr'><strong>viget,</strong></span> <span class='ocrx_word' id='word_1_117' title='bbox 2441 870 2669 942; x_wconf 88' lang='lat' dir='ltr'><strong>visuque</strong></span> <span class='ocrx_word' id='word_1_118' title='bbox 2699 869 2946 941; x_wconf 86' lang='lat' dir='ltr'><strong>profatur</strong></span> <span class='ocrx_word' id='word_1_119' title='bbox 2976 876 3166 941; x_wconf 90' lang='lat' dir='ltr'><strong>aperto</strong></span> <span class='ocrx_word' id='word_1_120' title='bbox 3196 886 3210 926; x_wconf 89' lang='lat'><strong>:</strong></span> 
     </span>
    </p>
   </div>
   <div class='ocr_carea' id='block_1_19' title="bbox 1828 962 3453 1038">
    <p class='ocr_par' dir='ltr' id='par_1_19' title="bbox 1828 962 3453 1038">
     <span class='ocr_line' id='line_1_19' title="bbox 1828 962 3453 1038; baseline -0.001 -20"><span class='ocrx_word' id='word_1_121' title='bbox 1828 964 2101 1038; x_wconf 84' lang='lat' dir='ltr'><strong>Egredere</strong></span> <span class='ocrx_word' id='word_1_122' title='bbox 2131 964 2280 1020; x_wconf 89' lang='lat' dir='ltr'><strong>unde</strong></span> <span class='ocrx_word' id='word_1_123' title='bbox 2308 964 2472 1019; x_wconf 85' lang='lat' dir='ltr'><strong>times</strong></span> <span class='ocrx_word' id='word_1_124' title='bbox 2510 963 2537 1016; x_wconf 69' lang='lat'><strong><em>7</em></strong></span> <span class='ocrx_word' id='word_1_125' title='bbox 2574 963 2760 1018; x_wconf 90' lang='lat' dir='ltr'><strong>anima</strong></span> <span class='ocrx_word' id='word_1_126' title='bbox 2799 963 3068 1038; x_wconf 84' lang='lat' dir='ltr'><strong>egredere</strong></span> <span class='ocrx_word' id='word_1_127' title='bbox 3101 962 3250 1018; x_wconf 91' lang='lat' dir='ltr'><strong>unde</strong></span> <span class='ocrx_word' id='word_1_128' title='bbox 3282 962 3453 1018; x_wconf 87' lang='lat' dir='ltr'><strong>vacil-</strong></span> 
     </span>
    </p>
   </div>
   <div class='ocr_carea' id='block_1_20' title="bbox 3217 1052 3381 1126">
    <p class='ocr_par' dir='ltr' id='par_1_20' title="bbox 3217 1052 3381 1126">
     <span class='ocr_line' id='line_1_20' title="bbox 3217 1052 3381 1126; baseline 0.006 -21"><span class='ocrx_word' id='word_1_129' title='bbox 3217 1052 3316 1126; x_wconf 88' lang='lat' dir='ltr'><strong>[las</strong></span> <span class='ocrx_word' id='word_1_130' title='bbox 3351 1055 3381 1106; x_wconf 63' lang='grc' dir='ltr'><strong><em>Ὺ</em></strong></span> 
     </span>
    </p>
   </div>
   <div class='ocr_carea' id='block_1_21' title="bbox 1822 1140 3270 1214">
    <p class='ocr_par' dir='ltr' id='par_1_21' title="bbox 1822 1140 3270 1214">
     <span class='ocr_line' id='line_1_21' title="bbox 1822 1140 3270 1214; baseline -0.001 -17"><span class='ocrx_word' id='word_1_131' title='bbox 1822 1141 1942 1197; x_wconf 83' lang='lat' dir='ltr'><strong>Jam</strong></span> <span class='ocrx_word' id='word_1_132' title='bbox 1974 1142 2161 1198; x_wconf 91' lang='lat' dir='ltr'><strong>decies</strong></span> <span class='ocrx_word' id='word_1_133' title='bbox 2185 1148 2398 1214; x_wconf 84' lang='lat' dir='ltr'><strong>septem</strong></span> <span class='ocrx_word' id='word_1_134' title='bbox 2428 1140 2644 1197; x_wconf 82' lang='lat' dir='ltr'><strong>Christo</strong></span> <span class='ocrx_word' id='word_1_135' title='bbox 2672 1140 2954 1197; x_wconf 86' lang='lat' dir='ltr'><strong>famularis</strong></span> <span class='ocrx_word' id='word_1_136' title='bbox 2984 1141 3038 1196; x_wconf 82' lang='lat' dir='ltr'><strong>in</strong></span> <span class='ocrx_word' id='word_1_137' title='bbox 3072 1156 3270 1208; x_wconf 86' lang='lat' dir='ltr'><strong>annos,</strong></span> 
     </span>
    </p>
   </div>
   <div class='ocr_carea' id='block_1_22' title="bbox 1825 1229 3451 1304">
    <p class='ocr_par' dir='ltr' id='par_1_22' title="bbox 1825 1229 3451 1304">
     <span class='ocr_line' id='line_1_22' title="bbox 1825 1229 3451 1304; baseline -0.001 -20"><span class='ocrx_word' id='word_1_138' title='bbox 1825 1230 1887 1284; x_wconf 85' lang='lat' dir='ltr'><strong>Et</strong></span> <span class='ocrx_word' id='word_1_139' title='bbox 1906 1230 2117 1286; x_wconf 92' lang='lat' dir='ltr'><strong>lethum</strong></span> <span class='ocrx_word' id='word_1_140' title='bbox 2145 1246 2293 1304; x_wconf 71' lang='lat' dir='ltr'><strong>aegra</strong></span> <span class='ocrx_word' id='word_1_141' title='bbox 2323 1230 2486 1286; x_wconf 90' lang='lat' dir='ltr'><strong>times</strong></span> <span class='ocrx_word' id='word_1_142' title='bbox 2517 1229 2530 1284; x_wconf 78' lang='grc' dir='ltr'><em>ι</em></span> <span class='ocrx_word' id='word_1_143' title='bbox 2568 1231 2720 1297; x_wconf 60' lang='lat' dir='ltr'><strong>Haec;</strong></span> <span class='ocrx_word' id='word_1_144' title='bbox 2751 1240 2806 1286; x_wconf 90' lang='lat' dir='ltr'><strong>et</strong></span> <span class='ocrx_word' id='word_1_145' title='bbox 2833 1229 2969 1301; x_wconf 89' lang='lat' dir='ltr'><strong>petit</strong></span> <span class='ocrx_word' id='word_1_146' title='bbox 2992 1229 3195 1285; x_wconf 85' lang='lat' dir='ltr'><strong>halitus</strong></span> <span class='ocrx_word' id='word_1_147' title='bbox 3219 1229 3451 1284; x_wconf 68' lang='lat' dir='ltr'><strong>aethram</strong></span> 
     </span>
    </p>
   </div>
   <div class='ocr_carea' id='block_1_23' title="bbox 1823 1321 3206 1395">
    <p class='ocr_par' dir='ltr' id='par_1_23' title="bbox 1823 1321 3206 1395">
     <span class='ocr_line' id='line_1_23' title="bbox 1823 1321 3206 1395; baseline -0.003 -16"><span class='ocrx_word' id='word_1_148' title='bbox 1823 1323 2044 1379; x_wconf 82' lang='lat' dir='ltr'><strong>Robore</strong></span> <span class='ocrx_word' id='word_1_149' title='bbox 2084 1323 2424 1395; x_wconf 86' lang='lat' dir='ltr'><strong>pervalidus,</strong></span> <span class='ocrx_word' id='word_1_150' title='bbox 2458 1323 2549 1394; x_wconf 90' lang='lat' dir='ltr'><strong>pia</strong></span> <span class='ocrx_word' id='word_1_151' title='bbox 2579 1339 2677 1394; x_wconf 93' lang='lat' dir='ltr'><strong>per</strong></span> <span class='ocrx_word' id='word_1_152' title='bbox 2706 1322 2972 1377; x_wconf 88' lang='lat' dir='ltr'><strong>miracula</strong></span> <span class='ocrx_word' id='word_1_153' title='bbox 3005 1321 3206 1389; x_wconf 89' lang='lat' dir='ltr'><strong>clarus,</strong></span> 
     </span>
    </p>
   </div>
   <div class='ocr_carea' id='block_1_24' title="bbox 1822 1415 3198 1490">
    <p class='ocr_par' dir='ltr' id='par_1_24' title="bbox 1822 1415 3198 1490">
     <span class='ocr_line' id='line_1_24' title="bbox 1822 1415 3198 1490; baseline -0.001 -18"><span class='ocrx_word' id='word_1_154' title='bbox 1822 1417 2000 1490; x_wconf 90' lang='lat' dir='ltr'><strong>thue</strong></span> <span class='ocrx_word' id='word_1_155' title='bbox 2024 1418 2205 1474; x_wconf 87' lang='lat' dir='ltr'><strong>virum</strong></span> <span class='ocrx_word' id='word_1_156' title='bbox 2235 1417 2448 1473; x_wconf 68' lang='lat' dir='ltr'><strong>meritis</strong></span> <span class='ocrx_word' id='word_1_157' title='bbox 2486 1418 2574 1472; x_wconf 84' lang='lat' dir='ltr'><strong>vix</strong></span> <span class='ocrx_word' id='word_1_158' title='bbox 2605 1424 2736 1473; x_wconf 92' lang='lat' dir='ltr'><strong>tunc</strong></span> <span class='ocrx_word' id='word_1_159' title='bbox 2756 1415 3047 1489; x_wconf 68' lang='lat' dir='ltr'><strong>aequabilis</strong></span> <span class='ocrx_word' id='word_1_160' title='bbox 3077 1415 3198 1471; x_wconf 89' lang='lat' dir='ltr'><strong>ulli.</strong></span> 
     </span>
    </p>
   </div>
   <div class='ocr_carea' id='block_1_25' title="bbox 91 1504 3279 1583">
    <p class='ocr_par' dir='ltr' id='par_1_25' title="bbox 91 1504 3279 1583">
     <span class='ocr_line' id='line_1_25' title="bbox 91 1504 3279 1583; baseline 0.001 -22"><span class='ocrx_word' id='word_1_161' title='bbox 91 1507 293 1575; x_wconf 86' lang='lat' dir='ltr'><strong>Verba,</strong></span> <span class='ocrx_word' id='word_1_162' title='bbox 335 1521 442 1560; x_wconf 89' lang='lat' dir='ltr'><strong>nec</strong></span> <span class='ocrx_word' id='word_1_163' title='bbox 492 1504 742 1560; x_wconf 86' lang='lat' dir='ltr'><strong>ediderat</strong></span> <span class='ocrx_word' id='word_1_164' title='bbox 790 1504 1033 1576; x_wconf 88' lang='lat' dir='ltr'><strong>perfecte</strong></span> <span class='ocrx_word' id='word_1_165' title='bbox 1089 1505 1206 1560; x_wconf 65' lang='lat' dir='ltr'><strong>hare</strong></span> <span class='ocrx_word' id='word_1_166' title='bbox 1253 1505 1462 1573; x_wconf 88' lang='lat' dir='ltr'><strong>omnia,</strong></span> <span class='ocrx_word' id='word_1_167' title='bbox 1492 1506 1717 1577; x_wconf 88' lang='lat' dir='ltr'><strong>jamque</strong></span> <span class='ocrx_word' id='word_1_168' title='bbox 1816 1512 1979 1567; x_wconf 84' lang='lat' dir='ltr'><strong>Terra</strong></span> <span class='ocrx_word' id='word_1_169' title='bbox 2007 1511 2128 1567; x_wconf 90' lang='lat' dir='ltr'><strong>solo</strong></span> <span class='ocrx_word' id='word_1_170' title='bbox 2157 1511 2413 1579; x_wconf 88' lang='lat' dir='ltr'><strong>adjicitur</strong></span> <span class='ocrx_word' id='word_1_171' title='bbox 2441 1526 2587 1577; x_wconf 87' lang='lat' dir='ltr'><strong>mox,</strong></span> <span class='ocrx_word' id='word_1_172' title='bbox 2611 1525 2712 1566; x_wconf 90' lang='lat' dir='ltr'><strong>ceu</strong></span> <span class='ocrx_word' id='word_1_173' title='bbox 2743 1517 3085 1581; x_wconf 63' lang='lat' dir='ltr'><strong>praeceperat</strong></span> <span class='ocrx_word' id='word_1_174' title='bbox 3110 1524 3279 1583; x_wconf 74' lang='lat' dir='ltr'><strong>aeger,</strong></span> 
     </span>
    </p>
   </div>
   <div class='ocr_carea' id='block_1_26' title="bbox 90 1597 1700 1669">
    <p class='ocr_par' dir='ltr' id='par_1_26' title="bbox 90 1597 1700 1669">
     <span class='ocr_line' id='line_1_26' title="bbox 90 1597 1700 1669; baseline 0 -15"><span class='ocrx_word' id='word_1_175' title='bbox 90 1599 338 1654; x_wconf 83' lang='lat' dir='ltr'><strong>Membra</strong></span> <span class='ocrx_word' id='word_1_176' title='bbox 365 1597 513 1652; x_wconf 89' lang='lat' dir='ltr'><strong>salus</strong></span> <span class='ocrx_word' id='word_1_177' title='bbox 544 1612 781 1669; x_wconf 88' lang='lat' dir='ltr'><strong>propera</strong></span> <span class='ocrx_word' id='word_1_178' title='bbox 821 1598 889 1651; x_wconf 89' lang='lat' dir='ltr'><strong>ad</strong></span> <span class='ocrx_word' id='word_1_179' title='bbox 921 1598 1177 1653; x_wconf 90' lang='lat' dir='ltr'><strong>standum</strong></span> <span class='ocrx_word' id='word_1_180' title='bbox 1209 1599 1445 1654; x_wconf 84' lang='lat' dir='ltr'><strong>solidata</strong></span> <span class='ocrx_word' id='word_1_181' title='bbox 1482 1599 1700 1655; x_wconf 86' lang='lat' dir='ltr'><strong>levabat</strong></span> 
     </span>
    </p>
   </div>
   <div class='ocr_carea' id='block_1_27' title="bbox 92 1687 1510 1759">
    <p class='ocr_par' dir='ltr' id='par_1_27' title="bbox 92 1687 1510 1759">
     <span class='ocr_line' id='line_1_27' title="bbox 92 1687 1510 1759; baseline 0.001 -16"><span class='ocrx_word' id='word_1_182' title='bbox 92 1690 216 1745; x_wconf 74' lang='lat' dir='ltr'><strong>Haec</strong></span> <span class='ocrx_word' id='word_1_183' title='bbox 246 1688 343 1743; x_wconf 91' lang='lat' dir='ltr'><strong>ubi</strong></span> <span class='ocrx_word' id='word_1_184' title='bbox 372 1696 729 1759; x_wconf 82' lang='lat' dir='ltr'><strong>sparguntur,</strong></span> <span class='ocrx_word' id='word_1_185' title='bbox 763 1687 952 1742; x_wconf 90' lang='lat' dir='ltr'><strong>multis</strong></span> <span class='ocrx_word' id='word_1_186' title='bbox 981 1687 1086 1742; x_wconf 90' lang='lat' dir='ltr'><strong>iter</strong></span> <span class='ocrx_word' id='word_1_187' title='bbox 1114 1688 1319 1743; x_wconf 81' lang='lat' dir='ltr'><strong>invium</strong></span> <span class='ocrx_word' id='word_1_188' title='bbox 1348 1689 1510 1757; x_wconf 90' lang='lat' dir='ltr'><strong>inire,</strong></span> 
     </span>
    </p>
   </div>
   <div class='ocr_carea' id='block_1_28' title="bbox 90 1782 1504 1854">
    <p class='ocr_par' dir='ltr' id='par_1_28' title="bbox 90 1782 1504 1854">
     <span class='ocr_line' id='line_1_28' title="bbox 90 1782 1504 1854; baseline -0.001 -16"><span class='ocrx_word' id='word_1_189' title='bbox 90 1783 389 1840; x_wconf 83' lang='lat' dir='ltr'><strong>Difficilem</strong></span> <span class='ocrx_word' id='word_1_190' title='bbox 420 1798 684 1854; x_wconf 90' lang='lat' dir='ltr'><strong>superare</strong></span> <span class='ocrx_word' id='word_1_191' title='bbox 701 1783 935 1851; x_wconf 86' lang='lat' dir='ltr'><strong>aditum,</strong></span> <span class='ocrx_word' id='word_1_192' title='bbox 962 1799 1089 1853; x_wconf 91' lang='lat' dir='ltr'><strong>spes</strong></span> <span class='ocrx_word' id='word_1_193' title='bbox 1119 1791 1271 1837; x_wconf 89' lang='lat' dir='ltr'><strong>certa</strong></span> <span class='ocrx_word' id='word_1_194' title='bbox 1288 1782 1504 1837; x_wconf 80' lang='lat' dir='ltr'><strong>suadet.</strong></span> 
     </span>
    </p>
   </div>
   <div class='ocr_carea' id='block_1_29' title="bbox 92 1871 1371 1945">
    <p class='ocr_par' dir='ltr' id='par_1_29' title="bbox 92 1871 1371 1945">
     <span class='ocr_line' id='line_1_29' title="bbox 92 1871 1371 1945; baseline -0.002 -17"><span class='ocrx_word' id='word_1_195' title='bbox 92 1875 149 1928; x_wconf 91' lang='lat' dir='ltr'><strong>Id</strong></span> <span class='ocrx_word' id='word_1_196' title='bbox 179 1890 290 1945; x_wconf 91' lang='lat' dir='ltr'><strong>per</strong></span> <span class='ocrx_word' id='word_1_197' title='bbox 308 1871 603 1928; x_wconf 89' lang='lat' dir='ltr'><strong>circuitum</strong></span> <span class='ocrx_word' id='word_1_198' title='bbox 635 1871 778 1926; x_wconf 77' lang='lat' dir='ltr'><strong>villis</strong></span> <span class='ocrx_word' id='word_1_199' title='bbox 805 1871 1155 1925; x_wconf 82' lang='lat' dir='ltr'><strong>servantibus</strong></span> <span class='ocrx_word' id='word_1_200' title='bbox 1177 1888 1371 1940; x_wconf 89' lang='lat' dir='ltr'><strong>unum,</strong></span> 
     </span>
    </p>
   </div>
   <div class='ocr_carea' id='block_1_30' title="bbox 89 1960 1330 2036">
    <p class='ocr_par' dir='ltr' id='par_1_30' title="bbox 89 1960 1330 2036">
     <span class='ocr_line' id='line_1_30' title="bbox 89 1960 1330 2036; baseline -0.002 -19"><span class='ocrx_word' id='word_1_201' title='bbox 89 1964 320 2018; x_wconf 86' lang='lat' dir='ltr'><strong>Secreto</strong></span> <span class='ocrx_word' id='word_1_202' title='bbox 343 1960 564 2036; x_wconf 81' lang='lat' dir='ltr'><strong>fugiens</strong></span> <span class='ocrx_word' id='word_1_203' title='bbox 584 1977 653 2015; x_wconf 90' lang='lat' dir='ltr'><strong>ne</strong></span> <span class='ocrx_word' id='word_1_204' title='bbox 672 1961 826 2032; x_wconf 89' lang='lat' dir='ltr'><strong>lapsu</strong></span> <span class='ocrx_word' id='word_1_205' title='bbox 844 1960 1032 2035; x_wconf 90' lang='lat' dir='ltr'><strong>ignota</strong></span> <span class='ocrx_word' id='word_1_206' title='bbox 1062 1967 1330 2031; x_wconf 90' lang='lat' dir='ltr'><strong>capessat.</strong></span> 
     </span>
    </p>
   </div>
   <div class='ocr_carea' id='block_1_31' title="bbox 85 2051 1726 2126">
    <p class='ocr_par' dir='ltr' id='par_1_31' title="bbox 85 2051 1726 2126">
     <span class='ocr_line' id='line_1_31' title="bbox 85 2051 1726 2126; baseline 0.001 -18"><span class='ocrx_word' id='word_1_207' title='bbox 85 2055 206 2110; x_wconf 88' lang='lat' dir='ltr'><strong>Non</strong></span> <span class='ocrx_word' id='word_1_208' title='bbox 234 2052 500 2126; x_wconf 85' lang='lat' dir='ltr'><strong>equidem</strong></span> <span class='ocrx_word' id='word_1_209' title='bbox 531 2051 683 2108; x_wconf 89' lang='lat' dir='ltr'><strong>velut</strong></span> <span class='ocrx_word' id='word_1_210' title='bbox 712 2051 990 2107; x_wconf 82' lang='lat' dir='ltr'><strong>instabilis</strong></span> <span class='ocrx_word' id='word_1_211' title='bbox 1018 2051 1243 2106; x_wconf 87' lang='lat' dir='ltr'><strong>levitate</strong></span> <span class='ocrx_word' id='word_1_212' title='bbox 1273 2052 1571 2108; x_wconf 90' lang='lat' dir='ltr'><strong>modernos</strong></span> <span class='ocrx_word' id='word_1_213' title='bbox 1602 2053 1726 2124; x_wconf 82' lang='lat' dir='ltr'><strong>(pro</strong></span> 
     </span>
    </p>
   </div>
   <div class='ocr_carea' id='block_1_32' title="bbox 1467 2149 1656 2216">
    <p class='ocr_par' dir='ltr' id='par_1_32' title="bbox 1467 2149 1656 2216">
     <span class='ocr_line' id='line_1_32' title="bbox 1467 2149 1656 2216; baseline 0.005 -17"><span class='ocrx_word' id='word_1_214' title='bbox 1467 2149 1656 2216; x_wconf 87' lang='lat' dir='ltr'><strong>novos)</strong></span> 
     </span>
    </p>
   </div>
   <div class='ocr_carea' id='block_1_33' title="bbox 87 2234 1650 2308">
    <p class='ocr_par' dir='ltr' id='par_1_33' title="bbox 87 2234 1650 2308">
     <span class='ocr_line' id='line_1_33' title="bbox 87 2234 1650 2308; baseline 0 -16"><span class='ocrx_word' id='word_1_215' title='bbox 87 2236 385 2303; x_wconf 73' lang='lat' dir='ltr'><strong>Quaerebat</strong></span> <span class='ocrx_word' id='word_1_216' title='bbox 412 2235 625 2292; x_wconf 90' lang='lat' dir='ltr'><strong>loculos</strong></span> <span class='ocrx_word' id='word_1_217' title='bbox 656 2253 670 2302; x_wconf 92' lang='lat'><strong>;</strong></span> <span class='ocrx_word' id='word_1_218' title='bbox 712 2236 856 2307; x_wconf 89' lang='lat' dir='ltr'><strong>quia</strong></span> <span class='ocrx_word' id='word_1_219' title='bbox 920 2234 1121 2308; x_wconf 86' lang='lat' dir='ltr'><strong>defuga</strong></span> <span class='ocrx_word' id='word_1_220' title='bbox 1150 2252 1372 2308; x_wconf 83' lang='lat' dir='ltr'><strong>semper</strong></span> <span class='ocrx_word' id='word_1_221' title='bbox 1402 2237 1650 2302; x_wconf 87' lang='lat' dir='ltr'><strong>honoris,</strong></span> 
     </span>
    </p>
   </div>
   <div class='ocr_carea' id='block_1_34' title="bbox 87 2324 1726 2401">
    <p class='ocr_par' dir='ltr' id='par_1_34' title="bbox 87 2324 1726 2401">
     <span class='ocr_line' id='line_1_34' title="bbox 87 2324 1726 2401; baseline 0.001 -21"><span class='ocrx_word' id='word_1_222' title='bbox 87 2328 323 2401; x_wconf 89' lang='lat' dir='ltr'><strong>Ignotus</strong></span> <span class='ocrx_word' id='word_1_223' title='bbox 357 2324 419 2397; x_wconf 83' lang='lat' dir='ltr'><strong>[f.</strong></span> <span class='ocrx_word' id='word_1_224' title='bbox 451 2324 802 2398; x_wconf 88' lang='lat' dir='ltr'><strong>ignotusque]</strong></span> <span class='ocrx_word' id='word_1_225' title='bbox 855 2324 1123 2379; x_wconf 90' lang='lat' dir='ltr'><strong>humilem</strong></span> <span class='ocrx_word' id='word_1_226' title='bbox 1156 2326 1393 2397; x_wconf 82' lang='lat' dir='ltr'><strong>gestibat</strong></span> <span class='ocrx_word' id='word_1_227' title='bbox 1422 2326 1626 2381; x_wconf 91' lang='lat' dir='ltr'><strong>ducere</strong></span> <span class='ocrx_word' id='word_1_228' title='bbox 1644 2326 1726 2381; x_wconf 88' lang='lat' dir='ltr'><strong>vi-</strong></span> 
     </span>
    </p>
   </div>
   <div class='ocr_carea' id='block_1_35' title="bbox 1501 2419 1649 2489">
    <p class='ocr_par' dir='ltr' id='par_1_35' title="bbox 1501 2419 1649 2489">
     <span class='ocr_line' id='line_1_35' title="bbox 1501 2419 1649 2489; baseline 0.007 -18"><span class='ocrx_word' id='word_1_229' title='bbox 1501 2419 1649 2489; x_wconf 88' lang='lat' dir='ltr'><strong>[tam.</strong></span> 
     </span>
    </p>
   </div>
   <div class='ocr_carea' id='block_1_36' title="bbox 156 2505 1580 2581">
    <p class='ocr_par' dir='ltr' id='par_1_36' title="bbox 156 2505 1580 2581">
     <span class='ocr_line' id='line_1_36' title="bbox 156 2505 1580 2581; baseline 0.001 -18"><span class='ocrx_word' id='word_1_230' title='bbox 156 2509 436 2578; x_wconf 89' lang='lat' dir='ltr'><strong>Tempore</strong></span> <span class='ocrx_word' id='word_1_231' title='bbox 454 2505 588 2560; x_wconf 91' lang='lat' dir='ltr'><strong>dum</strong></span> <span class='ocrx_word' id='word_1_232' title='bbox 609 2505 750 2561; x_wconf 91' lang='lat' dir='ltr'><strong>senii</strong></span> <span class='ocrx_word' id='word_1_233' title='bbox 780 2505 948 2561; x_wconf 89' lang='lat' dir='ltr'><strong>sentit</strong></span> <span class='ocrx_word' id='word_1_234' title='bbox 976 2522 1037 2561; x_wconf 90' lang='lat' dir='ltr'><strong>se</strong></span> <span class='ocrx_word' id='word_1_235' title='bbox 1066 2506 1133 2561; x_wconf 89' lang='lat' dir='ltr'><strong>ad</strong></span> <span class='ocrx_word' id='word_1_236' title='bbox 1167 2507 1395 2577; x_wconf 68' lang='lat' dir='ltr'><strong>praemia</strong></span> <span class='ocrx_word' id='word_1_237' title='bbox 1429 2508 1580 2581; x_wconf 85' lang='lat' dir='ltr'><strong>ferri,</strong></span> 
     </span>
    </p>
   </div>
   <div class='ocr_carea' id='block_1_37' title="bbox 94 2596 1408 2670">
    <p class='ocr_par' dir='ltr' id='par_1_37' title="bbox 94 2596 1408 2670">
     <span class='ocr_line' id='line_1_37' title="bbox 94 2596 1408 2670; baseline 0.001 -18"><span class='ocrx_word' id='word_1_238' title='bbox 94 2597 394 2670; x_wconf 81' lang='lat' dir='ltr'><strong>Hesychio,</strong></span> <span class='ocrx_word' id='word_1_239' title='bbox 420 2596 518 2668; x_wconf 89' lang='lat' dir='ltr'><strong>qui</strong></span> <span class='ocrx_word' id='word_1_240' title='bbox 539 2611 760 2667; x_wconf 90' lang='lat' dir='ltr'><strong>semper</strong></span> <span class='ocrx_word' id='word_1_241' title='bbox 788 2612 912 2651; x_wconf 92' lang='lat' dir='ltr'><strong>cum</strong></span> <span class='ocrx_word' id='word_1_242' title='bbox 943 2596 1147 2667; x_wconf 87' lang='lat' dir='ltr'><strong>pietate</strong></span> <span class='ocrx_word' id='word_1_243' title='bbox 1168 2597 1408 2665; x_wconf 87' lang='lat' dir='ltr'><strong>colebat,</strong></span> 
     </span>
    </p>
   </div>
   <div class='ocr_carea' id='block_1_38' title="bbox 94 2687 1349 2761">
    <p class='ocr_par' dir='ltr' id='par_1_38' title="bbox 94 2687 1349 2761">
     <span class='ocr_line' id='line_1_38' title="bbox 94 2687 1349 2761; baseline 0.002 -18"><span class='ocrx_word' id='word_1_244' title='bbox 94 2692 149 2744; x_wconf 90' lang='lat' dir='ltr'><strong>ln</strong></span> <span class='ocrx_word' id='word_1_245' title='bbox 180 2688 503 2745; x_wconf 88' lang='lat' dir='ltr'><strong>testamenti</strong></span> <span class='ocrx_word' id='word_1_246' title='bbox 536 2689 658 2744; x_wconf 91' lang='lat' dir='ltr'><strong>vice</strong></span> <span class='ocrx_word' id='word_1_247' title='bbox 699 2687 871 2744; x_wconf 87' lang='lat' dir='ltr'><strong>fertur</strong></span> <span class='ocrx_word' id='word_1_248' title='bbox 908 2688 1150 2760; x_wconf 90' lang='lat' dir='ltr'><strong>epistola</strong></span> <span class='ocrx_word' id='word_1_249' title='bbox 1183 2706 1349 2761; x_wconf 89' lang='lat' dir='ltr'><strong>parva</strong></span> 
     </span>
    </p>
   </div>
   <div class='ocr_carea' id='block_1_39' title="bbox 92 2777 1476 2851">
    <p class='ocr_par' dir='ltr' id='par_1_39' title="bbox 92 2777 1476 2851">
     <span class='ocr_line' id='line_1_39' title="bbox 92 2777 1476 2851; baseline 0 -16"><span class='ocrx_word' id='word_1_250' title='bbox 92 2782 216 2849; x_wconf 87' lang='lat' dir='ltr'><strong>Ejus</strong></span> <span class='ocrx_word' id='word_1_251' title='bbox 249 2779 457 2850; x_wconf 89' lang='lat' dir='ltr'><strong>scripta</strong></span> <span class='ocrx_word' id='word_1_252' title='bbox 488 2794 662 2833; x_wconf 87' lang='lat' dir='ltr'><strong>manu</strong></span> <span class='ocrx_word' id='word_1_253' title='bbox 692 2777 823 2833; x_wconf 90' lang='lat' dir='ltr'><strong>ditis</strong></span> <span class='ocrx_word' id='word_1_254' title='bbox 856 2793 967 2850; x_wconf 90' lang='lat' dir='ltr'><strong>qua</strong></span> <span class='ocrx_word' id='word_1_255' title='bbox 997 2786 1195 2834; x_wconf 88' lang='lat' dir='ltr'><strong>cuneta</strong></span> <span class='ocrx_word' id='word_1_256' title='bbox 1222 2781 1476 2851; x_wconf 84' lang='lat' dir='ltr'><strong>supellex</strong></span> 
     </span>
    </p>
   </div>
   <div class='ocr_carea' id='block_1_40' title="bbox 90 2868 1442 2943">
    <p class='ocr_par' dir='ltr' id='par_1_40' title="bbox 90 2868 1442 2943">
     <span class='ocr_line' id='line_1_40' title="bbox 90 2868 1442 2943; baseline 0.001 -19"><span class='ocrx_word' id='word_1_257' title='bbox 90 2870 419 2943; x_wconf 75' lang='lat' dir='ltr'><strong>Divitiaeque</strong></span> <span class='ocrx_word' id='word_1_258' title='bbox 450 2868 883 2940; x_wconf 91' lang='lat' dir='ltr'><strong>inopismemori</strong></span> <span class='ocrx_word' id='word_1_259' title='bbox 898 2869 1191 2924; x_wconf 86' lang='lat' dir='ltr'><strong>traduntur</strong></span> <span class='ocrx_word' id='word_1_260' title='bbox 1212 2869 1442 2926; x_wconf 88' lang='lat' dir='ltr'><strong>honore.</strong></span> 
     </span>
    </p>
   </div>
   <div class='ocr_carea' id='block_1_41' title="bbox 1823 1602 3165 1675">
    <p class='ocr_par' dir='ltr' id='par_1_41' title="bbox 1823 1602 3165 1675">
     <span class='ocr_line' id='line_1_41' title="bbox 1823 1602 3165 1675; baseline -0.001 -17"><span class='ocrx_word' id='word_1_261' title='bbox 1823 1604 1949 1660; x_wconf 85' lang='lat' dir='ltr'><strong>Post</strong></span> <span class='ocrx_word' id='word_1_262' title='bbox 1974 1603 2187 1659; x_wconf 91' lang='lat' dir='ltr'><strong>obitum</strong></span> <span class='ocrx_word' id='word_1_263' title='bbox 2208 1620 2431 1675; x_wconf 85' lang='lat' dir='ltr'><strong>parvam</strong></span> <span class='ocrx_word' id='word_1_264' title='bbox 2456 1620 2524 1659; x_wconf 94' lang='lat' dir='ltr'><strong>ne</strong></span> <span class='ocrx_word' id='word_1_265' title='bbox 2553 1603 2868 1658; x_wconf 83' lang='lat' dir='ltr'><strong>detineatur</strong></span> <span class='ocrx_word' id='word_1_266' title='bbox 2899 1602 2954 1656; x_wconf 91' lang='lat' dir='ltr'><strong>in</strong></span> <span class='ocrx_word' id='word_1_267' title='bbox 2972 1603 3165 1657; x_wconf 89' lang='lat' dir='ltr'><strong>horam</strong></span> 
     </span>
    </p>
   </div>
   <div class='ocr_carea' id='block_1_42' title="bbox 1821 1690 3168 1763">
    <p class='ocr_par' dir='ltr' id='par_1_42' title="bbox 1821 1690 3168 1763">
     <span class='ocr_line' id='line_1_42' title="bbox 1821 1690 3168 1763; baseline -0.001 -18"><span class='ocrx_word' id='word_1_268' title='bbox 1821 1691 1984 1746; x_wconf 83' lang='lat' dir='ltr'><strong>Audit</strong></span> <span class='ocrx_word' id='word_1_269' title='bbox 2010 1699 2070 1748; x_wconf 93' lang='lat' dir='ltr'><strong>ut</strong></span> <span class='ocrx_word' id='word_1_270' title='bbox 2107 1691 2429 1763; x_wconf 78' lang='lat' dir='ltr'><strong>Hesychius,</strong></span> <span class='ocrx_word' id='word_1_271' title='bbox 2455 1692 2615 1763; x_wconf 88' lang='lat' dir='ltr'><strong>Cypri</strong></span> <span class='ocrx_word' id='word_1_272' title='bbox 2644 1691 2781 1763; x_wconf 91' lang='lat' dir='ltr'><strong>petit</strong></span> <span class='ocrx_word' id='word_1_273' title='bbox 2810 1690 2957 1746; x_wconf 91' lang='lat' dir='ltr'><strong>illico</strong></span> <span class='ocrx_word' id='word_1_274' title='bbox 2980 1691 3168 1745; x_wconf 86' lang='lat' dir='ltr'><strong>littus:</strong></span> 
     </span>
    </p>
   </div>
   <div class='ocr_carea' id='block_1_43' title="bbox 1828 1778 3231 1855">
    <p class='ocr_par' dir='ltr' id='par_1_43' title="bbox 1828 1778 3231 1855">
     <span class='ocr_line' id='line_1_43' title="bbox 1828 1778 3231 1855; baseline 0.001 -22"><span class='ocrx_word' id='word_1_275' title='bbox 1828 1780 1928 1836; x_wconf 85' lang='lat' dir='ltr'><strong>Hic</strong></span> <span class='ocrx_word' id='word_1_276' title='bbox 1953 1797 2015 1835; x_wconf 85' lang='lat' dir='ltr'><strong>se</strong></span> <span class='ocrx_word' id='word_1_277' title='bbox 2042 1781 2372 1836; x_wconf 87' lang='lat' dir='ltr'><strong>versandum</strong></span> <span class='ocrx_word' id='word_1_278' title='bbox 2400 1780 2637 1855; x_wconf 83' lang='lat' dir='ltr'><strong>pingens</strong></span> <span class='ocrx_word' id='word_1_279' title='bbox 2668 1779 2993 1834; x_wconf 90' lang='lat' dir='ltr'><strong>discrimine</strong></span> <span class='ocrx_word' id='word_1_280' title='bbox 3035 1778 3231 1846; x_wconf 89' lang='lat' dir='ltr'><strong>multo,</strong></span> 
     </span>
    </p>
   </div>
   <div class='ocr_carea' id='block_1_44' title="bbox 1754 1841 3169 1947">
    <p class='ocr_par' dir='ltr' id='par_1_44' title="bbox 1754 1841 3169 1947">
     <span class='ocr_line' id='line_1_44' title="bbox 1754 1841 3169 1947; baseline 0.001 -19"><span class='ocrx_word' id='word_1_281' title='bbox 1754 1841 1806 1909; x_wconf 75' lang='grc' dir='ltr'><strong>Β</strong></span> <span class='ocrx_word' id='word_1_282' title='bbox 1830 1874 2036 1947; x_wconf 88' lang='lat' dir='ltr'><strong>Pignus</strong></span> <span class='ocrx_word' id='word_1_283' title='bbox 2057 1875 2296 1947; x_wconf 80' lang='lat' dir='ltr'><strong>sublegit</strong></span> <span class='ocrx_word' id='word_1_284' title='bbox 2328 1841 2541 1930; x_wconf 54' lang='lat' dir='ltr'><strong>decim;</strong></span> <span class='ocrx_word' id='word_1_285' title='bbox 2573 1881 2700 1946; x_wconf 86' lang='lat' dir='ltr'><strong>post</strong></span> <span class='ocrx_word' id='word_1_286' title='bbox 2728 1873 2925 1929; x_wconf 88' lang='lat' dir='ltr'><strong>funera</strong></span> <span class='ocrx_word' id='word_1_287' title='bbox 2956 1890 3169 1941; x_wconf 86' lang='lat' dir='ltr'><strong>mense,</strong></span> 
     </span>
    </p>
   </div>
   <div class='ocr_carea' id='block_1_45' title="bbox 1827 1964 3204 2037">
    <p class='ocr_par' dir='ltr' id='par_1_45' title="bbox 1827 1964 3204 2037">
     <span class='ocr_line' id='line_1_45' title="bbox 1827 1964 3204 2037; baseline 0.001 -18"><span class='ocrx_word' id='word_1_288' title='bbox 1827 1964 2001 2033; x_wconf 90' lang='lat' dir='ltr'><strong>Majus</strong></span> <span class='ocrx_word' id='word_1_289' title='bbox 2030 1981 2271 2037; x_wconf 88' lang='lat' dir='ltr'><strong>namque</strong></span> <span class='ocrx_word' id='word_1_290' title='bbox 2299 1965 2589 2020; x_wconf 74' lang='lat' dir='ltr'><strong>Palestinze</strong></span> <span class='ocrx_word' id='word_1_291' title='bbox 2620 1964 3014 2021; x_wconf 90' lang='lat' dir='ltr'><strong>comitantibus</strong></span> <span class='ocrx_word' id='word_1_292' title='bbox 3046 1964 3204 2020; x_wconf 76' lang='lat' dir='ltr'><strong>ati&#39;ert</strong></span> 
     </span>
    </p>
   </div>
   <div class='ocr_carea' id='block_1_46' title="bbox 1826 2052 3300 2125">
    <p class='ocr_par' dir='ltr' id='par_1_46' title="bbox 1826 2052 3300 2125">
     <span class='ocr_line' id='line_1_46' title="bbox 1826 2052 3300 2125; baseline -0.001 -17"><span class='ocrx_word' id='word_1_293' title='bbox 1826 2052 2113 2108; x_wconf 79' lang='lat' dir='ltr'><strong>Laetisonis</strong></span> <span class='ocrx_word' id='word_1_294' title='bbox 2142 2053 2334 2125; x_wconf 91' lang='lat' dir='ltr'><strong>populi</strong></span> <span class='ocrx_word' id='word_1_295' title='bbox 2364 2053 2540 2109; x_wconf 90' lang='lat' dir='ltr'><strong>turbis</strong></span> <span class='ocrx_word' id='word_1_296' title='bbox 2570 2054 3020 2125; x_wconf 89' lang='lat' dir='ltr'><strong>monachumque</strong></span> <span class='ocrx_word' id='word_1_297' title='bbox 3045 2053 3300 2120; x_wconf 82' lang='lat' dir='ltr'><strong>catervis,</strong></span> 
     </span>
    </p>
   </div>
   <div class='ocr_carea' id='block_1_47' title="bbox 1828 2144 3000 2215">
    <p class='ocr_par' dir='ltr' id='par_1_47' title="bbox 1828 2144 3000 2215">
     <span class='ocr_line' id='line_1_47' title="bbox 1828 2144 3000 2215; baseline 0 -16"><span class='ocrx_word' id='word_1_298' title='bbox 1828 2145 1979 2211; x_wconf 57' lang='lat' dir='ltr'><strong>Qum,</strong></span> <span class='ocrx_word' id='word_1_299' title='bbox 2010 2144 2367 2200; x_wconf 87' lang='lat' dir='ltr'><strong>Constantino</strong></span> <span class='ocrx_word' id='word_1_300' title='bbox 2399 2145 2583 2200; x_wconf 88' lang='lat' dir='ltr'><strong>civilia</strong></span> <span class='ocrx_word' id='word_1_301' title='bbox 2607 2145 2734 2215; x_wconf 89' lang='lat' dir='ltr'><strong>jura</strong></span> <span class='ocrx_word' id='word_1_302' title='bbox 2763 2144 3000 2211; x_wconf 90' lang='lat' dir='ltr'><strong>ferente,</strong></span> 
     </span>
    </p>
   </div>
   <div class='ocr_carea' id='block_1_48' title="bbox 1827 2234 3076 2309">
    <p class='ocr_par' dir='ltr' id='par_1_48' title="bbox 1827 2234 3076 2309">
     <span class='ocr_line' id='line_1_48' title="bbox 1827 2234 3076 2309; baseline 0.002 -21"><span class='ocrx_word' id='word_1_303' title='bbox 1827 2234 1904 2289; x_wconf 91' lang='lat' dir='ltr'><strong>0b</strong></span> <span class='ocrx_word' id='word_1_304' title='bbox 1941 2235 2143 2291; x_wconf 90' lang='lat' dir='ltr'><strong>densas</strong></span> <span class='ocrx_word' id='word_1_305' title='bbox 2173 2234 2303 2290; x_wconf 85' lang='lat' dir='ltr'><strong>fidei</strong></span> <span class='ocrx_word' id='word_1_306' title='bbox 2325 2242 2545 2309; x_wconf 80' lang='lat' dir='ltr'><strong>segetes</strong></span> <span class='ocrx_word' id='word_1_307' title='bbox 2565 2234 2880 2294; x_wconf 89' lang='lat' dir='ltr'><strong>Constantia</strong></span> <span class='ocrx_word' id='word_1_308' title='bbox 2909 2234 3076 2304; x_wconf 87' lang='lat' dir='ltr'><strong>dicta,</strong></span> 
     </span>
    </p>
   </div>
   <div class='ocr_carea' id='block_1_49' title="bbox 1830 2328 3215 2399">
    <p class='ocr_par' dir='ltr' id='par_1_49' title="bbox 1830 2328 3215 2399">
     <span class='ocr_line' id='line_1_49' title="bbox 1830 2328 3215 2399; baseline 0.002 -19"><span class='ocrx_word' id='word_1_309' title='bbox 1830 2328 2004 2398; x_wconf 86' lang='lat' dir='ltr'><strong>Inque</strong></span> <span class='ocrx_word' id='word_1_310' title='bbox 2035 2328 2372 2383; x_wconf 89' lang='lat' dir='ltr'><strong>monasterio</strong></span> <span class='ocrx_word' id='word_1_311' title='bbox 2410 2328 2576 2399; x_wconf 77' lang='lat' dir='ltr'><strong>prisci</strong></span> <span class='ocrx_word' id='word_1_312' title='bbox 2616 2329 3015 2384; x_wconf 89' lang='lat' dir='ltr'><strong>moderaminis</strong></span> <span class='ocrx_word' id='word_1_313' title='bbox 3044 2328 3215 2385; x_wconf 90' lang='lat' dir='ltr'><strong>abdit.</strong></span> 
     </span>
    </p>
   </div>
   <div class='ocr_carea' id='block_1_50' title="bbox 1837 2415 3133 2490">
    <p class='ocr_par' dir='ltr' id='par_1_50' title="bbox 1837 2415 3133 2490">
     <span class='ocr_line' id='line_1_50' title="bbox 1837 2415 3133 2490; baseline 0.002 -20"><span class='ocrx_word' id='word_1_314' title='bbox 1837 2415 2016 2471; x_wconf 69' lang='lat' dir='ltr'><strong>lllaasa</strong></span> <span class='ocrx_word' id='word_1_315' title='bbox 2046 2416 2252 2480; x_wconf 90' lang='lat' dir='ltr'><strong>tunica,</strong></span> <span class='ocrx_word' id='word_1_316' title='bbox 2288 2433 2414 2472; x_wconf 91' lang='lat' dir='ltr'><strong>cum</strong></span> <span class='ocrx_word' id='word_1_317' title='bbox 2443 2417 2671 2489; x_wconf 89' lang='lat' dir='ltr'><strong>palliolo</strong></span> <span class='ocrx_word' id='word_1_318' title='bbox 2700 2424 2867 2490; x_wconf 90' lang='lat' dir='ltr'><strong>atque</strong></span> <span class='ocrx_word' id='word_1_319' title='bbox 2900 2419 3133 2475; x_wconf 89' lang='lat' dir='ltr'><strong>cuculla.</strong></span> 
     </span>
    </p>
   </div>
   <div class='ocr_carea' id='block_1_51' title="bbox 1825 2510 3295 2590">
    <p class='ocr_par' dir='ltr' id='par_1_51' title="bbox 1825 2510 3295 2590">
     <span class='ocr_line' id='line_1_51' title="bbox 1825 2510 3295 2590; baseline 0.003 -25"><span class='ocrx_word' id='word_1_320' title='bbox 1825 2510 2065 2583; x_wconf 90' lang='lat' dir='ltr'><strong>Torpore</strong></span> <span class='ocrx_word' id='word_1_321' title='bbox 2089 2520 2207 2568; x_wconf 89' lang='lat' dir='ltr'><strong>erat</strong></span> <span class='ocrx_word' id='word_1_322' title='bbox 2238 2520 2372 2581; x_wconf 92' lang='lat' dir='ltr'><strong>toto,</strong></span> <span class='ocrx_word' id='word_1_323' title='bbox 2407 2514 2563 2585; x_wconf 90' lang='lat' dir='ltr'><strong>quasi</strong></span> <span class='ocrx_word' id='word_1_324' title='bbox 2593 2514 2823 2581; x_wconf 88' lang='lat' dir='ltr'><strong>viveret,</strong></span> <span class='ocrx_word' id='word_1_325' title='bbox 2858 2514 3110 2590; x_wconf 88' lang='lat' dir='ltr'><strong>integer;</strong></span> <span class='ocrx_word' id='word_1_326' title='bbox 3145 2521 3295 2571; x_wconf 89' lang='lat' dir='ltr'><strong>artus</strong></span> 
     </span>
    </p>
   </div>
   <div class='ocr_carea' id='block_1_52' title="bbox 1834 2606 3170 2684">
    <p class='ocr_par' dir='ltr' id='par_1_52' title="bbox 1834 2606 3170 2684">
     <span class='ocr_line' id='line_1_52' title="bbox 1834 2606 3170 2684; baseline 0.003 -24"><span class='ocrx_word' id='word_1_327' title='bbox 1834 2606 1896 2661; x_wconf 87' lang='lat' dir='ltr'><strong>Et</strong></span> <span class='ocrx_word' id='word_1_328' title='bbox 1918 2607 2088 2662; x_wconf 92' lang='lat' dir='ltr'><strong>multo</strong></span> <span class='ocrx_word' id='word_1_329' title='bbox 2113 2614 2173 2661; x_wconf 91' lang='lat' dir='ltr'><strong>ut</strong></span> <span class='ocrx_word' id='word_1_330' title='bbox 2203 2606 2349 2663; x_wconf 88' lang='lat' dir='ltr'><strong>fotus</strong></span> <span class='ocrx_word' id='word_1_331' title='bbox 2365 2608 2647 2664; x_wconf 83' lang='lat' dir='ltr'><strong>refovebat</strong></span> <span class='ocrx_word' id='word_1_332' title='bbox 2668 2616 2914 2665; x_wconf 87' lang='lat' dir='ltr'><strong>aromate</strong></span> <span class='ocrx_word' id='word_1_333' title='bbox 2946 2610 3170 2684; x_wconf 82' lang='lat' dir='ltr'><strong>vulgus,</strong></span> 
     </span>
    </p>
   </div>
   <div class='ocr_carea' id='block_1_53' title="bbox 1835 2695 3104 2767">
    <p class='ocr_par' dir='ltr' id='par_1_53' title="bbox 1835 2695 3104 2767">
     <span class='ocr_line' id='line_1_53' title="bbox 1835 2695 3104 2767; baseline 0.003 -18"><span class='ocrx_word' id='word_1_334' title='bbox 1835 2695 2119 2767; x_wconf 84' lang='lat' dir='ltr'><strong>Quemque</strong></span> <span class='ocrx_word' id='word_1_335' title='bbox 2142 2696 2231 2767; x_wconf 90' lang='lat' dir='ltr'><strong>pia</strong></span> <span class='ocrx_word' id='word_1_336' title='bbox 2257 2697 2367 2752; x_wconf 90' lang='lat' dir='ltr'><strong>late</strong></span> <span class='ocrx_word' id='word_1_337' title='bbox 2407 2698 2616 2753; x_wconf 91' lang='lat' dir='ltr'><strong>mundo</strong></span> <span class='ocrx_word' id='word_1_338' title='bbox 2646 2698 2847 2754; x_wconf 84' lang='lat' dir='ltr'><strong>virtute</strong></span> <span class='ocrx_word' id='word_1_339' title='bbox 2878 2698 3104 2766; x_wconf 89' lang='lat' dir='ltr'><strong>refudit,</strong></span> 
     </span>
    </p>
   </div>
   <div class='ocr_carea' id='block_1_54' title="bbox 1838 2784 3373 2868">
    <p class='ocr_par' dir='ltr' id='par_1_54' title="bbox 1838 2784 3373 2868">
     <span class='ocr_line' id='line_1_54' title="bbox 1838 2784 3373 2868; baseline 0.003 -27"><span class='ocrx_word' id='word_1_340' title='bbox 1838 2784 2121 2843; x_wconf 86' lang='lat' dir='ltr'><strong>Carnalem</strong></span> <span class='ocrx_word' id='word_1_341' title='bbox 2153 2788 2208 2843; x_wconf 91' lang='lat' dir='ltr'><strong>in</strong></span> <span class='ocrx_word' id='word_1_342' title='bbox 2237 2805 2462 2844; x_wconf 88' lang='lat' dir='ltr'><strong>sensum</strong></span> <span class='ocrx_word' id='word_1_343' title='bbox 2495 2805 2720 2863; x_wconf 88' lang='lat' dir='ltr'><strong>quoque</strong></span> <span class='ocrx_word' id='word_1_344' title='bbox 2747 2792 3107 2865; x_wconf 84' lang='lat' dir='ltr'><strong>respergebat</strong></span> <span class='ocrx_word' id='word_1_345' title='bbox 3144 2790 3373 2868; x_wconf 89' lang='lat' dir='ltr'><strong>odorem</strong></span> 
     </span>
    </p>
   </div>
   <div class='ocr_carea' id='block_1_55' title="bbox 1597 2973 2067 3049">
    <p class='ocr_par' dir='ltr' id='par_1_55' title="bbox 1597 2973 2067 3049">
     <span class='ocr_line' id='line_1_55' title="bbox 1597 2973 2067 3049; baseline 0.017 -21"><span class='ocrx_word' id='word_1_346' title='bbox 1597 2973 1815 3031; x_wconf 84' lang='lat' dir='ltr'><strong>CAPUT</strong></span> <span class='ocrx_word' id='word_1_347' title='bbox 1865 2978 1950 3035; x_wconf 86' lang='lat' dir='ltr'><strong>1v.</strong></span> <span class='ocrx_word' id='word_1_348' title='bbox 2044 3033 2067 3049; x_wconf 65' lang='grc'>,</span> 
     </span>
    </p>
   </div>
   <div class='ocr_carea' id='block_1_56' title="bbox 1218 3072 2360 3154">
    <p class='ocr_par' dir='ltr' id='par_1_56' title="bbox 1218 3072 2360 3154">
     <span class='ocr_line' id='line_1_56' title="bbox 1218 3072 2360 3154; baseline 0.006 -22"><span class='ocrx_word' id='word_1_349' title='bbox 1218 3072 1299 3133; x_wconf 86' lang='lat' dir='ltr'><strong>De</strong></span> <span class='ocrx_word' id='word_1_350' title='bbox 1342 3074 1544 3136; x_wconf 79' lang='grc' dir='ltr'><em>Μανία</em></span> <span class='ocrx_word' id='word_1_351' title='bbox 1589 3077 1948 3154; x_wconf 69' lang='grc' dir='ltr'><strong>Λὶθῃριὶασα</strong></span> <span class='ocrx_word' id='word_1_352' title='bbox 1990 3087 2044 3138; x_wconf 83' lang='lat' dir='ltr'><strong>et</strong></span> <span class='ocrx_word' id='word_1_353' title='bbox 2086 3082 2360 3142; x_wconf 75' lang='lat' dir='ltr'><strong>Zozima.</strong></span> 
     </span>
    </p>
   </div>
   <div class='ocr_carea' id='block_1_57' title="bbox 96 3179 1206 3238">
    <p class='ocr_par' dir='ltr' id='par_1_57' title="bbox 96 3179 1206 3238">
     <span class='ocr_line' id='line_1_57' title="bbox 96 3179 1206 3238; baseline -0.001 -2"><span class='ocrx_word' id='word_1_354' title='bbox 96 3183 391 3238; x_wconf 89' lang='lat' dir='ltr'><strong>lncoluere</strong></span> <span class='ocrx_word' id='word_1_355' title='bbox 423 3180 770 3238; x_wconf 75' lang='lat' dir='ltr'><strong>Palaestinam</strong></span> <span class='ocrx_word' id='word_1_356' title='bbox 790 3179 1085 3236; x_wconf 90' lang='lat' dir='ltr'><strong>virtutibus</strong></span> <span class='ocrx_word' id='word_1_357' title='bbox 1112 3180 1206 3235; x_wconf 90' lang='lat' dir='ltr'><strong>alti</strong></span> 
     </span>
    </p>
   </div>
   <div class='ocr_carea' id='block_1_58' title="bbox 91 3268 1306 3345">
    <p class='ocr_par' dir='ltr' id='par_1_58' title="bbox 91 3268 1306 3345">
     <span class='ocr_line' id='line_1_58' title="bbox 91 3268 1306 3345; baseline 0 -21"><span class='ocrx_word' id='word_1_358' title='bbox 91 3271 432 3345; x_wconf 82' lang='lat' dir='ltr'><strong>Egregiique</strong></span> <span class='ocrx_word' id='word_1_359' title='bbox 451 3269 688 3341; x_wconf 86' lang='lat' dir='ltr'><strong>viri,qui</strong></span> <span class='ocrx_word' id='word_1_360' title='bbox 718 3268 951 3323; x_wconf 87' lang='lat' dir='ltr'><strong>tramitis</strong></span> <span class='ocrx_word' id='word_1_361' title='bbox 980 3275 1099 3323; x_wconf 90' lang='lat' dir='ltr'><strong>arta</strong></span> <span class='ocrx_word' id='word_1_362' title='bbox 1128 3269 1306 3324; x_wconf 89' lang='lat' dir='ltr'><strong>secuti</strong></span> 
     </span>
    </p>
   </div>
   <div class='ocr_carea' id='block_1_59' title="bbox 90 3360 1164 3434">
    <p class='ocr_par' dir='ltr' id='par_1_59' title="bbox 90 3360 1164 3434">
     <span class='ocr_line' id='line_1_59' title="bbox 90 3360 1164 3434; baseline -0.002 -18"><span class='ocrx_word' id='word_1_363' title='bbox 90 3363 313 3430; x_wconf 85' lang='lat' dir='ltr'><strong>Eximii,</strong></span> <span class='ocrx_word' id='word_1_364' title='bbox 340 3362 557 3434; x_wconf 80' lang='lat' dir='ltr'><strong>petiere</strong></span> <span class='ocrx_word' id='word_1_365' title='bbox 580 3361 695 3433; x_wconf 91' lang='lat' dir='ltr'><strong>poli</strong></span> <span class='ocrx_word' id='word_1_366' title='bbox 713 3360 974 3416; x_wconf 89' lang='lat' dir='ltr'><strong>sublimia</strong></span> <span class='ocrx_word' id='word_1_367' title='bbox 1002 3360 1164 3416; x_wconf 88' lang='lat' dir='ltr'><strong>eelsl.</strong></span> 
     </span>
    </p>
   </div>
   <div class='ocr_carea' id='block_1_60' title="bbox 92 3450 1385 3522">
    <p class='ocr_par' dir='ltr' id='par_1_60' title="bbox 92 3450 1385 3522">
     <span class='ocr_line' id='line_1_60' title="bbox 92 3450 1385 3522; baseline -0.001 -15"><span class='ocrx_word' id='word_1_368' title='bbox 92 3453 341 3517; x_wconf 87' lang='lat' dir='ltr'><strong>Quorum</strong></span> <span class='ocrx_word' id='word_1_369' title='bbox 364 3451 459 3506; x_wconf 90' lang='lat' dir='ltr'><strong>alii</strong></span> <span class='ocrx_word' id='word_1_370' title='bbox 491 3451 751 3522; x_wconf 88' lang='lat' dir='ltr'><strong>placuere</strong></span> <span class='ocrx_word' id='word_1_371' title='bbox 770 3450 882 3506; x_wconf 90' lang='lat' dir='ltr'><strong>Deo</strong></span> <span class='ocrx_word' id='word_1_372' title='bbox 909 3450 1131 3506; x_wconf 88' lang='lat' dir='ltr'><strong>deserta</strong></span> <span class='ocrx_word' id='word_1_373' title='bbox 1160 3451 1336 3507; x_wconf 90' lang='lat' dir='ltr'><strong>secuti</strong></span> <span class='ocrx_word' id='word_1_374' title='bbox 1370 3469 1385 3518; x_wconf 88' lang='lat'><strong>;</strong></span> 
     </span>
    </p>
   </div>
   <div class='ocr_carea' id='block_1_61' title="bbox 91 3541 1267 3617">
    <p class='ocr_par' dir='ltr' id='par_1_61' title="bbox 91 3541 1267 3617">
     <span class='ocr_line' id='line_1_61' title="bbox 91 3541 1267 3617; baseline -0.001 -20"><span class='ocrx_word' id='word_1_375' title='bbox 91 3545 184 3598; x_wconf 90' lang='lat' dir='ltr'><strong>Ast</strong></span> <span class='ocrx_word' id='word_1_376' title='bbox 209 3542 311 3599; x_wconf 90' lang='lat' dir='ltr'><strong>alii</strong></span> <span class='ocrx_word' id='word_1_377' title='bbox 340 3542 554 3614; x_wconf 91' lang='lat' dir='ltr'><strong>pariter</strong></span> <span class='ocrx_word' id='word_1_378' title='bbox 583 3541 828 3597; x_wconf 89' lang='lat' dir='ltr'><strong>fraterna</strong></span> <span class='ocrx_word' id='word_1_379' title='bbox 867 3558 1005 3612; x_wconf 89' lang='lat' dir='ltr'><strong>pace</strong></span> <span class='ocrx_word' id='word_1_380' title='bbox 1034 3542 1267 3617; x_wconf 86' lang='lat' dir='ltr'><strong>gregati,</strong></span> 
     </span>
    </p>
   </div>
   <div class='ocr_carea' id='block_1_62' title="bbox 99 3637 1279 3713">
    <p class='ocr_par' dir='ltr' id='par_1_62' title="bbox 99 3637 1279 3713">
     <span class='ocr_line' id='line_1_62' title="bbox 99 3637 1279 3713; baseline -0.002 -19"><span class='ocrx_word' id='word_1_381' title='bbox 99 3641 275 3713; x_wconf 91' lang='lat' dir='ltr'><strong>Inque</strong></span> <span class='ocrx_word' id='word_1_382' title='bbox 295 3637 654 3694; x_wconf 87' lang='lat' dir='ltr'><strong>monasteriis</strong></span> <span class='ocrx_word' id='word_1_383' title='bbox 668 3637 879 3693; x_wconf 80' lang='lat' dir='ltr'><strong>caelesti</strong></span> <span class='ocrx_word' id='word_1_384' title='bbox 903 3638 1030 3706; x_wconf 91' lang='lat' dir='ltr'><strong>jure</strong></span> <span class='ocrx_word' id='word_1_385' title='bbox 1059 3637 1279 3694; x_wconf 88' lang='lat' dir='ltr'><strong>morati.</strong></span> 
     </span>
    </p>
   </div>
   <div class='ocr_carea' id='block_1_63' title="bbox 91 3730 1539 3804">
    <p class='ocr_par' dir='ltr' id='par_1_63' title="bbox 91 3730 1539 3804">
     <span class='ocr_line' id='line_1_63' title="bbox 91 3730 1539 3804; baseline -0.003 -15"><span class='ocrx_word' id='word_1_386' title='bbox 91 3736 345 3800; x_wconf 83' lang='lat' dir='ltr'><strong>Quorum</strong></span> <span class='ocrx_word' id='word_1_387' title='bbox 379 3733 513 3789; x_wconf 92' lang='lat' dir='ltr'><strong>olim</strong></span> <span class='ocrx_word' id='word_1_388' title='bbox 536 3732 819 3804; x_wconf 90' lang='lat' dir='ltr'><strong>quoddam</strong></span> <span class='ocrx_word' id='word_1_389' title='bbox 840 3730 1111 3787; x_wconf 84' lang='lat' dir='ltr'><strong>Jordanis-</strong></span> <span class='ocrx_word' id='word_1_390' title='bbox 1138 3731 1261 3803; x_wconf 91' lang='lat' dir='ltr'><strong>ripa</strong></span> <span class='ocrx_word' id='word_1_391' title='bbox 1293 3731 1539 3787; x_wconf 89' lang='lat' dir='ltr'><strong>tenebat.</strong></span> 
     </span>
    </p>
   </div>
   <div class='ocr_carea' id='block_1_64' title="bbox 90 3824 1669 3900">
    <p class='ocr_par' dir='ltr' id='par_1_64' title="bbox 90 3824 1669 3900">
     <span class='ocr_line' id='line_1_64' title="bbox 90 3824 1669 3900; baseline -0.002 -19"><span class='ocrx_word' id='word_1_392' title='bbox 90 3830 211 3893; x_wconf 83' lang='lat' dir='ltr'><strong>Quo</strong></span> <span class='ocrx_word' id='word_1_393' title='bbox 240 3828 427 3900; x_wconf 84' lang='lat' dir='ltr'><strong>legem</strong></span> <span class='ocrx_word' id='word_1_394' title='bbox 453 3825 700 3900; x_wconf 84' lang='lat' dir='ltr'><strong>viguisse</strong></span> <span class='ocrx_word' id='word_1_395' title='bbox 732 3824 934 3891; x_wconf 90' lang='lat' dir='ltr'><strong>ferunt,</strong></span> <span class='ocrx_word' id='word_1_396' title='bbox 972 3840 1072 3895; x_wconf 94' lang='lat' dir='ltr'><strong>pro</strong></span> <span class='ocrx_word' id='word_1_397' title='bbox 1126 3831 1399 3896; x_wconf 91' lang='lat' dir='ltr'><strong>tempore,</strong></span> <span class='ocrx_word' id='word_1_398' title='bbox 1432 3831 1669 3895; x_wconf 90' lang='lat' dir='ltr'><strong>utraque</strong></span> 
     </span>
    </p>
   </div>
   <div class='ocr_carea' id='block_1_65' title="bbox 88 3912 1430 3988">
    <p class='ocr_par' dir='ltr' id='par_1_65' title="bbox 88 3912 1430 3988">
     <span class='ocr_line' id='line_1_65' title="bbox 88 3912 1430 3988; baseline -0.003 -16"><span class='ocrx_word' id='word_1_399' title='bbox 88 3918 227 3972; x_wconf 86' lang='lat' dir='ltr'><strong>Nam</strong></span> <span class='ocrx_word' id='word_1_400' title='bbox 255 3916 485 3972; x_wconf 89' lang='lat' dir='ltr'><strong>socialis</strong></span> <span class='ocrx_word' id='word_1_401' title='bbox 514 3929 660 3988; x_wconf 88' lang='lat' dir='ltr'><strong>agon</strong></span> <span class='ocrx_word' id='word_1_402' title='bbox 688 3914 804 3969; x_wconf 87' lang='lat' dir='ltr'><strong>fere</strong></span> <span class='ocrx_word' id='word_1_403' title='bbox 835 3913 1151 3970; x_wconf 89' lang='lat' dir='ltr'><strong>certabatur</strong></span> <span class='ocrx_word' id='word_1_404' title='bbox 1178 3912 1233 3967; x_wconf 92' lang='lat' dir='ltr'><strong>in</strong></span> <span class='ocrx_word' id='word_1_405' title='bbox 1258 3927 1430 3980; x_wconf 89' lang='lat' dir='ltr'><strong>anno,</strong></span> 
     </span>
    </p>
   </div>
   <div class='ocr_carea' id='block_1_66' title="bbox 88 4001 1366 4073">
    <p class='ocr_par' dir='ltr' id='par_1_66' title="bbox 88 4001 1366 4073">
     <span class='ocr_line' id='line_1_66' title="bbox 88 4001 1366 4073; baseline -0.003 -13"><span class='ocrx_word' id='word_1_406' title='bbox 88 4009 232 4062; x_wconf 88' lang='lat' dir='ltr'><strong>Ante</strong></span> <span class='ocrx_word' id='word_1_407' title='bbox 264 4005 441 4069; x_wconf 86' lang='lat' dir='ltr'><strong>diem,</strong></span> <span class='ocrx_word' id='word_1_408' title='bbox 471 4005 653 4060; x_wconf 89' lang='lat' dir='ltr'><strong>donec</strong></span> <span class='ocrx_word' id='word_1_409' title='bbox 683 4004 852 4060; x_wconf 90' lang='lat' dir='ltr'><strong>solito</strong></span> <span class='ocrx_word' id='word_1_410' title='bbox 876 4003 1090 4073; x_wconf 87' lang='lat' dir='ltr'><strong>jejunia</strong></span> <span class='ocrx_word' id='word_1_411' title='bbox 1122 4001 1366 4057; x_wconf 56' lang='lat' dir='ltr'><strong>Pascha</strong></span> 
     </span>
    </p>
   </div>
   <div class='ocr_carea' id='block_1_67' title="bbox 88 4093 1397 4170">
    <p class='ocr_par' dir='ltr' id='par_1_67' title="bbox 88 4093 1397 4170">
     <span class='ocr_line' id='line_1_67' title="bbox 88 4093 1397 4170; baseline -0.003 -17"><span class='ocrx_word' id='word_1_412' title='bbox 88 4099 385 4170; x_wconf 90' lang='lat' dir='ltr'><strong>Incipiunt</strong></span> <span class='ocrx_word' id='word_1_413' title='bbox 424 4112 493 4152; x_wconf 85' lang='lat' dir='ltr'><strong>ex</strong></span> <span class='ocrx_word' id='word_1_414' title='bbox 520 4110 675 4152; x_wconf 90' lang='lat' dir='ltr'><strong>more</strong></span> <span class='ocrx_word' id='word_1_415' title='bbox 713 4095 830 4169; x_wconf 88' lang='lat' dir='ltr'><strong>geri</strong></span> <span class='ocrx_word' id='word_1_416' title='bbox 860 4102 973 4150; x_wconf 87' lang='lat' dir='ltr'><strong>tum</strong></span> <span class='ocrx_word' id='word_1_417' title='bbox 999 4093 1216 4168; x_wconf 88' lang='lat' dir='ltr'><strong>singula</strong></span> <span class='ocrx_word' id='word_1_418' title='bbox 1253 4094 1397 4149; x_wconf 68' lang='lat' dir='ltr'><strong>vitae.</strong></span> 
     </span>
    </p>
   </div>
   <div class='ocr_carea' id='block_1_68' title="bbox 91 4182 1740 4260">
    <p class='ocr_par' dir='ltr' id='par_1_68' title="bbox 91 4182 1740 4260">
     <span class='ocr_line' id='line_1_68' title="bbox 91 4182 1740 4260; baseline -0.005 -17"><span class='ocrx_word' id='word_1_419' title='bbox 91 4189 319 4260; x_wconf 81' lang='lat' dir='ltr'><strong>Quique</strong></span> <span class='ocrx_word' id='word_1_420' title='bbox 350 4185 524 4242; x_wconf 89' lang='lat' dir='ltr'><strong>eremi</strong></span> <span class='ocrx_word' id='word_1_421' title='bbox 556 4185 686 4240; x_wconf 90' lang='lat' dir='ltr'><strong>dum</strong></span> <span class='ocrx_word' id='word_1_422' title='bbox 713 4191 865 4241; x_wconf 88' lang='lat' dir='ltr'><strong>vasta</strong></span> <span class='ocrx_word' id='word_1_423' title='bbox 892 4190 1114 4255; x_wconf 89' lang='lat' dir='ltr'><strong>petunt,</strong></span> <span class='ocrx_word' id='word_1_424' title='bbox 1137 4182 1440 4238; x_wconf 90' lang='lat' dir='ltr'><strong>certamina</strong></span> <span class='ocrx_word' id='word_1_425' title='bbox 1468 4187 1698 4237; x_wconf 91' lang='lat' dir='ltr'><strong>sumunt</strong></span> <span class='ocrx_word' id='word_1_426' title='bbox 1724 4197 1740 4249; x_wconf 89' lang='lat'><strong>;</strong></span> 
     </span>
    </p>
   </div>
   <div class='ocr_carea' id='block_1_69' title="bbox 86 4274 1585 4349">
    <p class='ocr_par' dir='ltr' id='par_1_69' title="bbox 86 4274 1585 4349">
     <span class='ocr_line' id='line_1_69' title="bbox 86 4274 1585 4349; baseline -0.002 -17"><span class='ocrx_word' id='word_1_427' title='bbox 86 4282 155 4335; x_wconf 88' lang='lat' dir='ltr'><strong>At</strong></span> <span class='ocrx_word' id='word_1_428' title='bbox 178 4297 316 4336; x_wconf 90' lang='lat' dir='ltr'><strong>eum</strong></span> <span class='ocrx_word' id='word_1_429' title='bbox 335 4279 454 4349; x_wconf 90' lang='lat' dir='ltr'><strong>jam</strong></span> <span class='ocrx_word' id='word_1_430' title='bbox 494 4278 731 4333; x_wconf 88' lang='lat' dir='ltr'><strong>redeunt</strong></span> <span class='ocrx_word' id='word_1_431' title='bbox 761 4276 1043 4348; x_wconf 90' lang='lat' dir='ltr'><strong>paschalia</strong></span> <span class='ocrx_word' id='word_1_432' title='bbox 1076 4274 1239 4342; x_wconf 90' lang='lat' dir='ltr'><strong>festa,</strong></span> <span class='ocrx_word' id='word_1_433' title='bbox 1270 4279 1585 4340; x_wconf 88' lang='lat' dir='ltr'><strong>recurrunt,</strong></span> 
     </span>
    </p>
   </div>
   <div class='ocr_carea' id='block_1_70' title="bbox 90 4366 1596 4441">
    <p class='ocr_par' dir='ltr' id='par_1_70' title="bbox 90 4366 1596 4441">
     <span class='ocr_line' id='line_1_70' title="bbox 90 4366 1596 4441; baseline -0.004 -16"><span class='ocrx_word' id='word_1_434' title='bbox 90 4370 157 4425; x_wconf 90' lang='lat' dir='ltr'><strong>Ut</strong></span> <span class='ocrx_word' id='word_1_435' title='bbox 189 4370 352 4441; x_wconf 89' lang='lat' dir='ltr'><strong>pacis</strong></span> <span class='ocrx_word' id='word_1_436' title='bbox 383 4367 680 4424; x_wconf 88' lang='lat' dir='ltr'><strong>Dominum</strong></span> <span class='ocrx_word' id='word_1_437' title='bbox 710 4368 929 4423; x_wconf 85' lang='lat' dir='ltr'><strong>valeant</strong></span> <span class='ocrx_word' id='word_1_438' title='bbox 955 4366 1292 4421; x_wconf 88' lang='lat' dir='ltr'><strong>benedicere</strong></span> <span class='ocrx_word' id='word_1_439' title='bbox 1323 4366 1377 4420; x_wconf 90' lang='lat' dir='ltr'><strong>in</strong></span> <span class='ocrx_word' id='word_1_440' title='bbox 1403 4382 1596 4421; x_wconf 93' lang='lat' dir='ltr'><strong>unum.</strong></span> 
     </span>
    </p>
   </div>
   <div class='ocr_carea' id='block_1_71' title="bbox 162 4456 1741 4533">
    <p class='ocr_par' dir='ltr' id='par_1_71' title="bbox 162 4456 1741 4533">
     <span class='ocr_line' id='line_1_71' title="bbox 162 4456 1741 4533; baseline -0.003 -17"><span class='ocrx_word' id='word_1_441' title='bbox 162 4462 284 4519; x_wconf 83' lang='lat' dir='ltr'><strong>Hoc</strong></span> <span class='ocrx_word' id='word_1_442' title='bbox 308 4460 562 4517; x_wconf 88' lang='lat' dir='ltr'><strong>Zozimas</strong></span> <span class='ocrx_word' id='word_1_443' title='bbox 611 4473 814 4530; x_wconf 84' lang='lat' dir='ltr'><strong>snpero</strong></span> <span class='ocrx_word' id='word_1_444' title='bbox 865 4456 1177 4533; x_wconf 87' lang='lat' dir='ltr'><strong>ingreditur</strong></span> <span class='ocrx_word' id='word_1_445' title='bbox 1234 4457 1615 4512; x_wconf 90' lang='lat' dir='ltr'><strong>moderamine</strong></span> <span class='ocrx_word' id='word_1_446' title='bbox 1639 4456 1741 4511; x_wconf 85' lang='lat' dir='ltr'><strong>du-</strong></span> 
     </span>
    </p>
   </div>
   <div class='ocr_carea' id='block_1_72' title="bbox 1509 4550 1668 4621">
    <p class='ocr_par' dir='ltr' id='par_1_72' title="bbox 1509 4550 1668 4621">
     <span class='ocr_line' id='line_1_72' title="bbox 1509 4550 1668 4621; baseline -0.013 -15"><span class='ocrx_word' id='word_1_447' title='bbox 1509 4550 1668 4621; x_wconf 88' lang='lat' dir='ltr'><strong>[ctus,</strong></span> 
     </span>
    </p>
   </div>
   <div class='ocr_carea' id='block_1_73' title="bbox 83 4639 1227 4715">
    <p class='ocr_par' dir='ltr' id='par_1_73' title="bbox 83 4639 1227 4715">
     <span class='ocr_line' id='line_1_73' title="bbox 83 4639 1227 4715; baseline -0.002 -18"><span class='ocrx_word' id='word_1_448' title='bbox 83 4643 292 4699; x_wconf 76' lang='lat' dir='ltr'><strong>Militia</strong></span> <span class='ocrx_word' id='word_1_449' title='bbox 321 4659 451 4699; x_wconf 90' lang='lat' dir='ltr'><strong>sese</strong></span> <span class='ocrx_word' id='word_1_450' title='bbox 480 4642 732 4715; x_wconf 90' lang='lat' dir='ltr'><strong>reliquos</strong></span> <span class='ocrx_word' id='word_1_451' title='bbox 764 4656 1058 4713; x_wconf 88' lang='lat' dir='ltr'><strong>superasse</strong></span> <span class='ocrx_word' id='word_1_452' title='bbox 1074 4639 1227 4697; x_wconf 82' lang='lat' dir='ltr'><strong>fideli</strong></span> 
     </span>
    </p>
   </div>
   <div class='ocr_carea' id='block_1_74' title="bbox 86 4734 1627 4808">
    <p class='ocr_par' dir='ltr' id='par_1_74' title="bbox 86 4734 1627 4808">
     <span class='ocr_line' id='line_1_74' title="bbox 86 4734 1627 4808; baseline -0.001 -20"><span class='ocrx_word' id='word_1_453' title='bbox 86 4737 244 4791; x_wconf 74' lang='lat' dir='ltr'><strong>Dum‘</strong></span> <span class='ocrx_word' id='word_1_454' title='bbox 263 4742 511 4808; x_wconf 87' lang='lat' dir='ltr'><strong>reputat,</strong></span> <span class='ocrx_word' id='word_1_455' title='bbox 555 4734 771 4790; x_wconf 90' lang='lat' dir='ltr'><strong>Christo</strong></span> <span class='ocrx_word' id='word_1_456' title='bbox 803 4751 927 4789; x_wconf 90' lang='lat' dir='ltr'><strong>cum</strong></span> <span class='ocrx_word' id='word_1_457' title='bbox 955 4734 1081 4806; x_wconf 91' lang='lat' dir='ltr'><strong>quis</strong></span> <span class='ocrx_word' id='word_1_458' title='bbox 1108 4739 1346 4789; x_wconf 88' lang='lat' dir='ltr'><strong>certarat</strong></span> <span class='ocrx_word' id='word_1_459' title='bbox 1366 4748 1627 4805; x_wconf 83' lang='lat' dir='ltr'><strong>agonem.</strong></span> 
     </span>
    </p>
   </div>
   <div class='ocr_carea' id='block_1_75' title="bbox 88 4827 1526 4906">
    <p class='ocr_par' dir='ltr' id='par_1_75' title="bbox 88 4827 1526 4906">
     <span class='ocr_line' id='line_1_75' title="bbox 88 4827 1526 4906; baseline -0.001 -22"><span class='ocrx_word' id='word_1_460' title='bbox 88 4832 207 4887; x_wconf 82' lang='lat' dir='ltr'><strong>Huc</strong></span> <span class='ocrx_word' id='word_1_461' title='bbox 241 4832 418 4906; x_wconf 87' lang='lat' dir='ltr'><strong>igitur</strong></span> <span class='ocrx_word' id='word_1_462' title='bbox 450 4830 703 4896; x_wconf 75' lang='lat' dir='ltr'><strong>veniens,</strong></span> <span class='ocrx_word' id='word_1_463' title='bbox 725 4830 949 4885; x_wconf 89' lang='lat' dir='ltr'><strong>tandem</strong></span> <span class='ocrx_word' id='word_1_464' title='bbox 980 4828 1303 4885; x_wconf 89' lang='lat' dir='ltr'><strong>certaminis</strong></span> <span class='ocrx_word' id='word_1_465' title='bbox 1337 4827 1526 4897; x_wconf 90' lang='lat' dir='ltr'><strong>hujus,</strong></span> 
     </span>
    </p>
   </div>
   <div class='ocr_carea' id='block_1_76' title="bbox 87 4923 1524 4995">
    <p class='ocr_par' dir='ltr' id='par_1_76' title="bbox 87 4923 1524 4995">
     <span class='ocr_line' id='line_1_76' title="bbox 87 4923 1524 4995; baseline 0.001 -18"><span class='ocrx_word' id='word_1_466' title='bbox 87 4924 418 4995; x_wconf 86' lang='lat' dir='ltr'><strong>Discipulus</strong></span> <span class='ocrx_word' id='word_1_467' title='bbox 440 4923 638 4991; x_wconf 90' lang='lat' dir='ltr'><strong>factus,</strong></span> <span class='ocrx_word' id='word_1_468' title='bbox 666 4924 966 4979; x_wconf 89' lang='lat' dir='ltr'><strong>meditatur</strong></span> <span class='ocrx_word' id='word_1_469' title='bbox 1002 4938 1223 4978; x_wconf 90' lang='lat' dir='ltr'><strong>sumere</strong></span> <span class='ocrx_word' id='word_1_470' title='bbox 1253 4936 1524 4978; x_wconf 90' lang='lat' dir='ltr'><strong>normam.</strong></span> 
     </span>
    </p>
   </div>
   <div class='ocr_carea' id='block_1_77' title="bbox 85 5011 1489 5087">
    <p class='ocr_par' dir='ltr' id='par_1_77' title="bbox 85 5011 1489 5087">
     <span class='ocr_line' id='line_1_77' title="bbox 85 5011 1489 5087; baseline -0.002 -18"><span class='ocrx_word' id='word_1_471' title='bbox 85 5013 193 5078; x_wconf 85' lang='lat' dir='ltr'><strong>Qui</strong></span> <span class='ocrx_word' id='word_1_472' title='bbox 225 5016 457 5069; x_wconf 87' lang='lat' dir='ltr'><strong>deserta</strong></span> <span class='ocrx_word' id='word_1_473' title='bbox 485 5013 591 5069; x_wconf 92' lang='lat' dir='ltr'><strong>loci</strong></span> <span class='ocrx_word' id='word_1_474' title='bbox 622 5020 878 5087; x_wconf 89' lang='lat' dir='ltr'><strong>peragrat</strong></span> <span class='ocrx_word' id='word_1_475' title='bbox 908 5013 1040 5067; x_wconf 89' lang='lat' dir='ltr'><strong>dum</strong></span> <span class='ocrx_word' id='word_1_476' title='bbox 1072 5020 1321 5083; x_wconf 90' lang='lat' dir='ltr'><strong>tempore</strong></span> <span class='ocrx_word' id='word_1_477' title='bbox 1340 5011 1489 5067; x_wconf 89' lang='lat' dir='ltr'><strong>dicto</strong></span> 
     </span>
    </p>
   </div>
   <div class='ocr_carea' id='block_1_78' title="bbox 88 5101 1455 5175">
    <p class='ocr_par' dir='ltr' id='par_1_78' title="bbox 88 5101 1455 5175">
     <span class='ocr_line' id='line_1_78' title="bbox 88 5101 1455 5175; baseline -0.003 -16"><span class='ocrx_word' id='word_1_478' title='bbox 88 5104 345 5159; x_wconf 88' lang='lat' dir='ltr'><strong>Interius</strong></span> <span class='ocrx_word' id='word_1_479' title='bbox 368 5108 665 5175; x_wconf 77' lang='lat' dir='ltr'><strong>penetrare</strong></span> <span class='ocrx_word' id='word_1_480' title='bbox 697 5102 931 5157; x_wconf 86' lang='lat' dir='ltr'><strong>studens</strong></span> <span class='ocrx_word' id='word_1_481' title='bbox 950 5102 1160 5157; x_wconf 91' lang='lat' dir='ltr'><strong>inculta</strong></span> <span class='ocrx_word' id='word_1_482' title='bbox 1183 5101 1455 5170; x_wconf 88' lang='lat' dir='ltr'><strong>locorum,</strong></span> 
     </span>
    </p>
   </div>
   <div class='ocr_carea' id='block_1_79' title="bbox 90 5193 1354 5265">
    <p class='ocr_par' dir='ltr' id='par_1_79' title="bbox 90 5193 1354 5265">
     <span class='ocr_line' id='line_1_79' title="bbox 90 5193 1354 5265; baseline -0.003 -14"><span class='ocrx_word' id='word_1_483' title='bbox 90 5197 361 5251; x_wconf 82' lang='lat' dir='ltr'><strong>Rimatur</strong></span> <span class='ocrx_word' id='word_1_484' title='bbox 388 5194 437 5250; x_wconf 89' lang='lat' dir='ltr'><strong>si</strong></span> <span class='ocrx_word' id='word_1_485' title='bbox 471 5193 612 5249; x_wconf 90' lang='lat' dir='ltr'><strong>forte</strong></span> <span class='ocrx_word' id='word_1_486' title='bbox 640 5194 824 5251; x_wconf 90' lang='lat' dir='ltr'><strong>vivum</strong></span> <span class='ocrx_word' id='word_1_487' title='bbox 854 5193 1100 5265; x_wconf 84' lang='lat' dir='ltr'><strong>reperire</strong></span> <span class='ocrx_word' id='word_1_488' title='bbox 1128 5193 1354 5248; x_wconf 83' lang='lat' dir='ltr'><strong>daretur</strong></span> 
     </span>
    </p>
   </div>
   <div class='ocr_carea' id='block_1_80' title="bbox 88 5285 1616 5359">
    <p class='ocr_par' dir='ltr' id='par_1_80' title="bbox 88 5285 1616 5359">
     <span class='ocr_line' id='line_1_80' title="bbox 88 5285 1616 5359; baseline -0.002 -17"><span class='ocrx_word' id='word_1_489' title='bbox 88 5289 206 5343; x_wconf 82' lang='lat' dir='ltr'><strong>Hac</strong></span> <span class='ocrx_word' id='word_1_490' title='bbox 248 5302 483 5359; x_wconf 91' lang='lat' dir='ltr'><strong>quoque</strong></span> <span class='ocrx_word' id='word_1_491' title='bbox 514 5286 618 5340; x_wconf 91' lang='lat' dir='ltr'><strong>sub</strong></span> <span class='ocrx_word' id='word_1_492' title='bbox 648 5286 842 5341; x_wconf 71' lang='lat' dir='ltr'><strong>valida:</strong></span> <span class='ocrx_word' id='word_1_493' title='bbox 872 5285 1059 5351; x_wconf 86' lang='lat' dir='ltr'><strong>studio</strong></span> <span class='ocrx_word' id='word_1_494' title='bbox 1088 5285 1306 5341; x_wconf 87' lang='lat' dir='ltr'><strong>virtutis</strong></span> <span class='ocrx_word' id='word_1_495' title='bbox 1331 5292 1616 5359; x_wconf 85' lang='lat' dir='ltr'><strong>agentem,</strong></span> 
     </span>
    </p>
   </div>
   <div class='ocr_carea' id='block_1_81' title="bbox 87 5380 1343 5453">
    <p class='ocr_par' dir='ltr' id='par_1_81' title="bbox 87 5380 1343 5453">
     <span class='ocr_line' id='line_1_81' title="bbox 87 5380 1343 5453; baseline -0.002 -16"><span class='ocrx_word' id='word_1_496' title='bbox 87 5384 273 5453; x_wconf 83' lang='lat' dir='ltr'><strong>Hujus</strong></span> <span class='ocrx_word' id='word_1_497' title='bbox 306 5382 525 5437; x_wconf 71' lang='lat' dir='ltr'><strong>militia:</strong></span> <span class='ocrx_word' id='word_1_498' title='bbox 546 5381 651 5436; x_wconf 88' lang='lat' dir='ltr'><strong>sibi</strong></span> <span class='ocrx_word' id='word_1_499' title='bbox 685 5380 781 5453; x_wconf 90' lang='lat' dir='ltr'><strong>qui</strong></span> <span class='ocrx_word' id='word_1_500' title='bbox 804 5381 1135 5452; x_wconf 85' lang='lat' dir='ltr'><strong>dependerit</strong></span> <span class='ocrx_word' id='word_1_501' title='bbox 1162 5396 1343 5436; x_wconf 90' lang='lat' dir='ltr'><strong>usum.</strong></span> 
     </span>
    </p>
   </div>
   <div class='ocr_carea' id='block_1_82' title="bbox 87 5469 1244 5538">
    <p class='ocr_par' dir='ltr' id='par_1_82' title="bbox 87 5469 1244 5538">
     <span class='ocr_line' id='line_1_82' title="bbox 87 5469 1244 5538; baseline -0.003 -11"><span class='ocrx_word' id='word_1_502' title='bbox 87 5473 335 5527; x_wconf 89' lang='lat' dir='ltr'><strong>Deditus</strong></span> <span class='ocrx_word' id='word_1_503' title='bbox 364 5471 475 5538; x_wconf 89' lang='lat' dir='ltr'><strong>his,</strong></span> <span class='ocrx_word' id='word_1_504' title='bbox 510 5470 621 5525; x_wconf 85' lang='lat' dir='ltr'><strong>usti</strong></span> <span class='ocrx_word' id='word_1_505' title='bbox 651 5470 838 5526; x_wconf 89' lang='lat' dir='ltr'><strong>medio</strong></span> <span class='ocrx_word' id='word_1_506' title='bbox 868 5469 1091 5526; x_wconf 90' lang='lat' dir='ltr'><strong>fervore</strong></span> <span class='ocrx_word' id='word_1_507' title='bbox 1132 5470 1244 5526; x_wconf 87' lang='lat' dir='ltr'><strong>diei</strong></span> 
     </span>
    </p>
   </div>
   <div class='ocr_carea' id='block_1_83' title="bbox 90 5558 1740 5631">
    <p class='ocr_par' dir='ltr' id='par_1_83' title="bbox 90 5558 1740 5631">
     <span class='ocr_line' id='line_1_83' title="bbox 90 5558 1740 5631; baseline -0.003 -13"><span class='ocrx_word' id='word_1_508' title='bbox 90 5562 422 5629; x_wconf 74' lang='lat' dir='ltr'><strong>Quondam,</strong></span> <span class='ocrx_word' id='word_1_509' title='bbox 448 5559 580 5614; x_wconf 91' lang='lat' dir='ltr'><strong>dum</strong></span> <span class='ocrx_word' id='word_1_510' title='bbox 641 5558 887 5631; x_wconf 91' lang='lat' dir='ltr'><strong>perferre</strong></span> <span class='ocrx_word' id='word_1_511' title='bbox 922 5574 1115 5630; x_wconf 88' lang='lat' dir='ltr'><strong>preces</strong></span> <span class='ocrx_word' id='word_1_512' title='bbox 1140 5558 1427 5614; x_wconf 87' lang='lat' dir='ltr'><strong>contendit</strong></span> <span class='ocrx_word' id='word_1_513' title='bbox 1453 5558 1509 5612; x_wconf 91' lang='lat' dir='ltr'><strong>in</strong></span> <span class='ocrx_word' id='word_1_514' title='bbox 1548 5558 1740 5623; x_wconf 87' lang='lat' dir='ltr'><strong>altum,</strong></span> 
     </span>
    </p>
   </div>
   <div class='ocr_carea' id='block_1_84' title="bbox 88 5647 1460 5722">
    <p class='ocr_par' dir='ltr' id='par_1_84' title="bbox 88 5647 1460 5722">
     <span class='ocr_line' id='line_1_84' title="bbox 88 5647 1460 5722; baseline -0.001 -18"><span class='ocrx_word' id='word_1_515' title='bbox 88 5654 498 5722; x_wconf 87' lang='lat' dir='ltr'><strong>Approperare</strong></span> <span class='ocrx_word' id='word_1_516' title='bbox 531 5648 745 5721; x_wconf 86' lang='lat' dir='ltr'><strong>nigram</strong></span> <span class='ocrx_word' id='word_1_517' title='bbox 764 5648 899 5703; x_wconf 90' lang='lat' dir='ltr'><strong>solis</strong></span> <span class='ocrx_word' id='word_1_518' title='bbox 931 5654 1211 5719; x_wconf 87' lang='lat' dir='ltr'><strong>exspectat</strong></span> <span class='ocrx_word' id='word_1_519' title='bbox 1239 5647 1307 5702; x_wconf 91' lang='lat' dir='ltr'><strong>ab</strong></span> <span class='ocrx_word' id='word_1_520' title='bbox 1337 5654 1460 5703; x_wconf 91' lang='lat' dir='ltr'><strong>ortu</strong></span> 
     </span>
    </p>
   </div>
   <div class='ocr_carea' id='block_1_85' title="bbox 95 5737 1601 5810">
    <p class='ocr_par' dir='ltr' id='par_1_85' title="bbox 95 5737 1601 5810">
     <span class='ocr_line' id='line_1_85' title="bbox 95 5737 1601 5810; baseline -0.002 -15"><span class='ocrx_word' id='word_1_521' title='bbox 95 5740 419 5797; x_wconf 87' lang='lat' dir='ltr'><strong>Humanam</strong></span> <span class='ocrx_word' id='word_1_522' title='bbox 449 5737 621 5796; x_wconf 89' lang='lat' dir='ltr'><strong>veluti</strong></span> <span class='ocrx_word' id='word_1_523' title='bbox 652 5738 906 5806; x_wconf 88' lang='lat' dir='ltr'><strong>formam,</strong></span> <span class='ocrx_word' id='word_1_524' title='bbox 939 5738 1058 5794; x_wconf 90' lang='lat' dir='ltr'><strong>loca</strong></span> <span class='ocrx_word' id='word_1_525' title='bbox 1092 5753 1266 5808; x_wconf 83' lang='lat' dir='ltr'><strong>prona</strong></span> <span class='ocrx_word' id='word_1_526' title='bbox 1297 5744 1601 5810; x_wconf 84' lang='lat' dir='ltr'><strong>petentem,</strong></span> 
     </span>
    </p>
   </div>
   <div class='ocr_carea' id='block_1_86' title="bbox 1762 3184 3123 3256">
    <p class='ocr_par' dir='ltr' id='par_1_86' title="bbox 1762 3184 3123 3256">
     <span class='ocr_line' id='line_1_86' title="bbox 1762 3184 3123 3256; baseline 0.001 -17"><span class='ocrx_word' id='word_1_527' title='bbox 1762 3190 1811 3256; x_wconf 67' lang='grc' dir='ltr'><strong>(ζ</strong></span> <span class='ocrx_word' id='word_1_528' title='bbox 1833 3184 2043 3241; x_wconf 84' lang='lat' dir='ltr'><strong>Canitie</strong></span> <span class='ocrx_word' id='word_1_529' title='bbox 2062 3192 2122 3240; x_wconf 91' lang='lat' dir='ltr'><strong>ut</strong></span> <span class='ocrx_word' id='word_1_530' title='bbox 2150 3186 2336 3242; x_wconf 91' lang='lat' dir='ltr'><strong>lanam</strong></span> <span class='ocrx_word' id='word_1_531' title='bbox 2375 3187 2556 3243; x_wconf 90' lang='lat' dir='ltr'><strong>crines</strong></span> <span class='ocrx_word' id='word_1_532' title='bbox 2587 3187 2897 3242; x_wconf 88' lang='lat' dir='ltr'><strong>collotenus</strong></span> <span class='ocrx_word' id='word_1_533' title='bbox 2923 3186 3123 3241; x_wconf 88' lang='lat' dir='ltr'><strong>albam.</strong></span> 
     </span>
    </p>
   </div>
   <div class='ocr_carea' id='block_1_87' title="bbox 1834 3276 3212 3348">
    <p class='ocr_par' dir='ltr' id='par_1_87' title="bbox 1834 3276 3212 3348">
     <span class='ocr_line' id='line_1_87' title="bbox 1834 3276 3212 3348; baseline 0.001 -18"><span class='ocrx_word' id='word_1_534' title='bbox 1834 3276 2078 3332; x_wconf 89' lang='lat' dir='ltr'><strong>Territus</strong></span> <span class='ocrx_word' id='word_1_535' title='bbox 2103 3285 2349 3348; x_wconf 89' lang='lat' dir='ltr'><strong>aspectu,</strong></span> <span class='ocrx_word' id='word_1_536' title='bbox 2385 3278 2563 3334; x_wconf 89' lang='lat' dir='ltr'><strong>crucis</strong></span> <span class='ocrx_word' id='word_1_537' title='bbox 2592 3294 2687 3334; x_wconf 91' lang='lat' dir='ltr'><strong>ora</strong></span> <span class='ocrx_word' id='word_1_538' title='bbox 2717 3277 2994 3333; x_wconf 91' lang='lat' dir='ltr'><strong>levamine</strong></span> <span class='ocrx_word' id='word_1_539' title='bbox 3016 3277 3212 3332; x_wconf 92' lang='lat' dir='ltr'><strong>munit.</strong></span> 
     </span>
    </p>
   </div>
   <div class='ocr_carea' id='block_1_88' title="bbox 1837 3369 3179 3441">
    <p class='ocr_par' dir='ltr' id='par_1_88' title="bbox 1837 3369 3179 3441">
     <span class='ocr_line' id='line_1_88' title="bbox 1837 3369 3179 3441; baseline -0.001 -16"><span class='ocrx_word' id='word_1_540' title='bbox 1837 3369 2041 3425; x_wconf 89' lang='lat' dir='ltr'><strong>Obvius</strong></span> <span class='ocrx_word' id='word_1_541' title='bbox 2066 3377 2120 3424; x_wconf 90' lang='lat' dir='ltr'><strong>at</strong></span> <span class='ocrx_word' id='word_1_542' title='bbox 2149 3370 2269 3425; x_wconf 81' lang='lat' dir='ltr'><strong>fieri</strong></span> <span class='ocrx_word' id='word_1_543' title='bbox 2296 3370 2544 3426; x_wconf 88' lang='lat' dir='ltr'><strong>venienti</strong></span> <span class='ocrx_word' id='word_1_544' title='bbox 2570 3378 2630 3425; x_wconf 89' lang='lat' dir='ltr'><strong>ut</strong></span> <span class='ocrx_word' id='word_1_545' title='bbox 2679 3370 2868 3441; x_wconf 68' lang='lat' dir='ltr'><strong>erepit,</strong></span> <span class='ocrx_word' id='word_1_546' title='bbox 2902 3370 3179 3437; x_wconf 90' lang='lat' dir='ltr'><strong>eamdem,</strong></span> 
     </span>
    </p>
   </div>
   <div class='ocr_carea' id='block_1_89' title="bbox 1836 3462 3250 3539">
    <p class='ocr_par' dir='ltr' id='par_1_89' title="bbox 1836 3462 3250 3539">
     <span class='ocr_line' id='line_1_89' title="bbox 1836 3462 3250 3539; baseline 0.001 -22"><span class='ocrx_word' id='word_1_547' title='bbox 1836 3462 2143 3518; x_wconf 80' lang='lat' dir='ltr'><strong>Maturante</strong></span> <span class='ocrx_word' id='word_1_548' title='bbox 2168 3462 2319 3538; x_wconf 89' lang='lat' dir='ltr'><strong>fuga,</strong></span> <span class='ocrx_word' id='word_1_549' title='bbox 2352 3463 2505 3518; x_wconf 90' lang='lat' dir='ltr'><strong>videt</strong></span> <span class='ocrx_word' id='word_1_550' title='bbox 2535 3464 2604 3517; x_wconf 92' lang='lat' dir='ltr'><strong>ad</strong></span> <span class='ocrx_word' id='word_1_551' title='bbox 2633 3470 2848 3519; x_wconf 86' lang='lat' dir='ltr'><strong>secreta</strong></span> <span class='ocrx_word' id='word_1_552' title='bbox 2876 3464 3204 3539; x_wconf 90' lang='lat' dir='ltr'><strong>migrantem</strong></span> <span class='ocrx_word' id='word_1_553' title='bbox 3234 3480 3250 3531; x_wconf 93' lang='lat'><strong>;</strong></span> 
     </span>
    </p>
   </div>
   <div class='ocr_carea' id='block_1_90' title="bbox 1839 3554 3287 3627">
    <p class='ocr_par' dir='ltr' id='par_1_90' title="bbox 1839 3554 3287 3627">
     <span class='ocr_line' id='line_1_90' title="bbox 1839 3554 3287 3627; baseline 0.001 -18"><span class='ocrx_word' id='word_1_554' title='bbox 1839 3554 2008 3619; x_wconf 86' lang='lat' dir='ltr'><strong>Quam</strong></span> <span class='ocrx_word' id='word_1_555' title='bbox 2039 3555 2290 3627; x_wconf 89' lang='lat' dir='ltr'><strong>sequitur</strong></span> <span class='ocrx_word' id='word_1_556' title='bbox 2313 3555 2507 3625; x_wconf 92' lang='lat' dir='ltr'><strong>rapido</strong></span> <span class='ocrx_word' id='word_1_557' title='bbox 2538 3554 2722 3609; x_wconf 91' lang='lat' dir='ltr'><strong>nitens</strong></span> <span class='ocrx_word' id='word_1_558' title='bbox 2751 3555 3072 3627; x_wconf 85' lang='lat' dir='ltr'><strong>contingere</strong></span> <span class='ocrx_word' id='word_1_559' title='bbox 3101 3572 3287 3623; x_wconf 85' lang='lat' dir='ltr'><strong>cursu,</strong></span> 
     </span>
    </p>
   </div>
   <div class='ocr_carea' id='block_1_91' title="bbox 1842 3644 3294 3719">
    <p class='ocr_par' dir='ltr' id='par_1_91' title="bbox 1842 3644 3294 3719">
     <span class='ocr_line' id='line_1_91' title="bbox 1842 3644 3294 3719; baseline -0.001 -17"><span class='ocrx_word' id='word_1_560' title='bbox 1842 3647 2095 3719; x_wconf 90' lang='lat' dir='ltr'><strong>Dumque</strong></span> <span class='ocrx_word' id='word_1_561' title='bbox 2116 3647 2463 3718; x_wconf 91' lang='lat' dir='ltr'><strong>propinquus</strong></span> <span class='ocrx_word' id='word_1_562' title='bbox 2491 3646 2543 3701; x_wconf 89' lang='lat' dir='ltr'><strong>ei</strong></span> <span class='ocrx_word' id='word_1_563' title='bbox 2578 3644 2827 3714; x_wconf 86' lang='lat' dir='ltr'><strong>fierijam</strong></span> <span class='ocrx_word' id='word_1_564' title='bbox 2858 3646 3046 3717; x_wconf 70' lang='lat' dir='ltr'><strong>cmpit,</strong></span> <span class='ocrx_word' id='word_1_565' title='bbox 3072 3647 3127 3700; x_wconf 90' lang='lat' dir='ltr'><strong>in</strong></span> <span class='ocrx_word' id='word_1_566' title='bbox 3159 3646 3294 3701; x_wconf 86' lang='lat' dir='ltr'><strong>istas</strong></span> 
     </span>
    </p>
   </div>
   <div class='ocr_carea' id='block_1_92' title="bbox 1842 3733 3289 3807">
    <p class='ocr_par' dir='ltr' id='par_1_92' title="bbox 1842 3733 3289 3807">
     <span class='ocr_line' id='line_1_92' title="bbox 1842 3733 3289 3807; baseline -0.001 -17"><span class='ocrx_word' id='word_1_567' title='bbox 1842 3736 2151 3807; x_wconf 86' lang='lat' dir='ltr'><strong>Erumpens</strong></span> <span class='ocrx_word' id='word_1_568' title='bbox 2178 3752 2368 3802; x_wconf 88' lang='lat' dir='ltr'><strong>voces,</strong></span> <span class='ocrx_word' id='word_1_569' title='bbox 2404 3734 2663 3806; x_wconf 87' lang='lat' dir='ltr'><strong>lacrymis</strong></span> <span class='ocrx_word' id='word_1_570' title='bbox 2695 3734 2770 3789; x_wconf 90' lang='lat' dir='ltr'><strong>ita</strong></span> <span class='ocrx_word' id='word_1_571' title='bbox 2800 3733 2999 3790; x_wconf 89' lang='lat' dir='ltr'><strong>clamat</strong></span> <span class='ocrx_word' id='word_1_572' title='bbox 3027 3734 3242 3791; x_wconf 89' lang='lat' dir='ltr'><strong>obortis</strong></span> <span class='ocrx_word' id='word_1_573' title='bbox 3274 3752 3289 3789; x_wconf 90' lang='lat'><strong>:</strong></span> 
     </span>
    </p>
   </div>
   <div class='ocr_carea' id='block_1_93' title="bbox 1844 3824 3468 3897">
    <p class='ocr_par' dir='ltr' id='par_1_93' title="bbox 1844 3824 3468 3897">
     <span class='ocr_line' id='line_1_93' title="bbox 1844 3824 3468 3897; baseline -0.001 -18"><span class='ocrx_word' id='word_1_574' title='bbox 1844 3826 1989 3880; x_wconf 84' lang='lat' dir='ltr'><strong>Heus</strong></span> <span class='ocrx_word' id='word_1_575' title='bbox 2024 3825 2036 3878; x_wconf 90' lang='lat' dir='ltr'><strong>l</strong></span> <span class='ocrx_word' id='word_1_576' title='bbox 2069 3825 2225 3897; x_wconf 89' lang='lat' dir='ltr'><strong>quid,</strong></span> <span class='ocrx_word' id='word_1_577' title='bbox 2267 3841 2426 3880; x_wconf 80' lang='lat' dir='ltr'><strong>serve</strong></span> <span class='ocrx_word' id='word_1_578' title='bbox 2458 3824 2576 3890; x_wconf 93' lang='lat' dir='ltr'><strong>Dei,</strong></span> <span class='ocrx_word' id='word_1_579' title='bbox 2612 3824 2829 3897; x_wconf 85' lang='lat' dir='ltr'><strong>fugiens</strong></span> <span class='ocrx_word' id='word_1_580' title='bbox 2878 3824 3193 3878; x_wconf 87' lang='lat' dir='ltr'><strong>contemnis</strong></span> <span class='ocrx_word' id='word_1_581' title='bbox 3235 3824 3468 3879; x_wconf 86' lang='lat' dir='ltr'><strong>inertem</strong></span> 
     </span>
    </p>
   </div>
   <div class='ocr_carea' id='block_1_94' title="bbox 1846 3911 3466 3985">
    <p class='ocr_par' dir='ltr' id='par_1_94' title="bbox 1846 3911 3466 3985">
     <span class='ocr_line' id='line_1_94' title="bbox 1846 3911 3466 3985; baseline -0.001 -18"><span class='ocrx_word' id='word_1_582' title='bbox 1846 3914 2311 3985; x_wconf 90' lang='lat' dir='ltr'><strong>Decrepitumque</strong></span> <span class='ocrx_word' id='word_1_583' title='bbox 2336 3929 2527 3968; x_wconf 91' lang='lat' dir='ltr'><strong>senem</strong></span> <span class='ocrx_word' id='word_1_584' title='bbox 2545 3912 2573 3966; x_wconf 79' lang='lat'><strong><em>?</em></strong></span> <span class='ocrx_word' id='word_1_585' title='bbox 2599 3911 3214 3984; x_wconf 84' lang='lat' dir='ltr'><strong>Exspccta,quicunque</strong></span> <span class='ocrx_word' id='word_1_586' title='bbox 3237 3912 3466 3968; x_wconf 86' lang='lat' dir='ltr'><strong>videris.</strong></span> 
     </span>
    </p>
   </div>
   <div class='ocr_carea' id='block_1_95' title="bbox 1845 4005 3151 4079">
    <p class='ocr_par' dir='ltr' id='par_1_95' title="bbox 1845 4005 3151 4079">
     <span class='ocr_line' id='line_1_95' title="bbox 1845 4005 3151 4079; baseline -0.002 -17"><span class='ocrx_word' id='word_1_587' title='bbox 1845 4008 2111 4079; x_wconf 85' lang='lat' dir='ltr'><strong>Exspecta</strong></span> <span class='ocrx_word' id='word_1_588' title='bbox 2140 4023 2240 4078; x_wconf 90' lang='lat' dir='ltr'><strong>per</strong></span> <span class='ocrx_word' id='word_1_589' title='bbox 2261 4023 2387 4062; x_wconf 87' lang='lat' dir='ltr'><strong>eum</strong></span> <span class='ocrx_word' id='word_1_590' title='bbox 2420 4006 2578 4076; x_wconf 89' lang='lat' dir='ltr'><strong>cujus</strong></span> <span class='ocrx_word' id='word_1_591' title='bbox 2609 4006 2714 4061; x_wconf 89' lang='lat' dir='ltr'><strong>sub</strong></span> <span class='ocrx_word' id='word_1_592' title='bbox 2744 4005 2967 4061; x_wconf 88' lang='lat' dir='ltr'><strong>nomine</strong></span> <span class='ocrx_word' id='word_1_593' title='bbox 2998 4005 3151 4060; x_wconf 89' lang='lat' dir='ltr'><strong>solus</strong></span> 
     </span>
    </p>
   </div>
   <div class='ocr_carea' id='block_1_96' title="bbox 1846 4098 3204 4171">
    <p class='ocr_par' dir='ltr' id='par_1_96' title="bbox 1846 4098 3204 4171">
     <span class='ocr_line' id='line_1_96' title="bbox 1846 4098 3204 4171; baseline 0.001 -17"><span class='ocrx_word' id='word_1_594' title='bbox 1846 4101 2042 4157; x_wconf 84' lang='lat' dir='ltr'><strong>Incolis</strong></span> <span class='ocrx_word' id='word_1_595' title='bbox 2073 4102 2169 4157; x_wconf 91' lang='lat' dir='ltr'><strong>has</strong></span> <span class='ocrx_word' id='word_1_596' title='bbox 2198 4108 2375 4157; x_wconf 88' lang='lat' dir='ltr'><strong>terras</strong></span> <span class='ocrx_word' id='word_1_597' title='bbox 2407 4118 2422 4167; x_wconf 87' lang='lat'><strong>;</strong></span> <span class='ocrx_word' id='word_1_598' title='bbox 2464 4107 2744 4171; x_wconf 85' lang='lat' dir='ltr'><strong>exspecta,</strong></span> <span class='ocrx_word' id='word_1_599' title='bbox 2774 4100 2999 4155; x_wconf 87' lang='lat' dir='ltr'><strong>attende</strong></span> <span class='ocrx_word' id='word_1_600' title='bbox 3038 4098 3204 4166; x_wconf 89' lang='lat' dir='ltr'><strong>victo,</strong></span> 
     </span>
    </p>
   </div>
   <div class='ocr_carea' id='block_1_97' title="bbox 1846 4187 3274 4263">
    <p class='ocr_par' dir='ltr' id='par_1_97' title="bbox 1846 4187 3274 4263">
     <span class='ocr_line' id='line_1_97' title="bbox 1846 4187 3274 4263; baseline -0.002 -19"><span class='ocrx_word' id='word_1_601' title='bbox 1846 4190 1986 4245; x_wconf 90' lang='lat' dir='ltr'><strong>Siste</strong></span> <span class='ocrx_word' id='word_1_602' title='bbox 2014 4191 2269 4263; x_wconf 88' lang='lat' dir='ltr'><strong>gradum,</strong></span> <span class='ocrx_word' id='word_1_603' title='bbox 2301 4207 2401 4261; x_wconf 90' lang='lat' dir='ltr'><strong>per</strong></span> <span class='ocrx_word' id='word_1_604' title='bbox 2427 4204 2583 4260; x_wconf 88' lang='lat' dir='ltr'><strong>spem</strong></span> <span class='ocrx_word' id='word_1_605' title='bbox 2614 4188 2751 4243; x_wconf 91' lang='lat' dir='ltr'><strong>tanti</strong></span> <span class='ocrx_word' id='word_1_606' title='bbox 2780 4187 3042 4243; x_wconf 88' lang='lat' dir='ltr'><strong>mercede</strong></span> <span class='ocrx_word' id='word_1_607' title='bbox 3069 4187 3274 4242; x_wconf 87' lang='lat' dir='ltr'><strong>laboris</strong></span> 
     </span>
    </p>
   </div>
   <div class='ocr_carea' id='block_1_98' title="bbox 1844 4277 3473 4351">
    <p class='ocr_par' dir='ltr' id='par_1_98' title="bbox 1844 4277 3473 4351">
     <span class='ocr_line' id='line_1_98' title="bbox 1844 4277 3473 4351; baseline -0.001 -19"><span class='ocrx_word' id='word_1_608' title='bbox 1844 4279 2207 4350; x_wconf 89' lang='lat' dir='ltr'><strong>Propositam,</strong></span> <span class='ocrx_word' id='word_1_609' title='bbox 2242 4279 2594 4351; x_wconf 89' lang='lat' dir='ltr'><strong>benedicque</strong></span> <span class='ocrx_word' id='word_1_610' title='bbox 2633 4294 2845 4344; x_wconf 87' lang='lat' dir='ltr'><strong>senem,</strong></span> <span class='ocrx_word' id='word_1_611' title='bbox 2903 4283 3007 4343; x_wconf 85' lang='lat' dir='ltr'><strong>sta,</strong></span> <span class='ocrx_word' id='word_1_612' title='bbox 3048 4277 3286 4346; x_wconf 88' lang='lat' dir='ltr'><strong>respice,</strong></span> <span class='ocrx_word' id='word_1_613' title='bbox 3320 4284 3473 4332; x_wconf 89' lang='lat' dir='ltr'><strong>verte</strong></span> 
     </span>
    </p>
   </div>
   <div class='ocr_carea' id='block_1_99' title="bbox 1843 4364 3253 4440">
    <p class='ocr_par' dir='ltr' id='par_1_99' title="bbox 1843 4364 3253 4440">
     <span class='ocr_line' id='line_1_99' title="bbox 1843 4364 3253 4440; baseline -0.003 -18"><span class='ocrx_word' id='word_1_614' title='bbox 1843 4368 1916 4422; x_wconf 87' lang='lat' dir='ltr'><strong>Te</strong></span> <span class='ocrx_word' id='word_1_615' title='bbox 1948 4369 2109 4423; x_wconf 84' lang='lat' dir='ltr'><strong>nobis</strong></span> <span class='ocrx_word' id='word_1_616' title='bbox 2140 4385 2239 4440; x_wconf 89' lang='lat' dir='ltr'><strong>per</strong></span> <span class='ocrx_word' id='word_1_617' title='bbox 2267 4384 2393 4424; x_wconf 90' lang='lat' dir='ltr'><strong>eum</strong></span> <span class='ocrx_word' id='word_1_618' title='bbox 2426 4368 2521 4440; x_wconf 89' lang='lat' dir='ltr'><strong>qui</strong></span> <span class='ocrx_word' id='word_1_619' title='bbox 2551 4382 2833 4439; x_wconf 88' lang='lat' dir='ltr'><strong>nunquam</strong></span> <span class='ocrx_word' id='word_1_620' title='bbox 2863 4365 3039 4433; x_wconf 88' lang='lat' dir='ltr'><strong>rejicit</strong></span> <span class='ocrx_word' id='word_1_621' title='bbox 3061 4364 3253 4420; x_wconf 89' lang='lat' dir='ltr'><strong>ullum.</strong></span> 
     </span>
    </p>
   </div>
   <div class='ocr_carea' id='block_1_100' title="bbox 1842 4458 3472 4531">
    <p class='ocr_par' dir='ltr' id='par_1_100' title="bbox 1842 4458 3472 4531">
     <span class='ocr_line' id='line_1_100' title="bbox 1842 4458 3472 4531; baseline 0 -19"><span class='ocrx_word' id='word_1_622' title='bbox 1842 4459 1990 4515; x_wconf 85' lang='lat' dir='ltr'><strong>Talia</strong></span> <span class='ocrx_word' id='word_1_623' title='bbox 2021 4459 2153 4515; x_wconf 92' lang='lat' dir='ltr'><strong>dum</strong></span> <span class='ocrx_word' id='word_1_624' title='bbox 2204 4476 2434 4516; x_wconf 89' lang='lat' dir='ltr'><strong>currens</strong></span> <span class='ocrx_word' id='word_1_625' title='bbox 2465 4460 2717 4531; x_wconf 89' lang='lat' dir='ltr'><strong>replicat,</strong></span> <span class='ocrx_word' id='word_1_626' title='bbox 2777 4458 3195 4528; x_wconf 81' lang='lat' dir='ltr'><strong>laerymansque</strong></span> <span class='ocrx_word' id='word_1_627' title='bbox 3237 4474 3472 4529; x_wconf 83' lang='lat' dir='ltr'><strong>rogans-</strong></span> 
     </span>
    </p>
   </div>
   <div class='ocr_carea' id='block_1_101' title="bbox 1762 4550 3401 4637">
    <p class='ocr_par' dir='ltr' id='par_1_101' title="bbox 1762 4550 3401 4637">
     <span class='ocr_line' id='line_1_101' title="bbox 1762 4550 3401 4637; baseline -0.002 -15"><span class='ocrx_word' id='word_1_628' title='bbox 1762 4570 1821 4637; x_wconf 84' lang='lat' dir='ltr'><strong>D</strong></span> <span class='ocrx_word' id='word_1_629' title='bbox 3253 4550 3401 4622; x_wconf 73' lang='lat' dir='ltr'><strong>tque.</strong></span> 
     </span>
    </p>
   </div>
   <div class='ocr_carea' id='block_1_102' title="bbox 1846 4642 3271 4715">
    <p class='ocr_par' dir='ltr' id='par_1_102' title="bbox 1846 4642 3271 4715">
     <span class='ocr_line' id='line_1_102' title="bbox 1846 4642 3271 4715; baseline -0.001 -17"><span class='ocrx_word' id='word_1_630' title='bbox 1846 4645 2131 4698; x_wconf 81' lang='lat' dir='ltr'><strong>Devenere</strong></span> <span class='ocrx_word' id='word_1_631' title='bbox 2159 4644 2343 4699; x_wconf 90' lang='lat' dir='ltr'><strong>locum</strong></span> <span class='ocrx_word' id='word_1_632' title='bbox 2378 4643 2677 4714; x_wconf 91' lang='lat' dir='ltr'><strong>quemdam</strong></span> <span class='ocrx_word' id='word_1_633' title='bbox 2700 4660 2811 4715; x_wconf 91' lang='lat' dir='ltr'><strong>quo</strong></span> <span class='ocrx_word' id='word_1_634' title='bbox 2837 4642 3084 4699; x_wconf 89' lang='lat' dir='ltr'><strong>ﬂuminis</strong></span> <span class='ocrx_word' id='word_1_635' title='bbox 3111 4644 3271 4699; x_wconf 86' lang='lat' dir='ltr'><strong>alvus</strong></span> 
     </span>
    </p>
   </div>
   <div class='ocr_carea' id='block_1_103' title="bbox 1844 4732 3116 4801">
    <p class='ocr_par' dir='ltr' id='par_1_103' title="bbox 1844 4732 3116 4801">
     <span class='ocr_line' id='line_1_103' title="bbox 1844 4732 3116 4801; baseline 0.001 -14"><span class='ocrx_word' id='word_1_636' title='bbox 1844 4732 2156 4799; x_wconf 79' lang='lat' dir='ltr'><strong>Restiterat,</strong></span> <span class='ocrx_word' id='word_1_637' title='bbox 2185 4732 2333 4787; x_wconf 89' lang='lat' dir='ltr'><strong>sicco</strong></span> <span class='ocrx_word' id='word_1_638' title='bbox 2358 4738 2624 4801; x_wconf 90' lang='lat' dir='ltr'><strong>torrente,</strong></span> <span class='ocrx_word' id='word_1_639' title='bbox 2654 4732 2896 4789; x_wconf 88' lang='lat' dir='ltr'><strong>abeunte</strong></span> <span class='ocrx_word' id='word_1_640' title='bbox 2909 4740 3116 4789; x_wconf 89' lang='lat' dir='ltr'><strong>meatu.</strong></span> 
     </span>
    </p>
   </div>
   <div class='ocr_carea' id='block_1_104' title="bbox 1849 4824 3477 4899">
    <p class='ocr_par' dir='ltr' id='par_1_104' title="bbox 1849 4824 3477 4899">
     <span class='ocr_line' id='line_1_104' title="bbox 1849 4824 3477 4899; baseline 0 -21"><span class='ocrx_word' id='word_1_641' title='bbox 1849 4824 2002 4879; x_wconf 86' lang='lat' dir='ltr'><strong>Hunc</strong></span> <span class='ocrx_word' id='word_1_642' title='bbox 2026 4839 2251 4896; x_wconf 89' lang='lat' dir='ltr'><strong>quoque</strong></span> <span class='ocrx_word' id='word_1_643' title='bbox 2302 4825 2744 4899; x_wconf 87' lang='lat' dir='ltr'><strong>transgrediens,</strong></span> <span class='ocrx_word' id='word_1_644' title='bbox 2796 4841 2999 4898; x_wconf 91' lang='lat' dir='ltr'><strong>corpus</strong></span> <span class='ocrx_word' id='word_1_645' title='bbox 3056 4825 3204 4897; x_wconf 90' lang='lat' dir='ltr'><strong>quod</strong></span> <span class='ocrx_word' id='word_1_646' title='bbox 3262 4824 3477 4898; x_wconf 84' lang='lat' dir='ltr'><strong>fugerat</strong></span> 
     </span>
    </p>
   </div>
   <div class='ocr_carea' id='block_1_105' title="bbox 3026 4908 3405 4989">
    <p class='ocr_par' dir='ltr' id='par_1_105' title="bbox 3026 4908 3405 4989">
     <span class='ocr_line' id='line_1_105' title="bbox 3026 4908 3405 4989; baseline 0 -18"><span class='ocrx_word' id='word_1_647' title='bbox 3026 4908 3027 4913; x_wconf 43' lang='grc'><em>“</em></span> <span class='ocrx_word' id='word_1_648' title='bbox 3224 4917 3405 4989; x_wconf 92' lang='lat' dir='ltr'><strong>[isthic</strong></span> 
     </span>
    </p>
   </div>
   <div class='ocr_carea' id='block_1_106' title="bbox 1843 5011 3473 5085">
    <p class='ocr_par' dir='ltr' id='par_1_106' title="bbox 1843 5011 3473 5085">
     <span class='ocr_line' id='line_1_106' title="bbox 1843 5011 3473 5085; baseline 0 -19"><span class='ocrx_word' id='word_1_649' title='bbox 1843 5011 2121 5080; x_wconf 86' lang='lat' dir='ltr'><strong>Substitit,</strong></span> <span class='ocrx_word' id='word_1_650' title='bbox 2160 5012 2391 5084; x_wconf 69' lang='lat' dir='ltr'><strong>haecque</strong></span> <span class='ocrx_word' id='word_1_651' title='bbox 2424 5012 2592 5070; x_wconf 89' lang='lat' dir='ltr'><strong>refert</strong></span> <span class='ocrx_word' id='word_1_652' title='bbox 2642 5012 2984 5085; x_wconf 85' lang='lat' dir='ltr'><strong>lacrymanti,</strong></span> <span class='ocrx_word' id='word_1_653' title='bbox 3017 5022 3073 5069; x_wconf 90' lang='lat' dir='ltr'><strong>et</strong></span> <span class='ocrx_word' id='word_1_654' title='bbox 3119 5013 3291 5067; x_wconf 89' lang='lat' dir='ltr'><strong>multa</strong></span> <span class='ocrx_word' id='word_1_655' title='bbox 3322 5028 3473 5083; x_wconf 70' lang='lat' dir='ltr'><strong>quaa-</strong></span> 
     </span>
    </p>
   </div>
   <div class='ocr_carea' id='block_1_107' title="bbox 3189 5104 3400 5174">
    <p class='ocr_par' dir='ltr' id='par_1_107' title="bbox 3189 5104 3400 5174">
     <span class='ocr_line' id='line_1_107' title="bbox 3189 5104 3400 5174; baseline 0.005 -17"><span class='ocrx_word' id='word_1_656' title='bbox 3189 5104 3350 5174; x_wconf 88' lang='lat' dir='ltr'><strong>[renti</strong></span> <span class='ocrx_word' id='word_1_657' title='bbox 3383 5121 3400 5167; x_wconf 86' lang='lat'><strong><em>;</em></strong></span> 
     </span>
    </p>
   </div>
   <div class='ocr_carea' id='block_1_108' title="bbox 1844 5194 3532 5270">
    <p class='ocr_par' dir='ltr' id='par_1_108' title="bbox 1844 5194 3532 5270">
     <span class='ocr_line' id='line_1_108' title="bbox 1844 5194 3532 5270; baseline 0.001 -22"><span class='ocrx_word' id='word_1_658' title='bbox 1844 5194 2016 5262; x_wconf 90' lang='lat' dir='ltr'><strong>Abba,</strong></span> <span class='ocrx_word' id='word_1_659' title='bbox 2045 5194 2293 5270; x_wconf 85' lang='lat' dir='ltr'><strong>ignosce,</strong></span> <span class='ocrx_word' id='word_1_660' title='bbox 2324 5210 2480 5269; x_wconf 86' lang='lat' dir='ltr'><strong>rogo,</strong></span> <span class='ocrx_word' id='word_1_661' title='bbox 2538 5195 2774 5262; x_wconf 88' lang='lat' dir='ltr'><strong>Zozima,</strong></span> <span class='ocrx_word' id='word_1_662' title='bbox 2836 5196 2968 5268; x_wconf 89' lang='lat' dir='ltr'><strong>quia</strong></span> <span class='ocrx_word' id='word_1_663' title='bbox 2997 5195 3239 5265; x_wconf 82' lang='lat' dir='ltr'><strong>pandere</strong></span> <span class='ocrx_word' id='word_1_664' title='bbox 3270 5203 3476 5250; x_wconf 89' lang='lat' dir='ltr'><strong>memet</strong></span> <span class='ocrx_word' id='word_1_665' title='bbox 3522 5226 3532 5235; x_wconf 88' lang='lat'><strong>-</strong></span> 
     </span>
    </p>
   </div>
   <div class='ocr_carea' id='block_1_109' title="bbox 1845 5282 3330 5354">
    <p class='ocr_par' dir='ltr' id='par_1_109' title="bbox 1845 5282 3330 5354">
     <span class='ocr_line' id='line_1_109' title="bbox 1845 5282 3330 5354; baseline 0.001 -18"><span class='ocrx_word' id='word_1_666' title='bbox 1845 5282 1960 5337; x_wconf 87' lang='lat' dir='ltr'><strong>Non</strong></span> <span class='ocrx_word' id='word_1_667' title='bbox 1994 5298 2217 5353; x_wconf 90' lang='lat' dir='ltr'><strong>possum</strong></span> <span class='ocrx_word' id='word_1_668' title='bbox 2257 5298 2522 5339; x_wconf 82' lang='lat' dir='ltr'><strong>conversa</strong></span> <span class='ocrx_word' id='word_1_669' title='bbox 2550 5284 2673 5349; x_wconf 89' lang='lat' dir='ltr'><strong>tibi,</strong></span> <span class='ocrx_word' id='word_1_670' title='bbox 2707 5299 2829 5338; x_wconf 91' lang='lat' dir='ltr'><strong>sum</strong></span> <span class='ocrx_word' id='word_1_671' title='bbox 2862 5282 3088 5350; x_wconf 90' lang='lat' dir='ltr'><strong>femina,</strong></span> <span class='ocrx_word' id='word_1_672' title='bbox 3119 5292 3175 5339; x_wconf 92' lang='lat' dir='ltr'><strong>et</strong></span> <span class='ocrx_word' id='word_1_673' title='bbox 3201 5284 3330 5354; x_wconf 90' lang='lat' dir='ltr'><strong>ipsa</strong></span> 
     </span>
    </p>
   </div>
   <div class='ocr_carea' id='block_1_110' title="bbox 1848 5373 3328 5450">
    <p class='ocr_par' dir='ltr' id='par_1_110' title="bbox 1848 5373 3328 5450">
     <span class='ocr_line' id='line_1_110' title="bbox 1848 5373 3328 5450; baseline 0.002 -23"><span class='ocrx_word' id='word_1_674' title='bbox 1848 5373 2140 5445; x_wconf 83' lang='lat' dir='ltr'><strong>Corporeo,</strong></span> <span class='ocrx_word' id='word_1_675' title='bbox 2170 5374 2320 5429; x_wconf 88' lang='lat' dir='ltr'><strong>velut</strong></span> <span class='ocrx_word' id='word_1_676' title='bbox 2340 5390 2471 5430; x_wconf 88' lang='lat' dir='ltr'><strong>ecce</strong></span> <span class='ocrx_word' id='word_1_677' title='bbox 2508 5374 2686 5441; x_wconf 90' lang='lat' dir='ltr'><strong>vides,</strong></span> <span class='ocrx_word' id='word_1_678' title='bbox 2716 5390 2815 5445; x_wconf 89' lang='lat' dir='ltr'><strong>pro</strong></span> <span class='ocrx_word' id='word_1_679' title='bbox 2846 5375 3116 5450; x_wconf 87' lang='lat' dir='ltr'><strong>tegmine,</strong></span> <span class='ocrx_word' id='word_1_680' title='bbox 3157 5376 3328 5431; x_wconf 91' lang='lat' dir='ltr'><strong>nuda.</strong></span> 
     </span>
    </p>
   </div>
   <div class='ocr_carea' id='block_1_111' title="bbox 1847 5462 3028 5532">
    <p class='ocr_par' dir='ltr' id='par_1_111' title="bbox 1847 5462 3028 5532">
     <span class='ocr_line' id='line_1_111' title="bbox 1847 5462 3028 5532; baseline 0.002 -16"><span class='ocrx_word' id='word_1_681' title='bbox 1847 5462 1957 5517; x_wconf 89' lang='lat' dir='ltr'><strong>Sed</strong></span> <span class='ocrx_word' id='word_1_682' title='bbox 1980 5462 2158 5530; x_wconf 88' lang='lat' dir='ltr'><strong>jacias</strong></span> <span class='ocrx_word' id='word_1_683' title='bbox 2186 5468 2424 5530; x_wconf 88' lang='lat' dir='ltr'><strong>vestem,</strong></span> <span class='ocrx_word' id='word_1_684' title='bbox 2463 5463 2506 5517; x_wconf 92' lang='lat' dir='ltr'><strong>si</strong></span> <span class='ocrx_word' id='word_1_685' title='bbox 2542 5462 2624 5518; x_wconf 92' lang='lat' dir='ltr'><strong>vis</strong></span> <span class='ocrx_word' id='word_1_686' title='bbox 2644 5463 2820 5519; x_wconf 88' lang='lat' dir='ltr'><strong>oratio</strong></span> <span class='ocrx_word' id='word_1_687' title='bbox 2847 5463 3028 5532; x_wconf 91' lang='lat' dir='ltr'><strong>detur,</strong></span> 
     </span>
    </p>
   </div>
   <div class='ocr_carea' id='block_1_112' title="bbox 1820 5550 3206 5623">
    <p class='ocr_par' dir='ltr' id='par_1_112' title="bbox 1820 5550 3206 5623">
     <span class='ocr_line' id='line_1_112' title="bbox 1820 5550 3206 5623; baseline 0.002 -18"><span class='ocrx_word' id='word_1_688' title='bbox 1820 5550 1983 5617; x_wconf 35' lang='lat' dir='ltr'><strong>.lluic</strong></span> <span class='ocrx_word' id='word_1_689' title='bbox 2013 5550 2327 5622; x_wconf 88' lang='lat' dir='ltr'><strong>peceatrici,</strong></span> <span class='ocrx_word' id='word_1_690' title='bbox 2362 5566 2472 5623; x_wconf 91' lang='lat' dir='ltr'><strong>qua</strong></span> <span class='ocrx_word' id='word_1_691' title='bbox 2494 5552 2610 5621; x_wconf 90' lang='lat' dir='ltr'><strong>jam</strong></span> <span class='ocrx_word' id='word_1_692' title='bbox 2642 5551 2980 5608; x_wconf 87' lang='lat' dir='ltr'><strong>circumdata</strong></span> <span class='ocrx_word' id='word_1_693' title='bbox 3009 5560 3206 5609; x_wconf 85' lang='lat' dir='ltr'><strong>vertat.</strong></span> 
     </span>
    </p>
   </div>
   <div class='ocr_carea' id='block_1_113' title="bbox 1844 5642 3183 5716">
    <p class='ocr_par' dir='ltr' id='par_1_113' title="bbox 1844 5642 3183 5716">
     <span class='ocr_line' id='line_1_113' title="bbox 1844 5642 3183 5716; baseline 0.002 -19"><span class='ocrx_word' id='word_1_694' title='bbox 1844 5642 2046 5698; x_wconf 90' lang='lat' dir='ltr'><strong>Audito</strong></span> <span class='ocrx_word' id='word_1_695' title='bbox 2066 5642 2315 5698; x_wconf 87' lang='lat' dir='ltr'><strong>Zozimas</strong></span> <span class='ocrx_word' id='word_1_696' title='bbox 2347 5642 2573 5714; x_wconf 86' lang='lat' dir='ltr'><strong>prOprio</strong></span> <span class='ocrx_word' id='word_1_697' title='bbox 2605 5645 2959 5716; x_wconf 83' lang='lat' dir='ltr'><strong>cognomine,</strong></span> <span class='ocrx_word' id='word_1_698' title='bbox 2996 5652 3183 5701; x_wconf 89' lang='lat' dir='ltr'><strong>mente</strong></span> 
     </span>
    </p>
   </div>
   <div class='ocr_carea' id='block_1_114' title="bbox 1847 5736 3321 5808">
    <p class='ocr_par' dir='ltr' id='par_1_114' title="bbox 1847 5736 3321 5808">
     <span class='ocr_line' id='line_1_114' title="bbox 1847 5736 3321 5808; baseline 0.001 -17"><span class='ocrx_word' id='word_1_699' title='bbox 1847 5736 2189 5802; x_wconf 83' lang='lat' dir='ltr'><strong>Concutitur,</strong></span> <span class='ocrx_word' id='word_1_700' title='bbox 2232 5736 2517 5808; x_wconf 88' lang='lat' dir='ltr'><strong>nimioque</strong></span> <span class='ocrx_word' id='word_1_701' title='bbox 2539 5743 2690 5792; x_wconf 88' lang='lat' dir='ltr'><strong>metu</strong></span> <span class='ocrx_word' id='word_1_702' title='bbox 2721 5738 3040 5808; x_wconf 85' lang='lat' dir='ltr'><strong>pervaditur</strong></span> <span class='ocrx_word' id='word_1_703' title='bbox 3065 5740 3321 5802; x_wconf 63' lang='lat' dir='ltr'><strong>haerens;</strong></span> 
     </span>
    </p>
   </div>
  </div>
