3874 6420
399 386 507 441 543
1162 384 1530 440 FLODOARDI
1570 384 1879 441 CANONICI
1920 384 2250 441 REMENSIS
2289 385 2625 444 OPUSCULA
2663 386 2977 444 METRICA.
3665 392 3771 448 5H

399 525 816 595 Advertensque
844 522 922 577 illi
953 536 1156 593 supero
1183 537 1246 576 se
1272 521 1528 593 dogmate
1556 528 1772 589 notum,

401 614 690 670 Palliolum
710 613 934 668 tandem
961 612 1117 681 jacit,
1142 626 1312 681 osque
1346 610 1402 664 in
1434 618 1587 686 terga
1603 610 1856 666 reﬂectit.

398 707 496 762 Illa
521 707 673 779 quod
700 706 997 778 accipiens,
1025 707 1206 762 carnis
1235 706 1561 778 pudibunda
1581 713 1821 772 coercet,

396 802 659 869 Vertitur,
692 802 949 873 implorat
977 809 1160 857 tantus
1189 802 1324 874 quid
1349 800 1565 857 venerit
1593 800 1734 856 ahba

396 892 896 947 Sternunturtcrrae
925 890 1149 961 pariter,
1173 890 1497 946 benedicicr
1526 896 1688 946 orant
1714 907 1727 945 :

398 982 492 1037 tIla
509 982 810 1037 sacerdotis
835 982 1063 1038 Zozimae
1094 982 1389 1054 praetendit
1416 983 1709 1049 honorem,

394 1076 668 1131 Donorum
697 1074 790 1129 ille
812 1075 907 1131 Dei
940 1075 1100 1130 matri
1132 1076 1396 1131 sublimia
1428 1075 1658 1146 prefert.

395 1170 522 1234 Quae
554 1168 829 1240 prmcibus
858 1168 1048 1223 multis
1078 1155 1301 1223 tandem
1315 1168 1398 1223 sic
1426 1169 1569 1223 victa
1597 1165 1858 1238 praefatur
1891 1183 1905 1221 :

394 1259 477 1313 Sis
506 1258 798 1313 benedicte
829 1259 975 1313 Deus
998 1257 1261 1313 columen
1295 1272 1494 1312 curans
1524 1256 1851 1310 animarum.

390 1350 684 1403 Surrexere
716 1347 905 1420 igitur,
940 1347 1253 1423 rogitatque
1280 1346 1525 1419 benigna
1556 1345 1797 1401 viantem

393 1439 457 1494 Ut
485 1446 661 1494 status
682 1438 968 1493 Ecclesize.
1001 1454 1158 1493 sacer
1174 1446 1232 1494 ut
1258 1438 1574 1509 disponitur
1592 1438 1750 1494 ordo.

389 1533 485 1589 Ille
508 1533 675 1589 refert
703 1536 824 1599 ejus
864 1532 1029 1587 tribui
1054 1532 1337 1587 fulcimine
1367 1548 1581 1603 pacem,

390 1621 451 1676 Et
469 1622 602 1693 petit
626 1622 826 1677 obnixe
856 1637 953 1693 pro
981 1630 1179 1677 cuncto
1203 1621 1414 1696 ﬂagitet
1442 1622 1577 1677 orbe
1601 1639 1615 1687 ;

390 1713 501 1768 Nec
518 1715 672 1785 prius
698 1714 912 1769 absistit
940 1722 1118 1769 mater
1147 1729 1310 1786 quam
1337 1720 1461 1769 vota
1491 1713 1795 1785 profundit,

391 1805 519 1869 Quae
543 1804 705 1860 labiis
721 1805 905 1873 motis,
924 1805 1092 1860 tacita
1111 1805 1212 1859 sed
1241 1820 1376 1861 voce
1414 1805 1651 1877 precari,

392 1898 712 1971 Erectisquc
737 1899 913 1954 oculis
942 1898 1311 1970 manibusque
1342 1900 1410 1954 ad
1443 1900 1684 1954 culmina
1717 1898 1865 1962 coeli,

388 1994 525 2047 Dum
556 1994 743 2064 coapit,
772 2000 884 2049 tota
914 1994 1134 2064 penitus
1164 1993 1365 2049 tellure
1396 1995 1626 2061 levatur,

391 2084 451 2137 Et
481 2082 655 2137 cubiti
686 2083 864 2153 spatio
883 2091 1026 2137 terra
1050 2082 1267 2138 sublata
1283 2083 1518 2139 videtur.

387 2176 618 2247 Jamque
640 2184 846 2229 tremor
878 2176 1143 2230 membris
1169 2176 1420 2242 Zozimae,
1448 2173 1706 2232 titubatio
1734 2173 1904 2229 menti

390 2266 662 2338 Gignitur,
688 2272 855 2337 atque
884 2264 1039 2320 timet
1069 2281 1208 2321 vano
1251 2282 1322 2322 ne
1344 2265 1566 2321 ﬂamine
1595 2264 1781 2320 forsan

390 2355 650 2423 Ludatur,
684 2370 1001 2427 pronusque
1020 2356 1337 2424 jacet,dum
1365 2357 1587 2412 conscia
1611 2355 1772 2412 vertit

387 2447 456 2502 Sc
488 2447 709 2515 mulier,
743 2451 1186 2521 monacliumque
1207 2450 1349 2505 levat
1389 2450 1657 2523 pellitque
1716 2449 1965 2504 timorem
1995 2464 2009 2516 ;

386 2540 577 2609 Arguit
606 2556 848 2595 errorem
877 2560 892 2607 ;
925 2542 1224 2595 humanam
1253 2542 1452 2612 probat
1481 2559 1578 2598 ore
1592 2541 1832 2597 favillam
1860 2557 1875 2608 ;

390 2629 624 2699 Insuper
662 2630 964 2684 ostendens
995 2636 1185 2684 sancto
1215 2629 1542 2701 baptismate
1574 2631 1765 2697 lotam,

392 2716 590 2771 Fronte
611 2717 793 2772 crucis
823 2717 987 2771 labiis
1002 2724 1056 2772 et
1082 2725 1303 2788 pectore
1342 2718 1595 2792 stigmata
1618 2717 1756 2793 ﬁgit,

393 2810 465 2863 Ac
502 2809 818 2877 Dominum,
842 2809 1019 2864 hostis
1035 2809 1102 2864 ab
1131 2809 1349 2865 insidiis
1378 2827 1438 2865 se
1461 2810 1660 2866 liberet
1688 2817 1826 2866 orat.

393 2901 489 2954 Ille
521 2900 719 2955 iterum
741 2916 799 2955 se
831 2910 1192 2972 prosternens
1222 2902 1571 2973 amplectitur
1591 2902 1754 2970 hujus

390 2992 523 3048 Cum
557 2993 822 3066 plangore
851 2994 1038 3064 pedes,
1100 2995 1463 3066 lacrymarum
1490 2994 1718 3050 ﬂumina
1749 2994 2011 3064 fundens,

390 3084 566 3157 Atque
588 3092 803 3156 petens,
828 3102 1147 3158 superoque
1181 3087 1276 3141 Dei
1300 3087 1403 3141 sub
1436 3088 1663 3142 numine
1686 3087 1901 3156 jurans,

389 3180 493 3234 Per
523 3180 795 3235 Christum
826 3181 1114 3237 Dominum
1137 3182 1423 3257 dignatum
1454 3181 1679 3256 Virgine
1710 3182 1884 3251 nasci,

390 3270 466 3324 Nc
496 3271 639 3326 celet
663 3287 785 3343 quze
807 3270 898 3337 sit,
926 3271 1175 3359 guando,
1202 3288 1301 3327 cur
1338 3272 1572 3343 venerit,
1606 3273 1777 3338 unde,

395 3365 453 3420 Et
484 3372 592 3420 tam
623 3373 775 3421 vasta
796 3366 967 3421 eremi
990 3367 1317 3441 peragrandi
1357 3368 1577 3423 occasio
1609 3368 1787 3441 qualis
1808 3368 1836 3422 ?

393 3454 456 3508 At
486 3461 692 3509 testans
727 3461 782 3509 et
806 3455 877 3510 ob
904 3455 1216 3522 id,missum
1249 3472 1312 3512 se
1339 3456 1566 3511 credere
1594 3457 1663 3511 ad
1687 3456 1881 3530 ipsam,

398 3543 462 3598 Ut
487 3542 777 3599 manifesta
799 3544 895 3598 Dei
926 3542 1124 3600 ﬂerent
1163 3562 1287 3616 qum
1318 3554 1565 3620 gesserat
1593 3553 1737 3615 acta,

397 3635 560 3704 Cujus
574 3636 806 3705 judiciis
830 3636 1105 3692 obsistere
1135 3644 1305 3692 staret
1328 3636 1578 3708 iniquum
1614 3654 1629 3704 ;

393 3728 487 3783 Cui
517 3728 621 3784 nisi
642 3729 1033 3800 complacitum
1068 3729 1210 3786 foret
1246 3730 1368 3801 ejus
1398 3744 1653 3801 promere
1682 3730 1848 3785 vitam

392 3821 509 3877 Non
540 3822 690 3877 illam
718 3822 940 3878 sibimet
966 3823 1253 3878 visendam
1280 3823 1418 3879 forte
1448 3823 1685 3889 tulisset,

391 3911 500 3967 Nec
521 3912 802 3968 tribuisset
824 3912 875 3968 ei
909 3920 1119 3968 tantum
1140 3914 1375 3969 tolerare
1407 3913 1654 3968 laborem

391 4006 452 4060 Et
483 4014 686 4065 tantam
719 4024 1046 4079 properasse
1076 4009 1240 4073 viam,
1275 4010 1366 4080 qui
1398 4008 1601 4064 debilis
1632 4016 1799 4081 atque

391 4096 660 4171 Longaevo
698 4099 904 4155 fractus
929 4101 1107 4167 senio,
1135 4116 1237 4157 ceu
1262 4111 1535 4168 cerneret,
1560 4108 1722 4168 astet,

394 4186 485 4241 His
514 4188 748 4261 aliisque
774 4189 974 4245 inﬂexa
1001 4190 1104 4261 piis
1142 4191 1517 4257 sermonibus,
1539 4191 1691 4246 illum

390 4277 428 4330 E
460 4278 653 4333 tellure
675 4279 820 4335 levat
849 4280 1067 4347 mulier,
1109 4282 1190 4337 sic
1222 4282 1387 4337 farier
1415 4298 1540 4338 orsa
1568 4298 1581 4336 :

384 4367 556 4435 Abba,
587 4369 832 4444 ignosce,
865 4369 1037 4441 pudet
1064 4372 1320 4428 vitiorum
1352 4381 1532 4428 texere
1562 4382 1736 4447 gesta,

384 4462 561 4532 Atque
578 4479 809 4534 operum
835 4465 1028 4521 sordes
1058 4466 1155 4521 tibi
1183 4466 1534 4523 dinumerare
1562 4483 1837 4524 meorum.

384 4554 493 4608 Sed
523 4556 652 4626 quia
683 4556 867 4613 vidisti
899 4572 1100 4614 memet
1130 4559 1251 4615 sine
1279 4562 1523 4635 tegmine
1552 4561 1778 4629 nudam,

384 4641 589 4714 Turpia
626 4662 747 4717 qum
783 4649 928 4721 gessi
962 4664 1189 4722 quoque
1218 4650 1517 4707 denudabo
1548 4652 1763 4722 piacla;

388 4730 642 4788 Luxuriae
673 4733 870 4790 fuerim
891 4738 1097 4808 poteris
1126 4754 1457 4809 pesnoscere
1488 4747 1726 4810 quantae,

391 4826 560 4891 Quam
590 4828 776 4900 magni
806 4830 1034 4884 sceleris
1061 4831 1323 4901 squalens
1344 4837 1398 4886 et
1423 4831 1646 4887 sordida
1677 4847 1832 4886 naevo

389 4916 505 4971 Non
533 4918 813 4987 equidem,
847 4918 967 4990 ipse
996 4919 1148 4974 velut
1178 4919 1485 4987 reris,mihi
1507 4920 1686 4994 gloria
1716 4928 1902 4976 mente

391 5006 562 5071 Quam
586 5006 684 5061 tibi
708 5007 980 5080 dedigner
1017 5008 1157 5063 fastu
1191 5024 1497 5064 memorare
1529 5011 1798 5066 nitescat:

392 5100 589 5162 Quaeve
609 5098 868 5154 mihitam
916 5099 1139 5169 pollutae
1163 5099 1389 5168 jactatio
1422 5108 1607 5166 restet,

394 5190 524 5254 Quae
553 5190 769 5247 delecta
795 5191 874 5247 fui
902 5191 1100 5248 zabulo
1139 5209 1235 5248 vas
1273 5193 1605 5264 perditionis
1626 5193 1655 5248 ?

394 5282 457 5334 At
489 5294 685 5335 vereor
706 5298 776 5336 ne
805 5282 947 5340 forte
974 5286 1069 5340 tibi
1101 5300 1228 5341 cum
1254 5301 1478 5357 ompero
1510 5286 1710 5357 probra

391 5370 610 5444 Flagitii
634 5373 842 5428 nudare
871 5379 1000 5446 mei,
1016 5379 1195 5454 fugias
1224 5381 1375 5434 velut
1402 5394 1663 5453 anguem,

341 5487 345 5491 ι
384 5461 530 5516 Aure
560 5475 668 5514 nec
697 5461 989 5523 admittens
1027 5487 1151 5541 quse
1188 5486 1423 5543 corpore
1458 5472 1693 5543 turpiter
1722 5472 1834 5544 egi,

385 5560 495 5615 Sed
524 5554 764 5611 narrabo
797 5563 996 5624 tamen,
1022 5564 1292 5619 scelerum
1326 5582 1429 5621 nec
1448 5566 1588 5622 facta
1613 5552 1813 5622 silebo.

386 5647 540 5705 Unde
569 5641 743 5726 prius,
762 5647 988 5712 supplex
1015 5652 1141 5706 imis
1171 5655 1459 5726 expostulo
1489 5657 1632 5711 votis

385 5739 448 5796 Ut
478 5754 548 5794 ne
573 5725 813 5815 deficias
838 5737 1052 5793 veniam
1075 5742 1209 5798 mihi
1242 5725 1471 5815 poscere
1487 5747 1707 5802 tandem

374 5825 580 5886 Iudicii
616 5813 894 5890 prodesse
926 5825 1018 5884 die
1035 5813 1386 5891 miseremine
1410 5835 1623 5891 Christi.

2056 527 2105 593 Α
2131 523 2248 577 Stat
2285 523 2816 595 madiduslacrymis
2845 524 3032 579 senior
3062 525 3266 596 pietate
3296 526 3569 598 profusis,

2132 612 2227 669 llla
2250 629 2363 669 suae
2393 613 2592 668 seriem
2622 612 2746 669 vitm
2771 612 2851 669 sic
2883 613 3104 670 inchoat
3134 629 3231 670 ore
3264 632 3278 670 :

2117 767 2121 771 .
2194 724 2486 799 Egyptum
2516 723 2691 779 fateor
2716 723 2953 795 patriam
2994 724 3339 796 Phariosque
3372 732 3681 797 parentes,

2122 818 2362 885 Quorum
2386 817 2703 889 despiciens
2731 815 2986 873 aﬂ‘ectum
3014 817 3127 887 jam
3155 818 3499 886 duodennis,

2122 908 2283 964 Urbis
2307 907 2597 962 Alexandri
2629 921 2934 979 properans
2965 906 3020 961 in
3050 907 3257 962 mceuia
3284 909 3413 963 veni
3438 925 3452 974 ;

2118 1000 2184 1053 At
2215 998 2387 1069 pudet
2406 997 2699 1069 expediam
2729 997 2942 1064 sordes,
2973 1004 3315 1069 tractemque
3347 1005 3573 1053 reatum

2117 1089 2233 1155 Quo
2259 1105 2347 1145 me
2374 1088 2666 1163 virginitas
2684 1096 2876 1159 stupro
2896 1087 3181 1159 petulante
3203 1080 3432 1161 reliquit

2119 1180 2183 1235 Ut
2204 1180 2437 1236 sordens
2460 1179 2610 1248 jacui
2641 1177 2917 1233 substrata
2948 1177 3203 1232 libidinis
3231 1178 3419 1233 armis.

2118 1270 2248 1338 Ejus
2269 1260 2509 1341 namque
2538 1269 2673 1323 mihi
2705 1268 2983 1341 quondam
3013 1267 3349 1322 insatiabilis
3370 1267 3569 1336 ardor,

2118 1359 2321 1430 Hisque
2348 1360 2541 1415 decem
2565 1364 2619 1413 et
2646 1364 2860 1430 septem
2893 1357 3043 1424 duxi,
3072 1357 3158 1412 vel
3186 1373 3251 1412 eo
3275 1357 3542 1428 amplius,
3581 1372 3773 1412 annos

2118 1448 2480 1503 Debacchans
2510 1446 2689 1515 furiis;
2724 1457 2779 1504 et
2808 1447 3032 1519 publica
3054 1446 3197 1503 facta
3214 1448 3457 1519 p0pello.

2116 1542 2226 1597 Nec
2255 1558 2379 1614 quae
2407 1542 2710 1609 nonnullis,
2749 1541 2992 1596 tulerant
3022 1539 3158 1594 mihi
3192 1540 3338 1595 dona
3370 1539 3686 1610 pudorem.

2115 1632 2247 1686 Nam
2275 1632 2456 1702 pretio
2485 1648 2594 1688 non
2625 1632 2949 1704 quaerebam
2984 1631 3247 1686 damnare
3269 1630 3544 1702 petulcos,

2115 1719 2180 1775 Ut
2217 1720 2482 1792 laqueans
2510 1721 2679 1794 gratis
2695 1737 2914 1793 possem
2936 1720 3071 1774 mihi
3100 1719 3333 1790 prodere
3364 1719 3585 1790 plures.

2114 1812 2174 1866 Id
2205 1828 2384 1884 neque
2408 1812 2765 1884 praecipiebat
2793 1827 2961 1883 Opum
2992 1827 3081 1866 me
3113 1810 3275 1882 copia
3302 1809 3482 1874 ferre;

2113 1901 2430 1957 Mendicans
2460 1903 2689 1969 etenim,
2724 1909 2953 1973 stuppas
2991 1900 3077 1955 vel
3108 1898 3200 1955 fila
3229 1899 3500 1954 trahendo

2114 1947 2430 1957 -.----...ν,...-
2462 1947 2689 1969 ν.ν....-.,
2724 1947 2952 1973 υηηκη
3003 1947 3077 1955 .--
3108 1947 3200 1955 ---_
3231 1947 3496 1954 --κα-η

2036 1947 2087 2015 Β
2116 1991 2399 2059 Vivebam,
2426 2007 2816 2063 summumque
2839 1991 3045 2046 bonum
3076 1989 3401 2044 illecebrosa
3453 1988 3759 2060 putabam.

2116 2081 2256 2155 Ergo
2289 2082 2454 2137 modo
2489 2081 2583 2136 tali
2613 2081 2780 2137 vitam
2805 2080 3117 2135 maculante
3148 2077 3435 2151 probrosis

2114 2176 2361 2243 Actibus,
2395 2175 2671 2247 aspiciens
2723 2174 3015 2246 quosdam,
3046 2172 3206 2244 quasi
3254 2178 3505 2242 tempore
3527 2170 3763 2233 messis,

2114 2268 2330 2343 Egypti
2362 2269 2656 2340 Libyaeque
2678 2267 2828 2323 viros
2855 2264 3024 2321 maris
3044 2265 3152 2320 alta
3176 2272 3449 2337 petentes,

2115 2362 2291 2416 Audio
2320 2362 2610 2417 adoratum
2644 2359 2825 2416 crucis
2854 2359 2957 2415 hos
2987 2373 3284 2429 pr0perare
3315 2364 3529 2428 tropaea

2115 2453 2281 2521 Cujus
2312 2459 2469 2507 erant
2496 2451 2888 2523 Hicrosolymae
2921 2465 3045 2505 mox
3078 2449 3215 2503 festa
3242 2447 3496 2504 colenda.

2113 2544 2451 2616 Abjectoque
2478 2543 2600 2599 colo
2632 2542 2890 2598 manibus
2911 2540 3166 2613 fusoque,
3198 2540 3414 2598 cucurri
3448 2557 3463 2607 ;

2110 2634 2257 2700 Quos
2293 2633 2457 2689 video
2481 2632 2697 2688 validos
2726 2630 3056 2704 placitisque
3082 2630 3218 2684 mihi
3243 2629 3437 2684 usibus
3465 2637 3641 2702 aptos

2111 2727 2449 2803 Aggredicns
2461 2727 2718 2796 juvenes,
2760 2726 2816 2780 in
2836 2726 3016 2781 littore
3035 2723 3178 2781 forte
3198 2732 3474 2790 natantes,

2112 2820 2285 2889 Inque
2313 2817 2627 2873 verecundo
2658 2816 2896 2871 mediam
2930 2829 3016 2869 me
3046 2814 3327 2869 schemate
3360 2813 3596 2882 dedens,

2113 2907 2382 2978 Accipite,
2412 2906 2521 2974 aio,
2545 2906 2648 2962 Viri
2679 2905 2967 2962 vobiscum
2994 2912 3198 2959 memet
3230 2902 3482 2969 amicam,

2115 2999 2248 3054 Nam
2288 2998 2483 3053 faciam
2518 2997 2725 3070 possim
2752 3013 2862 3069 quo
2890 3012 3001 3053 non
3019 2997 3235 3070 ingrata
3253 2992 3451 3051 videri.

2118 3094 2208 3148 His
2228 3092 2461 3164 aliisque
2489 3092 2569 3146 illi
2598 3092 2785 3149 verbis
2802 3091 2985 3147 ridere
3009 3090 3178 3160 jocati
3215 3107 3228 3143 :

2042 3222 2090 3290 Ο
2119 3185 2378 3241 Navicula
2409 3202 2497 3241 me
2523 3184 2853 3256 suscipiunt,
2885 3200 2994 3256 qua
3014 3182 3301 3238 scanditur
3328 3181 3497 3235 altum

2116 3279 2342 3352 Navigio
2374 3286 2575 3350 empto,
2617 3293 2740 3350 qum
2762 3276 2873 3332 sint
2893 3277 3006 3346 jam
3048 3276 3282 3346 turpiter
3311 3280 3431 3329 acta

2115 3370 2402 3436 Quomodo
2431 3371 2516 3424 vel
2550 3368 2867 3424 meminisse
2889 3380 3088 3440 queam
3118 3366 3148 3420 ?
3175 3367 3309 3421 Nam
3337 3365 3524 3420 dicere
3551 3364 3752 3439 lingua

2117 3461 2246 3525 Quae
2274 3459 2473 3526 valeat,
2508 3460 2732 3530 eaptare
2763 3473 2961 3513 sonum
2996 3471 3118 3528 quae
3147 3454 3386 3526 perferat
3414 3454 3567 3508 auris

2117 3550 2403 3605 Gestorum
2436 3558 2545 3603 tam
2580 3548 2886 3620 nigrorum,
2920 3545 3125 3617 quibus
3155 3544 3276 3615 ipsa
3308 3543 3570 3615 magistra

2119 3638 2464 3704 Exstiteram,
2489 3653 2613 3709 quae
2641 3636 2976 3708 navigioque
2998 3635 3199 3705 viaque
3229 3632 3458 3705 pati-avi,

2116 3728 2377 3784 Nolentes
2409 3741 2616 3799 cogens
2636 3725 3004 3797 stimulosque
3042 3722 3362 3780 volentibus
3391 3719 3644 3775 addens!

2116 3825 2286 3892 Abba,
2320 3824 2549 3897 ignosce
2570 3829 2803 3893 stupens
2834 3821 2966 3893 quia
2994 3810 3081 3875 me
3109 3835 3220 3876 non
3237 3818 3685 3887 sorbuitzequor,

2118 3917 2352 3987 Ipsaque
2383 3915 2556 3970 miror
2585 3915 2748 3969 hians
2778 3913 2936 3985 quod
2978 3928 3066 3968 me
3094 3926 3203 3968 non
3238 3918 3381 3966 terra
3408 3910 3644 3978 vorarit,

2117 4008 2176 4063 In
2213 4008 2477 4079 laqueum
2498 4006 2693 4062 mortis
2724 4013 2911 4061 tantus
2939 4020 3061 4077 qum
3079 4004 3319 4076 pessima
3343 4003 3474 4072 jeci.

2113 4101 2220 4157 Sed
2252 4107 2386 4173 puto
2418 4144 2432 4168 ,
2466 4099 2561 4172 qui
2595 4099 2807 4154 nullum
2830 4097 3485 4167 Dominusvultpcrdere.
3514 4102 3753 4151 cunctos

2112 4192 2242 4247 Esse
2271 4190 2467 4247 volens
2498 4190 2699 4257 salvos,
2731 4189 2881 4262 quod
2909 4204 2996 4243 me
3009 4195 3459 4260 quoquevertere
3476 4202 3744 4257 quaerens

2110 4282 2220 4337 Nec
2243 4282 2507 4336 damnare
2533 4294 2758 4352 parans,
2778 4278 3009 4350 patienti
3040 4287 3227 4333 mente
3256 4275 3491 4332 ferebat.

2108 4373 2442 4430 Perveniens
2463 4372 2684 4427 tandem
2711 4370 3010 4442 Solymam,
3046 4368 3252 4442 quibus
3274 4374 3400 4423 ante
3428 4366 3635 4424 diebus

2107 4466 2321 4521 Festum
2354 4464 2432 4518 ibi
2455 4463 2715 4531 sustinui,
2746 4462 3089 4535 nequissima
3111 4476 3348 4533 quaeque
3376 4460 3591 4535 peregi.

2019 4593 2076 4662 Β
2106 4558 2215 4614 Nec
2238 4557 2372 4612 satis
2392 4572 2513 4613 esse
2540 4556 2627 4611 via
2644 4556 2877 4624 juvenes
2905 4553 3040 4608 mihi
3071 4554 3277 4624 deputo
3304 4553 3551 4622 junctos.

2080 4670 2083 4671 ν
2116 4649 2396 4718 Adjiciens
2428 4649 2689 4720 civesque
2718 4646 2824 4703 loci
2856 4655 3021 4718 atque
3053 4646 3275 4701 aliunde
3307 4651 3553 4701 coactos.

2116 4738 2277 4792 Venit
2297 4737 2392 4792 ubi
2416 4751 2548 4809 ergo
2575 4736 2695 4791 dies
2721 4735 2893 4791 sancti
2927 4733 3186 4789 exaltatio
3225 4733 3360 4808 ligni
3646 4720 3657 4731 ’

2114 4832 2229 4898 Qua
2259 4832 2475 4899 colitur,
2500 4831 2699 4886 ludens
2731 4830 2998 4899 juvenum
3031 4829 3284 4900 praecedo
3315 4829 3613 4897 tumultus,

2113 4921 2353 4977 Luxibus
2392 4920 2630 4975 illiciens
2659 4919 2891 4980 animas,
2925 4918 3200 4988 venioqne
3231 4917 3376 4971 beati

2109 5013 2246 5065 Ante
2276 5009 2424 5065 fores
2453 5007 2667 5078 templi,
2699 5014 2918 5061 tentans
2949 5006 3153 5061 intrare
3185 5011 3413 5060 sacratas

2106 5099 2269 5154 Tecta
2293 5098 2511 5163 domus,
2542 5103 2665 5151 acta
2682 5096 2919 5151 aetherea
2947 5096 3150 5150 virtute
3178 5093 3435 5165 repellor.

2111 5191 2343 5247 Misccor
2366 5190 2494 5244 hinc
2526 5189 2724 5244 iterum
2754 5187 2969 5255 turmis,
2994 5188 3305 5257 iterumque
3331 5185 3595 5257 repellor.

2113 5284 2326 5354 Terque
2357 5288 2664 5353 quaterque
2704 5280 2826 5335 aliis
2858 5281 3040 5335 nitens
3071 5278 3498 5350 penetrantibus
3524 5286 3668 5344 asto,

2113 5378 2240 5434 Sola
2278 5376 2410 5431 foris
2438 5391 2565 5430 nam
2590 5376 2644 5429 vi
2673 5375 2859 5447 superi
2898 5374 3237 5446 prohibebar
3267 5372 3519 5428 honoris.

2115 5469 2323 5540 Yixque
2353 5467 2653 5538 aliquando
2669 5467 2909 5538 probans
2927 5466 3152 5541 dignam
3169 5480 3256 5519 me
3272 5464 3414 5519 ferre
3434 5465 3734 5536 repulsam,

2118 5559 2326 5629 Incipio
2347 5574 2564 5611 mecum
2598 5557 2780 5611 tacitis
2812 5563 3042 5611 tractare
3074 5555 3314 5627 querelis

2113 5649 2173 5702 ld
2207 5648 2325 5702 dira
2356 5647 2629 5701 scelerum
2656 5646 2774 5702 fieri
2802 5647 3067 5717 gravitate
3097 5662 3374 5701 meorum.

2114 5741 2246 5796 Dum
2282 5754 2523 5794 moerens
2551 5739 2719 5814 igitur
2749 5739 2933 5807 doleo,
2969 5739 3211 5811 dumque
3250 5737 3390 5793 atria
3420 5738 3599 5794 lustro

2114 5836 2307 5891 Pectus
2332 5833 2702 5901 contundens,
2731 5834 2857 5889 imis
2884 5834 3123 5905 suspiria
3153 5835 3295 5888 duco
3329 5850 3343 5898 ;
