3874 6404
116 406 222 460 5ιὸ

118 526 307 581 Moesta
336 531 561 596 aSpecto
593 524 760 593 fores,
793 526 1122 584 circumfero
1145 530 1354 585 lumina
1381 530 1539 586 tectis
1571 548 1585 584 :

119 617 247 668 Arte
275 629 471 668 manus
494 613 660 669 video
684 613 879 670 Christi
905 618 1192 691 genitricis
1218 619 1422 694 imago,

119 708 235 771 Qua
256 707 602 781 signabatur,
634 706 908 777 picturam
939 710 1149 782 parjetc
1180 712 1399 767 ductam
1427 730 1442 778 ;

120 796 309 850 Visere
340 811 505 866 quam
538 796 770 866 prapius
802 797 1046 867 speciem
1068 797 1273 855 festina
1299 800 1638 874 propinquo,

122 882 644 963 lndeclinanterque
674 896 836 945 tuens
862 890 981 946 haec
1007 909 1289 949 murmure
1321 910 1502 969 pango
1532 912 1546 950 :

120 978 318 1045 Cerno,
352 978 447 1033 Dei
471 979 732 1055 genitrix.
759 980 1047 1054 indignam
1078 998 1168 1038 me
1193 990 1456 1039 veneratu

119 1074 249 1128 Esse
280 1081 396 1141 tuo,
430 1074 570 1129 tanti
605 1075 872 1146 pollutam
905 1075 1155 1132 criminis
1179 1086 1325 1143 actu,

121 1162 249 1227 Quae
269 1164 587 1219 veneranda
616 1164 760 1220 nites
776 1164 1073 1239 animaque
1099 1174 1154 1222 et
1182 1183 1414 1239 corpore
1445 1169 1674 1236 munda,

121 1258 249 1322 Quae.
280 1259 473 1315 mundi
503 1261 1046 1335 Dominumgenuisti
1077 1279 1241 1320 carne
1273 1265 1474 1336 pudica
1515 1283 1529 1320 :

120 1349 298 1404 Nosco
320 1350 550 1422 quidem
579 1352 749 1424 digne
769 1354 900 1425 quia
924 1354 1176 1425 squalida
1196 1356 1483 1413 abominer
1500 1373 1531 1412 a
1562 1366 1638 1425 te,

120 1445 299 1500 Audio
320 1446 421 1501 sed
452 1445 724 1503 Christum
756 1456 942 1505 nostra
963 1450 1036 1506 ob
1076 1452 1363 1525 purganda
1394 1452 1571 1522 piacla

120 1534 497 1606 Assumpsisse
527 1543 624 1592 tuo
650 1545 903 1594 sanctum
935 1539 1004 1594 de
1035 1555 1267 1611 corpore
1295 1556 1496 1612 corpus
1525 1560 1540 1607 ;

122 1626 301 1695 Unde,
335 1644 552 1699 precor,
585 1628 669 1684 fer
691 1646 854 1702 opem
881 1647 1152 1703 nusquam
1179 1632 1427 1688 solamen
1452 1634 1675 1690 habenti

119 1716 241 1775 Jam
272 1717 329 1770 ni
366 1716 422 1771 in
457 1725 507 1773 te
545 1718 832 1790 Natoque:
866 1720 965 1775 tibi
997 1729 1146 1791 peto,
1180 1722 1419 1793 praecipe
1452 1723 1621 1794 pandi

121 1808 338 1864 Limina
365 1825 522 1866 sacra
542 1810 701 1875 mihi,
732 1810 856 1866 sine
885 1813 1039 1889 regia
1066 1814 1245 1869 visere
1260 1821 1463 1870 sanctae

121 1900 291 1976 Signa
321 1902 668 1968 crucis,coeli
701 1902 948 1971 domina,
971 1919 1081 1975 qua
1109 1921 1345 1978 corpore
1372 1922 1565 1977 passus
1600 1923 1613 1960 :

121 1993 295 2065 Inque
329 1999 426 2051 tua
453 2011 543 2050 me
569 2012 725 2051 sume
752 1994 885 2062 ﬁde,
907 1996 1022 2065 jam
1049 1998 1213 2053 sorde
1239 2014 1428 2054 carere

122 2083 401 2153 Luxuriae,
431 2094 728 2160 postquam
741 2088 940 2144 Christi
960 2105 1115 2145 sacra
1141 2091 1334 2148 videro
1349 2100 1566 2164 sceptra

114 2178 357 2234 Luxibus
382 2195 452 2235 en
480 2180 629 2237 smeli
668 2181 865 2253 positis
895 2183 1227 2256 pompisque
1265 2185 1494 2254 relictis,

114 2271 384 2346 Egrediar
408 2290 713 2345 pr0perans
739 2292 849 2347 quo
877 2292 988 2345 me,
1018 2276 1313 2333 benedicta
1343 2279 1577 2338 vocaris.

112 2362 201 2417 llis
225 2363 395 2419 dictis
420 2362 634 2419 foribus
649 2365 845 2435 pernix
883 2382 986 2421 ceu
1003 2366 1158 2435 jussa
1189 2368 1527 2441 prOpinquo,

114 2457 461 2513 Cordetenus
480 2458 663 2514 valido
692 2458 821 2514 fidei
845 2475 1114 2516 succensa
1142 2461 1345 2525 calore,

114 2551 353 2626 Virginis
381 2553 646 2611 ac,veluti
667 2554 947 2624 iussorum
975 2555 1140 2611 ducta
1166 2563 1381 2624 tenore,

116 2640 407 2716 Ingrediar
422 2644 653 2699 veniens
685 2644 1022 2700 intrantibus
1050 2645 1239 2700 addita
1270 2645 1468 2701 turbis.

117 2730 187 2786 Ac
206 2733 361 2788 nullo
385 2732 720 2804 prohibente
745 2733 898 2789 velut
925 2733 1063 2789 mihi
1093 2734 1489 2805 tramiteparto,

121 2818 404 2892 Suscipior
440 2822 673 2893 templo,
698 2831 857 2879 tueor
887 2825 1129 2895 pretiosa
1153 2824 1330 2880 beatae

122 2908 289 2985 Ligna
315 2910 517 2979 crucis,
547 2912 1099 2968 tremebundasacris
1130 2915 1450 2971 caelestibus
1470 2923 1609 2972 asto.

119 2998 273 3054 Sensi
303 3008 367 3055 ut
395 3001 513 3056 vult
554 3001 772 3072 aperire
802 3002 985 3058 sinum
1038 3019 1205 3075 quem
1234 3005 1488 3076 paenitet,
1521 3008 1673 3062 omni

117 3088 353 3146 Crimina
380 3098 571 3147 nostra
592 3091 716 3162 pius
740 3108 941 3148 censor
964 3093 1244 3151 dimittere
1276 3105 1566 3166 promptus
1598 3115 1614 3165 ;

116 3179 305 3252 Meque
336 3181 675 3253 pavimentis
693 3190 966 3250 sternens,
993 3183 1077 3237 his
1105 3182 1294 3241 oscula
1325 3182 1455 3260 figo.

115 3272 531 3348 Egrediensque
555 3275 625 3330 ab
645 3291 735 3343 eo,
766 3292 876 3350 qua
901 3276 1142 3351 Virginis
1170 3278 1318 3334 edita
1344 3278 1543 3347 forma,

118 3363 320 3437 Stoque
351 3381 502 3439 genu
521 3365 697 3434 ﬂexo,
729 3382 891 3424 veros
921 3385 1009 3424 me
1035 3383 1265 3425 cernere
1290 3368 1475 3425 vultus

122 3454 440 3525 Confidens,
471 3458 823 3530 supplexque
854 3458 973 3515 haec
1001 3459 1171 3516 verba
1200 3459 1538 3531 precaminis
1561 3459 1742 3518 addo:

117 3544 453 3615 Monstrasti,
483 3548 731 3615 domina,
771 3564 903 3606 ecce
923 3549 1058 3604 mihi
1088 3549 1372 3605 miseratio
1400 3557 1605 3622 quanta

122 3637 199 3693 Sit
223 3649 337 3705 tua,
381 3640 698 3712 suscipiens
726 3640 972 3717 indignae
1002 3641 1209 3698 famine
1236 3658 1429 3699 servae.

120 3728 303 3785 Gloria
333 3730 453 3787 visa
476 3730 616 3786 mihi
636 3747 759 3803 quae
781 3731 946 3788 nobis
969 3731 1140 3805 digna
1160 3732 1339 3789 videri

117 3820 235 3877 Non
268 3822 453 3879 fuerat
475 3822 703 3897 gravido
723 3823 981 3881 vitiorum
1007 3824 1255 3894 pondere
1282 3824 1507 3895 pressis,

116 3912 301 3967 Gloria
323 3929 544 3969 summa
562 3913 694 3977 Deo,
728 3921 890 3984 perte
912 3914 1007 3985 qui
1039 3913 1480 3985 suscipitomnes

116 4005 193 4059 Ad
218 4006 342 4062 vitae
365 4022 509 4079 quos
536 4023 670 4063 vera
696 4007 841 4062 viam
871 4007 1161 4063 conversio
1187 4006 1359 4062 ducit.

114 4096 220 4151 Sed
246 4098 387 4170 quid
443 4097 603 4169 plura
646 4098 843 4170 loquar
890 4097 919 4152 ‘P
958 4098 1087 4153 dum
1139 4099 1253 4169 jam
1306 4100 1580 4171 promissa
1643 4119 1747 4173 pa-

1501 4190 1679 4244 trandi

114 4275 354 4347 Tempus
381 4276 541 4331 adest
564 4275 686 4342 tibi,
719 4291 831 4349 quo
862 4275 1078 4346 placeat
1104 4291 1193 4333 me
1224 4274 1402 4351 dirige

118 4367 561 4442 Demonstraque
590 4370 757 4435 viam,
791 4368 1045 4440 praecede
1070 4369 1329 4444 magistra
1360 4368 1575 4425 salutis.

119 4460 319 4517 Haurio
351 4477 481 4516 cum
509 4461 658 4516 dicto
684 4476 875 4516 vocem
909 4460 1025 4516 haec
1046 4462 1298 4516 consulta
1328 4460 1597 4517 ferentem
1624 4480 1637 4516 :

113 4548 460 4605 Transmisso
492 4549 747 4606 invenies
774 4549 1025 4621 requiem
1054 4547 1297 4604 Iordane
1327 4547 1565 4603 beatam.

118 4638 284 4702 Quam
311 4654 511 4696 vocem
535 4654 741 4710 supero
781 4649 1041 4711 reputans
1064 4638 1200 4693 mihi
1231 4639 1458 4694 nomine
1488 4638 1676 4708 latam,

115 4729 291 4801 Atque
318 4739 523 4801 petens
548 4728 833 4785 dominam
864 4745 935 4784 ne
975 4729 1195 4785 deserat
1230 4729 1369 4784 atria
1393 4729 1605 4803 linquo.

116 4820 363 4877 Flentem
391 4837 484 4876 me
514 4836 754 4877 cernens
782 4821 1007 4895 quidam
1034 4821 1139 4877 tria
1165 4821 1398 4877 contulit
1425 4836 1572 4891 aera;

120 4908 274 4965 Ilicet
293 4912 385 4966 his
417 4928 592 4982 panes
622 4910 853 4967 totidem
879 4920 1121 4969 mercata
1148 4911 1373 4968 recedo.

119 5000 280 5057 Pacta
313 5002 483 5058 simul
512 5003 770 5059 Iordanis
800 5004 922 5071 iter,
955 5011 1073 5059 tum
1105 5003 1311 5074 templa
1345 5002 1578 5058 Joannis

122 5094 379 5166 Baptistae
405 5095 607 5164 subeo,
639 5096 992 5153 communico
1022 5112 1257 5167 verpere
1288 5094 1461 5150 sacris
1492 5112 1508 5163 ς

122 5188 281 5246 Pasta
304 5191 434 5247 cibo
467 5191 646 5262 panis,
676 5191 936 5247 Iordanis
970 5191 1155 5247 lambo
1185 5189 1395 5245 fluenta

122 5281 464 5340 Lucescente
490 5285 607 5350 die,
638 5300 804 5357 quem
821 5292 1061 5351 transeo,
1078 5292 1233 5340 vasta
1262 5283 1551 5355 sequendo

119 5374 353 5443 Deserli,
385 5377 680 5452 dominum
699 5385 1025 5450 ex5pectans
1055 5377 1151 5449 qui
1182 5376 1356 5432 salvat
1381 5391 1611 5449 egenos.

123 5464 215 5520 llic
240 5467 465 5522 Zozima
489 5468 612 5524 vita:
635 5468 833 5525 seriem
866 5469 1094 5525 scitante
1117 5475 1254 5541 quot
1286 5474 1472 5522 essent

122 5556 250 5614 llluc
279 5576 395 5632 quo
426 5561 696 5615 mundum
725 5562 983 5633 linquens
1012 5562 1312 5618 devenerat
1340 5559 1495 5626 anni,

121 5647 258 5709 Quid
279 5650 466 5705 victus
502 5650 740 5720 sumpsit
770 5649 954 5704 tulerit
981 5664 1123 5721 quos
1164 5649 1301 5703 dura
1335 5648 1572 5703 labores.

124 5734 502 5811 Quadraginta
518 5738 731 5792 hiemes
750 5743 1077 5808 septemque
1107 5736 1375 5811 recogitat
1407 5750 1472 5789 ex
1497 5748 1609 5805 quo

126 5822 377 5882 Deseruit
405 5826 709 5898 Solymam,
732 5832 1024 5899 postquam
1052 5825 1273 5883 deserta
1303 5823 1542 5881 colebat.

619 404 703 458 DE
741 404 1106 461 TRIUMPHIS
1147 405 1409 463 CHRISTI
1452 406 1529 462 ET
1570 405 1661 462 SS.
1705 405 2111 461 PALIESTINAE
2150 405 2326 460 LIBRI
2365 405 2552 461 TRES.
2598 420 2662 446 —'-
2705 405 2831 462 LIB.
2877 405 2967 461 III.

3363 410 3470 466 546

1768 529 1821 600 Α
1848 531 2055 585 Panum
2082 537 2476 585 commemorat
2497 528 2699 584 victum
2730 528 2834 584 sibi
2869 544 3034 598 parva
3062 528 3346 597 diurnum,

1847 619 1993 684 Quos
2021 634 2245 691 egressa
2276 618 2626 684 tulitsecum,
2668 617 2975 691 fragmenta
3005 618 3249 673 dedisse.

1848 713 2051 769 Cretera
2072 714 2205 786 quid
2236 712 2438 783 quaeris
2468 710 2496 764 ?
2520 712 2726 767 Vereor
2754 728 2880 765 nam
2914 718 3134 777 cmtera,
3166 710 3326 777 dixit,

1844 800 1923 856 Ne
1958 801 2136 871 patiar
2157 816 2282 873 quae
2303 816 2460 872 passa
2492 799 2610 866 diu,
2632 799 2677 853 si
2706 814 2962 870 promere
2990 814 3181 857 coner.

1843 890 2112 964 Tempore
2131 894 2296 949 crede
2327 899 2508 947 tamen
2539 898 2690 947 tanto
2715 891 2967 962 graviora
2993 891 3186 946 tulisse

1846 982 2057 1047 Quanto
2091 982 2323 1038 luxuriae
2353 980 2505 1050 jacui
2535 980 2825 1037 submersa
2854 980 3056 1037 cloacae

1841 1070 2093 1143 Namque
2124 1071 2317 1127 decem
2348 1076 2403 1126 et
2451 1078 2664 1143 septem
2701 1070 2936 1145 {gravius
2963 1077 3246 1127 cortamen
3280 1070 3336 1125 in
3362 1087 3470 1126 an-

3276 1165 3398 1237 [nos

1847 1249 1979 1305 Cum
2020 1252 2317 1308 desideriis
2350 1252 2566 1320 mundi,
2591 1268 2710 1325 quae
2724 1268 2863 1308 vana
2883 1253 3155 1325 voluptas.

1847 1345 1965 1400 Non
1991 1344 2209 1420 ignotas
2227 1346 2367 1401 mihi
2393 1346 2625 1413 dudum,
2657 1346 2910 1403 conferre
2929 1348 3144 1404 solebat
3164 1366 3179 1415 ;

1847 1436 2095 1509 Namque
2146 1437 2390 1493 animum
2443 1438 2628 1509 pisces
2710 1437 2889 1493 Pharii
2965 1454 3270 1512 carnesque
3329 1441 3468 1497 sub-

3176 1530 3348 1601 [ibant
3380 1551 3395 1599 ;

1851 1622 2048 1678 Vinum
2076 1624 2438 1697 concupiens,
2471 1640 2575 1680 nec
2604 1641 2802 1697 aquam
2832 1624 3079 1697 reperire
3099 1626 3372 1682 valebam.

1851 1713 2103 1775 Carmina
2131 1734 2530 1790 nonnunquam
2546 1719 2679 1773 mihi
2701 1720 2981 1776 luxuriosa
3002 1722 3260 1778 redibant

1850 1812 1911 1866 In
1932 1817 2201 1877 mentem,
2234 1811 2420 1882 lepide
2450 1826 2573 1882 quae
2606 1812 2904 1868 decantare
2941 1830 3182 1871 sueram.

1769 1900 1962 1975 BMox
2017 1899 2325 1971 Iacrymaus
2371 1908 2677 1971 pectusque
2728 1917 2895 1957 manu
2948 1903 3285 1959 validissime
3340 1911 3469 1959 tun-

3217 1993 3399 2066 [dens,

1844 2080 2024 2136 Verba
2050 2078 2406 2148 reducebam,
2439 2081 2591 2136 cordi
2622 2098 2745 2154 qua:
2774 2083 3014 2156 Virginis
3046 2085 3177 2141 olim

1846 2175 1925 2230 Ad
1952 2176 2135 2232 vultus
2154 2174 2440 2239 dederam,
2469 2183 2718 2233 statuens
2738 2194 2826 2234 me
2857 2187 3042 2235 mente
3074 2182 3178 2236 sub
3208 2183 3362 2253 ipsis,

1849 2266 2063 2339 Corque
2091 2266 2227 2321 mihi
2256 2267 2523 2324 mundum
2551 2268 2673 2325 fieri
2695 2270 3011 2342 importuna
3044 2274 3330 2349 rogabam,

1845 2356 1982 2412 Dum
2004 2357 2236 2412 veniens
2260 2358 2477 2428 superis
2501 2359 2688 2415 lumen
2713 2360 3102 2425 circumdaret,
3129 2369 3293 2434 atque

1841 2452 1923 2508 Mc
1950 2452 2226 2519 stabilem,
2259 2452 2448 2509 mitem
2467 2462 2523 2510 et
2552 2455 2786 2511 validam
2810 2464 3102 2513 renovaret
3132 2460 3324 2534 agoni.

1841 2546 1906 2600 At
1926 2546 2075 2617 quali
2104 2545 2288 2620 elogio
2317 2546 2554 2602 narrabo
2586 2547 2837 2604 libidinis
2858 2556 3025 2605 aestus
3055 2549 3084 2605 ?

1843 2634 1993 2706 Ignis
2021 2635 2171 2690 enim
2196 2637 2410 2693 validus
2428 2653 2648 2693 carnem
2682 2638 3017 2694 incendebat
3043 2641 3112 2695 ab
3150 2641 3302 2696 intus

1843 2728 1905 2783 Et
1929 2735 2101 2784 totam
2134 2729 2387 2800 rapiebat
2412 2746 2566 2787 amor
2591 2731 2939 2802 nimiumque
2966 2731 3237 2799 trahebat,

1844 2819 1923 2874 Ad
1952 2820 2138 2890 spurci
2168 2827 2360 2892 turpes
2390 2821 2946 2893 impellenscriminis
2974 2839 3128 2879 usus.

1848 2909 2008 2973 Quod
2052 2912 2293 2984 patiens,
2352 2917 2668 2984 terramque
2722 2919 2939 2984 petens,
2995 2913 3363 2986 lacrymisque
3397 2916 3476 2970 ri-

3210 3006 3411 3079 [gando

1850 3092 2159 3151 Infundens
2179 3099 2360 3149 astare
2386 3094 2521 3148 mihi
2538 3094 2653 3162 jam
2676 3092 2917 3166 Virginis
2937 3108 3035 3150 ora

1849 3181 2028 3236 Mente
2046 3181 2244 3237 videns
2271 3180 2425 3249 fidei,
2448 3180 2761 3237 meditabar
2776 3188 2943 3236 strata
2973 3188 3221 3238 tenorem

1768 3281 1818 3351 (ς
1848 3274 1996 3330 Hanc
2025 3273 2450 3344 compellantem
2483 3282 2708 3340 memet,
2736 3273 3003 3345 vultuque
3031 3273 3235 3329 minaci

1844 3358 2183 3432 Terrentem,
2218 3360 2515 3431 aspiciens,
2542 3374 2850 3433 poenasque
2872 3361 3075 3418 furoris
3105 3370 3363 3437 agentem

1846 3449 2136 3519 Vindictae,
2165 3455 2221 3505 et
2247 3450 2432 3524 gladio
2456 3458 2856 3507 monstrantem
2878 3452 3086 3522 judicis
3112 3453 3193 3510 ira

1846 3542 1985 3596 Ante
2017 3556 2122 3597 nec
2151 3557 2184 3596 a
2210 3549 2355 3598 terra
2384 3542 2682 3617 surgebam
2710 3543 2769 3598 ni
2801 3544 2958 3616 prius
2974 3544 3072 3600 illa

1848 3633 1962 3689 Lux
1987 3633 2172 3691 infusa
2199 3634 2544 3706 mihisuperi
2569 3634 2856 3692 salaminis
2882 3652 3082 3694 omnes

1848 3723 2086 3782 Turbato
2101 3726 2295 3782 victrix
2324 3725 2495 3782 furias
2525 3743 2556 3783 e
2582 3727 2749 3783 corde
2771 3726 3008 3803 fugaret.

1852 3820 2085 3892 Semper
2112 3821 2264 3876 enim
2300 3820 2541 3877 dominae
2568 3822 2860 3893 poscebam
2892 3823 3123 3897 virginis
3152 3833 3365 3895 actum,

1854 3909 1978 3980 Ipsa
1998 3908 2214 3965 ferebat
2234 3925 2420 3981 opem,
2453 3926 2667 3967 mecum
2700 3911 2947 3967 certabat
2965 3919 3021 3967 et
3050 3912 3171 3983 ipsa
3200 3932 3215 3981 ;

1851 3999 2083 4070 Ipsaque
2114 4015 2203 4054 me
2224 4000 2438 4055 cunctis
2466 4005 2522 4055 et
2550 4016 2698 4055 nunc
2728 4001 3047 4056 moderatur
3077 4002 3133 4057 in
3163 4004 3324 4059 actis.

1852 4087 2012 4143 Istius
2040 4087 2169 4142 inde
2203 4089 2387 4144 cibum
2420 4089 2633 4145 Zozima
2659 4098 2983 4163 vestemque
3015 4102 3268 4167 rogante,

1851 4179 2071 4248 Majoris
2095 4180 2258 4235 lucta:
2288 4188 2626 4236 memoratus
2643 4180 2783 4236 dixit
2812 4182 2869 4236 in
2890 4199 3067 4239 annos

1851 4275 1920 4330 Se
1935 4275 2176 4349 geminis
2205 4292 2268 4331 ac
2298 4276 2528 4332 dimidio
2560 4292 2699 4350 quos
2729 4276 2928 4334 detulit
2954 4279 3126 4351 ipsam

1852 4364 2095 4421 Panibus
2111 4372 2166 4420 et
2190 4374 2311 4438 post
2340 4367 2471 4423 hinc
2500 4368 2690 4423 herbis
2719 4368 2923 4425 vixisse
2943 4368 3177 4441 repertis
3211 4389 3228 4436 ;

1847 4453 2108 4509 Vestibus
2135 4456 2459 4526 assumptis,
2485 4456 2668 4527 rapuit
2699 4473 2837 4529 quas
2866 4458 3133 4530 temporis
3159 4466 3291 4514 aetas

1847 4544 1909 4599 Vi
1941 4545 2077 4601 solis
2100 4546 2355 4614 nimium,
2389 4546 2622 4602 nimium
2649 4540 2702 4611 vi
2734 4548 2958 4623 frigoris
2978 4557 3192 4617 actam;

1780 4655 1837 4725 D
1859 4636 2197 4696 Sedvirtute
2229 4638 2323 4693 Dei
2355 4654 2414 4693 se
2444 4645 2631 4695 mente
2654 4646 2711 4695 et
2731 4655 2965 4711 corpore
2992 4649 3193 4698 tectam

1855 4728 2063 4785 Nutriri
2089 4736 2256 4803 atque
2276 4730 2389 4804 tegi
2418 4729 2637 4786 Domini
2676 4731 2985 4788 munimine
3015 4734 3194 4805 verbi,

1855 4824 1989 4880 Cum
2020 4839 2132 4880 non
2161 4825 2312 4882 vivat
2337 4825 2504 4883 homo
2536 4825 2716 4882 solum
2747 4826 3018 4884 solamine
3048 4829 3209 4901 panis

1855 4915 1998 4981 Quin
2023 4915 2176 4973 omni
2207 4916 2377 4973 verbo
2408 4917 2627 4973 Domini
2659 4919 2809 4991 quod
2832 4919 3019 4992 prodit
3047 4920 3116 4975 ab
3146 4935 3262 4989 ore,

1854 5007 2056 5064 Nudati
2082 5016 2137 5065 et
2162 5009 2314 5066 vitiis
2336 5009 2615 5067 donentur
2642 5017 2886 5087 tegmine
2916 5021 3105 5084 petrae.

1925 5100 2139 5157 Auditis
2164 5117 2334 5157 sacrae
2360 5102 2552 5172 titulis,
2588 5102 2893 5179 interrogat
2924 5105 3088 5159 heros

1854 5188 2149 5261 Scripturae
2187 5192 2388 5247 mulier
2415 5192 2639 5263 sapiens
2668 5209 2736 5248 an
2768 5202 3072 5270 grammata
3096 5204 3308 5253 nosset.

1855 5285 1952 5339 Illa
1981 5294 2167 5360 negat,
2198 5287 2497 5360 vivumque
2516 5288 2610 5343 Dei
2642 5289 2951 5360 penetralia
2972 5290 3157 5346 cordis

1854 5372 2140 5428 Illustrare
2173 5375 2337 5430 docet
2365 5376 2594 5431 verbum
2626 5392 2935 5449 sensusque
2960 5379 3176 5452 replere

1853 5461 1986 5515 Tum
2014 5477 2112 5533 pro
2138 5478 2197 5518 se
2228 5463 2500 5518 Zozimam
2534 5465 2767 5536 supplex
2794 5480 2953 5522 orare
2985 5475 3265 5540 precatur,

1856 5552 1919 5607 Et
1957 5553 2097 5624 petit
2125 5554 2410 5610 obtestans
2441 5571 2511 5610 ne
2529 5571 2609 5622 se,
2644 5554 2776 5612 dum
2807 5558 3028 5615 vincula
3055 5562 3243 5618 carnis

1854 5641 2102 5711 Deserat,
2135 5642 2255 5714 ipse
2288 5643 2467 5714 palam
2491 5643 2655 5701 faciat
2686 5663 2702 5713 ;
2731 5646 2830 5702 sed
2858 5649 3044 5718 vadat,
3077 5649 3325 5726 itemque

1853 5735 2125 5807 Tempore
2155 5752 2214 5793 se
2241 5736 2409 5793 simili
2448 5746 2682 5795 venturo
2712 5741 2897 5799 visitet
2926 5758 3073 5801 anno
3107 5762 3119 5799 :

1853 5823 2128 5897 Sacraque
2155 5826 2285 5883 dum
2315 5828 2729 5887 redeuntsolito
2749 5830 2963 5901 jejunis
2992 5845 3164 5897 more,
