3874 6444
411 423 510 477 547
1132 419 1500 476 FLODOARDI
1543 418 1846 474 CANONICI
1890 419 2224 474 REMENSIS
2265 420 2602 475 OPUSCUIA
2645 419 2954 475 METRICA.
3695 412 3776 471 543

413 546 671 647 .i‘ordanis
700 551 958 647 repetens
978 559 1230 600 eremum
1262 561 1331 600 ne
1353 551 1591 600 transeat
1612 561 1840 612 annum,
2060 560 2116 626 Α
2141 550 2306 621 Septa
2339 549 2658 606 monasterii
2682 549 2883 620 repetit
2911 547 3222 602 latissimus
3239 545 3407 600 abba.

420 637 730 692 Praedicens
759 637 907 708 quod
931 652 1033 691 nec
1061 652 1337 708 quoquam
1360 637 1407 690 si
1436 643 1611 690 tentet
1649 636 1822 704 abire,
2143 641 2339 695 Exacto
2374 640 2596 694 rediens
2625 655 2771 693 anno
2794 638 2914 693 loca
2939 637 3092 706 jussa
3123 635 3332 700 revisit,

418 733 497 786 Sit
523 733 687 804 potis,
706 742 760 787 at
780 739 999 787 maneat
1029 748 1241 788 coenam
1270 731 1591 787 benedictio
1621 730 1821 785 Christi
2139 731 2568 800 Adveniensque
2596 729 2747 783 videt
2767 728 2880 797 jam
2895 727 3142 780 membra
3173 725 3361 779 relicta
3393 723 3622 788 calore,

419 827 588 891 Quam
642 826 771 882 facit
809 832 1136 897 exspectans
1184 827 1577 893 venerandam,
1632 841 1867 897 vespere
1911 840 2037 880 sur-
2143 817 2472 887 Compositis
2492 817 2771 882 manibus,
2803 831 3135 885 versumque
3162 814 3347 881 jacere
3389 812 3650 866 cadaver

1865 918 1976 990 (gat
2148 906 2290 960 Solis
2321 907 2389 960 ad
2413 922 2698 980 egressum
2733 924 2746 971 ;
2782 905 3036 976 lacrymis
3079 903 3431 975 perfunditur
3471 903 3682 963 heros,

421 1011 676 1082 Corporis
705 1017 870 1083 atque
896 1011 1002 1065 sibi
1020 1011 1236 1067 Domini
1267 1011 1528 1082 mysteria
1551 1017 1731 1082 portet
1750 1029 1766 1074 ς
2148 998 2396 1070 Dumque
2429 1015 2622 1069 preces
2654 998 2846 1052 dicens
2876 1005 2929 1052 et
2961 997 3201 1067 psalmos
3218 995 3410 1050 usibus
3442 1000 3625 1063 aptos

423 1105 498 1158 Ad
523 1104 693 1174 ripam
732 1105 989 1159 Jordanis
1018 1121 1138 1159 eam
1169 1121 1291 1159 cum
1325 1119 1557 1158 munere
1591 1101 1792 1157 Christi
2153 1088 2451 1159 Exsequias
2473 1087 2720 1142 celebrat
2749 1105 2762 1153 ;
2797 1088 2895 1141 sed
2927 1085 3171 1141 nominis
3204 1084 3412 1139 inscius
3437 1084 3635 1137 haeret
3671 1099 3683 1144 ;

421 1197 718 1263 Sustineat,
743 1212 854 1268 quo
885 1212 1011 1252 mox
1039 1195 1658 1251 venienscommunieet
1687 1193 1868 1248 almis.
2150 1184 2371 1237 Terram
2403 1181 2740 1252 despiciens,
2773 1182 2959 1253 apices
2986 1181 3041 1234 in
3070 1179 3294 1252 pulvere
3325 1177 3529 1232 ductos

426 1291 555 1345 lnde
585 1291 905 1345 monasterii
929 1291 1142 1346 Patrem
1171 1290 1274 1345 sub
1297 1290 1522 1345 nomine
1556 1289 1785 1362 signans
2153 1277 2353 1337 Cernit.
2391 1276 2764 1346 decessusque
2791 1275 2940 1329 diem
2968 1288 3286 1343 nomenque
3313 1269 3621 1325 ferentem.

424 1380 674 1449 Praecipit
706 1381 934 1446 hortari,
965 1381 1178 1452 vigilet,
1211 1379 1316 1435 sibi
1357 1379 1568 1435 credita
1596 1358 1797 1443 servet,
2154 1365 2535 1436 (loniicilergo
2567 1364 2741 1433 ipsam
2773 1363 3042 1434 migrasse
3069 1361 3126 1414 ίῐὶ
3166 1366 3328 1414 ηοεῑθ
3355 1358 3619 1422 Mariam,

424 1473 791 1545 Attendatque
819 1474 998 1547 gregi,
1027 1450 1245 1528 resecet
1273 1488 1395 1544 qum
1427 1486 1594 1542 prava
1612 1467 1843 1534 videbit,
2158 1456 2439 1509 Praeterito
2472 1454 2676 1508 sanctis
2708 1468 2816 1523 qua
2845 1450 3266 1522 participaverat
3297 1463 3465 1514 anno,

425 1565 520 1619 Ille
550 1565 944 1619 monasterium
978 1570 1102 1634 post
1129 1564 1248 1618 haec
1275 1563 1433 1634 petit,
1465 1561 1559 1615 illa
1593 1574 1867 1614 recessus.

2155 1543 2347 1614 Adque
2380 1544 2560 1597 locum
2593 1542 2748 1596 trina.-
2787 1539 2964 1612 spatio
3000 1539 3228 1593 rediisse
3259 1537 3362 1591 sub
3393 1538 3577 1602 horae,

497 1655 648 1710 Abba
673 1655 843 1729 igitur
866 1625 1169 1710 ιοῑοίθουίι
1191 1625 1312 1726 (ἰυῴ
1341 1625 1556 1708 viderat
1587 1665 1767 1715 anno;
2155 1633 2235 1685 Ad
2255 1648 2421 1702 quem
2451 1631 2535 1684 his
2563 1630 2723 1684 denis
2762 1629 2849 1684 vix
2870 1633 3098 1682 venerat
3131 1626 3224 1680 ille
3255 1625 3482 1679 diebus.

425 1747 489 1802 Αι
513 1712 759 1817 ουηηέξη
792 1712 1320 1819 properamjejlinia
1340 1761 1495 1800 sacra
1519 1712 1763 1808 residit;
2153 1720 2382 1819 angitur
2419 1734 2550 1792 ergo
2581 1735 2754 1772 senex
2785 1717 2986 1771 desunt
3017 1714 3147 1786 quia
3179 1721 3348 1768 rastra
3389 1712 3577 1768 labori

422 1833 690 1890 Febribus
720 1835 963 1902 invasus,
997 1835 1227 1906 reliquis
1248 1833 1587 1888 abeuntibus
1619 1837 1788 1893 extra,
2084 1890 2128 1906 η
2151 1810 2324 1879 Atque
2356 1809 2651 1878 sepulturae
2683 1823 2780 1876 per
2808 1821 2932 1876 quae
2967 1801 3244 1858 deserviat
3284 1817 3435 1855 arma
3469 1817 3485 1865 ;

424 1924 714 1980 Dixeratut
745 1926 850 1980 sibi
876 1890 1186 1981 vaticinans
1218 1941 1356 1980 anus
1383 1939 1481 1978 ore
1505 1922 1693 1975 beato.
1778 1890 1784 1893 ⁷
2084 1890 2134 1956 Β
2160 1900 2541 1975 Exiguumque
2569 1897 2764 1951 Videris
2795 1895 3006 1969 “gnum
3036 1894 3144 1948 Sibi
3185 1893 3321 1948 ῩοΓῑθ
3346 1892 3542 1960 jacere

423 2017 737 2072 Atredeunt
763 2026 967 2074 sanctae
995 2018 1191 2074 fratres
1220 2017 1315 2073 ubi
1343 2029 1576 2086 vespere
1603 2026 1796 2073 ciente,

2157 1989 2771 2061 Corripit,fenitensque
2802 1986 2940 2040 fodit
2975 1985 3272 2040 durissima
3313 1993 3493 2046 terrze,

433 2111 694 2166 Dulcibus
721 2110 817 2165 ille
838 2126 1040 2182 parans
1064 2109 1291 2165 monitis
1311 2105 1634 2178 impendere
1663 2117 1873 2165 curam,

2154 2087 2327 2158 Terga
2358 2094 2562 2149 terens,
2597 2098 2698 2137 nec
2733 2079 3051 2152 proﬁciens,
3084 2080 3371 2149 imparque
3403 2074 3644 2130 laboris.

2155 2180 2216 2231 At
2247 2178 2447 2232 sudore
2479 2175 2665 2246 operis
2695 2172 3054 2234 madefactus,
3091 2171 3286 2236 lassus,
3317 2168 3556 2223 anhelus

429 2209 784 2263 Sacramenta
808 2207 961 2262 vehit
990 2206 1428 2275 divinicorporis
1459 2209 1626 2272 atque

2159 2269 2480 2340 Respiciens
2518 2267 2668 2323 videt
2698 2266 2979 2340 ingentem
3021 2278 3193 2335 prope
3223 2269 3367 2316 stare
3399 2260 3633 2315 leonem

430 2301 728 2375 Sanguinis
756 2301 814 2354 in
831 2300 1060 2355 calicem
1089 2313 1278 2353 secum
1309 2293 1565 2351 Jordanis
1595 2292 1663 2345 ad
1681 2305 1856 2346 oram.

430 2338 728 2375 υαιιδυιιηο
757 2338 1060 2355 causa...
1091 2338 1278 2353 ww...
1309 2338 1564 2351 ,νη-η.-
1596 2338 1663 2345 .-μ
1683 2338 1855 2346 --_----
2048 2338 2060 2360 ,
2270 2338 2280 2340 ν
2769 2338 2786 2340 _

430 2391 736 2444 Adventum
767 2395 968 2444 sanctae
999 2386 1297 2458 opperiens
1322 2384 1376 2438 in
1405 2381 1656 2455 margine
1690 2378 1825 2449 ripa).
1857 2392 1870 2428 :
2156 2361 2406 2434 Pigueris
2433 2368 2599 2430 atque
2633 2358 2804 2429 pedes
2843 2356 2960 2409 miti
2994 2352 3572 2426 prolambarelingua.

434 2480 754 2550 Exspectata
781 2477 896 2545 diu,
917 2492 1040 2549 quae
1057 2476 1171 2545 jam
1200 2475 1302 2529 sub
1333 2447 1583 2543 tempore
1615 2447 1792 2523 noctis
2155 2457 2397 2511 Territus
2427 2454 2518 2508 ille
2551 2469 2775 2524 pavore,
2807 2451 2987 2506 crucis
3013 2465 3073 2504 se
3100 2448 3302 2503 muniit
3329 2447 3520 2511 armis,

432 2535 745 2627 Adveniens
771 2535 1362 2642 crucetransgreditur
1387 2535 1492 2619 sibi
1521 2568 1688 2633 ponte
1718 2562 1911 2630 parato
2157 2546 2398 2602 Motibus
2428 2553 2483 2600 et
2514 2544 2779 2599 blandum
2812 2557 3046 2597 cernens
3076 2539 3323 2605 tandem,
3358 2538 3463 2592 ista
3505 2535 3718 2591 volutat

438 2662 499 2715 Et
524 2660 764 2715 solidum
796 2659 1036 2730 liquidas
1057 2627 1259 2727 cdrpus
1280 2651 1696 2725 superambulat
1721 2627 1925 2702 undas.
2159 2639 2195 2693 F
2201 2645 2316 2692 orte
2347 2637 2453 2691 sibi
2486 2636 2703 2691 socium
2733 2632 3002 2705 patranda
3027 2630 3092 2685 ad
3115 2630 3300 2684 munia
3331 2627 3592 2690 missum,

438 2751 724 2823 Aspiciens
762 2719 946 2819 stupet
972 2749 1076 2803 ista
1099 2719 1289 2809 senex,
1324 2719 1426 2799 sub
1457 2742 1666 2796 lumine
1700 2739 1868 2803 lunze,
2163 2731 2402 2800 Imperat
2433 2728 2523 2783 hic
2551 2726 2730 2780 fidens
2754 2733 2931 2781 vertat
2969 2739 3079 2794 quo
3121 2721 3304 2776 bellua
3338 2719 3533 2792 glebas

439 2815 784 2915 Perfectique
813 2815 963 2896 videt
991 2856 1153 2911 quam
1186 2838 1256 2892 sit
1285 2834 1604 2891 certaminis
1643 2832 1842 2902 impar,
2164 2823 2538 2894 Expediatque
2573 2821 2680 2892 piis
2709 2819 2976 2874 membris
3008 2817 3207 2872 festina
3237 2815 3588 2886 sepulcrum.

445 2935 579 2988 [nde
610 2900 750 3004 petit
777 2937 953 2986 mater
985 2900 1114 2984 fidei
1144 2928 1360 2982 dicatur
1379 2933 1440 2980 ut
1468 2925 1628 2990 ordo,
1725 2900 1738 2902 _
2166 2914 2322 2967 Paret
2351 2918 2406 2965 at
2434 2911 2557 2981 ipsa
2585 2909 2757 2975 senis,
2788 2913 3009 2978 sumpto
3041 2903 3333 2968 lcnimine,
3359 2900 3534 2973 jussis
3568 2915 3582 2967 ;

439 2994 822 3098 Jungaiturque
858 3023 988 3077 dein
1020 3020 1271 3091 locuples
1293 3018 1468 3074 oratio
1501 3013 1722 3072 Christi.
2166 3006 2229 3058 Et
2255 3003 2450 3058 didicit
2481 3002 2699 3057 tandem
2734 2999 2922 3055 feritas
2960 2997 3136 3052 oblita
3177 2994 3400 3060 furoris,

443 3120 737 3189 Postquam
769 3098 1298 3189 perpetuaasumpsit
1318 3109 1579 3183 mysteria
1605 3107 1753 3164 vitae.
2167 3095 2366 3150 Nescia
2396 3094 2630 3161 servitii,
2661 3098 2854 3146 sancto
2868 3089 3076 3145 servire
3109 3086 3286 3142 labori
3321 3102 3334 3139 :

443 3207 561 3262 Mox
592 3177 651 3262 in
681 3177 815 3277 pace
845 3177 940 3260 [ίθὶ
981 3220 1105 3259 sese
1131 3177 1398 3257 diinittier
1428 3206 1565 3256 orat.
2100 3265 2137 3277 Α
2169 3187 2365 3241 Libera
2398 3185 2567 3240 corda
2596 3199 2816 3258 gerens,
2852 3180 3083 3236 serviles
3110 3177 3351 3248 explicat
3381 3181 3536 3230 actus

445 3299 538 3350 Ast
559 3296 846 3368 compulsa
873 3295 978 3351 viri
1004 3293 1288 3365 precibus,
1323 3291 1428 3346 tria
1467 3287 1699 3345 contulit
1719 3285 1802 3342 ori
2091 3265 2141 3335 C
2173 3278 2405 3334 Funeris
2435 3275 2620 3332 ofﬁcio
2650 3275 2872 3330 diverso
2905 3287 3060 3328 more
3088 3278 3335 3342 peracto,

446 3396 483 3442 Α
516 3404 651 3444 sene
671 3387 944 3443 lenticula:
971 3364 1168 3441 delatae
1194 3399 1365 3459 grana
1391 3382 1656 3438 canistro.
2172 3369 2381 3427 Diversi
2419 3374 2672 3424 remeant
2703 3367 2953 3430 comites,
2985 3364 3202 3418 diversa
3227 3367 3499 3432 petentes.

450 3481 589 3536 llinc
617 3480 757 3552 petit
783 3487 844 3535 ut
871 3479 1060 3534 senior
1075 3451 1307 3533 ventvuro
1332 3490 1526 3530 rursus
1548 3474 1604 3528 in
1636 3485 1782 3527 anno
2178 3464 2274 3518 llic
2304 3463 2524 3517 deserta
2553 3475 2796 3531 sequens
2835 3458 2972 3530 petit
3001 3455 3186 3510 abdita
3218 3455 3386 3508 lustra
3418 3451 3656 3506 ferarum
3686 3463 3697 3508 ;

445 3545 763 3631 Torrentem
790 3579 1005 3645 repetat
1033 3588 1143 3645 quo
1183 3578 1314 3627 sunt
1343 3571 1508 3626 simul
1540 3574 1667 3624 ante
1699 3563 1889 3622 locuti.
2169 3559 2276 3613 lste
2296 3555 2696 3612 monasterium
2730 3553 2956 3608 rediens
2987 3550 3100 3604 adit
3129 3547 3355 3623 agmina
3386 3545 3639 3607 fratrum,

452 3667 520 3720 Se
549 3666 694 3719 Deus
720 3671 780 3720 ut
803 3664 999 3732 jubeat
1025 3677 1338 3717 memorans
1367 3659 1459 3715 hic
1488 3673 1609 3713 esse
1639 3655 1958 3712 videndam.
2173 3655 2406 3709 Cernere
2445 3668 2568 3724 quae
2605 3649 3008 3706 meruitnarrat
3037 3643 3310 3717 magnalia
3338 3640 3564 3696 Christi.

450 3758 542 3812 Sic
563 3757 669 3812 sibi
698 3764 991 3827 poscentes
1023 3755 1227 3810 abeunt
1259 3752 1531 3810 solamina
1559 3749 1690 3804 ferri
2176 3742 2476 3798 Instituunt
2506 3739 2700 3794 fratres
2729 3737 2928 3792 festum
2958 3734 3243 3790 celebrare
3273 3731 3472 3797 beatae,

450 3850 655 3918 Mutua,
689 3850 1025 3921 devotasque
1049 3863 1241 3920 preces
1269 3846 1529 3916 utrinque
1553 3840 1834 3916 profundi.
2181 3831 2625 3900 Grandaevusque
2643 3842 2812 3883 senex
2842 3824 3088 3881 Zozimas
3116 3822 3174 3876 in
3195 3835 3331 3892 pace
3352 3817 3610 3890 quiescit.

450 3941 584 3995 Tum
612 3955 781 4010 super
800 3940 978 3994 amnis
997 3955 1107 3994 anu
1139 3938 1336 3992 fluctus
1359 3934 1663 4005 repedante
1684 3932 1864 3999 beata,

1973 4024 2184 4084 CAPUT
2224 4025 2285 4080 V.

1678 4135 1758 4195 De
1797 4141 2003 4196 sancto
2051 4130 2236 4191 Fabio
2279 4134 2569 4202 martyre.

453 4257 622 4314 Multa
657 4251 1004 4311 Palaestinam
1037 4255 1251 4307 constat
1272 4248 1565 4303 decorasse
1595 4251 1824 4316 tropaea,
2179 4236 2440 4292 Cmsareze
2470 4230 2732 4305 quoniam
2765 4227 2952 4300 plures
2983 4242 3013 4281 a
3041 4225 3250 4280 Caesare
3282 4222 3462 4288 dieue,

457 4352 528 4406 Ex
556 4366 666 4423 quo
699 4345 975 4423 progressi
1004 4343 1273 4399 mundum
1292 4355 1558 4397 ornavere
1591 4336 1883 4409 triumphis
2180 4327 2242 4382 Et
2269 4340 2431 4397 quam
2463 4319 2691 4377 sacrarit
2714 4317 2906 4389 jugulo
2939 4329 3050 4369 non
3082 4313 3319 4386 legimus
3349 4312 3566 4364 harum.

457 4407 716 4518 Sigriiferi
739 4407 993 4514 insignes
1022 4436 1241 4503 Christi,
1273 4434 1479 4506 pietate
1502 4432 1688 4488 viriles
1717 4449 1732 4497 ;
1760 4407 1773 4409 ί
2180 4419 2436 4477 Traditur
2465 4424 2524 4472 ut
2547 4414 2740 4470 Christi
2759 4411 3060 4466 certamine
3082 4407 3294 4464 fortiter
3331 4420 3484 4460 usus.

461 4533 849 4602 Qnimundum
872 4539 927 4587 et
952 4529 1145 4586 mundi
1177 4543 1435 4601 proceres
1455 4525 1559 4582 sub
1579 4531 1798 4596 sceptra
1828 4535 2081 4594 premen-
2183 4511 2434 4569 Prmsidis
2464 4510 2583 4581 ipse
2613 4506 2836 4580 quidem
2871 4503 3001 4575 quia
3031 4516 3246 4556 sumere
3274 4499 3431 4573 signa
3462 4501 3693 4550 recusat.

1889 4615 2009 4686 μεθ,
2183 4602 2439 4658 Traditur
2471 4600 2523 4653 in
2556 4604 2697 4653 tetro
2729 4593 2883 4650 fortis
2904 4591 3001 4646 sed
3031 4605 3254 4646 carcere
3278 4587 3439 4641 miles
3473 4603 3486 4650 ;

462 4722 612 4776 lianc
639 4718 838 4791 palmis
865 4731 1092 4774 vacuam
1133 4729 1244 4770 non
1269 4712 1521 4782 abiecere
1548 4706 1784 4782 negatis.
2186 4697 2313 4791 Post
2339 4693 2663 4791 aliquotque
2687 4686 2809 4741 c‘ies
2831 4685 2961 4783 hinc
2983 4683 3199 4791 sistitur
3228 4686 3354 4735 ante
3382 4677 3645 4791 tiibu‘tlal,

462 4813 522 4866 1n
552 4763 673 4882 qu;
685 4807 924 4862 victores
951 4802 1240 4874 veterique
1271 4763 1525 4870 nolvaque
1553 4763 1848 4853 coFuscant
2187 4783 2424 4837 Scitatur
2452 4775 2625 4832 semel
2647 4784 2812 4846 atque
2852 4773 3072 4835 iterum,
3104 4769 3379 4839 duratque
3402 4763 3609 4819 fidelis.

2189 4874 2231 4882 --
2333 4871 2344 4882 ο
2471 4868 2482 4882 ι
2594 4868 2605 4882 ι
2685 4865 2716 4882 ι·
2753 4864 2800 4882 ﬂ,
2841 4862 3043 4882 ἰα-43-
3086 4877 3107 4882 -
3145 4857 3546 4882 2--,.12-Αἷ..ι.ρ..-η

463 4857 607 4976 Lege
636 4899 844 4960 Patres,
876 4909 1110 4966 quorum
1138 4857 1344 4962 paucos
1369 4857 1606 4942 coluisse
1640 4883 1813 4939 relatu
2189 4874 2306 4928 Mox
2327 4868 2521 4944 jugulo
2555 4865 2720 4939 plecti
2751 4862 3050 4918 furibundo
3083 4877 3114 4915 a
3140 4859 3328 4929 judice
3353 4857 3549 4927 jussus

1590 4973 1624 4976 --
2191 4965 2226 4976 τ.
2567 4958 2578 4976 .
2778 4954 2986 4976 ,μεως
3024 4953 3142 4976 ιη,
3178 4951 3441 4976 “LM,”

461 4951 753 5045 liieofat—eor
776 4951 987 5048 stricto,
1020 4951 1206 5051 lepida
1236 4993 1342 5032 nec
1371 4977 1492 5031 luce
1515 4973 1709 5045 polito,
2051 4983 2054 4986 λ
2191 4962 2500 5019 Percutitur
2529 4958 2736 5034 gladio,
2769 4954 2988 5026 capitali
3024 4953 3146 5027 lege
3177 4951 3464 5006 subactus.

465 5078 596 5132 Nam
623 5076 754 5130 licet
783 5041 1025 5141 antiquis
1041 5041 1348 5140 pictoribus
1371 5041 1534 5134 atque
1555 5061 1734 5133 poetis
2190 5057 2324 5111 Tum
2356 5070 2425 5108 ne
2457 5051 2793 5106 deturhumo
2815 5051 3034 5101 servant
3056 5043 3284 5100 custode
3307 5041 3564 5106 cadaver,

465 5169 731 5237 Qumlibet
761 5137 1001 5221 audendi
1033 5137 1210 5219 fuerat
1239 5158 1519 5232 quondam
1539 5172 1695 5228 aqua
1714 5157 1978 5226 potestas,
2137 5215 2142 5220 ι
2188 5150 2549 5219 Reticuloque
2578 5147 2740 5202 situm
2770 5143 2927 5198 salsis
2958 5142 3122 5196 maris
3152 5139 3365 5194 inditur
3387 5137 3579 5190 undis.

464 5266 646 5320 Pauca
665 5262 841 5334 magis
869 5259 1086 5330 cupiam
1128 5255 1382 5322 strictim,
1405 5252 1504 5308 sed
1530 5268 1659 5307 vera
1691 5247 1956 5320 profatus,
2190 5245 2315 5300 Post
2349 5243 2588 5298 triduum
2621 5255 2861 5294 mersum
2897 5251 3209 5308 corpusque
3251 5239 3531 5303 caputque
3565 5231 3775 5286 deorsum

465 5356 700 5408 Sirmate
727 5363 891 5418 quam
911 5347 1078 5420 longo
1111 5344 1343 5416 reperiri
1373 5341 1511 5397 falsa
1543 5347 1784 5396 secutus.
2195 5335 2468 5401 Reticulo,
2509 5333 2606 5389 sed
2640 5332 2742 5388 sub
2775 5328 2989 5386 Domini
3034 5328 3234 5384 virtute
3266 5325 3485 5380 revulso

466 5439 625 5494 Unde
655 5450 760 5487 nec
785 5436 978 5490 admisi
1009 5446 1069 5490 ut
1095 5449 1351 5489 canerem
1385 5430 1692 5486 certamina
1723 5441 1956 5498 quorum
2112 5490 2158 5498 _‘
2194 5426 2416 5481 Sacrata
2449 5423 2613 5493 capiti
2645 5419 3012 5475 redhibentur
3042 5415 3286 5471 membra
3316 5412 3464 5467 beati

465 5531 585 5585 Non
621 5523 810 5576 titulos
832 5525 942 5580 ulla
981 5526 1166 5581 inveni
1199 5527 1254 5580 in
1287 5525 1518 5599 regione
1548 5490 1765 5577 notatos
2112 5490 2169 5557 D
2195 5516 2256 5570 Et
2281 5490 2531 5585 scapulis
2540 5511 2720 5568 cervix
2752 5508 2982 5565 servatis
3005 5505 3256 5580 jungitur
3283 5504 3427 5558 ictus

465 5619 688 5675 Incerta
716 5626 1015 5678 quorumve
1046 5617 1312 5688 leguntur
1337 5616 1405 5670 ab
1437 5615 1572 5670 urbe
1601 5609 1883 5683 triumphi.
2195 5608 2443 5674 lndiciis,
2476 5613 2761 5677 totumque
2789 5601 2954 5658 simul
2977 5607 3266 5656 revocatur
3298 5612 3478 5651 arenae

457 5707 773 5774 Propterea
803 5700 1028 5761 Fabium
1061 5686 1290 5762 rutilant
1327 5705 1621 5774 solemnia,
1653 5705 1811 5773 cujus
2195 5702 2470 5765 Littoreaa,
2509 5696 2735 5753 blandis
2766 5693 2923 5751 oneri
2941 5689 3331 5748 famulantibus
3356 5686 3552 5752 undis,

457 5799 736 5855 Extrema
763 5800 887 5842 cum
915 5793 1048 5848 solis
1078 5794 1304 5849 humum
1334 5795 1449 5851 face
1475 5794 1651 5848 Julius
1672 5792 1779 5847 urit
2213 5790 2542 5863 lntegroque
2573 5785 2650 5856 pii
2683 5785 2862 5840 cultus
2889 5781 3154 5853 sepelitur
3181 5781 3412 5833 honore.

456 5884 747 5939 Caesarea?
771 5882 1030 5946 expositae
1054 5895 1164 5935 non
1195 5883 1596 5954 assignavimus
1615 5880 1758 5945 urbi,
