3874 6438
175 372 277 427 549
727 370 811 425 DE
849 370 1213 429 TRIUMPIIIS
1254 373 1508 430 CHRISTI
1550 375 1922 432 ΑΝΤΙΟΟΗΙΑΞ
1962 379 2183 434 GESTIS
2226 379 2402 436 LIBRI
2442 379 2594 436 DUO.
2633 412 2705 423 —-
2744 382 2869 439 LIB.
2913 383 2955 438 I.
3404 391 3514 445 550

1670 507 1885 563 CAPUT
1927 510 2013 563 Vl.

1483 608 1562 668 De
1594 619 1805 670 sancta
1854 610 2200 674 Theodosia.

169 716 297 770 lluic
323 715 450 770 data
481 730 592 770 non
623 714 750 769 urbi
773 730 804 769 a
825 714 988 770 nobis
1012 715 1325 772 Theodosia
1354 715 1508 790 virgo
1802 727 1853 792 Α
1887 721 2081 776 Omnia
2108 738 2230 794 quae
2262 722 2463 779 virtute
2496 725 2591 779 Dei
2623 725 2873 796 disrupta
2902 726 3185 784 facessunt

170 808 401 874 Constat,
445 807 840 879 Cappadocum
869 808 1076 882 legitur
1094 808 1244 880 quod
1266 808 1451 863 sidera
1479 817 1639 865 nacta
1884 809 2132 876 Vincula,
2153 811 2249 865 sed
2276 811 2474 868 vinclis
2502 821 2677 868 semet
2707 814 2831 869 sine
2856 817 3129 886 compede
3158 827 3339 873 servat

170 903 453 958 Caesariea:
491 903 716 959 tradunt
742 910 929 959 tamen
958 903 1103 958 hanc
1133 902 1264 975 quia
1295 903 1532 974 plurima
1560 912 1716 979 gesta
1884 897 2150 973 Mergitur
2176 899 2305 954 hinc
2330 900 2464 969 alto,
2498 918 2698 975 magna
2714 902 2823 957 sibi
2855 921 2994 975 rupe
3026 904 3227 980 ligata;

171 995 419 1051 Caasareaa
441 1011 568 1051 esse
594 995 911 1063 Palestinaa,
941 1010 1282 1051 memorasse
1304 995 1537 1053 videbor
1892 994 2065 1056 Qoam
2091 1006 2215 1047 mox
2244 991 2585 1049 incolumem
2614 994 2775 1050 siccis
2806 1012 2956 1052 mare
2988 998 3168 1055 reddit
3196 1002 3400 1059 arenis.

169 1087 308 1143 Hanc
334 1087 424 1143 vel
457 1086 570 1141 ﬁne
599 1086 750 1142 libri.
783 1088 914 1153 Qum
943 1086 1361 1144 confessoribus
1390 1087 1536 1144 ultro
1865 1091 1869 1094 ’
1893 1085 2319 1161 Snbrigiturque
2348 1085 2500 1153 feris,
2533 1086 2707 1142 illaesa
2734 1088 2832 1142 sed
2864 1088 2975 1143 exit
3002 1089 3073 1144 ab
3113 1091 3272 1164 ipsis,

170 1179 235 1233 Se
271 1178 489 1234 socians
519 1176 745 1248 Christi,
776 1177 880 1233 sdb
902 1178 1053 1234 cmde
1080 1178 1407 1234 Diocletiani
1895 1176 2051 1241 Quod
2082 1194 2230 1234 mare
2256 1177 2517 1250 quodque
2550 1176 2676 1232 ferte
2707 1176 2881 1234 vitant
2911 1178 3155 1249 explere,
3187 1184 3410 1241 satelles

169 1267 290 1321 Octo
308 1266 621 1337 decemque
651 1280 852 1340 gerens
876 1265 1077 1320 caelebs
1116 1265 1353 1321 feliciter
1381 1280 1577 1335 annos,
1895 1266 2136 1323 Funesto
2163 1276 2423 1338 properat
2447 1265 2657 1341 gladio,
2690 1284 2851 1338 quem
2886 1268 3009 1324 laeta
3030 1270 3271 1342 recepit:

170 1354 328 1409 Tenta
358 1363 415 1410 at
435 1354 508 1408 ab
529 1352 750 1409 Urbano
782 1352 1065 1424 praefecto,
1086 1352 1319 1408 verbere
1345 1370 1505 1422 cmsa,
1896 1354 2332 1428 Ultroneumqne
2359 1355 2550 1410 hilaris
2573 1355 2767 1412 victrix
2797 1356 3049 1429 implevit
3085 1377 3319 1433 agonem

172 1443 406 1515 Equuleo
427 1457 722 1514 suspensa,
753 1440 895 1497 truci
925 1441 1168 1497 cruciata
1194 1441 1397 1515 rigore,
1892 1445 2032 1501 Ante
2052 1446 2313 1501 thronum
2343 1445 2542 1517 Sponsi
2577 1445 2822 1503 referens
2851 1446 3052 1504 festina
3084 1456 3310 1523 tropaea.

172 1535 388 1592 Carcere
420 1535 479 1590 in
506 1534 769 1602 obscuro,
796 1532 944 1590 ferro
958 1532 1198 1590 vincitur
1226 1540 1459 1602 onusta;

548 1876 682 2023 ΒΕ
796 1873 1378 2024 TRIUMPIIIS
1497 1874 1923 2023 CHRISTI
2033 1876 2651 2029 ANTIOCHI/ll
2777 1882 3137 2031 GESTIS

1507 2169 1852 2271 LIBRI
1927 2176 2190 2275 DUO

832 2508 1455 2596 PBEFATIO
1523 2509 2168 2624 SEQUENTIS
2236 2510 2852 2601 OPUSCULI.

277 2864 567 2937 Temporis
593 2863 765 2936 prisci
794 2878 1055 2934 proceres
1086 2863 1406 2919 Damascum
1826 2872 1876 2939 Β
2007 2868 2150 2924 Tum
2175 2869 2326 2926 ferax
2357 2888 2675 2929 accrescere
2704 2874 3089 2946 praeminentis

276 2954 541 3041 Dixerant
579 2953 800 3041 culmen
827 2952 1021 3022 Syrias,
1053 2960 1333 3025 caputque
2009 2963 2197 3020 Tritici
2225 2965 2402 3040 surgit
2430 2982 2613 3041 seges,
2643 2984 2707 3023 ac
2731 2967 2937 3023 referre

276 3041 450 3096 Patris
482 3040 720 3097 Abrahae
748 3040 1011 3096 Chanami
1042 3049 1292 3097 vecatam
2010 3054 2341 3126 Centuptum
2371 3040 2528 3110 caelis
2557 3057 2834 3126 patienter
2862 3066 3022 3113 aucto

491 3136 652 3192 Prole
683 3137 1028 3191 Damascum.
2227 3141 2455 3216 Mergite
2484 3141 2744 3199 fructum.

282 3222 455 3279 Cessit
484 3230 541 3278 at
570 3230 865 3296 postquam
893 3223 1065 3295 patris
1090 3224 1374 3281 aSeleuco
2009 3232 2250 3304 Spiritus
2280 3231 2456 3290 sancti
2485 3235 2692 3290 radiata
2725 3234 2869 3302 luce,

282 3312 490 3369 Civitas
507 3320 595 3369 est
613 3314 868 3370 Antiochi
890 3314 1091 3371 decore
2012 3320 2239 3375 Intuens
2271 3327 2382 3376 toto
2405 3320 2540 3377 orbe
2570 3322 2772 3377 famem
2790 3322 3054 3391 futuram,

281 3404 526 3474 Structa,
556 3421 721 3478 quam
755 3414 968 3462 cunctae
999 3406 1169 3478 Syriae
1199 3406 1446 3464 eminere
2012 3407 2242 3464 Fertiles
2271 3416 2447 3464 certat
2476 3410 2738 3466 Solimam
2761 3412 3014 3483 patronis

495 3500 688 3556 Maluit
716 3508 929 3557 auctor.
2229 3497 2392 3553 Ferre
2416 3498 2714 3570 maniplos.

280 3589 468 3663 Nuper
496 3592 610 3647 huc
636 3592 836 3648 Christi
873 3592 1061 3647 famuli
1094 3592 1346 3649 feruntur
2012 3585 2146 3640 Nam
2178 3586 2487 3658 prophetia:
2514 3603 2741 3660 quoque
2771 3589 2919 3658 dona
2949 3590 3187 3663 sumpsit

279 3683 480 3739 Territi
512 3683 692 3755 prima
713 3676 1073 3740 tribulatione
2012 3676 2256 3733 Muneris
2284 3678 2640 3747 charismate,
2674 3696 2804 3752 quo,
2840 3681 3053 3738 tributo

277 3773 392 3838 Qua
431 3774 589 3845 pium
620 3779 835 3828 constat
854 3773 1195 3845 Stephanum
1229 3782 1463 3830 cruento
2017 3767 2312 3839 GentinS,
2338 3770 2529 3826 Judaaa
2557 3780 2727 3840 caret,
2758 3772 2955 3828 salutis

499 3868 783 3924 Grandine
813 3885 1090 3941 pressum.
2235 3862 2408 3919 Fonte
2434 3874 2656 3940 negato.

279 3959 416 4016 llinc
434 3961 532 4016 via
563 3960 708 4016 facta
737 3961 916 4035 geruli
948 3960 1144 4016 fideles
2017 3954 2163 4010 Urbe
2188 3971 2298 4026 pua
2322 3956 2626 4011 certamina
2654 3964 2784 4013 sunt
2814 3958 3004 4014 labore

274 4047 413 4104 Huic
438 4048 631 4105 ferunt
651 4049 777 4105 urbi
808 4049 995 4105 radios
1012 4048 1161 4104 beati
2015 4043 2179 4099 Plura
2211 4044 2491 4101 decertata
2518 4045 2632 4116 pio,
2665 4044 2863 4102 fideles

278 4138 552 4207 Luminis,
575 4140 816 4196 fecunda
846 4140 942 4195 Dei
963 4147 1217 4196 serentes
1242 4141 1246 4144 ’
2016 4135 2172 4192 Clara
2202 4137 2327 4209 quis
2355 4136 2551 4192 Christi
2592 4137 2845 4195 referunt
2873 4139 3083 4196 alumni

496 4229 724 4285 Semina
752 4228 931 4285 verbi.
1840 4269 1890 4338 Ο

496 4317 571 4338 -2-
601 4316 704 4338 2-...
741 4315 832 4338 I----
881 4316 1124 4338 Α---ι--8-
1153 4315 1355 4338 D----n!_

1840 4269 1890 4338 Ο
2238 4223 2469 4280 Praemia
2489 4225 2670 4299 regni.

1153 4315 1355 4338 B----n:_
2025 4312 2061 4338 D
2096 4312 2294 4338 ...-!l...-
2320 4314 2505 4338 ...ηιιζι-
2556 4314 2670 4338 --.2-

282 4315 463 4388 C(epit
482 4317 576 4373 hic
597 4316 710 4389 jam
741 4315 858 4381 lux,
881 4316 1127 4373 tenebris
1152 4315 1376 4390 fugatis,
1840 4312 1890 4338 υ
2025 4312 2063 4367 Ε
2094 4312 2297 4384 quibus
2320 4314 2528 4382 multis,
2552 4314 2684 4386 quia
2710 4314 3007 4371 Christiani

281 4405 596 4475 Splendide
635 4405 855 4481 fulgens
882 4406 1020 4462 adeo
1050 4407 1278 4473 micare,
2024 4402 2275 4459 Nominis
2304 4403 2427 4459 fons
2459 4404 2549 4459 hic
2575 4411 2632 4460 et
2659 4405 2817 4479 origo
2849 4406 3044 4478 coapit,

281 4496 506 4553 Nemini
547 4505 609 4553 nt
640 4497 947 4569 primordia
977 4497 1294 4553 Christiano
2024 4494 2161 4552 Post
2191 4496 2511 4554 Palaestinos
2536 4497 2779 4554 breviter
2803 4499 3117 4570 triumphos

505 4588 646 4644 Urbs
673 4588 833 4645 daret
860 4589 984 4645 ista.
2240 4585 2481 4641 Paucula
2511 4592 2757 4662 tangam.

1152 4720 1600 4853 INCIPIT
1666 4757 2022 4847 LIBER
2086 4752 2561 4842 PRIMUS.

1602 4940 1813 4999 CAPUT
1852 4937 2134 4994 PRIMUM.

187 5078 323 5137 Urbs
351 5089 517 5140 nacta
547 5081 802 5139 Antiochi
834 5098 1038 5139 nomen
1083 5080 1154 5137 de
1184 5080 1408 5137 nomine
1434 5079 1602 5156 regis,
1828 5089 1888 5159 D
1915 5074 1977 5129 Et
2005 5071 2445 5129 Machabmorum
2479 5072 2673 5129 recolit
2702 5071 2973 5129 solemnia
3004 5072 3228 5129 fratrum
3255 5090 3269 5128 :

188 5170 360 5227 Sortis
379 5173 707 5245 apostolicae
745 5173 964 5247 magnis
989 5173 1256 5229 instructa
1284 5171 1597 5247 magistris;
1913 5167 1953 5221 A
1985 5166 2191 5238 quibus
2214 5165 2456 5236 antiquae
2487 5165 2619 5220 dum
2660 5164 2973 5220 testificatio
3006 5165 3150 5239 legis

188 5263 437 5321 Icrarcha
467 5265 654 5333 Petro,
684 5266 772 5322 hic
801 5266 981 5338 prima
1010 5265 1293 5321 residente
1311 5264 1595 5327 cathedra,
1914 5256 2147 5312 Fortiter
2171 5256 2456 5322 asseritur,
2484 5263 2658 5311 matre
2690 5257 3014 5311 exhortante
3039 5255 3217 5319 beata.

187 5350 441 5410 Praesulis
467 5361 527 5410 et
557 5355 711 5431 digni
741 5354 987 5412 officium
1019 5356 1252 5412 solerter
1279 5362 1505 5429 agente,
1913 5347 2014 5402 PFO
2050 5346 2368 5420 legislalm‘e
2396 5347 2508 5403 Deo
2538 5355 2685 5403 Stant
2722 5347 2918 5403 Ultima
2950 5347 3114 5419 PaSSi.

186 5440 357 5513 Atque
377 5443 589 5499 scholae
618 5445 785 5500 Paulo
809 5444 977 5501 docili
1005 5444 1247 5501 caelestis
1276 5445 1523 5513 alumno,
1915 5438 1979 5494 Et
2006 5438 2137 5511 quia
2163 5454 2263 5510 pro
2292 5447 2442 5493 casta
2471 5438 2719 5494 mandati
2744 5440 2868 5514 lege
2890 5449 3174 5504 necantur,

189 5530 448 5608 Egregius
478 5534 748 5604 celebrat,
791 5535 1002 5592 Christo
1029 5536 1292 5602 donante,
1325 5534 1667 5605 triumphos;
1915 5528 2110 5583 Christi
2139 5535 2268 5584 sunt
2296 5535 2484 5596 testes,
2516 5528 2721 5586 veteris
2748 5530 2844 5601 qui
2887 5530 3026 5604 legis
3054 5530 3291 5587 habetur

188 5623 520 5696 Martyribus
551 5624 727 5692 factis,
756 5626 860 5683 isto
889 5627 989 5682 sed
1018 5627 1243 5683 nomine
1270 5642 1373 5681 nec
1392 5626 1525 5680 dum
1912 5622 2064 5678 Finis
2084 5622 2535 5694 principiumque
2567 5638 2744 5691 novae,
2775 5624 2974 5695 probat
2998 5634 3192 5681 auctor
3221 5626 3462 5699 utrique.

187 5712 377 5787 Dictis,
408 5716 664 5788 martyrii
695 5732 917 5790 quoque
942 5717 1036 5773 dat
1065 5724 1384 5774 reverenter
1411 5717 1705 5783 honorem,
1913 5715 2015 5780 Qui
2044 5730 2201 5772 sacra
2230 5713 2360 5770 dum
2400 5721 2618 5770 certant
2655 5729 2767 5772 non
2795 5716 3051 5786 abjurare
3077 5724 3326 5788 paterna,
