3874 6438
426 388 525 447 551
1192 391 1557 447 FLODOABDI
1600 391 1902 448 CANONICI
1945 392 2278 469 REMENSIS
2320 394 2653 451 OPUSCULA
2693 394 3002 451 METRICA.
3680 399 3785 452 ὅδὲ

428 515 675 571 Interimi
709 530 812 570 nec
840 515 1028 571 seduci
1069 515 1282 572 vincive
1316 518 1601 586 valebant;
2071 529 2115 594 Α
2146 521 2415 577 Victorem
2448 538 2639 594 regum
2662 528 2887 593 superat
2909 520 3178 593 patientia
3207 520 3457 577 fratrum.

428 608 714 664 Terrorem
736 608 881 682 regis
903 624 1197 679 puerorum
1233 619 1455 680 pectora
1485 610 1764 683 frangunt,
2149 613 2299 667 Haud
2326 614 2551 668 dubium
2574 629 2672 684 pro
2693 613 2817 686 lege
2845 613 2940 668 Dei
2972 613 3120 685 quod
3145 614 3295 669 caede
3327 615 3618 685 perempti

340 775 348 785 '
432 701 614 755 Munia
644 716 748 755 nec
775 700 935 774 legis,
957 702 1215 756 tormenti
1257 702 1512 757 machina
1542 703 1703 776 fregit
2147 706 2184 758 A
2226 704 2465 761 Domino
2498 705 2638 779 legis
2668 706 2890 776 capient
2920 703 3012 776 pia
3043 705 3269 776 praemia
3299 706 3490 774 morti,

429 790 602 856 Quem
618 790 845 847 vincunt
864 791 1019 862 pueri
1040 791 1295 848 barbatos
1315 793 1525 849 vicerat
1542 794 1759 862 hostes;
2148 797 2443 854 Sumentes
2474 813 2685 869 roseas,
2718 798 2931 854 Christo
2971 798 3271 866 tribuente,
3301 814 3563 855 coronas.

1754 970 1763 984 ,
1936 915 2147 972 CAPUT
2191 918 2258 973 Il.

1754 1016 1828 1075 De
1870 1016 1911 1074 Α
1921 1016 2068 1093 gabo
2107 1017 2422 1093 propheta.

431 1121 527 1177 llic
556 1120 724 1194 Agabi
757 1122 968 1193 pollent
995 1124 1168 1180 sancti
1198 1131 1552 1181 monumenta
1572 1125 1877 1196 prophetae,
2148 1125 2376 1193 Iudaeis,
2408 1125 2612 1193 ablata,
2645 1126 2748 1197 piae
2773 1126 2871 1182 sed
2910 1126 3111 1182 tradita
3149 1127 3302 1203 genti
3330 1144 3344 1182 :

431 1214 605 1286 Inque
636 1214 756 1271 rudi
787 1220 1131 1281 testamento,
1161 1214 1248 1269 cui
1282 1214 1457 1289 gratia
1473 1223 1656 1269 vatum
2153 1220 2358 1275 Lumen
2386 1220 2454 1274 ab
2499 1221 2742 1275 Hebrzeis
2764 1229 3045 1277 extrusum
3068 1221 3331 1293 gentibus
3353 1226 3562 1276 ortum.

432 1306 635 1361 Enituit
663 1313 931 1373 veterum,
960 1305 1109 1361 claro
1130 1312 1358 1360 ventura
1389 1304 1629 1360 canenti.
2152 1307 2248 1363 llic
2274 1316 2465 1364 sancto
2497 1308 2700 1363 cecinit
2728 1307 2896 1364 Paulo
2926 1324 3028 1363 sua
3065 1308 3245 1365 vincla
3270 1324 3536 1374 manere;

432 1396 527 1449 Ille
558 1395 756 1450 famem
789 1395 979 1450 multis
1009 1395 1335 1466 preedixerat
1365 1402 1491 1449 ante
1525 1394 1723 1449 diebus
2151 1398 2313 1469 Cujus
2342 1399 2651 1471 corripiens
2681 1416 2897 1466 zonam,
2931 1400 3252 1472 palmasque
3280 1400 3608 1473 pedesque,

429 1484 558 1550 Quae
585 1485 783 1555 pressit
813 1491 1010 1548 totum,
1044 1492 1239 1556 regnat
1268 1484 1399 1538 dum
1433 1483 1711 1550 Claudius,
1747 1483 1940 1538 orbem
2150 1488 2405 1544 Devinxit
2439 1488 2571 1558 sibi,
2601 1489 2912 1546 vaticinans
2937 1489 3018 1546 sic
3045 1505 3167 1545 esse
3194 1490 3483 1562 ligandum

429 1574 674 1647 Namque
706 1575 1019 1646 prophetali
1053 1575 1248 1646 pulsus
1280 1591 1404 1630 cum
1423 1591 1673 1642 munere,
1706 1575 1851 1631 dona
2156 1580 2213 1634 In
2241 1580 2447 1636 Solima
2479 1580 2722 1650 fratrem,
2747 1582 2902 1652 cujus
2931 1582 3209 1639 vincimen
3241 1582 3298 1637 id
3327 1590 3497 1638 esset.

431 1666 545 1723 lluc
572 1684 603 1723 a
622 1667 813 1723 Judasa
838 1666 1204 1724 manifestans
1224 1668 1415 1723 C(elica
1441 1667 1611 1733 venit,

1931 1802 2138 1858 CAPUT
2178 1804 2273 1859 Ill.

1527 1905 1607 1965 De
1648 1905 1969 1980 Manahen,
2018 1907 2270 1967 Procoro
2312 1916 2367 1966 et
2406 1906 2667 1969 Joanna.

433 2011 531 2067 llic
560 2012 724 2067 etiam
759 2011 1049 2078 Manahcn,
1069 2011 1164 2084 qui
1192 2012 1564 2067 collactaneus
1594 2013 1701 2084 ipsi
2083 2022 2132 2089 ί)
2158 2015 2327 2079 Quam
2353 2015 2604 2070 meminit
2628 2014 2801 2069 Lucas
2828 2014 3043 2069 Domini
3069 2014 3301 2087 vestigia
3330 2013 3530 2068 Christi

430 2103 703 2159 Scribitur
727 2104 947 2173 Herodi,
981 2105 1173 2160 doctor
1198 2104 1363 2159 simul
1392 2113 1556 2176 atque
1589 2106 1878 2176 prOpheta,
2158 2105 2454 2172 Sectatam,
2482 2104 2763 2175 sociisque
2794 2103 3013 2175 ipsique
3036 2102 3204 2157 fuisse
3228 2102 3561 2157 ministram.

429 2197 489 2249 In
522 2196 733 2251 Christo
748 2196 895 2251 clara
921 2197 1223 2252 tumulatus
1248 2205 1394 2251 sorte
1415 2197 1665 2268 quiescit.
2161 2196 2307 2251 Hanc
2328 2212 2549 2268 quoque
2580 2196 2850 2251 Procorus
2881 2194 3131 2250 habitare
3153 2195 3422 2250 diaconus
3450 2192 3654 2248 urbem

429 2287 691 2361 Conjugis
713 2288 804 2343 hic
832 2289 1046 2356 Chuzae,
1080 2290 1173 2361 qui
1205 2289 1334 2345 olim
1368 2296 1588 2347 curator
1617 2289 1799 2345 alebat
2156 2288 2390 2363 Detegit,
2421 2289 2549 2346 ﬁdei
2582 2291 2801 2358 merito,
2832 2290 3130 2346 virtutibus
3160 2297 3325 2362 atque

431 2380 722 2451 Ilcrodem,
755 2390 959 2452 pariter
988 2383 1306 2440 recoluntur
1331 2384 1469 2470 festa
1488 2384 1737 2441 Joannze.
2156 2384 2416 2440 Pluribus
2434 2385 2691 2459 insignis,
2723 2385 2815 2442 hic
2835 2392 2890 2441 et
2915 2385 3216 2457 complevit
3235 2400 3492 2460 agonem.

1906 2513 2137 2570 uCAPUT
2177 2515 2263 2571 IV.

1763 2618 1840 2677 De
1882 2618 2112 2679 Evodio
2156 2620 2444 2698 episcopo.

503 2726 639 2782 Huic
660 2726 874 2797 primus
906 2725 1129 2797 praesul,
1161 2733 1284 2795 post
1313 2724 1556 2790 Petrum,
1590 2723 1827 2779 Evodius
1856 2723 1980 2779 urbi
2155 2724 2280 2795 Ipse
2319 2724 2450 2780 feris
2470 2723 2664 2779 abiens
2695 2722 2997 2779 tradendus
3018 2736 3252 2793 corpore
3278 2719 3505 2776 Romam

428 2823 560 2877 Jura
579 2821 904 2887 sacerdotis,
925 2822 1079 2876 Petro
1103 2820 1379 2885 tradente,
1411 2820 1638 2874 subivit.
2154 2816 2420 2889 Discipuli
2452 2816 2605 2885 estis,
2625 2816 2720 2881 ait,
2746 2815 2888 2870 Petri
2920 2814 3186 2886 Paulique
3209 2812 3386 2869 vocati

430 2913 641 2987 Dignus
666 2928 832 2984 quem
862 2912 1058 2967 Petrus
1086 2912 1178 2967 tali
1211 2911 1443 2967 donaret
1472 2911 1704 2977 honore,
2153 2913 2473 2985 Depositum
2498 2913 2661 2968 vobis
2691 2912 2759 2967 ab
2791 2911 2873 2968 eis
2901 2918 3117 2967 servate
3148 2910 3425 2978 relictum,

430 3008 607 3077 Atque
626 3006 778 3061 vices
808 3006 943 3061 tanti
973 3012 1195 3077 caperet
1225 3005 1459 3077 pastoris
1487 3004 1555 3059 ab
1586 3003 1729 3075 ipso,
2154 3006 2217 3060 Et
2244 3020 2522 3061 memores
2553 3012 2728 3061 estote
2759 3004 2839 3076 pii
2869 3003 3124 3075 pastoris,
3158 3002 3226 3056 ab
3257 3000 3391 3073 ipsis

431 3095 534 3150 Pro
565 3111 734 3169 grege
759 3094 1056 3150 commisso
1086 3094 1213 3150 forti
1242 3094 1336 3165 qui
1368 3093 1568 3151 robore
1593 3094 1767 3151 fretus
2153 3100 2253 3165 Qui
2285 3100 2446 3156 datus
2473 3106 2557 3155 est
2582 3098 2759 3167 vobis,
2793 3114 2897 3153 nec
2921 3096 3328 3155 confundamur
3356 3092 3567 3150 alumni

429 3187 668 3259 Martyrii
695 3187 900 3242 meruit
920 3194 1138 3243 certans
1162 3187 1265 3242 hac
1294 3187 1433 3242 urbe
1459 3203 1735 3244 coronam.
2151 3196 2303 3252 Sicut
2332 3194 2607 3251 adulterio
2646 3193 2890 3265 corrupti
2923 3193 3152 3248 seminis
3181 3191 3308 3248 orti.

430 3276 600 3340 Quam
633 3276 836 3351 dignus
867 3276 1078 3332 merilis
1106 3292 1359 3332 8116058οΓ
1387 3275 1649 3333 Ῑειυάίῧιιε
1678 3274 1856 3345 effert,
2150 3290 2282 3345 T'am
2302 3290 2519 3346 dulcem
2536 3296 2901 3361 sanctumque
2925 3288 3141 3344 Patrem
3154 3287 3252 3343 sed
3270 3284 3524 3342 moribus
3548 3282 3713 3338 almis

432 3365 686 3421 Ecclesia:
714 3366 969 3422 scribens
985 3366 1228 3442 lgnatius
1245 3364 1585 3437 Anticbenaa,

2152 3381 2464 3438 Efﬁciamur
2491 3397 2559 3439 eo
2587 3390 2699 3439 tam
2729 3380 2975 3438 castiﬁco
3004 3380 3161 3437 Patre
3193 3379 3370 3454 digni.

1945 3519 2155 3578 CAPUT
2192 3520 2255 3576 V.

1774 3624 1852 3684 De
1893 3631 2099 3685 sancto
2140 3622 2406 3699 Ignatio.

429 3732 539 3790 Hac
568 3732 776 3789 etenim
800 3732 1053 3788 residens
1075 3732 1323 3808 Ignatius
1345 3730 1485 3787 urbe
1512 3729 1741 3797 nitebat,
2082 3738 2133 3808 ρ
2155 3727 2424 3799 Martyrii;
2452 3727 2566 3797 jam
2598 3726 2781 3783 carnis
2803 3726 2887 3782 eis
2908 3723 3124 3782 aﬂ'ectio
3145 3722 3288 3779 desit

431 3826 569 3881 Huic
598 3834 724 3896 post
747 3826 893 3881 hunc
919 3825 1119 3897 prazsul
1151 3823 1282 3879 ﬁdei
1314 3824 1405 3896 pia
1428 3825 1685 3896 dogmata
1714 3823 1946 3892 dedens,
2157 3817 2295 3890 Erga
2320 3832 2402 3885 se,
2437 3832 2631 3888 ptenas
2648 3815 2811 3870 hilari
2842 3814 2936 3888 qui
2957 3813 3122 3871 corde
3142 3816 3393 3883 receptet

428 3916 600 3971 Morte
631 3915 982 3986 triumphata,
1014 3931 1176 3986 quem
1209 3929 1267 3968 se
1297 3913 1503 3969 vidisse
1534 3912 1754 3981 fatetur,
2163 3933 2185 3961 ι
2229 3912 2367 3967 Ecce
2398 3912 2686 3976 salutares,
2723 3910 2923 3983 inquit,
2963 3908 3102 3963 mihi
3132 3921 3300 3962 nosco
3326 3905 3565 3960 ferarum

429 4013 675 4084 Sumpsit
704 4011 1011 4083 apostolico
1042 4011 1228 4067 socius
1255 4026 1376 4082 quze
1401 4017 1658 4066 strenuus
1679 4024 1796 4065 ore.
2157 4003 2359 4059 Exacui
2388 4003 2603 4070 dentes,
2635 4002 2884 4070 veniant,
2916 4001 3005 4056 his
3035 4000 3297 4058 carnibus
3330 3998 3430 4066 uti,

429 4105 629 4161 Audito
659 4104 816 4173 cujus
846 4102 1054 4159 celebri
1088 4118 1308 4158 rumore
1338 4110 1585 4169 senatus,
2157 4095 2372 4161 Qumso,
2395 4094 2534 4150 meis
2563 4094 2730 4150 liceat
2759 4094 2932 4163 diras,
2956 4109 3093 4165 quas
3122 4100 3250 4164 opto
3282 4090 3486 4163 parari,

428 4200 683 4272 Principe
708 4199 939 4267 Trajano
971 4197 1246 4253 fervorem
1277 4197 1477 4269 stragis
1505 4204 1705 4269 agente
2151 4190 2226 4244 Ac
2252 4197 2382 4260 peto
2414 4204 2484 4244 ne
2514 4197 2762 4244 nostrum
2789 4195 3041 4243 metuant
3066 4187 3390 4260 contingere
3417 4201 3647 4256 corpus,

432 4292 489 4345 In
523 4297 763 4354 nostros,
791 4287 983 4343 statuit
1013 4303 1123 4360 qua
1152 4293 1402 4358 pasceret
1430 4302 1525 4341 ora
1550 4286 1789 4341 ferarum
2152 4280 2524 4346 Quorumdam
2550 4280 2721 4337 veluti
2743 4280 2938 4337 crebro
2964 4280 3214 4336 timuisse
3240 4277 3508 4350 patescit:

431 4384 754 4454 Insanzeque
785 4381 942 4436 daret
968 4381 1153 4436 Romae
1175 4379 1454 4450 spetacula
1481 4378 1653 4450 plebi.
2150 4371 2291 4437 Quin
2324 4371 2445 4426 etsi
2467 4371 2746 4435 dubitent,
2784 4386 2887 4446 ego
2914 4386 3024 4437 me,
3049 4369 3269 4425 veniam
3299 4368 3427 4423 date
3448 4367 3707 4423 subdam.

429 4476 732 4548 Abripiiur,
760 4475 1089 4546 vinctusque
1119 4473 1279 4529 dam;-
1301 4472 1626 4528 cusiodibus
1650 4471 1814 4537 num,
2148 4460 2324 4517 Nosco
2356 4460 2491 4533 quid
2532 4460 2788 4531 expediat
2817 4460 2954 4515 mihi
2985 4459 3291 4531 discipulus
3323 4458 3438 4515 fore
3467 4458 3591 4530 [pro
3638 4456 3772 4525 esse]

429 4567 804 4639 Militibusque
835 4566 1027 4621 decem
1049 4564 1338 4619 ducendus
1363 4564 1597 4619 traditur
1626 4562 1778 4619 Urbi.
3477 4549 3700 4621 [Christi

431 4657 532 4722 Qui
562 4657 683 4712 loca
710 4654 1035 4727 praeteriens
1067 4654 1224 4719 Asiae,
1259 4653 1390 4708 dum
1418 4653 1622 4709 εδει-αἰεί
1650 4652 1801 4707 vadit
2152 4644 2308 4700 Nunc
2334 4644 2500 4716 (περὶ,
2520 4660 2630 4700 non
2661 4644 2905 4700 invideat
2930 4659 3096 4715 quem
3125 4642 3418 4714 quisquam
3443 4642 3704 4713 adipisci.

426 4744 674 4819 Navigio,
703 4742 1020 4799 veneranda
1048 4741 1157 4813 piis
1195 4742 1287 4796 dat
1316 4742 1532 4796 semina
1554 4741 1733 4805 terris,
2144 4736 2417 4792 Fornaces
2446 4736 2737 4811 ignesque,
2770 4752 3095 4807 crucesque,
3141 4736 3381 4806 temque
3413 4741 3703 4805 parentur,

427 4836 794 4908 Ecclesiaeque
824 4833 987 4890 docet
1007 4833 1244 4905 p0pulos
1269 4834 1567 4905 persistere
1594 4838 1706 4887 toto
2144 4828 2386 4884 Membra
2414 4828 2771 4897 revellantur,
2801 4836 3141 4900 pateantque
3162 4826 3487 4882 medullitus
3514 4842 3669 4893 ossa;

426 4933 487 4989 In
518 4937 705 4987 sancta
722 4946 846 4987 cum
876 4929 1044 4985 corde
1069 4927 1199 4995 ﬁde,
1233 4928 1405 4985 vitare
1424 4927 1687 4999 profanas
2147 4922 2206 4976 In
2230 4938 2320 4977 me
2345 4921 2609 4992 supplicii
2638 4920 2950 4978 conﬂantur
2977 4919 3180 4977 robora
3210 4919 3426 4983 cuncti,

425 5026 553 5091 Qua)
581 5032 713 5080 tunc
744 5022 1052 5078 extulerant
1078 5020 1300 5076 hereses
1329 5027 1494 5090 caput
1515 5034 1611 5074 ore
1633 5018 1903 5090 chelydri,
2074 5075 2125 5091 ﬂ
2151 5013 2216 5068 Ut
2246 5014 2413 5069 modo
2438 5013 2751 5084 pervaleam
2777 5012 3052 5068 Christum
3072 5010 3474 5083 comprendere
3504 5011 3711 5067 Iesum.
3746 5031 3771 5060 ι)

426 5075 730 5174 Exhortans
761 5122 822 5170 ut
841 5112 1162 5186 apostolicis
1188 5075 1481 5168 nexamine
1516 5110 1640 5166 forti
1760 5075 1778 5090 ν
1889 5075 1902 5086 1
2074 5075 2131 5144 D
2224 5106 2356 5160 Inde
2386 5104 2530 5160 datis
2563 5105 2805 5176 scriptis,
2835 5105 3135 5177 Polycarpo
3167 5104 3332 5160 tradit
3362 5104 3623 5161 alendam

425 5207 708 5262 Haarerent
736 5202 983 5270 monitis,
1025 5203 1220 5259 horum
1263 5207 1539 5273 praecepta
1565 5200 1739 5256 secuti
2152 5194 2472 5260 Ecclesiam,
2505 5203 2747 5265 emptum
2774 5201 3038 5266 repetens
3068 5194 3191 5261 iter,
3225 5194 3627 5252 Antiochenam
3654 5213 3667 5263 ;

422 5295 739 5353 Adveniens
760 5295 1068 5365 Smyrnam,
1092 5291 1379 5366 Polycarpi
1401 5291 1572 5347 fultus
1594 5307 1799 5354 amore,
2150 5290 2213 5345 Et
2240 5289 2472 5345 veniens
2504 5291 2729 5346 Romam
2763 5289 2977 5359 Trajam
3005 5289 3235 5345 sedibus
3265 5297 3424 5345 astat.

422 5387 619 5461 Dirigit
638 5386 769 5441 hinc
798 5388 1071 5457 Ephesum
1102 5388 1321 5460 scriptis
1350 5388 1621 5444 solamina
1652 5387 1827 5444 verbi.
2150 5380 2245 5437 Hic
2271 5382 2489 5436 oblatus
2529 5381 2581 5437 ei
2611 5382 2815 5452 pariter
2853 5381 3133 5437 residente
3166 5389 3360 5437 senatu

423 5477 563 5531 Hinc
589 5472 753 5524 simul
775 5474 1059 5531 instruitur
1082 5477 1383 5551 Magnesia,
1416 5494 1594 5533 necne
1624 5477 1914 5545 Meandcr;
2148 5471 2594 5544 Praeponensque
2627 5473 2722 5526 Dei
2750 5472 2953 5527 cultum
2985 5473 3291 5529 terroribus
3323 5473 3551 5532 horum.

425 5557 685 5617 Ecclesiae
709 5557 899 5613 Trallis
929 5562 1128 5618 dantur
1148 5582 1372 5637 quoque
1403 5568 1618 5621 semina
1639 5567 1781 5621 vitm.
2148 5565 2464 5621 Plumbatas
2491 5567 2732 5638 scapulis
2763 5568 2940 5638 primo
2972 5567 3171 5639 accipit
3202 5568 3407 5623 ictibus
3432 5579 3618 5639 actas;

424 5640 698 5703 Romanis
727 5642 888 5698 etiam
915 5649 1163 5704 scribens
1185 5653 1273 5722 pia
1299 5662 1600 5725 grammata
1630 5656 1813 5709 mittit.
2151 5656 2286 5713 Hinc
2316 5658 2434 5728 cjus
2462 5658 2679 5712 lanians
2718 5659 2863 5714 latus
2897 5660 3102 5733 ungula
3140 5659 3317 5714 sulcat
3348 5667 3671 5734 utrumque,

424 5740 682 5794 Poscens
709 5744 778 5782 ne
803 5747 900 5799 pro
922 5752 981 5790 se
1011 5738 1253 5811 doleant,
1288 5760 1356 5799 ne
1380 5760 1533 5815 Spem
1564 5746 1671 5801 sibi
1699 5747 1892 5802 tollant
2152 5748 2418 5821 Quodque
2436 5750 2675 5807 subinde
2699 5751 2897 5808 fricant
2926 5750 3106 5808 scabri
3130 5751 3412 5825 rigidique
3435 5752 3637 5827 lapilli,
