3874 6396
74 346 198 425 553
656 349 737 403 DE
772 347 1133 403 TRIUMPIIIS
1172 347 1428 403 CHRISTI
1470 349 1844 406 ANTIOCHI/I3
1883 352 2109 407 GESTIS
2151 353 2324 408 LIBRI
2366 356 2518 411 DUO.
2558 387 2628 397 —
2667 357 2792 414 LIB.
2837 361 2875 414 Ι.
3323 366 3425 422 554

84 467 308 523 Deinde
334 468 473 524 volas
494 484 757 524 manuum
781 469 905 525 vivo
928 471 1165 526 carbone
1206 471 1509 541 replentur,
1755 482 1799 544 Α
1831 475 1895 529 Ut
1925 476 2093 547 coepit
2124 475 2394 543 fremitus,
2438 477 2759 552 flagramine
2790 481 2920 536 talia
2951 482 3094 538 fatur

83 561 400 633 lnfusoque
420 561 530 616 olei
548 561 666 617 fotu
699 561 965 635 ﬂagrante
988 578 1196 633 papyro
1830 569 2063 641 Martyrii
2092 578 2147 624 et
2176 585 2382 642 magno
2411 586 2716 626 succensus
2745 588 2931 629 amore
2954 575 3217 649 triumphi
3243 596 3259 633 :

85 653 380 707 Costarum
410 654 576 707 cratis
596 651 939 723 laterumque
956 652 1147 706 arvina
1177 659 1511 721 cremantur,
1828 682 1857 711 α
1895 661 2127 727 Sumite,
2177 660 2444 727 Romani,
2488 669 2728 717 nostram
2778 666 3098 740 quicunque
3140 670 3449 740 palaestram

83 744 231 797 Inde
265 742 583 812 pavimento
608 757 908 813 prunarum
941 742 1256 817 aspergitur
1281 742 1448 814 ignis,
1827 750 2121 820 Spectatis,
2153 748 2451 821 cunctique
2483 749 2605 814 viri,
2635 765 2757 805 mea
2787 755 2988 810 sumite
3020 757 3189 813 verba
3220 775 3236 825 ;

84 833 153 889 Et
179 848 353 902 super
380 833 529 886 hunc
557 838 761 885 sanctae
787 830 1026 885 tolerant
1059 831 1363 920 consistere
1389 832 1614 902 plantae.
1826 843 1942 898 Non
1975 844 2074 899 abs
2103 860 2162 900 τε
2195 846 2393 916 patior,
2426 862 2529 902 nec
2553 856 2779 920 propter
2802 865 2944 904 vana
2965 849 3179 908 laboro.

80 920 228 1011 ΤΠΨ
264 919 487 1011 π’θίῖυίεῖδ
507 920 658 1011 ἱμείο
689 919 861 1011 lem“?
890 918 1221 1011 90‘”dequ
1247 919 1471 1011 δτάεἷηεν
1827 935 1907 990 Me
1931 936 2129 1006 pietas,
2161 952 2271 993 non
2304 918 2842 1011 impietasipe'rducit
2869 941 2938 995 ad
2964 941 3091 1009 ista,

83 1010 327 1065 Vellitus
349 1008 499 1063 unde
531 1009 728 1063 iterum
764 1007 1326 1062 trahiturdiscindere
1354 1008 1577 1063 dorsum

1826 1023 1936 1079 Nec
1964 1034 2193 1096 propter
2222 1025 2572 1094 facinus,sed
2608 1044 2707 1099 pro
2738 1030 2943 1100 pietate
2977 1031 3244 1099 trucidor,

85 1103 314 1177 Ungula
338 1100 650 1155 dilacerans
672 1116 867 1155 carnes
903 1109 958 1154 el
986 1100 1053 1154 ad
1083 1116 1211 1155 Ossa
1242 1107 1548 1187 penetrans
1573 1117 1587 1166 ;
1828 1109 2184 1166 Frumentum
2218 1112 2440 1183 Christi,
2469 1115 2664 1184 fateor,
2694 1133 2783 1172 me
2814 1118 3075 1173 dentibus
3093 1120 3308 1187 harum,

85 1188 374 1253 Quaeritur
402 1187 533 1241 inde
564 1187 743 1254 dolor,
773 1188 992 1258 patiens
1023 1188 1153 1242 dum
1184 1188 1311 1242 talia
1342 1186 1551 1252 suffert,

1828 1205 2060 1261 Mundus
2076 1217 2135 1262 ut
2165 1208 2421 1264 inveniar
2448 1211 2631 1283 panis,
2656 1212 2833 1268 molar
2859 1213 2976 1284 ipse
3009 1213 3268 1270 ferarum.
3316 1239 3340 1263 ι-

85 1282 169 1335 Αο
195 1280 314 1334 Sale
341 1295 465 1333 cum
488 1278 685 1369 ﬂando
706 1280 882 1353 plagae
914 1279 1285 1334 infunduntur
1302 1286 1480 1346 ἃεθῐο,
1827 1295 2083 1350 Permissi
2104 1298 2361 1368 veniunt,
2379 1278 2476 1357 illo
2508 1278 2624 1355 haec
2653 1278 2895 1369 dicente,
2927 1302 3139 1368 leones,

90 1372 223 1464 θείω
237 1383 454 1440 Passus:
480 1366 1027 1464 {Plusqueﬂlilnwsa
1055 1370 1280 1464 ηοῐτοηῗ
1308 1369 1497 1445 fatigat
1827 1385 2240 1460 Praefocentque
2273 1366 2448 1459 pium,
2474 1390 2616 1459 jussi
2645 1366 2981 1464 componere
3012 1366 3236 1464 luctam,

83 1462 357 1517 Tortores
377 1461 652 1528 crucians,
680 1461 885 1535 subigit
909 1461 1222 1537 frangitque
1255 1462 1475 1538 ﬂagella

1830 1478 2035 1534 Caetera
2064 1496 2176 1536 non
2205 1483 2432 1550 audent,
2467 1498 2573 1539 nec
2603 1483 2751 1539 enim
2785 1485 3110 1558 contingere
3127 1502 3322 1542 carnes

87 1555 236 1608 Victi
254 1553 545 1624 ευρριίοἱίε
568 1553 703 1607 lanii
726 1554 937 1609 VinCiI‘e
971 1554 1131 1610 beata
1830 1567 2201 1632 Praesumunt.
2232 1579 2514 1628 tantumve
2537 1573 2661 1629 cibo
2680 1573 2886 1630 violare
2913 1553 3167 1632 cadaver.

91 1646 267 1700 Ferro
295 1643 547 1699 membra
572 1650 790 1734 parant,
823 1645 938 1701 imo
971 1661 1196 1718 quoque
1229 1662 1449 1701 carcere
1478 1646 1724 1715 trudunt,
1830 1655 2038 1712 Mortua
2066 1658 2313 1713 membra
2363 1659 2527 1731 feras,
2589 1663 2755 1718 homo
2803 1678 2927 1734 quae
2975 1663 3331 1732 laceraverat,
3363 1681 3455 1720 ar-

85 1734 619 1827 Constringuntque
634 1732 808 1827 pedes
832 1734 1018 1809 magni
1049 1735 1150 1827 sub
1183 1735 1427 1806 pondere
1460 1736 1617 1810 ligni.
1757 1798 1800 1827 Π
2822 1732 2837 1734 -
3217 1756 3381 1827 [οεημ

86 1827 352 1898 Cumque
392 1824 585 1893 tribus,
617 1825 768 1881 nullo
808 1826 984 1881 victus
1006 1826 1276 1882 solamine
1307 1837 1516 1898 pastus,

1753 1798 1803 1865 Β
1831 1838 1961 1903 Quae
1987 1838 2202 1895 ratione
2234 1838 2432 1914 vigens
2462 1840 2676 1897 ratione
2705 1841 2952 1917 vigentia
2981 1843 3163 1913 torsit,

88 1923 211 1976 Sed
234 1937 421 1993 neque
449 1928 694 1993 potatus,
717 1922 1013 1976 mansisset
1038 1923 1244 1977 athleta
1274 1923 1491 1991 diebus,
1832 1930 1955 1985 Hac
1981 1931 2194 1986 ratione
2221 1948 2417 1986 carens
2444 1933 2656 1989 ratione
2677 1934 2919 1990 carentia
2939 1943 3143 2005 servat,

90 2014 195 2068 llis
226 2012 545 2069 indofessus
573 2012 941 2082 Trujanisede
970 2014 1197 2085 superbi
1834 2021 2282 2094 Christicolisque
2315 2040 2429 2079 sua:
2456 2025 2779 2097 linquuntur
2817 2032 2874 2082 et
2894 2025 3109 2101 integra
3134 2027 3274 2082 sedi.

90 2103 562 2174 Amphitheatrali
596 2101 891 2157 deducitur
920 2112 1045 2157 ante
1070 2102 1332 2169 tribunal,

1833 2113 1956 2168 Haec
1984 2114 2049 2168 ad
2083 2130 2248 2186 quam
2278 2116 2546 2170 revehunt
2575 2117 2806 2172 comites
2827 2116 3032 2174 invicta
3054 2117 3295 2173 ferentes

88 2197 241 2262 Quo,
272 2195 644 2250 Romanorum
685 2201 884 2249 cuncta
912 2202 1243 2267 pr0perante
1274 2204 1513 2263 caterva,
1833 2201 1962 2257 Ossa
1992 2202 2334 2274 triumphati,
2362 2219 2620 2276 proceres
2656 2204 2939 2261 vincentia
2960 2207 3176 2274 mundi,

91 2285 374 2354 Ohjicitur
396 2285 636 2358 geminis
664 2285 767 2340 sub
793 2286 972 2340 vincla
994 2286 1253 2341 leonibus
1283 2298 1461 2356 actus,
1834 2291 2327 2364 Daphniticamque
2353 2292 2537 2348 locant
2553 2304 2708 2348 extra
2732 2294 2825 2365 pia
2845 2294 3081 2369 pignora
3111 2304 3322 2367 portam

90 2379 338 2449 Jamque
366 2377 549 2445 datus,
581 2393 762 2434 caveae
793 2377 1018 2434 rabidos
1048 2379 1237 2435 audire
1278 2379 1517 2436 ferarum
1835 2381 2080 2438 Mortuus
2110 2390 2395 2459 uttegeret
2421 2385 2613 2441 vivens
2641 2402 2806 2458 quam
2833 2394 3051 2443 rexerat
3073 2387 3289 2443 urbem.

1614 2518 1825 2573 CAPUT
1862 2519 1949 2575 VI.

1259 2621 1339 2680 De
1366 2622 1598 2682 Herone
1621 2630 1673 2682 et
1703 2622 2137 2683 successoribus
2164 2623 2316 2699 ejus.

102 2735 387 2810 Angelicis
410 2736 692 2809 quondam
724 2745 1086 2809 conspexerat
1115 2736 1221 2793 iste
1251 2737 1473 2794 choreis
1839 2738 2066 2794 Instruit
2096 2739 2242 2793 hanc
2266 2745 2393 2810 post
2422 2755 2588 2812 quem
2614 2741 2812 2812 praesul
2834 2742 3118 2799 Cornelius
3145 2744 3362 2799 urbem.

104 2831 373 2887 Sidereos
401 2831 606 2886 trinum
626 2832 773 2887 cives
801 2832 1000 2888 eﬂerre
1029 2833 1286 2888 decorem
1312 2851 1327 2899 ;
1836 2828 1969 2883 Tum
2001 2843 2222 2900 quoque
2255 2835 2380 2899 post
2408 2828 2626 2885 Petrum
2654 2831 2884 2902 quintus
2907 2832 2995 2887 hic
3022 2832 3243 2904 prmfuit
3272 2833 3465 2898 Heres,

103 2919 343 2975 Ctelicus
372 2919 692 2991 antiphonis
722 2921 1016 2977 modulans
1042 2921 1323 2985 recinebat
1344 2928 1403 2977 ut
1428 2922 1665 2994 hymnos
1837 2920 2180 2992 Theophilus
2210 2929 2420 2991 sextus,
2446 2925 2672 2997 sapiens
2693 2933 3030 3001 sanctusque
3060 2928 3340 2997 sacerdos,

104 3010 276 3078 Ordo,
310 3018 626 3085 notansque
654 3011 849 3067 modos
880 3011 1154 3084 preprios,
1188 3011 1351 3068 docet
1380 3024 1588 3089 organa
1614 3019 1732 3069 tur-
1839 3010 2004 3079 Cujus
2031 3012 2319 3068 catholicae
2342 3013 2605 3070 doctrinae
2636 3017 2842 3088 scripta
2874 3017 3148 3086 feruntur,

1506 3102 1664 3174 [mas.
1767 3097 1817 3164 C
1844 3101 2050 3158 Contra
2081 3103 2331 3160 diversas
2356 3104 2519 3162 docte
2546 3105 2811 3163 bellantia
2845 3116 3044 3175 sectas,

105 3194 397 3270 Spargitur
424 3193 557 3250 hinc
584 3193 822 3249 celebris
848 3194 1039 3249 mundi
1070 3210 1170 3266 per
1196 3194 1418 3251 climata
1450 3195 1609 3251 ritus.
1845 3194 2246 3269 Hermogenem
2275 3204 2332 3252 et
2359 3197 2605 3270 reliquos
2630 3199 2725 3270 qui
2757 3198 3060 3255 confutavit
3089 3199 3329 3270 ineptos.

107 3286 249 3340 lluic
278 3283 689 3340 manifestatum
722 3284 973 3359 pergenti
1005 3284 1076 3338 ad
1115 3284 1305 3355 praelia
1337 3284 1508 3339 fertur
1844 3284 2294 3359 Congressusque
2325 3286 2506 3356 palam
2538 3287 2821 3357 superavit
2842 3286 2977 3341 falsa
3008 3293 3329 3357 sequentes.

109 3374 245 3443 Ejus
282 3371 602 3444 pontiﬁcem
621 3381 743 3445 post
779 3389 840 3428 se
865 3372 980 3430 fore
997 3373 1148 3428 sedis
1171 3374 1466 3442 Heronem,
1847 3371 1949 3436 Qui
1978 3371 2169 3443 procul
2198 3374 2498 3429 exturbans
2529 3374 2675 3430 docti
2715 3374 3112 3430 celeberrimus
3140 3373 3254 3430 oris

115 3462 278 3517 Utilis
299 3462 473 3535 ipsius
501 3463 599 3535 qui
626 3470 758 3519 tunc
779 3463 942 3518 levita
972 3461 1206 3529 nitebat,
1848 3458 1912 3514 Ut
1941 3458 2177 3533 vigilans
2208 3469 2396 3531 pastor
2420 3460 2591 3516 rictus
2617 3462 2858 3518 clamore
2897 3460 3140 3518 ferarum

113 3553 335 3625 Quique
364 3554 592 3626 gradum
633 3554 803 3630 digne
822 3553 1051 3609 subiens
1071 3551 1301 3622 hujusce
1326 3552 1567 3621 decoris,
1847 3553 2021 3625 Atque
2051 3553 2167 3626 lupi
2199 3554 2396 3610 Christi
2427 3555 2613 3630 gregis
2641 3556 2962 3612 insidiantis
2989 3557 3145 3625 ovili,

118 3643 297 3712 llujus
323 3649 380 3697 et
403 3643 717 3715 exemplum
748 3650 967 3699 sectans
999 3641 1244 3697 imitator
1273 3642 1530 3710 habetur,
1852 3647 2156 3704 Praesentes
2184 3656 2424 3725 vegetat;
2443 3650 2690 3706 venturis
2710 3667 2863 3706 arma
2888 3652 3190 3719 ministrat,

114 3734 338 3806 Proque
367 3734 552 3809 gregis
573 3733 773 3791 Christi
800 3751 931 3791 cura
962 3733 1278 3806 procumbit
1308 3734 1514 3804 alendi,
1845 3737 2260 3815 Ecclesiamque
2285 3742 2381 3799 Dei
2410 3742 2523 3800 vita
2557 3743 2844 3816 verboque
2874 3749 3153 3801 venustat.

1619 3861 1825 3917 CAPUT
1861 3864 1972 3921 VII.

1330 3969 1410 4029 De
1439 3970 1773 4031 Maximino
1802 3979 1855 4031 et
1884 3970 2233 4051 Serapione.

192 4086 337 4142 Hinc
373 4084 701 4141 Maximinus
717 4084 822 4142 rite
838 4091 964 4158 post
984 4086 1266 4157 apostolos
1924 4087 2166 4157 Hujusce
2196 4088 2576 4161 subscripsere
2597 4089 2773 4146 sancti
2800 4089 3050 4163 epistolis

189 4177 297 4243 Qui
326 4178 464 4233 rexit
501 4175 697 4241 urbem
736 4175 909 4232 fertur
938 4176 1100 4232 istam
1126 4177 1419 4249 septimus.
1928 4181 2040 4236 Viri
2076 4183 2316 4254 probati,
2347 4185 2615 4255 praesules
2645 4200 2709 4240 ac
2728 4191 3018 4256 martyres,

191 4268 467 4340 Serapion
497 4274 625 4339 post
648 4268 814 4333 hunc.
837 4265 946 4323 ﬁde
963 4265 1300 4323 clarissimus
1925 4269 2025 4335 Qui
2049 4271 2303 4342 pluribus
2330 4271 2548 4329 fervore
2576 4282 2767 4328 sancto
2799 4273 3138 4345 scriptitans,

192 4363 273 4417 Ac
293 4360 544 4416 eruditus
580 4361 789 4434 regulis
804 4360 1162 4428 authenticis,
1927 4361 2097 4418 Docet
2119 4360 2334 4430 fideles,
2368 4363 2627 4419 inﬁdeles
2652 4363 2852 4437 arguit,

192 4450 406 4516 Quibus
426 4448 629 4505 refutat
654 4449 1034 4521 improborum
1065 4449 1274 4504 manias
1306 4467 1323 4515 ;
1769 4481 1823 4549 Β
1926 4449 2124 4506 Rectos
2144 4458 2348 4519 tuetur,
2378 4450 2666 4507 deviantes
2698 4450 2943 4523 corrigit,

191 4542 298 4608 Qui
337 4557 396 4598 se
426 4542 730 4614 prophetas
754 4541 1081 4612 jactitabant
1110 4540 1357 4613 publice,
1769 4540 1814 4549 “’
1924 4540 2082 4597 Nunc
2111 4548 2237 4614 apta
2277 4541 2524 4610 firmans,
2556 4558 2706 4598 nunc
2735 4543 2926 4615 inepta
2950 4558 3225 4615 respuens
3260 4563 3275 4613 ;

193 4635 414 4691 Sanctis
432 4642 664 4709 agentes
677 4634 895 4691 vatibus
910 4634 1188 4690 contraria
1927 4632 2028 4698 Qui
2049 4631 2297 4688 Martiani
2330 4633 2752 4704 reprehendens
2781 4632 3039 4707 dogmata

194 4728 261 4783 Et
297 4743 501 4799 spurca
529 4726 755 4782 mundis
782 4725 1100 4781 inserebant
1138 4725 1352 4781 semina
1926 4726 2189 4781 Monstrat
2208 4725 2317 4780 sibi
2337 4726 2473 4797 ipsis
2502 4726 2652 4799 quod
2682 4724 2829 4782 sient
2854 4726 3150 4783 contraria.

193 4818 335 4873 Dum
369 4816 556 4872 tritico
585 4820 1022 4891 conspergercnt
1051 4812 1264 4868 Zizaﬂia
1291 4828 1306 4878 ;
1929 4819 2134 4875 Notans
2161 4834 2430 4891 sequaces
2457 4835 2599 4892 quos
2629 4819 2876 4876 dotcetas
2915 4820 3229 4889 nominant,

198 4910 298 4966 Hic
330 4908 637 4964 Maximillae
668 4907 940 4983 detegens
983 4904 1294 4973 mendacia,
1932 4907 2234 4979 Servatque
2262 4909 2474 4983 agellos
2499 4925 2530 4963 a
2549 4908 2794 4983 maligno
2819 4908 3056 4979 semine,

199 5003 423 5058 Honore
449 5000 592 5057 vatis
619 5015 784 5073 quam
813 4999 1075 5055 colebant
1093 4998 1279 5066 inscii,
1935 5000 1995 5054 In
2026 4999 2152 5072 quis
2179 4999 2425 5076 benigna
2455 5001 2737 5058 nutriebat
2756 5001 3026 5076 gramina.

202 5089 462 5148 Ostendit
482 5091 605 5166 ejus
633 5087 972 5144 exsecranda
999 5086 1248 5143 semina.

1637 5154 1849 5214 CAPUT
1888 5159 2027 5214 VIII.

1072 5257 1154 5319 De
1180 5254 1551 5335 Asclepiade,
1586 5257 1842 5334 Phileto,
1876 5260 2157 5322 Zabenno
2186 5268 2241 5321 et
2273 5260 2538 5322 Gemino.

207 5379 309 5435 llic
327 5376 400 5433 ad
429 5391 728 5449 supernam
745 5374 878 5430 dum
897 5373 1129 5430 recessit
1149 5372 1406 5447 patriam,
1942 5374 2366 5448 Congratulatur
2394 5375 2525 5432 huic
2549 5374 2877 5445 Alexander,
2909 5376 3096 5434 datum

207 5468 572 5541 Asclepiades
600 5466 895 5546 praesulatu
917 5458 1164 5541 fungitur
1942 5465 2178 5538 Solymee
2209 5482 2241 5521 a
2260 5466 2372 5521 Deo
2398 5482 2563 5538 quem
2590 5466 2884 5537 praesulem
2914 5467 3274 5545 signavimus.

210 5563 383 5619 Istius
412 5560 589 5626 urbis,
605 5561 750 5618 inter
779 5560 955 5617 almos
990 5559 1201 5616 milites
1942 5557 2138 5614 Solans
2163 5558 2416 5614 alumnos
2443 5557 2597 5613 urbis
2625 5558 2790 5628 hujus
2817 5559 3038 5631 litteris,

214 5652 580 5711 Confessione
609 5653 791 5709 clarus
806 5659 861 5709 et
884 5651 1233 5709 fortissimus.
1951 5669 1977 5701 α
2006 5648 2247 5718 Levavit,
2279 5648 2482 5723 inquit,
2514 5657 2703 5707 nostra
2722 5649 2973 5712 Christus
2991 5653 3210 5711 vincula

483 5816 760 5877 PATROL.
812 5815 1138 5878 CXXXV.
1611 5830 1620 5837 ‘
1848 5882 1859 5893 ,
3090 5816 3161 5879 18
