3874 6404
366 414 474 470 555
1067 408 1436 465 FLODOABDI
1479 407 1782 463 CANONICI
1826 407 2152 463 REMENSIS
2193 408 2532 465 OPUSCULA
2570 410 2882 467 METRICA.
3609 421 3747 474 5356.

437 545 507 598 Et
531 550 682 598 arcta
710 541 957 597 dilatavit
988 538 1422 608 liujuscarceris,
2003 544 2056 611 Α
2151 537 2277 592 Post
2306 555 2470 609 quem
2504 539 2769 606 Philetus,
2795 540 2926 595 hinc
2951 541 3242 597 Zabennus
3266 543 3542 617 jungitur,

433 635 839 706 Asclepiadem,
871 632 1160 688 sanctitate
1191 629 1504 700 praeditum,
2154 632 2416 688 Geminus
2457 643 2651 688 senatu
2684 635 2941 704 splendet
2970 636 3134 704 hujus
3166 638 3465 710 presbyter

438 728 611 796 Hujus
639 729 850 782 honore
875 724 1133 780 culminis
1165 721 1572 796 dignissimum,
2161 723 2368 793 Lepore
2392 724 2593 792 clarus,
2627 727 2874 780 emicans
2901 727 3160 794 scientia,

437 819 946 892 Sumpsissevestra
974 815 1217 887 comperi
1250 814 1398 886 quod
1419 812 1670 886 regmina
1717 832 1742 865 ιο
2158 811 2496 868 Monimenta
2526 813 2685 868 libris
2712 814 3016 886 pradicant
3041 825 3101 870 ut
3131 817 3329 872 indita.

1439 986 1447 996 η
1875 910 2086 966 CAPUT
2131 910 2216 964 ix.

1526 1013 1608 1074 De
1634 1021 1840 1074 sancto
1868 1015 2096 1089 Babyla
2125 1021 2178 1072 et
2215 1013 2531 1074 Theodoro.

435 1128 651 1183 Abhinc
677 1126 910 1182 Babillas
930 1123 1086 1178 urbis
1114 1123 1279 1193 hujus
1301 1123 1551 1195 pontifex
2005 1126 2058 1192 Α
2158 1117 2450 1176 Praefectus
2476 1122 2597 1190 ejus
2628 1121 2820 1192 implet
2851 1123 2956 1178 hoc
2981 1123 3275 1191 Salustius,

439 1218 810 1274 Confessionis
835 1214 1102 1287 dignitate
1125 1215 1445 1286 praeminet:
2156 1216 2494 1288 Arctansque
2525 1217 2777 1288 quemvis
2803 1218 3172 1273 Christianum
3205 1219 3460 1290 primitus

439 1312 539 1376 Qui
572 1313 701 1366 dum
736 1311 1057 1381 frequenter
1095 1307 1451 1378 passionibus
1476 1306 1593 1361 suis
2159 1304 2276 1358 Sibi
2303 1304 2614 1359 obviantem
2647 1306 2874 1370 (nomen
2917 1308 3047 1362 huic
3072 1307 3436 1377 Theodorus),

441 1402 635 1457 Christi
663 1400 1015 1470 triumphans
1044 1397 1330 1452 extulisset
1359 1396 1612 1470 gloriam,
2161 1395 2200 1448 A
2225 1397 2346 1451 luce
2374 1397 2550 1466 prima
2580 1405 2801 1468 torquet
2833 1415 3014 1472 usque
3039 1415 3326 1470 vesperam

441 1495 500 1548 Et
527 1493 803 1548 innovatis
825 1491 1063 1545 invicem
1096 1487 1464 1559 carptoribus,
2165 1487 2498 1542 Crudelitate
2522 1495 2631 1542 tam
2654 1489 2816 1554 truci,
2849 1490 3149 1546 tortoribus

439 1583 678 1658 Flagella
707 1581 865 1636 fortis
890 1579 1204 1650 pertulisset
1233 1575 1490 1642 maxima,
2164 1582 2242 1635 Ad
2270 1581 2438 1657 ﬂagra
2469 1583 2712 1649 mutatis,
2745 1591 2804 1638 ut
2830 1599 3072 1655 unquam
3118 1585 3329 1641 diceret

439 1679 584 1732 Intra
615 1691 862 1731 cavernae
888 1671 1180 1728 carceralis
1207 1669 1427 1724 Vinalia
2167 1677 2234 1731 Se
2265 1692 2430 1732 nemo
2468 1685 2574 1731 tam
2607 1677 2814 1733 vidisse
2844 1678 3048 1734 factum
3089 1681 3368 1736 atrociter.

437 1770 573 1824 Vitae
603 1767 841 1838 capessit
867 1765 1124 1840 gloriosae
1149 1763 1466 1817 terminum.
2175 1768 2430 1823 pendens
2460 1768 2700 1840 equuleo
2733 1770 2831 1824 sed
2863 1770 3002 1824 nihil
3043 1780 3241 1842 [mmet
3267 1773 3442 1844 pium,

439 1860 571 1915 Cum
603 1873 712 1930 quo
744 1856 994 1911 feruntur
1020 1859 1131 1907 tres
1161 1851 1338 1906 necati
1373 1848 1584 1921 parvuli
2171 1857 2333 1912 Actus
2364 1857 2551 1931 flagris
2583 1858 2711 1913 hinc
2742 1858 2871 1913 inde
2898 1858 3280 1927 saevientibus,

441 1951 785 2016 Philidanus,
816 1947 1110 2018 Epolanus,
1135 1944 1387 2000 Urbanus
1416 1941 1580 1996 simul
2172 1949 2402 2004 Dicebat
2422 1951 2686 2020 hymnum
2719 1967 2884 2022 quem
2916 1953 3148 2007 canebat
3177 1953 3375 2023 pridie,

447 2043 614 2110 Hujus
643 2040 816 2096 secuti
858 2038 1032 2093 Patris
1062 2037 1229 2092 altum
1264 2035 1564 2090 tramitem.
2173 2037 2540 2094 Considerans
2579 2041 2758 2113 egisse
2790 2040 2867 2094 nil
2898 2041 3167 2096 Salustius

444 2134 608 2203 Cujus
636 2132 784 2187 beati
815 2131 1068 2202 martyris
1097 2128 1444 2183 mausoleum
1521 2148 1530 2154 -
2173 2131 2519 2186 lmmanitate
2551 2140 2659 2186 tim
2692 2131 2820 2186 ferae
2852 2135 3164 2200 sententiae,

443 2225 687 2296 Daphnis
717 2223 956 2288 renidet,
989 2221 1146 2276 urbis
1179 2220 1236 2274 in
1267 2217 1561 2274 suburbio.
2170 2227 2436 2281 Juvenem
2470 2227 2681 2297 recepit
2710 2227 3020 2298 obstupens
3049 2227 3352 2300 ergastulo,

441 2314 540 2379 Qui
559 2313 832 2378 Julianus,
868 2310 1136 2382 pestilens
1161 2315 1434 2380 apostata.
2179 2316 2251 2370 Ac
2283 2316 2602 2387 imperatori
2635 2318 2768 2390 quid
2798 2327 2978 2374 actum
3012 2319 3086 2374 sit
3112 2317 3302 2386 refert,

445 2411 602 2470 Dum,
636 2403 762 2458 fana
783 2401 1030 2456 Castaliae
1069 2401 1259 2455 colens
1297 2397 1647 2470 scaturiginis
2025 2448 2078 2515 B
2175 2408 2346 2471 Quem
2369 2417 2683 2465 commonet
2707 2424 2775 2462 ne
2809 2410 2916 2464 [ale
2945 2409 3077 2481 quid
3109 2409 3178 2464 de
3211 2417 3412 2464 caetero

447 2494 639 2515 n:_-_-
674 2492 854 2515 1:“--.
890 2490 1184 2515 :.........l,.....
1223 2486 1450 2515 Ληηιιζηζ
2177 2498 2212 2515 τι
2459 2507 2467 2515 .
2530 2501 2541 2512 .
2703 2501 2735 2515 -ι
2764 2501 2774 2511 ο
3044 2501 3054 2511 -
3107 2501 3127 2515 n
3221 2501 3232 2512 ι

447 2494 645 2550 Misero
674 2492 858 2546 litaret
890 2490 1188 2560 impudens
1215 2486 1476 2557 Apollini,

2026 2486 2078 2515 υ
2177 2498 2494 2563 Praesumat,
2529 2501 2645 2570 ipse
2673 2501 2776 2554 sibi
2803 2517 3002 2571 parans
3043 2501 3349 2566 infamiam,

447 2583 732 2653 Responsa
761 2595 864 2635 nec
895 2578 1192 2648 εῐίρυὶδῑυε
1220 2576 1333 2630 una
1354 2580 1618 2638 sumeret,
2181 2587 2239 2641 Et
2271 2587 2594 2644 Christianis
2625 2590 2718 2660 qui
2765 2590 3025 2644 resistunt
3051 2590 3304 2663 gloriam.

448 2675 726 2746 Cujusque
757 2687 950 2727 causas
977 2673 1252 2740 qumrerel
1277 2665 1509 2730 Silentii,
2177 2678 2416 2732 Minatur
2446 2695 2578 2753 ergo
2608 2680 2860 2735 Julianus
2890 2681 3163 2736 Persicam

446 2768 607 2822 Juxta
644 2762 869 2817 Babillaa
891 2761 1052 2814 busta
1081 2756 1269 2812 haberi
1297 2754 1576 2825 martyris,
2183 2765 2240 2819 ιη
2271 2766 2618 2821 Christianos
2645 2783 2794 2822 arma
2823 2775 2945 2837 post
2975 2768 3286 2836 victoriam,

447 2855 689 2912 Tandem
719 2851 906 2907 remisi
948 2850 1196 2905 detulere
1224 2849 1505 2902 dmmones
2171 2855 2444 2928 Totasque
2482 2857 2628 2912 vires
2657 2874 2716 2912 se
2743 2857 3001 2913 daturum
3032 2860 3228 2929 praelii.

452 2950 738 3019 Responsa
763 2961 825 3000 se
851 2961 963 3000 non
994 2958 1155 3014 posse
1187 2956 1359 3012 quare
1385 2939 1639 2994 reddere-
2177 2951 2370 3005 Divina
2401 2951 2498 3006 sed
2529 2951 2735 3006 resistit
2757 2951 2843 3006 his
2872 2951 3204 3017 sublimitas,

450 3045 513 3099 At
543 3043 635 3097 ille
667 3057 795 3097 mox
815 3039 1004 3095 venire
1033 3037 1272 3091 GalileOS
1301 3035 1464 3104 jubet
1755 3056 1764 3064 '
2175 3044 2436 3099 Miserum
2469 3044 2723 3117 relegans
2761 3060 2926 3116 quem
2956 3044 3231 3100 minacem
3247 3044 3509 3100 sustinet.

454 3132 974 3206 (NamlChristianos
1003 3129 1083 3184 sic
1112 3143 1310 3184 vocare
1331 3123 1610 3191 sueverat)

2175 3136 2383 3206 Nempe
2412 3136 2569 3191 hoste
2600 3151 2775 3191 casus
2807 3134 2998 3190 abdito
3026 3135 3366 3190 subvertitur

452 3227 516 3280 Et
543 3225 671 3279 hinc
700 3221 1015 3294 sepulcrum
1048 3217 1308 3289 martyris
1348 3213 1684 3286 propellere.

2184 3227 2484 3299 Finemque
2515 3227 2640 3282 vita;
2672 3229 2839 3282 sumit
2867 3233 3030 3299 atque
3061 3227 3315 3295 fascium,

450 3319 602 3373 Tunc
632 3313 924 3370 Christiani
953 3327 1084 3384 rege
1118 3308 1327 3363 Christo
1360 3304 1598 3378 priediti,
2183 3317 2394 3373 Chrile
2425 3320 2664 3389 potentis
2696 3319 2982 3375 architecti
3020 3319 3135 3374 ﬁlio

454 3415 645 3468 Arcam
677 3412 924 3466 levantes
954 3405 1329 3478 hymnizando
1363 3399 1618 3472 martyris
2183 3408 2310 3463 Dim
2341 3407 2596 3463 locellum
2627 3407 2926 3463 fabricam
2961 3407 3162 3464 funeri,

456 3505 669 3560 Laudes
701 3503 755 3557 in
787 3499 1154 3556 exsultatione
1181 3499 1544 3566 concrepant,
2186 3497 2278 3550 Ast
2305 3496 2590 3551 intimasse
2625 3496 2857 3551 traditur
2883 3495 3207 3551 Theodorus

454 3594 626 3647 Aures
653 3588 869 3662 profani
901 3587 1169 3660 principis
1191 3602 1292 3657 per
1326 3583 1499 3638 millia
2185 3586 2354 3642 Saevis
2382 3587 2634 3642 adactum
2677 3603 2735 3642 se
2763 3604 2956 3658 parum
2980 3587 3286 3654 doloribus,

457 3681 565 3736 Sex
594 3680 924 3751 impetentes
952 3677 1068 3732 haec
1097 3675 1350 3730 canendo
1379 3671 1624 3728 carmina
1659 3688 1672 3724 :
2188 3675 2295 3730 Sed
2325 3677 2617 3730 allevalum
2649 3675 2885 3746 spiritali
2917 3675 3150 3743 lumine,

459 3775 498 3830 Ο
531 3773 763 3840 Christe,
795 3771 1208 3828 confundantur
1233 3783 1431 3824 omnes
1452 3765 1683 3831 ethnici,
2034 3817 2079 3840 η
2188 3763 2454 3819 Juvenem
2485 3764 2593 3818 sibi
2621 3763 2880 3828 astitisse,
2906 3763 3302 3820 candidissimo

461 3817 495 3830 ν
534 3817 763 3840 ν.....,.υ,
797 3817 1197 3828 w..-_.-__---_-
1239 3817 1428 3824 ---η-ν-
2444 3817 2452 3818 κ
2498 3817 2502 3818 ,
2580 3817 2583 3818 ν
2664 3817 2696 3818 η
2736 3817 2740 3818 ,

461 3869 558 3934 Qui
575 3885 716 3923 vana
743 3867 976 3922 adorant
1004 3863 1382 3936 supplicantes
1411 3860 1716 3932 sculptilio,
2031 3817 2082 3884 Ο
2184 3855 2491 3912 Sudoribus
2520 3871 2581 3910 se
2613 3856 2946 3927 terseritqui
2975 3855 3232 3922 carbaso,

462 3961 525 4016 Et
553 3960 860 4034 gloriantur
891 3957 986 4029 qui
1020 3955 1136 4011 suis
1167 3955 1224 4008 in
1259 3953 1443 4009 idolis.
2185 3947 2395 4017 Aquam
2427 3943 2748 4016 frequenter
2774 3943 3031 4017 frigidam
3059 3944 3154 4016 qui
3185 3941 3454 3997 infuderit

463 4031 673 4106 Coelum
712 4047 937 4103 resultat
966 4044 1154 4100 arduis
1180 4041 1540 4109 clamoribus,
2188 4036 2437 4106 Eumque
2455 4035 2559 4089 sub
2590 4033 2779 4088 labore
2811 4031 3154 4088 roboraverit
3188 4049 3201 4086 :

457 4143 744 4214 Tyrannus
771 4140 907 4196 atris
935 4137 1182 4193 infremit
1199 4135 1507 4191 doloribus.
2187 4127 2342 4182 Dolet
2370 4126 2518 4181 unde
2548 4125 2708 4180 fessis
2740 4123 2993 4179 hostibus
3025 4123 3174 4194 parci
3195 4122 3320 4186 sibi,

462 4213 598 4289 Tum
631 4231 968 4288 Christianos
997 4227 1090 4282 ille
1115 4226 1340 4280 mandat
1369 4223 1548 4295 abripi
2191 4218 2258 4272 Se
2287 4215 2684 4291 gloriatusluce
2717 4214 2912 4269 Christi
2947 4213 3175 4285 perfrui.

465 4325 529 4380 Et
557 4321 795 4380 carceris
833 4329 1014 4376 trusos
1045 4318 1101 4372 in
1126 4317 1251 4372 imis
1281 4314 1442 4371 affici.

1915 4383 2119 4439 CAPUT
2156 4381 2219 4436 Χ.

1264 4491 1342 4551 De
1365 4490 1601 4550 ultione
1631 4490 1700 4548 in
1727 4487 1986 4565 perﬁdos
2015 4495 2067 4545 et
2097 4484 2499 4544 retributione
2526 4481 2824 4557 ﬁdelium.

467 4607 764 4677 Ipsumque
796 4602 982 4657 fanum
1016 4599 1248 4655 fulmine
1287 4598 1446 4654 ardet
1469 4596 1689 4664 cmlico,
2035 4597 2090 4664 ί)
2185 4591 2398 4646 Vacuus
2429 4595 2658 4660 repente
2689 4588 2784 4659 qui
2813 4585 3032 4641 facessit
3051 4585 3342 4660 sanguine.

467 4697 610 4752 Deus
626 4693 812 4750 favilla
841 4692 1114 4747 delitescit
1138 4689 1402 4761 Pythius:
2189 4683 2393 4755 Laquei
2424 4687 2686 4752 parantur
2716 4679 3040 4734 innocentes
3076 4678 3264 4733 fallere

443 4781 675 4862 'Flagris
703 4786 916 4842 subacti
948 4785 1002 4839 id
1025 4783 1308 4838 clamitant
1329 4780 1625 4848 Neochori,
2189 4774 2502 4844 Fontesque
2529 4769 2730 4841 dapnis
2757 4769 3006 4825 sordidat
3037 4768 3375 4833 contamine,

470 4879 528 4933 ld
554 4857 882 4933 r—usticorum
914 4881 1026 4930 tota
1053 4872 1160 4927 fert
1178 4871 1403 4926 vicinia.
2190 4861 2305 4919 Cibi
2333 4861 2580 4917 forenses
2619 4859 2708 4914 hic
2732 4859 2958 4914 madent
2989 4857 3299 4933 aspergine.

468 4967 765 5024 Praefectus
785 4965 924 5020 alter
953 4968 1143 5017 sancta
1172 4961 1340 5015 mictu
1372 4957 1728 5023 attaminans,
2189 4954 2418 5021 Quidam
2446 4962 2734 5028 gementes
2765 4951 2971 5006 munda
3003 4951 3226 5005 mundis
3247 4948 3523 5018 judicant,

469 5060 781 5131 Christique
812 5057 1075 5127 templum
1099 5054 1262 5108 inane
1295 5067 1530 5107 censens
1559 5049 1811 5115 numine,
2193 5044 2422 5109 Quidam
2455 5048 2806 5097 exsecrantes
2836 5037 3505 5110 respuuntspurcamina,

468 5129 922 5221 Praesumptionis
945 5147 1111 5222 digna
1137 5143 1595 5218 penditpraamia,
2193 5135 2463 5190 Damnant
2492 5131 2741 5203 profana,
2783 5131 2946 5186 laude
2972 5129 3110 5185 lucis
3131 5135 3426 5200 oppetunt,

469 5244 629 5306 Dum,
661 5239 980 5312 putrefactis
1011 5221 1326 5293 abditorum
1353 5235 1635 5302 ductibus,
2195 5225 2404 5281 Palmas
2434 5224 2619 5295 adepti
2649 5223 2920 5298 dignitate
2954 5221 3187 5276 funeris.

471 5332 942 5403 Blaspliemiarum
965 5339 1181 5388 stercus
1211 5328 1368 5385 effert
1395 5342 1602 5402 organo
2193 5315 2396 5370 Rerum
2420 5315 2669 5386 rapinam
2704 5313 2929 5386 quidam
2951 5318 3182 5368 ovantes
3210 5309 3450 5364 efferunt
3479 5327 3493 5362 :

469 5427 734 5493 Saevaque
763 5423 948 5479 multa:
975 5431 1130 5495 peste
1171 5438 1374 5498 gnarus
1415 5419 1627 5475 interit.
2196 5404 2262 5462 Ut
2282 5406 2393 5460 dux
2423 5404 2857 5471 Valentinianus,
2887 5403 3187 5478 indignans
3216 5416 3369 5456 sacra

469 5512 734 5570 Praelatus
756 5508 875 5578 ipse
893 5510 1092 5579 probra
1117 5528 1264 5584 gazae
1296 5509 1460 5584 regiae
2193 5501 2347 5556 Stilla
2387 5500 2687 5572 inquinari,
2719 5516 2829 5556 non
2862 5506 3079 5554 renutat
3111 5514 3389 5554 carcerem

466 5604 693 5659 Addens
724 5599 939 5664 cavillo,
965 5601 1092 5655 dum
1128 5603 1440 5664 cachinnat,
1474 5601 1697 5667 gemulo,
2196 5589 2342 5660 (167)
2372 5589 2517 5644 Laeto
2543 5588 2821 5653 ministro,
2856 5596 2950 5642 aut
2979 5585 3279 5643 incolatum
3316 5584 3538 5656 perpeti

461 5695 691 5751 Manum
724 5690 969 5756 supremi
999 5692 1300 5766 cegnitoris
1328 5708 1438 5748 non
1463 5692 1630 5766 fugit,
2197 5681 2438 5735 Centena
2459 5680 2714 5751 adeptus,
2744 5679 2894 5734 unde
2920 5677 3076 5752 regni
3119 5691 3422 5748 purpuram

461 5784 579 5840 Oris
611 5783 807 5833 meatu
837 5774 1012 5833 fulcra
1039 5780 1279 5836 fundens
1320 5783 1592 5854 corporis,
2196 5773 2296 5829 Pro
2319 5772 2542 5829 militari
2573 5787 2701 5828 mox
2737 5771 2981 5844 capessit
3008 5771 3257 5826 baltheo.

381 5885 529 5961 (167)
560 5889 757 5942 Locus
786 5891 1094 5951 corruptus.
