3874 6428
205 443 310 499 557
738 440 822 494 DE
859 438 1224 494 TRIUMPHIS
1266 437 1524 494 CHRISTI
1566 435 1984 491 ANTHIOCIIIZE
2022 433 2243 487 GESTIS
2284 433 2460 487 LIBRI
2494 432 2651 488 DUO.
2693 463 2759 474 —
2799 433 2924 487 LIB.
2970 434 3011 489 I.
3440 437 3548 491 558

279 569 438 627 Cives
466 567 677 622 abactis
702 567 854 620 urbis
885 567 1048 634 hujus
1079 565 1360 620 mercibus
1868 570 1915 635 Α
2013 561 2264 626 Querulis
2294 567 2586 630 crepantes
2614 559 2873 614 insonant
2901 560 3184 628 conviciis,

278 662 627 717 Vesanientis
653 660 996 732 Opprobrant
1037 660 1304 716 socordiae
2015 649 2202 705 Barine
2233 649 2342 703 imo
2374 655 2586 702 stamen
2617 649 3201 720 torqueaturiunibus.

275 754 517 808 Taurina
545 753 814 808 mundum
842 752 993 824 quod
1029 759 1146 806 erat
1175 751 1454 824 quassatio

1715 841 1926 898 CAPUT
1965 840 2053 894 XI.

1522 949 1600 1008 De
1629 947 1974 1008 constantia
2007 941 2255 1003 Publice.

279 1099 522 1154 Matrona
552 1096 717 1152 castis
742 1095 889 1151 culta
924 1110 1027 1149 nec
1065 1108 1176 1149 non
1207 1092 1455 1148 moribus
1888 1103 1891 1105 ·
1999 1087 2176 1141 Choro
2206 1091 2450 1140 notatum
2475 1084 2616 1139 ridet
2648 1085 2865 1140 hostem
2902 1081 3120 1149 Publia,

283 1190 522 1256 (Tellure
553 1189 786 1258 pulcher
810 1192 1130 1257 procreatus
1147 1184 1382 1256 pullulat
2012 1178 2213 1232 Tacere
2231 1177 2384 1246 jussa
2415 1177 2652 1247 despicit
2670 1175 3030 1247 lyphaticum,

281 1278 394 1342 Qua
412 1278 515 1333 llos
538 1278 780 1333 Joannes
811 1276 974 1330 laude
1005 1275 1173 1349 digna
1205 1273 1492 1344 presbyter
2016 1267 2127 1322 Nec
2157 1282 2298 1322 caesa
2317 1266 2492 1337 parcit
2513 1265 2818 1321 carminare
2852 1279 3167 1319 erroneum.

284 1369 544 1444 Fugiens,
575 1369 782 1440 petitus
810 1382 978 1439 saepe,
1000 1380 1215 1421 summa
1247 1364 1316 1418 ad
1349 1362 1642 1437 regmina),

1724 1459 1930 1515 CAPUT
1969 1459 2080 1512 XII.

1191 1566 1270 1624 De
1305 1565 1568 1624 Fabiano
1598 1563 1862 1639 episwpo
1891 1569 1942 1618 et
1971 1557 2402 1618 successor-ibus
2439 1558 2592 1632 ejus.

215 1703 344 1759 Post
372 1704 500 1759 vita?
529 1718 816 1758 excessum
837 1701 1010 1757 sancti
1043 1701 1339 1775 magnique
1371 1698 1596 1753 Babillzr
1862 1701 1910 1768 Β
1942 1693 2234 1764 Presbyter
2270 1692 2520 1748 ecclesia
2551 1691 2820 1762 prudens,
2849 1691 2938 1745 cui
2975 1689 3207 1746 Malchio
3240 1705 3481 1746 nomen:

215 1796 474 1850 Ecclesiae
510 1797 756 1866 regimen
782 1794 1057 1865 capithac
1086 1794 1358 1848 Fabianus
1388 1792 1443 1846 in
1475 1793 1628 1857 urbe,
1943 1788 2033 1842 Vir
2071 1787 2269 1854 bonus,
2302 1794 2530 1842 ornatus
2559 1786 2772 1841 meritis
2804 1785 3066 1857 fandique
3102 1787 3329 1857 peritus,

217 1887 445 1943 Concilii
477 1887 697 1942 decreta
729 1887 813 1942 sui
848 1886 1138 1942 Cornelius
1168 1885 1324 1940 urbis
1943 1883 2200 1938 Doctrina
2220 1882 2474 1953 factoque
2500 1888 2720 1952 potens,
2751 1881 3048 1935 virtutibus
3076 1881 3239 1947 altus,

215 1978 478 2032 Romanae
509 1976 711 2048 praesul
743 1978 832 2031 cui
865 1975 1242 2031 confirmanda
1259 1975 1484 2041 dicavit,
1946 1973 2074 2025 Cum
2117 1972 2475 2026 Samosateno
2508 1970 2594 2025 cui
2628 1970 2959 2040 disceptatio
2987 1969 3156 2024 Paulo

211 2067 345 2130 Quae
364 2066 568 2120 feriunt
598 2065 842 2121 heresim
876 2072 1058 2120 natam
1087 2071 1309 2138 turgore
1342 2062 1556 2118 Novati.
1948 2065 2191 2122 Concilio
2219 2066 2322 2121 soli
2341 2081 2664 2121 concessum
2701 2064 2872 2119 fertur
2900 2064 2969 2118 ab
3009 2063 3181 2130 omni,

213 2154 424 2210 Scribit
453 2155 857 2209 Alexandrinus
881 2154 932 2208 ci
960 2154 1257 2225 Dionysius
1289 2153 1436 2207 unde
1946 2157 2282 2226 Scriptorum
2317 2156 2629 2227 excipiente
2659 2171 2845 2221 manu,
2880 2171 3044 2226 quam
3079 2154 3294 2208 naviter
3323 2161 3461 2220 acta,

210 2244 403 2310 Multa,
437 2250 637 2298 notans
664 2241 811 2298 istud
833 2260 997 2316 quam
1028 2244 1099 2297 sit
1129 2243 1442 2296 damnabile
1471 2243 1691 2316 dogma.
1948 2249 2210 2302 Servatur
2241 2255 2440 2302 cuncto
2472 2246 2641 2300 veluti
2665 2245 2940 2299 mirabilis
2967 2260 3103 2300 aevo.

211 2336 493 2391 Successit
519 2336 794 2391 cathedrae
825 2337 1048 2390 Fabiani
1083 2335 1484 2399 Demetrianus,
1947 2339 2106 2394 Solus
2138 2340 2286 2393 enim
2306 2338 2547 2408 propriis
2569 2337 2746 2408 potuit
2776 2336 2987 2391 vincire
3013 2334 3241 2406 profatis

214 2426 312 2480 Cui
341 2425 543 2480 Paulus
572 2425 985 2487 Samosatenus,
1022 2425 1138 2496 qui,
1171 2424 1422 2495 regmine
1455 2429 1698 2494 sumpto,
1948 2432 2021 2484 Ac
2051 2437 2354 2484 monstrare
2384 2429 2562 2499 palam
2599 2429 2826 2483 Paulum
2859 2444 2918 2482 se
2961 2427 3429 2491 dissimulantem;

215 2517 428 2572 Erroris
448 2516 604 2587 lepra
643 2515 844 2570 Christi
871 2514 1166 2569 maculavit
1189 2514 1354 2577 ovile,
1951 2522 2111 2578 Solus
2141 2522 2209 2576 ab
2243 2521 2476 2576 internis
2498 2537 2736 2595 anguem
2772 2520 3061 2575 exturbare
3090 2518 3360 2584 cavernis,

216 2606 297 2660 De
325 2605 558 2660 Domino
575 2605 858 2659 malesana
888 2603 1095 2670 ferens,
1124 2603 1255 2656 dum
1285 2601 1555 2673 simplicis
1587 2601 1740 2656 illum
1952 2612 2266 2682 Deprensus
2296 2613 2442 2666 clara
2473 2611 2766 2665 damnatur
2791 2625 2926 2664 voce
2957 2608 3276 2679 chelydms;

217 2698 438 2753 Nam“?
462 2705 673 2752 tantum
705 2698 868 2752 ἀοεθι
899 2697 1267 2766 humanaque
1297 2695 1490 2761 Ῡυίδεθν
1952 2703 2396 2775 Monstraturque
2429 2703 2608 2774 palam
2639 2709 2758 2758 toto
2791 2701 3123 2756 damnabilis
3149 2699 3305 2755 orbe.

218 2792 476 2848 Divinum
512 2792 696 2846 nitens
728 2790 782 2844 in
814 2805 880 2844 eo
918 2805 1154 2844 vacuare
1186 2788 1465 2843 decm‘em-
1950 2793 2210 2864 Deposito
2246 2793 2352 2847 hoc
2382 2793 2631 2847 Domnus
2661 2791 2863 2862 prmsul
2894 2791 3104 2845 latrone
3136 2789 3364 2844 levatur.

215 2883 567 2940 Conveniunt
587 2883 758 2957 igitur
785 2897 1046 2954 proceres
1080 2881 1287 2951 pietate
1326 2879 1520 2934 viriles
1955 2885 2083 2940 Post
2113 2901 2278 2956 quem
2312 2882 2592 2956 pontificis
2613 2883 2861 2954 suscepit
2884 2882 3011 2952 jura
3039 2881 3295 2936 Timazus.

218 2973 582 3043 Pastoresque
604 2971 760 3038 boni,
801 2970 973 3026 caulis
1003 2970 1217 3024 belvam
1254 2968 1613 3022 insidiantem
1876 3025 1919 3048 η
1957 2977 2068 3032 Hoc
2097 2992 2320 3048 quoque
2362 2975 2625 3031 defuncto
2647 2975 2916 3030 successit
2948 2975 3159 3029 honore
3188 2972 3442 3044 Cyrillus,

221 3025 552 3130 Discutiunt,
575 3025 862 3133 multoque
893 3067 1150 3131 premunt
1180 3060 1420 3114 clamore
1453 3059 1736 3111 latentem.

1986 3025 2065 3032 ην
2101 3025 2316 3048 Ὶ““⁷Ἰ““”
2366 3025 2620 3031 *νη-ν-νν
2649 3025 2914 3030 *ν’-’ἀτη
2951 3025 3155 3029 --τθ---ν
3200 3025 3347 3044 ίδην
3410 3025 3441 3034 νι

1986 3084 2122 3130 tuom
2159 3068 2411 3138 sequitur
2440 3067 2773 3133 Dorotheus,
2819 3066 3009 3120 divino
3049 3066 3306 3138 dogmate
3336 3063 3516 3119 clarus

225 3154 285 3208 Ῑη
305 3153 512 3226 quibus
542 3151 791 3226 inSigncs
829 3151 1059 3204 aderam
1090 3149 1345 3220 famaque
1377 3146 1634 3202 celebres
1952 3161 2013 3214 Et
2042 3159 2174 3214 satis
2198 3159 2468 3224 intentus,
2503 3163 2675 3229 quare
2707 3156 2970 3211 didicisse
2991 3154 3262 3226 loquelam

224 3244 612 3317 Cappadocum
642 3244 826 3317 gentis
849 3242 1050 3314 praesul
1084 3249 1213 3296 tunc
1244 3239 1614 3304 Firmilianus,
1953 3248 2208 3303 Traditur
2242 3246 2590 3311 Hebraicam,
2623 3245 2810 3300 Graeco
2837 3258 3095 3298 sermone
3127 3243 3388 3297 disertus.

225 3333 524 3407 Gregorius
554 3332 734 3394 Ponti.
773 3334 1046 3402 fraterque
1080 3328 1488 3392 Athenodorus.
1518 3334 1685 3398 atque
1955 3338 2145 3392 Fertur
2177 3335 2268 3390 hic
2299 3335 2591 3390 eunuchus
2624 3333 2818 3388 matris
2847 3333 2916 3388 de
2946 3340 3136 3387 ventre
3161 3331 3353 3397 fuisse,

229 3426 404 3480 lconii
426 3424 742 3489 Nichomas,
777 3424 1018 3478 Helenus
1047 3421 1360 3486 Sardensis,
1385 3428 1438 3474 et
1459 3421 1658 3475 horum
1958 3429 2115 3483 Unde
2144 3434 2198 3482 et
2218 3425 2366 3497 apud
2389 3441 2550 3498 reges
2581 3432 2863 3481 terrenum
2887 3424 3122 3496 sumpsit
3145 3425 3438 3479 honorem.

229 3515 550 3586 Praecipuus
571 3515 790 3570 Solimae
814 3515 1014 3584 praesul
1043 3515 1372 3585 Hymeneus,
1407 3519 1460 3566 et
1484 3513 1605 3581 ejus
1962 3521 2000 3574 A
2021 3520 2252 3574 Domino
2283 3525 2493 3590 partem
2524 3534 2745 3590 quoque
2773 3519 3101 3594 pignoribus
3131 3517 3446 3573 meliorem.

229 3607 365 3663 Urbi
397 3608 613 3664 vicinus
637 3606 974 3682 Theotignus
1004 3605 1390 3668 Caesariensis;
1965 3609 2202 3684 Erigitur
2226 3609 2424 3679 prmsul
2456 3623 2568 3680 quo
2591 3607 2901 3663 decedente
2930 3609 3239 3679 Tyrannus,

233 3695 503 3750 Maximus
529 3702 583 3750 et
609 3695 823 3766 synodo
856 3694 1165 3750 Bostrensis
1197 3693 1430 3747 idoneus
1456 3693 1683 3759 horum;
1967 3698 2226 3753 Ecclesiae
2253 3697 2473 3752 fervens
2498 3696 2600 3752 sub
2634 3711 2744 3768 quo
2764 3696 3050 3753 tribulatio
3072 3697 3246 3752 crevit

231 3787 366 3841 Cum
411 3787 617 3858 quibus
647 3795 702 3842 et
728 3788 884 3842 multi
911 3786 1081 3841 variis
1117 3803 1148 3840 e
1177 3786 1428 3856 partibus
1457 3785 1606 3839 orbis
1970 3794 2140 3858 Quam
2175 3793 2400 3848 rabidus
2431 3791 2583 3847 furor
2608 3791 2864 3846 accendit
2893 3791 3244 3858 Diocletiani,

237 3879 541 3935 Pontiﬁces
570 3880 734 3947 sacri,
766 3879 947 3936 levita:
979 3877 1423 3950 presbyterique,

1971 3887 2295 3962 Omnigenis
2325 3893 2546 3943 sanctos
2582 3884 2764 3956 poenis
2795 3900 2903 3957 qua
2925 3883 3132 3938 vellere
3159 3882 3325 3958 legit;

235 3973 349 4027 llac
395 3972 590 4026 urbem
621 3988 786 4028 causa
821 3971 1023 4027 conciti
1057 3969 1202 4041 apud
1231 3969 1628 4025 Antiochenam

1973 3979 2326 4051 Diversisque
2352 3978 2533 4035 modis
2564 3977 2811 4033 diversas
2851 3976 2982 4031 dum
3014 3975 3194 4048 quatit
3233 3977 3425 4044 urbes,

236 4063 497 4135 Obloquii
528 4071 718 4120 contra
745 4062 1078 4137 fugitantem
1107 4061 1321 4132 spicula
1342 4061 1570 4116 mittunt
1973 4068 2262 4125 Craticnlis
2293 4069 2397 4125 hac
2425 4067 2567 4123 urbe
2593 4066 2670 4138 pii
2699 4071 2980 4122 torrentur
3009 4065 3210 4133 adusti,

237 4155 570 4225 Serpentem
610 4154 799 4209 multis
820 4154 951 4209 dum
985 4153 1200 4208 lusibus
1231 4151 1422 4227 effugit
1445 4161 1620 4219 actm,
1975 4159 2302 4231 Comprensi
2333 4159 2538 4231 hicque
2575 4158 2686 4214 duo
2712 4158 2969 4228 juvenes,
3005 4157 3206 4213 virtute
3237 4155 3462 4229 gemelli

241 4243 592 4299 Conveniunt
635 4243 968 4315 iterumque,
1010 4242 1318 4312 iterumque
1361 4240 1630 4296 relabitur
1651 4239 1867 4312 anguis,
1974 4250 2093 4304 Non
2125 4255 2280 4316 nam,
2313 4249 2491 4304 libare
2523 4248 2631 4303 diis
2670 4247 2948 4304 ducuntur
2974 4247 3038 4302 ad
3072 4261 3194 4300 aras

241 4334 592 4390 Concurrunt
619 4351 843 4408 quoque
874 4334 1178 4401 multoties,
1217 4333 1347 4388 dum
1379 4333 1607 4388 numine
1638 4331 1759 4387 fulti
1978 4339 2314 4410 [njectisqne
2345 4337 2470 4393 foco
2501 4337 2784 4405 manibus,
2821 4362 2845 4384 ι(
2881 4336 3103 4390 Libasse
3135 4339 3325 4406 putate

241 4427 464 4493 Divino,
493 4427 765 4482 tumidum
797 4427 1016 4482 tandem
1045 4441 1376 4497 oppressere
1408 4425 1726 4482 draconem.
1978 4429 2107 4494 Nos,
2136 4428 2313 4494 aiunt,
2344 4427 2392 4482 si
2432 4426 2570 4482 forte
2599 4442 2800 4481 manus
2829 4424 3192 4479 subducimus
3220 4422 3359 4496 igni.
3401 4440 3431 4471 ι

243 4515 321 4569 Ad
352 4513 574 4589 ﬁgenda
598 4522 779 4571 tamen
812 4515 1037 4570 sinuosa
1068 4515 1354 4570 volumina
1393 4515 1623 4570 monstri
1903 4585 1938 4589 _
1982 4517 2133 4572 Dicta
2158 4516 2411 4588 probavit
2440 4531 2604 4586 opus,
2632 4515 2828 4586 palma
2861 4530 2962 4569 nec
2993 4513 3062 4567 ab
3091 4512 3222 4588 igne
3253 4517 3478 4566 remotae

245 4585 443 4680 Hujus,
474 4611 754 4684 praecipue
775 4609 948 4666 valuit
971 4609 1195 4682 quidam
1235 4608 1593 4665 Antiochense
1901 4585 1956 4654 D
1983 4585 2174 4664 Donec
2196 4615 2308 4665 tota
2331 4585 2538 4665 cadens
2560 4585 2825 4664 manuum
2857 4623 2985 4664 caro
3015 4585 3172 4663 fluxit
3207 4606 3262 4660 in
3295 4605 3472 4678 ignes.

1741 4757 1950 4814 CAPUT
1989 4759 2130 4813 XIII.

1421 4861 1502 4921 De
1538 4863 1764 4922 sanctis
1793 4861 2048 4923 Juliano
2079 4869 2131 4920 et
2158 4858 2466 4919 Basiliam.

253 4995 363 5050 Hac
381 4993 521 5048 urbe
541 4997 745 5047 sanctae
769 4991 1022 5048 Julianus
1050 4990 1257 5047 indolis
1995 4992 2217 5064 Septem
2249 4991 2464 5047 dierum
2495 4989 2590 5063 qui
2620 4997 2819 5062 petens
2849 4988 3121 5056 inducias,

255 5088 479 5144 Nitebat
497 5088 695 5154 almus,
719 5087 974 5142 eminens
995 5087 1314 5156 virtutibus,
1995 5082 2259 5138 Oratione
2281 5081 2452 5137 fultus
2483 5089 2538 5136 et
2561 5080 2799 5150 jejunio.

259 5183 472 5248 Quibus
508 5182 601 5255 pia
629 5181 868 5238 ﬂorebat
894 5197 960 5236 ex
983 5180 1242 5248 infantia,
1995 5173 2206 5230 Summi
2238 5175 2578 5231 voluntatem
2607 5172 2842 5245 requirit
2870 5170 3098 5239 Arbitri,

261 5273 583 5344 Quibusque
614 5287 870 5328 crescens
897 5269 986 5326 bis
1014 5286 1212 5326 novem
1241 5277 1538 5344 peregerat
1996 5269 2353 5341 Tandemque
2380 5268 2548 5324 sumit
2574 5268 2696 5336 ejus
2724 5269 2832 5323 hoc
2854 5265 3161 5332 oraculum,

261 5365 495 5422 Adultus
523 5380 724 5431 annos,
751 5363 895 5439 legis
927 5361 985 5418 in
1015 5364 1255 5419 scientia
2002 5358 2086 5413 Uti
2116 5365 2406 5428 parentum
2435 5363 2561 5412 vota
2591 5355 2748 5410 taedis
2778 5353 3029 5425 impleat,

261 5454 361 5511 Dei
393 5454 654 5510 laborans
678 5453 908 5508 sedulus
939 5461 1102 5508 nocte
1133 5451 1318 5510 ac'die
2001 5451 2114 5506 Nec
2145 5451 2496 5525 coniugalem
2528 5449 2784 5521 cepulam
2818 5449 3160 5521 perhorreat,

265 5549 333 5602 At
361 5547 494 5602 dum
525 5545 746 5601 renidet
775 5545 975 5601 unicus
1006 5544 1348 5616 parentibus,
2004 5548 2121 5612 Qua
2151 5561 2263 5602 non
2295 5545 2566 5617 pudorem
2597 5545 2925 5619 conjugatus
2954 5544 3251 5616 perderet:

265 5638 466 5694 Uxoris
487 5638 634 5693 hunc
657 5635 864 5692 vincire
886 5635 1257 5692 contubernio
2010 5637 2351 5713 Integritatis
2381 5635 2716 5709 complicem
2747 5637 2882 5709 quin
2900 5643 3164 5694 sumeret.

268 5729 552 5793 Nituntur,
579 5733 742 5799 atque
772 5735 1126 5799 respuentem
1149 5732 1514 5783 commonent
2013 5727 2126 5782 Hoc
2144 5726 2430 5783 roboratus
2449 5725 2536 5782 vir
2573 5725 2792 5798 pudens
2823 5726 3070 5796 oraculo,

271 5819 430 5875 Pauli
458 5817 611 5874 beati
641 5816 860 5890 paginis
892 5817 1153 5888 apostoli.
2012 5817 2214 5874 Audire
2243 5817 2396 5888 jussu
2425 5831 2485 5873 se
2516 5816 2791 5874 editorum
2823 5815 3059 5872 rettulit.
