3890 6404
278 428 386 482 559
1038 420 1407 476 FLODOARDI
1447 417 1754 473 CANONlCl
1796 414 2124 471 REMENSIS
2163 413 2500 469 OPUSCULA
2537 409 2850 466 METRICA.

282 555 535 609 Gaudent
563 557 839 623 parentes,
868 565 932 604 ac
958 547 1254 619 requirunt
1291 546 1557 606 nobilem,

285 642 400 696 Mox
424 639 597 696 nobili
624 654 747 708 quae
777 645 1112 702 necteretur,
1142 634 1435 707 virginem.

285 733 522 786 Favente
555 727 766 782 Christo
795 725 1111 796 repperitur
1136 724 1428 784 commoda

285 823 413 886 Quae
435 830 584 876 casta
609 825 758 873 casto
783 817 1116 891 jungeretur
1141 829 1403 888 congrue.

285 911 561 977 Basilissa,
587 907 750 964 claris
775 906 1041 977 prodiens
1071 903 1368 970 natalibus,

286 1004 384 1059 Die
414 1008 617 1058 statuta
643 998 962 1070 nuptiarum
984 997 1207 1070 largiter

287 1097 468 1166 Dapes
497 1099 778 1166 parantur,
811 1089 1128 1147 convocatis
1156 1087 1408 1159 plurimis
1428 1100 1456 1154 ;‘

288 1191 584 1246 Thalamus
613 1189 842 1252 locatur,
875 1186 1029 1259 virgo
1057 1184 1212 1239 ducit
1238 1183 1508 1255 virginem
1536 1201 1549 1237 :

293 1285 503 1338 lntrant
531 1278 736 1345 cubile,
777 1277 1024 1332 sentiunt
1040 1275 1390 1349 fragrantiam

291 1369 449 1424 Velut
474 1383 722 1422 rosarum
756 1382 819 1421 ac
850 1367 1087 1421 liliorum
1119 1364 1297 1435 copia.

292 1464 542 1534 Sponsus
572 1463 776 1517 revelat
805 1461 953 1516 hunc
977 1460 1207 1515 odorem
1239 1458 1458 1514 coalitus

290 1555 510 1610 Missum
540 1570 809 1619 rosarum,
839 1569 964 1608 cum
995 1568 1100 1606 nec
1132 1557 1322 1604 essent
1341 1556 1609 1621 tempora,

291 1653 403 1706 Nec
431 1651 482 1705 id
510 1649 693 1706 cubile
708 1657 1060 1723 spargeretur
1081 1646 1347 1701 ﬂoribus:

292 1741 414 1795 llaec
443 1740 708 1796 castitatis
737 1754 857 1793 esse
887 1738 1048 1812 signa
1077 1735 1301 1807 praevia,

295 1837 524 1890 Servare
553 1833 799 1889 Christus
825 1848 991 1904 quam
1014 1831 1255 1900 juberet.
1285 1829 1517 1903 gloriam

295 1930 363 1984 Ut
388 1929 711 2003 angelorum
736 1925 1212 1998 comprehendant
1242 1925 1464 1979 caelibes
1489 1942 1501 1978 :

295 2022 510 2078 lmbuta
538 2037 693 2078 sacro
722 2036 926 2093 sponsa
957 2019 1079 2075 cceli
1113 2026 1355 2077 nectare.

297 2116 508 2170 Gaudet
534 2115 763 2186 pudoris
793 2111 1039 2167 dedicari
1069 2117 1379 2178 stemmate,

298 2205 360 2259 Et
389 2204 703 2258 caelibatum
737 2203 862 2257 laata
893 2200 1112 2272 praefert
1138 2199 1371 2270 copulze.

297 2299 609 2353 Firmantnr
637 2314 768 2371 ergo
806 2308 936 2352 vota
967 2294 1332 2352 contubernio

301 2388 367 2442 Ut
397 2387 674 2461 conjugali
707 2386 1029 2440 intaminata
1059 2385 1284 2440 castitas

301 2481 636 2548 Enutriatur,
669 2498 808 2536 vana
834 2481 1013 2535 vitans
1041 2479 1244 2553 gaudia
1267 2497 1281 2545 ;

301 2576 364 2632 Et
389 2592 514 2647 qum
545 2582 808 2647 putantur
837 2574 1020 2632 carnis
1045 2590 1167 2630 esse
1195 2573 1404 2628 foedera

301 2665 458 2720 Fiant
488 2665 663 2720 beatae
702 2672 851 2719 casta
875 2664 998 2718 vitae
1032 2661 1223 2717 fenora

303 2754 432 2809 Post
459 2754 597 2820 haec,
629 2751 784 2806 brevi
810 2759 1032 2804 meante
1064 2765 1229 2802 cursu
1262 2748 1529 2818 temporis

303 2844 608 2914 Utrumque
638 2841 916 2896 defunctis
939 2839 1042 2894 sibi
1068 2839 1412 2909 parentibus,

304 2939 401 2993 Pio
432 2941 733 3008 capescunt
747 2935 874 3004 jure
915 2931 1266 3005 patrimonia,

308 3028 371 3082 Et
399 3033 587 3082 sancta
609 3024 792 3100 dignis
821 3029 945 3079 vota
971 3030 1230 3094 promunt
1256 3022 1504 3089 actibus;

307 3116 697 3172 Possessiones
726 3129 968 3184 namque
999 3119 1157 3166 terrae
1176 3108 1468 3166 conferunt

311 3207 668 3263 Hzereditates
697 3206 846 3262 unde
867 3203 992 3261 cmli
1020 3210 1360 3274 comparant.

310 3299 486 3354 Cellas
516 3297 758 3370 benigne
788 3301 1115 3351 construunt
1144 3285 1499 3358 monasticas,

311 3393 644 3461 Animasque
676 3388 950 3442 Christum
983 3385 1283 3460 diligentes
1313 3384 1606 3460 colligunt.

315 3481 410 3535 ilic
437 3479 520 3552 vir
543 3479 783 3533 virorum
816 3492 1162 3550 congregans
1183 3475 1458 3529 exercitus

315 3570 514 3624 Contra
537 3567 839 3640 phalanges
869 3565 1188 3637 praeliantes
1215 3565 1529 3620 daemonum

315 3658 440 3712 llaac
469 3655 624 3729 virgo
650 3655 923 3727 virginum
958 3655 1150 3727 legens
1190 3653 1469 3708 consortia

317 3747 513 3802 Contra
533 3744 792 3800 draconis
824 3743 1108 3798 machinas
1141 3741 1424 3797 luctantia.

317 3839 606 3894 Crescebat
637 3854 703 3894 ex
733 3837 821 3892 his
850 3835 1146 3891 multitudo
1174 3835 1432 3901 maxima,

321 3933 489 4004 tlujus
515 3931 838 4003 relinquens
871 3927 1058 3983 saeculi
1076 3928 1350 4002 contagia.

389 4027 596 4082 Videns
625 4025 899 4100 malignus
929 4023 1082 4077 lucra
1110 4022 1235 4077 cceli
1267 4036 1538 4088 crescere,

320 4118 512 4174 Livore
542 4126 682 4172 tetro
701 4113 1009 4170 concitatus
1029 4111 1270 4187 angitur,

320 4207 546 4280 lnstigat
576 4212 630 4260 et
660 4202 1061 4259 Diocletianum
1095 4200 1424 4272 principem,

322 4298 387 4353 Ut
417 4298 484 4352 ad
516 4296 734 4368 piorum
763 4291 1044 4365 punienda
1074 4289 1328 4344 examina

319 4389 670 4444 Transmittat
708 4385 886 4440 isthuc
912 4382 1236 4438 Martianum
1272 4378 1586 4452 praesidem,

322 4483 422 4548 Qui
457 4480 794 4536 Christianos
821 4477 953 4532 dum
988 4482 1244 4550 perurgel
1276 4473 1462 4540 idolis,

325 4575 513 4629 Fidem
545 4572 692 4627 beati
722 4570 924 4626 Juliani
944 4568 1238 4638 comperit,

324 4667 458 4723 Mori
487 4673 703 4736 paratos
732 4662 878 4735 quod
909 4660 1119 4716 foveret
1151 4659 1457 4731 plurimos;

327 4759 659 4830 Mittensque
691 4755 915 4810 mandat
942 4753 1163 4808 Juliano
1180 4742 1493 4822 principum

326 4853 556 4907 Decreta
578 4849 729 4913 faxit,
763 4863 827 4902 ac
846 4845 962 4901 suis
983 4845 1115 4899 libet
1139 4844 1266 4910 diis,

327 4944 584 4999 Hortetur
603 4947 657 4996 et
681 4939 838 4994 litare
867 4953 1056 4992 secum
1087 4941 1338 4999 ceteros,

329 5030 639 5088 Contemnit
665 5031 784 5084 haec
811 5024 1073 5082 mandata
1093 5030 1319 5078 sanctus
1348 5019 1622 5093 praesidis,

328 5122 622 5190 Monetqne
647 5117 846 5173 Christi
864 5113 1177 5170 roborando
1207 5111 1414 5165 milites

330 5210 582 5281 Pugnare
611 5214 802 5262 contra
831 5204 1148 5259 daemonum
1179 5199 1461 5255 satellites.

333 5304 644 5357 Firmantur
670 5315 801 5372 ergo
831 5299 976 5354 clara
1005 5294 1434 5371 Regisagmina,

331 5394 528 5446 Parere
553 5404 657 5442 nec
685 5405 746 5442 se
771 5389 1035 5444 Martiano
1059 5386 1376 5459 perhibent.

334 5485 622 5552 Responsa
660 5479 985 5532 nuntiantur
1015 5479 1119 5534 ista
1149 5476 1394 5550 praesidi,

335 5575 433 5638 Qui
457 5586 583 5625 mox
614 5569 792 5637 parari
824 5569 1116 5624 maximam
1150 5585 1337 5640 pyram
1369 5567 1532 5639 jubet

335 5667 676 5727 sanctosque
707 5655 942 5708 ﬂammis
966 5667 1330 5731 congregatos
1360 5657 1583 5726 conjici,

336 5753 562 5822 Sibique
591 5745 771 5800 solum
790 5745 1066 5801 Julianum
1097 5751 1279 5823 dirigi.

336 5841 472 5894 Eunt
497 5835 768 5900 ministri,
791 5836 944 5903 jussa
965 5841 1245 5909 complent
1270 5839 1561 5909 principis,

1924 547 1980 612 Α
2001 539 2244 595 Tradunt
2275 541 2557 594 ministros
2587 543 2642 592 et
2671 536 2989 592 sacerdotes
3007 548 3163 607 rogo,

2005 632 2343 702 Omnemque
2371 631 2601 693 clerum,
2630 627 2724 698 qui
2758 635 2954 696 petens
2977 623 3172 680 solatia

2001 725 2154 778 Tunc
2183 725 2250 779 ad
2281 724 2500 777 beatum
2527 720 2807 775 Julianum
2839 725 3067 773 venerat

2005 814 2396 868 Examinantnr
2424 812 2551 884 igne
2585 809 2779 865 Christi
2807 809 3011 862 milites
3034 826 3048 873 ;

2007 904 2287 960 Conﬂatnr
2315 918 2509 958 aurum
2544 902 2648 956 hoc
2677 899 2893 954 camino
2924 897 3300 969 splendidum,

2007 997 2068 1051 Et
2088 1004 2214 1050 ante
2255 995 2445 1049 sedem
2480 993 2625 1068 regis
2651 992 2746 1047 alti
2780 1000 3046 1062 martyres

2005 1084 2386 1159 Fulgentiores
2414 1083 2538 1138 luce
2579 1087 2820 1155 pergunt
2849 1095 3047 1144 aurea;

2006 1174 2084 1228 Ad
2111 1174 2273 1228 busta
2302 1188 2534 1244 quorum
2567 1171 2831 1225 sanitates
2860 1169 3114 1240 plurimae

2008 1264 2314 1329 Patrantur,
2356 1261 2544 1333 hymni
2575 1266 2912 1330 concrepant
2940 1255 3270 1312 caelestium.

2010 1348 2370 1426 Bcatus‘ergo
2399 1351 2651 1406 Julianus
2680 1349 2886 1405 carceri

2009 1446 2144 1502 Tum
2176 1447 2542 1516 mancipatur,
2583 1444 2933 1500 exhibendus
2959 1439 3205 1512 praesidi.

2013 1539 2146 1593 Nam
2175 1545 2362 1593 sancta
2386 1538 2500 1606 jam
2531 1536 2782 1591 Basilissa
2809 1535 3264 1609 commigraverat

2015 1628 2093 1682 Ad
2123 1629 2445 1701 angelorum
2475 1627 2621 1681 clara
2647 1624 3028 1685 contubernia,

2015 1717 2224 1772 Vallata
2254 1717 2446 1772 turmis
2475 1715 2784 1772 candidatis
2813 1714 3090 1787 virginum

2018 1809 2312 1881 Niveisque
2343 1817 2563 1881 compta
2585 1809 2828 1865 liliorum
2855 1805 3103 1861 ﬂoribus.

2019 1901 2234 1954 Athleta
2265 1900 2686 1956 fortisJulianus
2719 1897 2942 1970 praesidi

2018 1999 2266 2066 Oblatus,
2295 1996 2491 2072 anguis
2517 1994 2792 2070 ﬂagitatur
2820 1991 2988 2045 sibilo

2017 2085 2375 2140 Terrestrium
2410 2094 2627 2155 patrare
2661 2085 2817 2152 jussa
2850 2081 3187 2154 principum,

2025 2175 2086 2229 Et
2116 2176 2509 2247 imperatorum
2538 2173 2782 2229 favorem
2810 2173 3100 2246 consequi.

2029 2265 2245 2320 Refutat
2266 2266 2358 2320 ille
2394 2265 2648 2319 Martiani
2681 2265 2912 2330 namias,
3229 2310 3232 2318 .

2031 2356 2376 2428 Dominoque
2405 2371 2535 2411 vero
2561 2353 2913 2410 serviendum
2945 2350 3232 2423 praedicat,

2027 2447 2127 2512 Qui
2159 2462 2335 2519 regna
2361 2446 2512 2500 solus
2541 2445 2798 2499 universa
2827 2443 3094 2498 continet.

2028 2539 2126 2605 Qui
2150 2555 2280 2594 vero
2304 2538 2534 2592 adorant
2559 2537 2913 2608 impudenter
2942 2532 3222 2604 sculptile,

2030 2631 2222 2685 Errore
2253 2645 2430 2684 caecos
2460 2628 2594 2683 dicit
2624 2637 2792 2698 atque
2824 2626 3124 2681 morbidos.

2033 2723 2157 2777 Hmc
2187 2729 2246 2775 ut
2277 2723 2494 2776 locutus
2527 2720 2765 2792 inclytus
2795 2720 2897 2785 vir,
2929 2718 3160 2773 traditur

2033 2817 2193 2872 Duris
2220 2816 2416 2871 acerbe
2439 2814 2732 2869 laniandus
2764 2813 3022 2879 fustibus,

2037 2911 2171 2964 Dum
2205 2907 2451 2962 membra
2472 2923 2618 2962 saevo
2643 2911 2999 2977 proteruntur
3025 2903 3274 2958 verbere.

2037 2999 2300 3052 Grassans
2319 2996 2556 3052 ocellum
2581 2995 2778 3049 verber
2807 2993 2984 3047 aufert
3014 2991 3226 3058 militis,

2037 3089 2178 3143 Deos
2207 3095 2462 3159 precatur
2490 3084 2787 3139 Martianus
2818 3081 3008 3136 fusiles

2039 3177 2328 3249 Poscitque
2361 3177 2546 3230 lumen
2575 3173 2732 3228 reddi
2761 3171 3015 3226 abactum
3047 3167 3229 3223 militi.

2041 3268 2226 3322 Ruunt
2256 3271 2487 3336 repente
2528 3263 2658 3318 dum
2691 3261 2878 3316 litatur
2907 3259 3094 3315 omnia

2040 3359 2102 3413 Et
2131 3356 2472 3412 comminuta
2501 3354 2840 3424 dissipantur
2878 3351 3046 3406 idola.

2042 3455 2240 3508 Beatus
2258 3458 2443 3506 autem
2471 3450 2724 3505 Julianus
2753 3446 3048 3520 palpebras

2042 3544 2179 3598 Dum
2199 3541 2376 3615 tangit
2391 3555 2556 3595 orans
2585 3535 2859 3593 vulnerati
2882 3533 3096 3601 militis,

2045 3631 2315 3686 Christum
2342 3634 2563 3699 recepto
2594 3625 2779 3680 laudat
2799 3623 2894 3678 ille
2933 3622 3162 3677 lumine.

2044 3724 2200 3778 Hunc
2231 3737 2438 3794 praeses
2468 3720 2535 3775 ad
2566 3716 2977 3774 confessionem
3011 3712 3253 3770 nominis

2045 3815 2216 3884 Hujus
2237 3813 2492 3879 trucidat,
2525 3827 2692 3882 quem
2724 3807 2936 3864 cruoris
2965 3805 3194 3860 flumine

2045 3910 2236 3964 Lotum
2268 3907 2604 3977 Redemptor
2620 3901 2963 3960 consecravit
2991 3906 3308 3971 martyrem.

2041 4003 2272 4058 Posthac
2302 3999 2496 4055 beatus
2514 3997 2769 4052 Julianus
2798 3993 3018 4049 ducitur

2040 4090 2177 4144 Dum
2210 4105 2306 4159 per
2327 4088 2536 4160 plateas
2561 4084 2712 4140 urbis
2733 4083 2804 4139 ob
2835 4079 3230 4153 spectaculum,

2039 4181 2202 4234 Videt
2227 4194 2489 4234 coronam
2520 4175 2766 4230 Martiani
2807 4172 2955 4228 filius

2043 4275 2190 4330 Ferri
2217 4289 2458 4345 superne
2485 4271 2704 4326 Juliano
2734 4269 2803 4323 ab
2833 4267 3074 4341 angelis;

2047 4372 2379 4442 Fultumque
2410 4384 2646 4424 cernens
2676 4367 2825 4421 hunc
2851 4366 3063 4420 honore
3082 4362 3328 4418 coalitum

2046 4461 2260 4530 Abjecit
2286 4475 2479 4515 omnes
2509 4473 2648 4529 quas
2677 4455 2896 4528 legebat
2923 4453 3171 4527 paginas,

1966 4583 2025 4652 D
2045 4555 2372 4622 Vestamque
2395 4549 2594 4622 patris;
2623 4547 2825 4604 Juliani
2857 4545 3101 4618 tegmina

2044 4649 2243 4704 Petens
2280 4644 2532 4716 requirit,
2561 4641 2840 4697 osculatur
2866 4639 3114 4702 vulnera,

2047 4741 2375 4810 Patremque
2406 4735 2586 4792 solum
2628 4735 2776 4789 hunc
2803 4731 3117 4796 conﬁtetur,
3151 4740 3204 4785 et
3236 4731 3426 4785 Deum.

2049 4828 2175 4883 Haec
2196 4841 2402 4897 praeses
2431 4823 2606 4888 audit,
2638 4821 2793 4876 audit
2821 4819 3002 4876 omnis
3031 4819 3242 4882 civitas,

2047 4919 2214 4974 Jubet
2241 4924 2508 4988 tyrannus
2528 4913 2768 4985 separari
2800 4910 2976 4966 tilium

2049 5011 2089 5064 Α
2119 5006 2293 5062 Patris
2322 5004 2452 5060 almi
2479 5003 2682 5059 Juliani
2715 5000 3080 5072 amplexibus.

2049 5096 2283 5152 Tentant
2312 5093 2573 5161 ministri,
2607 5093 3007 5149 contrahuntur
3036 5090 3283 5159 brachia,

2054 5191 2287 5262 lmplere
2313 5190 2466 5259 jussa
2497 5204 2602 5244 nec
2625 5188 2883 5242 sinuntur
2900 5185 3177 5258 praesidis,

2054 5285 2337 5339 Ducuntur
2365 5297 2475 5337 una
2505 5280 2636 5335 dum
2666 5278 2927 5349 dirempti
2957 5280 3071 5348 (sic)
3104 5293 3214 5332 non
3244 5276 3450 5332 valent.

2056 5376 2291 5447 Stupent
2315 5379 2594 5445 parentes,
2623 5378 2679 5428 et
2706 5385 2993 5444 magorum
3025 5368 3322 5440 perhibent

2054 5470 2167 5525 Hoc
2197 5474 2310 5523 arte
2335 5466 2560 5533 factum,
2587 5465 2865 5520 Julianum
2895 5464 2992 5520 sed
3021 5470 3217 5534 petunt

2058 5566 2238 5620 Artem
2279 5563 2562 5620 resolvens
2586 5569 2647 5617 ut
2675 5562 2916 5617 remittat
2943 5561 3170 5616 unicum

2060 5657 2264 5726 Eatque
2292 5654 2434 5710 liber
2461 5669 2597 5725 pace
2627 5658 2844 5724 sumpta
2867 5651 3202 5723 principum.

2059 5746 2373 5802 Coutemnit
2391 5746 2509 5800 haec
2533 5744 2617 5799 vir
2645 5744 2899 5800 eminens
2927 5741 3214 5815 suﬂragia;

2058 5837 2200 5891 Puer
2230 5841 2483 5905 parentes
2502 5833 2771 5907 abnegat:
2807 5831 3100 5889 Dominum
3127 5836 3336 5902 patrem

3511 406 3620 462 560
