3890 6400
293 382 398 437 561
857 377 942 432 DE
979 375 1340 432 TRIUMPHIS
1381 378 1641 434 CIIRISTI
1683 379 2055 436 ANTIOCHIAE.
2093 379 2318 434 GESTIS
2358 378 2534 434 LIBRI
2574 379 2724 434 DUO.
2755 411 2826 421 —
2864 381 2990 438 LIB.
3035 384 3075 439 Ι.

299 508 515 563 Habere
553 504 826 580 gaudens,
856 503 1070 575 spernit
1097 519 1262 560 omne
1280 507 1565 562 seculum.

297 604 513 659 Privata
542 606 818 664 temnunt,
849 608 1032 655 servet
1049 608 1108 655 ut
1132 603 1404 670 custodia,

297 701 513 770 Eosqne
538 703 724 768 pascat
747 702 904 751 torva
933 695 1252 751 liberalitas.

296 785 613 846 Traduntur
633 804 764 862 ergo
794 787 1034 843 carceris
1061 788 1328 843 teterrimi

297 879 696 948 Imo,tenebris
723 879 1095 951 sordibusque
1127 879 1378 950 pessimi.

297 969 488 1025 Aufert
517 970 769 1025 nidorem
795 969 1045 1024 Christus
1075 969 1204 1023 inde
1235 969 1465 1024 fetidum

297 1060 570 1115 Praestans
597 1059 826 1115 odorem
855 1058 1076 1114 cmlitus
1113 1058 1538 1126 suavissimum,

300 1151 620 1222 Lumenque
646 1151 852 1206 sanctis
881 1150 1154 1206 exhibens
1174 1150 1564 1206 clarissimum.

293 1243 493 1298 Vident
521 1242 782 1308 ministri,
813 1243 908 1314 qui
941 1242 1066 1314 pios
1093 1243 1460 1308 deduxerant,

291 1335 519 1390 Tantam
546 1335 696 1390 beati
725 1336 1031 1391 claritatem
1066 1335 1313 1402 luminis,

292 1424 508 1479 Christo
539 1423 730 1479 refecti
751 1425 1079 1480 suavitatem
1113 1424 1350 1480 nectaris

293 1513 552 1568 Praebent
576 1513 848 1568 honorem
879 1512 974 1584 qui
1007 1527 1139 1568 suos
1170 1513 1250 1568 sic
1279 1514 1481 1568 allevat
1513 1531 1528 1579 ;

295 1609 577 1680 Spernunt
607 1608 790 1663 redire
812 1607 882 1662 ad
915 1617 1132 1663 noctem
1164 1607 1232 1662 ab
1252 1608 1356 1663 isto
1379 1608 1612 1674 lumine,

294 1698 375 1752 Ad
405 1698 600 1754 mortis
614 1704 898 1752 auctorem
925 1697 1018 1767 pia
1039 1697 1147 1752 vita
1174 1698 1378 1771 agnita.

295 1793 462 1848 Audit
480 1803 765 1863 tyrannus,
791 1798 847 1846 et
877 1791 1039 1846 simul
1056 1791 1237 1846 claudi
1263 1791 1426 1860 jubet

297 1887 428 1953 Hos,
449 1885 580 1940 dum
610 1883 851 1939 trucidet
871 1883 1084 1938 ultione
1112 1882 1346 1938 fervida.

297 1967 467 2037 Orant
495 1980 728 2035 salutem
756 1978 900 2034 ferre
923 1979 1336 2035 confessoribus

302 2070 574 2125 Christum
617 2069 764 2124 beati
791 2067 1110 2124 conﬁtendo
1135 2076 1422 2139 martyres.

300 2159 515 2214 Fratres
537 2158 593 2212 in
627 2157 764 2211 urbe
792 2164 1004 2227 septem
1036 2163 1215 2224 erant,
1248 2165 1302 2212 et
1330 2158 1430 2213 filii

299 2248 559 2303 Primatis
584 2247 758 2312 urbis,
787 2245 1130 2301 Christianus
1160 2248 1255 2318 qui
1285 2247 1410 2318 pius

299 2341 544 2396 Dilectus
571 2349 736 2410 atque
767 2339 993 2414 regibus
1032 2337 1346 2394 decesserat
1378 2357 1392 2404 ;

302 2433 542 2503 Ejusque
567 2437 763 2504 gnatos
786 2431 887 2485 hac
915 2431 1160 2502 procella
1187 2430 1467 2502 principes

297 2521 524 2576 Jussere
552 2527 699 2574 tutos
727 2519 847 2594 lege
878 2527 1057 2589 coepta
1077 2519 1280 2574 vivere.

299 2615 573 2670 Antonius
599 2630 722 2669 cum
756 2613 880 2685 quis
905 2613 1167 2668 manebat
1197 2614 1504 2686 presbyter.

306 2705 368 2759 Hi
395 2703 597 2760 calico
623 2703 890 2772 jubentur
914 2702 1022 2758 acti
1047 2703 1296 2768 numine,

303 2798 483 2853 Simul
513 2797 796 2863 sacerdos,
814 2797 1037 2852 visitare
1067 2813 1342 2853 carcerem
1373 2817 1387 2864 ;

301 2891 478 2956 Quem
507 2904 635 2945 mox
664 2895 917 2960 petentes
944 2904 1076 2944 ecce
1103 2900 1340 2945 cernunt
1365 2891 1628 2962 praevium

299 2982 419 3037 Sibi
439 2997 692 3052 supernae
714 2980 1000 3055 dignitatis
1029 2980 1309 3055 angelum,

300 3073 428 3137 Qui,
454 3071 739 3142 dissipatis
761 3069 948 3138 januis
977 3071 1262 3144 ergastuli,

298 3160 512 3216 leum
537 3165 786 3215 meantes
812 3158 1115 3214 introducit
1149 3159 1389 3230 puberes
1424 3177 1438 3214 :

299 3253 546 3324 Visoque
563 3251 760 3307 fratres
791 3259 898 3308 tam
926 3251 1092 3306 beato
1113 3252 1343 3318 lumine,

305 3343 523 3398 Haerere
540 3343 786 3414 gaudent
814 3348 1013 3412 sponte
1039 3341 1474 3397 confessoribus.

304 3433 614 3504 Implentur
634 3447 766 3504 ergo
797 3447 952 3486 sacra
971 3439 1095 3484 vota
1125 3438 1452 3500 martyrum,

300 3520 613 3592 Tinguntur
641 3529 809 3591 atque
840 3519 1044 3574 milites
1070 3519 1402 3589 baptismate
1430 3539 1444 3586 ;

302 3613 540 3669 Domino
571 3611 664 3666 dat
689 3611 867 3665 almus
895 3611 1148 3666 Julianus
1177 3612 1382 3684 gratias

305 3709 576 3777 Szevoque
600 3705 926 3760 nuntiantur
957 3705 1060 3759 ista
1086 3704 1328 3774 praesidi.

303 3801 529 3871 Septem
560 3797 652 3852 ille
680 3797 878 3852 fratres
905 3796 1157 3852 exhiberi
1186 3797 1435 3868 praecipit

306 3892 614 3962 Verbisque
639 3889 1105 3946 curatadmonere
1130 3889 1373 3944 lenibus.

303 3985 578 4038 Temnunt
607 3979 823 4034 athletze
851 3979 1133 4050 viperinos
1161 3979 1377 4046 sibilos,

307 4074 648 4145 Fraudisque
677 4086 842 4128 voces
871 4088 1005 4126 aure
1033 4071 1203 4126 surda
1233 4072 1540 4144 transigunt

308 4165 372 4220 Et
399 4181 461 4220 se
492 4169 713 4234 paratos
750 4162 819 4216 ad
846 4162 1154 4232 palaestram
1177 4161 1497 4231 praedicant.

305 4257 618 4326 Torquetur
645 4251 863 4326 anguis,
882 4259 937 4305 et
964 4265 1181 4305 venena
1211 4250 1480 4323 colligens

309 4345 558 4401 Remittit
588 4344 740 4416 ipsos
768 4342 988 4398 curioso
1019 4342 1249 4407 carceri,

308 4444 512 4499 Horum
548 4441 724 4495 salute
753 4453 862 4511 quo
885 4445 1146 4493 tenentur
1173 4435 1342 4490 anxii.

304 4535 461 4589 Tunc
489 4529 660 4586 caedis
687 4529 852 4597 hujus
871 4527 924 4581 id
959 4525 1125 4581 refert
1155 4524 1477 4580 auctoribus

309 4625 370 4679 Et
390 4623 672 4680 lulianum
692 4625 911 4676 accusat
941 4617 1074 4672 artis
1103 4617 1322 4681 robore,

310 4713 494 4767 Nitore
532 4711 678 4766 culta
703 4705 930 4780 fregerit
967 4705 1117 4777 quod
1145 4703 1312 4768 idola,

308 4805 535 4874 Tropaea
561 4805 887 4872 prosecutus
917 4797 1038 4866 ejus
1076 4805 1296 4862 caetera,

312 4897 544 4951 Decreta
570 4906 808 4964 poscens
836 4888 968 4943 inde
997 4887 1130 4960 quid
1154 4887 1482 4944 deliberent.

312 4981 574 5040 Mandant
605 4985 868 5058 parentur
894 4976 1130 5051 singulis
1152 4983 1211 5030 ut
1242 4975 1392 5032 dolia

313 5075 526 5147 Adipis,
552 5073 768 5146 liquore
789 5087 915 5126 cum
940 5071 1081 5142 picis
1113 5065 1406 5139 ferventia,

314 5171 396 5225 Ab
421 5170 548 5244 igne
579 5166 699 5222 sani
723 5165 862 5221 forte
893 5165 939 5219 si
973 5163 1307 5219 recesserint

316 5261 487 5317 Poma
516 5256 663 5314 affici
695 5273 804 5328 qua
833 5265 1044 5320 censet,
1078 5256 1181 5311 hos
1202 5264 1484 5310 exerceat.

315 5356 439 5411 Mox
470 5351 723 5410 exhiberi
757 5365 963 5422 praeses
993 5365 1026 5403 a
1063 5350 1315 5405 custodia

315 5445 490 5502 Jubet
518 5443 713 5499 beatos
740 5441 844 5497 sub
875 5441 1087 5496 catenis
1114 5440 1337 5495 milites.

317 5538 508 5593 Datam
529 5534 636 5590 sibi
657 5534 921 5606 pr0ponit
949 5533 1036 5587 his
1062 5532 1339 5587 licentiam
1377 5550 1390 5588 :

318 5627 491 5699 Eique
516 5625 693 5681 sancti
723 5639 844 5696 quae
871 5623 1125 5698 ligabunt
1155 5622 1356 5694 impios

318 5724 516 5779 Pinnas
534 5719 802 5787 revelant,
833 5726 888 5774 et
917 5725 1142 5773 manent
1173 5717 1426 5773 interriti.

327 5813 450 5868 Haec
481 5811 612 5866 dum
640 5814 916 5877 teruntur,
938 5823 1139 5880 corpus
1169 5823 1297 5863 ecce
1320 5813 1595 5864 mortuum

1947 516 1995 580 Α
2027 508 2275 562 Dandum
2302 505 2476 560 suetis
2501 505 2776 575 bajulatur
2805 506 3028 582 ignibus
3055 525 3070 574 ;

2027 603 2180 667 Quod
2202 603 2499 657 Martianus
2519 611 2578 656 ut
2604 602 2774 669 videt,
2814 603 2944 673 poni
2965 603 3143 672 jubet,

2029 694 2326 750 EtJuliano
2351 695 2574 748 mandat
2603 693 2658 748 id
2689 695 3002 764 resuscitat,

2027 786 2243 841 Fecisse
2275 785 2522 840 Christus
2551 795 2610 841 ut
2632 786 2894 859 magister
2909 788 3182 858 proditur.

2031 899 2054 928 α
2075 878 2288 933 Caecum
2314 878 2448 949 quid
2477 878 2944 950 inquitJulianus,
2977 880 3198 949 adjuvat

2027 973 2140 1038 Sol,
2176 972 2400 1044 quando
2428 973 2623 1028 lustret
2647 983 2968 1030 caaterorum
3001 974 3213 1031 lumina
3248 977 3276 1030 ?

2027 1064 2136 1118 Sed
2159 1071 2339 1120 vestra
2365 1065 2619 1136 quamvis
2651 1081 2759 1120 non
2792 1073 3039 1122 meretur
3064 1067 3313 1132 caecitas,

2029 1155 2147 1209 Jam
2184 1162 2404 1227 tempus
2443 1165 2527 1212 est
2557 1156 2752 1212 Christi
2784 1165 2843 1212 ut
2869 1166 3117 1228 patescat
3133 1159 3381 1216 claritas:

2032 1244 2238 1300 Fidelis
2257 1245 2379 1312 ejus
2409 1261 2532 1298 nam
2563 1255 2750 1300 manet
2779 1247 3097 1318 promissio,

2029 1341 2106 1394 Ne
2135 1349 2320 1396 nostra
2342 1357 2482 1395 vane
2514 1339 2734 1395 decidat
2760 1341 2969 1411 petitio.
2995 1362 3025 1392 η

2031 1432 2154 1485 Hzec
2173 1428 2332 1493 dixit,
2356 1439 2526 1500 utque
2557 1427 2698 1483 fudit
2719 1429 2788 1483 ad
2822 1430 3110 1486 Dominum
3135 1449 3374 1503 precem,

2029 1520 2362 1575 Refunditur
2388 1535 2512 1575 mox
2546 1520 2657 1574 vita
2687 1520 2948 1575 membris
2973 1522 3206 1578 reddita.

2026 1613 2289 1684 Astatque
2319 1612 2493 1680 vivus,
2528 1619 2718 1682 raptus
2751 1611 2861 1667 imo
2887 1611 3129 1680 Tartaro,

2026 1701 2414 1772 Christumque
2452 1701 2640 1755 laudat
2668 1716 2833 1770 quem
2853 1700 3006 1770 prius
3036 1702 3364 1768 nesciverat,

2025 1790 2344 1845 Teterrimis
2355 1797 2409 1844 et
2431 1789 2616 1859 impiis
2636 1787 2973 1862 gigantibus,

1947 1865 2001 1933 Β
2029 1884 2326 1954 Ρωηὶδῳια
2357 1898 2419 1936 se
2446 1881 2647 1936 fatetur
2677 1882 2808 1936 atris
2837 1890 3078 1947 erutum,

2030 1974 2275 2045 Vitwque
2308 1983 2535 2046 pr0pter
2563 1973 2840 2028 Iulianum
2871 1974 3168 2029 redditum.

2025 2065 2222 2120 Tactus
2252 2064 2444 2120 dolore
2471 2062 2716 2119 carnifex
2742 2063 3026 2138 ergastulo

2027 2155 2191 2210 Jubet
2217 2156 2423 2212 retrudi
2446 2157 2594 2210 hunc
2614 2171 2884 2229 agregans
2911 2155 3253 2210 certantibus
3280 2173 3293 2208 :

2029 2249 2465 2313 QuemJulianus
2487 2246 2635 2301 ablui
2656 2245 2984 2316 baptismate

2029 2338 2196 2404 Facit,
2215 2337 2428 2408 piorum
2446 2335 2714 2407 copulans
2730 2334 3031 2390 consortio.

2099 2430 2350 2486 Mandata
2375 2443 2542 2500 pwna
2570 2434 2913 2498 praeparatur
2941 2425 3161 2480 interim
3186 2443 3199 2480 :

2028 2520 2270 2595 Triginta
2301 2525 2355 2573 et
2385 2533 2557 2572 unum
2585 2517 2931 2571 destinantur
2967 2516 3137 2584 dolia,

2035 2613 2182 2687 Ignis
2213 2611 2424 2681 repleta
2445 2617 2749 2681 praenotato
2781 2608 2987 2680 pabulo
3013 2626 3028 2674 ;

2036 2707 2321 2759 Ducuntur
2349 2703 2418 2758 ad
2453 2711 2642 2774 parata
2664 2703 2840 2757 sancti
2873 2701 3132 2756 incendia
3163 2720 3176 2765 ;

2030 2799 2306 2854 Vocantur
2335 2811 2532 2852 omnes
2562 2795 2699 2849 illud
2729 2795 2796 2848 ad
2827 2795 3226 2864 spectaculum.

2034 2887 2208 2960 Rogat
2241 2885 2445 2940 remitti
2477 2885 2776 2939 Martianus
2814 2881 3012 2949 filium,

2031 2978 2373 3048 Sanctosquc
2407 2976 2560 3031 reddi
2595 2976 2888 3046 pollicetur
2915 2975 3143 3030 liberos.

2034 3069 2226 3124 Oblata
2254 3073 2526 3140 spernunt
2553 3067 2671 3120 haec
2701 3065 2847 3120 beati
2880 3071 3168 3135 martyres,

2035 3161 2287 3233 Puerqne
2316 3159 2486 3232 patris
2513 3159 2724 3229 respuit
2749 3157 3123 3224 clementiam,

1955 3229 2005 3298 C
2035 3229 2362 3324 Patremque
2392 3251 2570 3322 poscit
2597 3251 2698 3304 ista
2730 3256 3019 3319 postquam
3050 3247 3246 3303 vicerit

2029 3349 2342 3412 Tormenta,
2376 3351 2607 3399 matrem
2636 3341 2964 3398 commorari
2995 3341 3090 3396 det
3120 3340 3227 3396 sibi

2031 3437 2230 3491 Tribus
2254 3435 2486 3508 diebus;
2510 3433 2651 3487 dans
2673 3439 2830 3504 pater
2859 3432 3004 3486 redit
3032 3431 3280 3494 domum,

2035 3526 2111 3580 Ad
2146 3527 2262 3581 haec
2288 3523 2504 3600 agenda
2527 3521 2828 3593 providens
2851 3522 3142 3586 vicarium,

2032 3618 2189 3674 Gnati
2223 3617 2411 3672 videre
2443 3631 2554 3671 non
2596 3614 2780 3670 ferens
2809 3615 3152 3670 incendium.

2032 3710 2320 3765 Ponuntur
2349 3705 2478 3760 almi
2509 3706 2566 3759 in
2590 3710 2894 3775 prmparata
2915 3705 3085 3772 dolia,

2034 3801 2098 3856 Et
2124 3807 2312 3854 vastus
2329 3798 2473 3873 ignis
2493 3797 2602 3852 alte
2624 3795 3088 3852 circumfunditur
3117 3813 3132 3861 ;

2035 3893 2290 3947 Flammae
2322 3891 2574 3947 feruntur
2595 3889 2780 3944 arduae
2807 3904 2907 3959 per
2944 3903 3072 3942 aera
3105 3905 3118 3942 :

2036 3982 2281 4036 Psallunt
2308 3980 2454 4036 beati
2477 3995 2612 4035 voce
2633 3979 2780 4033 clara
2801 3976 3067 4042 carmina,

2036 4074 2278 4147 Fideque
2306 4074 2452 4129 celsa
2490 4070 2847 4144 supprimunt
2875 4068 3156 4140 incendia,
3228 4072 3232 4076 ’

2037 4174 2293 4242 Auroque
2325 4169 2394 4224 ab
2427 4168 2555 4241 igne
2585 4168 2852 4223 clariores
2880 4173 3102 4228 exeunt,

2035 4266 2263 4334 Deoquc
2293 4261 2484 4316 laudes
2521 4261 2689 4316 corde
2719 4259 2844 4314 lecto
2873 4258 3192 4320 concinunt,

2035 4353 2289 4425 Magnum
2315 4350 2558 4405 ferentes
2574 4348 2790 4403 civibus
2828 4346 3150 4401 miraculum
3177 4364 3193 4399 :

2039 4441 2146 4494 Sed
2188 4438 2482 4494 circulator
2513 4437 2618 4492 hoc
2648 4451 2935 4510 magorum
2968 4435 3198 4505 deputat

2043 4535 2248 4589 Virtute
2279 4538 2518 4607 gestum,
2543 4531 2682 4584 dans
2712 4530 2970 4584 tenebras
3001 4530 3055 4584 in
3079 4530 3227 4584 diem

1961 4598 2011 4664 ί)
2033 4623 2245 4678 Dextris
2267 4621 2511 4686 sinistra,
2543 4635 2729 4673 amara
2759 4619 2999 4673 miscens
3029 4619 3307 4674 dulcibus.

2038 4713 2101 4770 Ut
2127 4711 2407 4784 expetivit,
2437 4717 2615 4764 matre
2635 4717 2855 4779 sumpta
2886 4708 3033 4764 filius

2037 4803 2213 4857 Lzetus
2243 4800 2419 4854 beatis
2440 4798 2692 4872 jungitur
2715 4797 3086 4860 consortibus,

2044 4897 2256 4952 Privata
2285 4895 2520 4950 claustra
2549 4907 2689 4966 quos
2718 4900 3006 4964 receptant
3033 4892 3273 4948 carceris

2044 4991 2220 5046 Odore
2252 5005 2374 5061 quae
2399 4987 2683 5060 replentur
2710 4987 2837 5040 almi
2863 4987 3120 5041 nectaris.

2047 5083 2282 5155 Captans
2310 5083 2540 5138 choreas
2567 5081 2948 5146 concinentes,
2979 5079 3204 5144 femina,

2050 5173 2272 5246 Expleta
2302 5171 2571 5226 suavitate
2603 5177 2709 5223 tam
2731 5167 3066 5242 gratissima,

2050 5263 2323 5318 Christum
2347 5261 2539 5316 dolore
2570 5258 2862 5314 conﬁtetur
2885 5256 3084 5312 obruto
3115 5276 3132 5311 :

2049 5356 2218 5420 Quam
2252 5353 2373 5407 luce
2400 5351 2554 5406 verbi
2583 5350 2838 5404 Julianus
2859 5347 3062 5414 erudit,

2047 5447 2355 5516 Firmatque
2384 5443 2587 5498 blanda
2614 5438 2877 5496 charitate
2895 5439 3042 5496 ﬁlius
3074 5459 3088 5508 ;

2045 5538 2250 5591 Gnatus
2270 5533 2482 5604 parenti
2512 5531 2570 5586 fit
2591 5538 2746 5602 pater
2767 5529 3124 5602 baptismate,

2045 5629 2378 5698 Matremque
2407 5623 2592 5696 proles
2621 5622 2736 5677 edit
2765 5623 2909 5679 almo
2949 5625 3228 5698 germine.

2046 5717 2298 5773 Gaudent
2325 5716 2544 5772 athletae
2561 5731 2685 5770 cum
2715 5714 2976 5787 supernis
2999 5715 3214 5775 civibus

2049 5809 2212 5865 Ovem
2244 5805 2454 5878 lupinis
2483 5821 2541 5862 se
2559 5804 2835 5876 expulisse
2867 5803 3140 5862 faucibus.

3525 389 3631 442 562
