3890 6420
297 359 404 416 563
1063 359 1431 418 FLODOARDI
1472 362 1779 419 CANONlCl
1820 363 2148 420 REMENSIS
2189 364 2527 422 OPUSCULA
2569 367 2878 424 METRICA.

299 491 464 548 Audit
488 487 734 563 jugalem
765 487 1064 542 Martianus
1082 488 1409 559 eomplicem

300 585 514 640 Factam
537 581 753 652 piorum
785 577 996 650 filiique
1022 595 1316 651 supparem
1351 597 1366 646 ;

300 678 532 733 Domum
563 673 774 739 reduci,
807 688 971 744 quam
1007 673 1168 741 jubet
1206 673 1496 741 secretius,

302 769 441 833 Quid
470 767 601 822 huic
629 766 700 820 sit
727 771 908 820 actum
940 764 1227 819 sciscitans
1254 780 1285 818 a
1315 763 1448 820 filio.

300 855 404 911 Pro
437 854 763 909 liberatione
797 853 983 906 matris
1012 853 1211 906 arduas

302 949 516 1004 Christo
547 947 737 1002 beatas
766 946 952 1001 celsus
975 944 1134 1000 effert
1159 945 1384 1020 gratias.

298 1043 458 1098 Domi
491 1048 758 1113 tyrannus
790 1039 1026 1095 detineri
1059 1042 1350 1114 conjugem

298 1135 463 1188 .lubet
487 1150 501 1198 ;
525 1131 760 1186 ministri
792 1130 1088 1186 molientes
1119 1131 1356 1203 obsequi

306 1225 588 1279 Caecantur
621 1221 860 1292 ;accipit
888 1221 1011 1292 pios
1042 1223 1401 1297 ergastulum.

298 1321 396 1376 Die
426 1317 681 1392 sequenti
711 1317 1008 1373 Martianus
1045 1317 1250 1373 milites

301 1412 599 1467 Obtruncat
624 1410 799 1465 almos
823 1409 910 1464 bis
941 1411 1157 1478 decem,
1188 1411 1306 1482 qui,
1339 1412 1548 1469 lumine

301 1501 456 1556 Ducti
487 1515 749 1571 superno,
782 1499 1082 1555 vanitatem
1125 1501 1423 1573 liquerant,

298 1594 633 1665 Septemque
657 1592 851 1647 fratres
881 1591 1008 1665 igne
1039 1609 1278 1666 pugnam
1313 1592 1532 1659 ﬁniunt,

299 1687 503 1740 Aurum
529 1684 812 1759 refulgens
841 1701 945 1740 ceu
976 1684 1194 1740 camino
1226 1686 1496 1753 redditur,

300 1777 446 1832 Facti
488 1793 589 1848 per
619 1777 806 1850 ignem
826 1775 948 1830 luce
978 1775 1125 1831 clara
1153 1775 1453 1846 splendidi.

373 1870 606 1926 Posthac
637 1877 866 1940 tyranno
897 1875 1268 1943 suggeruntur
1295 1870 1484 1926 caeteri
1518 1891 1534 1926 :

299 1958 495 2013 Tentat
524 1956 788 2028 profanus
809 1972 1037 2012 avocare
1078 1964 1352 2029 martyres

302 2054 340 2106 A
369 2053 492 2122 jure
523 2051 722 2106 Christi
753 2059 807 2105 et
838 2051 1137 2125 subjugare
1165 2053 1431 2123 sculptili.

299 2141 504 2196 Ornare
535 2139 802 2209 templum
832 2155 940 2210 quo
971 2139 1177 2194 resedit
1214 2141 1500 2211 pulchrius

301 2228 690 2300 Secretiusque
721 2229 948 2282 mandat
977 2243 1113 2283 auro
1143 2227 1435 2302 fulgidum,

301 2319 553 2391 Ducique
573 2323 793 2373 sanctos
819 2333 883 2372 ac
913 2317 1070 2372 litare
1103 2318 1356 2388 perditis,

301 2416 528 2471 Placare
565 2431 705 2471 vana
727 2415 981 2471 lmserant
1011 2431 1135 2486 qua:
1159 2415 1408 2471 numina.

304 2507 487 2563 C(etus
511 2506 717 2578 popelli
748 2507 927 2581 pergit
956 2505 1103 2561 istud
1132 2505 1312 2562 visere
1340 2527 1355 2578 ;

303 2600 516 2655 Adsunt
537 2599 709 2666 beati,
739 2607 792 2654 et
821 2599 980 2673 signa
1009 2598 1205 2654 Christi
1235 2597 1514 2656 frontibus

304 2690 502 2762 Figunt
531 2695 744 2745 sacrata
774 2688 1077 2744 muniendo
1105 2703 1374 2759 corpora:

309 2781 522 2835 Intrant
549 2778 812 2834 sacellum
836 2778 1076 2833 roborati
1102 2793 1332 2833 munere

309 2867 527 2935 Christi,
557 2871 854 2937 precantur
883 2866 1005 2935 ejus
1039 2875 1205 2938 atque
1229 2865 1461 2940 gloriam

306 2957 504 3023 Pandi,
534 2962 696 3012 ruant
724 2962 784 3011 ut
815 2954 907 3010 illa
937 2955 1126 3026 templi
1153 2955 1378 3022 moenia,

311 3050 374 3104 Et
403 3057 602 3105 cuncta
631 3048 744 3104 fani
761 3054 1115 3104 conterantur
1140 3047 1304 3103 idola.

307 3144 763 3216 Auditsupernus
793 3148 918 3198 vota
943 3157 1229 3198 servorum
1260 3143 1404 3199 Deus
1437 3161 1451 3198 :

307 3235 435 3291 Ruit
462 3235 748 3302 sacellum,
778 3233 1110 3289 defatiscunt
1139 3233 1402 3298 coctiles;

308 3328 487 3383 Ruina
514 3326 707 3397 templi
739 3327 1085 3397 apparitores
1106 3327 1390 3397 opprimit,

310 3417 569 3492 lgnisque
594 3423 791 3472 cuncta
816 3415 1076 3482 absumit,
1108 3416 1226 3470 hacac
1256 3417 1584 3478 demoliens.

308 3506 543 3562 Insultat
567 3507 745 3561 almus
768 3505 1020 3561 Julianus
1051 3506 1276 3576 praesidi
1308 3526 1323 3575 ;

310 3597 534 3654 Furoris
564 3597 657 3652 ille
684 3596 997 3669 perforatur
1019 3598 1267 3668 spiculis,

307 3691 646 3761 Sanctosque
675 3690 730 3744 in
762 3689 864 3744 atri
893 3690 1100 3745 claudit
1140 3691 1250 3746 ima
1277 3694 1533 3750 carceris.

308 3783 403 3838 Hic
424 3789 585 3839 nocte
615 3782 808 3838 laudes
837 3782 968 3838 dum
1000 3783 1112 3840 Deo
1140 3785 1537 3855 persolverent,

307 3873 521 3930 Adsunt
546 3872 690 3928 beati
725 3873 818 3945 qui
849 3873 1192 3944 triumphum
1221 3875 1606 3946 impleverant,

308 3964 507 4020 Horum
540 3963 632 4034 pia
657 3961 1006 4020 confessione
1045 3978 1354 4034 compares,

309 4053 508 4110 Omnes
534 4052 718 4109 amicti
743 4053 989 4108 vestibus
1013 4052 1400 4124 praecandidis,

311 4149 374 4204 Et
393 4147 615 4203 alleluia
641 4147 1001 4203 concinentes
1018 4145 1276 4202 dulciter.

310 4241 547 4297 Chorum
579 4239 742 4294 beata
771 4238 924 4294 ducit
952 4238 1064 4294 illic
1083 4239 1359 4314 virginum

312 4329 612 4394 Basillissa,
654 4336 844 4383 sancto
876 4343 998 4400 qua:
1023 4327 1200 4401 jugali
1237 4329 1538 4402 gratulans,

310 4421 510 4489 Aperta
535 4418 660 4473 coeli
686 4433 853 4490 regna
878 4417 1085 4474 sanctis
1123 4419 1357 4486 nuntiat,

283 4553 288 4558 -
313 4513 420 4568 llos
446 4521 501 4568 et
527 4513 616 4566 die
631 4513 902 4584 promittit
928 4513 1045 4583 ipsa
1071 4515 1276 4585 suscipi

311 4607 425 4671 Qua
463 4603 707 4660 Christus
737 4605 857 4660 orbi
887 4605 1030 4660 clara
1057 4605 1148 4661 lux
1174 4610 1452 4678 apparuit,

310 4696 377 4751 Ut
405 4697 509 4751 hac
535 4695 786 4766 polorum
818 4702 1121 4766 appareant
1153 4713 1279 4752 cum
1310 4697 1526 4754 civibus

311 4785 374 4844 Et
398 4789 454 4842 in
467 4789 724 4859 supernis
756 4795 1114 4858 perseverent
1143 4789 1390 4844 sedibus.

311 4880 436 4934 Post
462 4879 580 4934 haec
609 4877 852 4949 tribunal
885 4877 940 4930 in
972 4877 1091 4932 foro
1124 4894 1328 4946 prteses
1342 4879 1504 4948 jubet

311 4969 429 5023 Sibi
451 4967 629 5038 parari
651 4974 706 5021 et
731 4966 984 5022 exhiberi
1013 4972 1302 5037 martyres.

312 5059 658 5114 Crudelitatis
688 5059 775 5114 hic
804 5058 1046 5114 furorem
1089 5060 1396 5116 exercitans

312 5147 504 5222 Digitis
535 5149 750 5218 piorum
785 5163 884 5217 per
912 5163 1109 5203 manus
1141 5148 1324 5219 lychni
1356 5156 1410 5204 et
1437 5150 1610 5221 pedes

313 5241 445 5295 Oleo
474 5240 763 5295 madentes
783 5241 1080 5315 alligentur
1101 5242 1350 5313 praecipit
1379 5260 1392 5308 ;

312 5331 466 5395 Quod
487 5339 548 5386 ut
577 5338 882 5401 peractum,
913 5349 1039 5388 mox
1067 5350 1334 5405 papyrum
1364 5336 1683 5392 accenditur

310 5421 628 5493 Ardentque
661 5418 750 5474 fila
778 5439 790 5474 :
820 5424 1018 5478 annexi
1049 5425 1172 5479 laedi
1204 5441 1312 5481 non
1346 5426 1551 5494 valent,

312 5510 516 5564 Intacta
543 5517 600 5562 et
631 5508 769 5562 ustis
796 5512 1044 5568 membra
1071 5513 1286 5584 lychnis
1316 5525 1662 5588 permanent,

308 5596 442 5650 Dein
470 5597 640 5651 beato
671 5591 889 5651 Juliano
928 5600 1152 5654 verticis

307 5685 601 5761 Pueroque
632 5693 822 5739 sancto
853 5687 1090 5743 detrahit
1111 5689 1258 5748 lcrus
1286 5705 1466 5753 cutem
1495 5689 1500 5696 ’

301 5773 495 5834 Oculos
527 5769 811 5829 sacerdoti
843 5790 1044 5832 eruens
1066 5777 1321 5847 Antonio,

1950 495 2002 561 Α
2034 492 2116 560 Ει,
2138 507 2303 564 quem
2337 493 2534 549 bea‘us
2557 495 2811 551 Julianus
2839 506 3113 554 mortuum

2030 581 2201 636 Orans
2231 583 2596 651 resuscitavit,
2630 586 2936 643 Anastasio.

2029 669 2190 724 Pueri
2223 685 2354 744 ergo
2389 679 2615 728 matrem
2636 674 3015 733 Martianillam
3049 680 3192 736 Deus

2026 760 2144 816 Non
2175 777 2334 832 posse
2363 779 2602 820 cernens
2633 765 2775 822 ferre
2796 768 2932 824 dura
2960 773 3218 842 tormina,

2026 850 2273 905 Caecabat
2303 866 2496 908 omnes
2523 854 2650 910 huic
2676 873 2870 912 manus
2891 861 2985 930 qui
3015 861 3318 932 injecerant
3345 884 3360 931 ;

2025 935 2243 992 Curavit
2281 948 2466 997 autem
2497 945 2772 1002 sauciatos
2799 955 3087 1020 martyres,

2027 1024 2369 1084 llluminavit
2403 1030 2764 1107 integrosque
2792 1035 3054 1105 reddidit,

2027 1110 2309 1171 Cruciatur
2335 1118 2508 1174 hostis
2537 1124 2726 1190 corde,
2761 1125 2924 1179 saevis
2953 1125 3188 1198 tigribus

2029 1206 2282 1283 Dirisque
2315 1213 2490 1270 factus
2520 1219 2746 1274 crudior
2775 1224 3149 1293 serpentibus.

2026 1298 2255 1356 Sanctos
2278 1303 2331 1356 in
2354 1305 2816 1376 amphitheatrum
2849 1313 2980 1386 agit,
3009 1330 3151 1385 quos
3172 1315 3364 1371 bestiis

2034 1388 2288 1460 Exponit,
2327 1394 2443 1464 ipse
2468 1397 2583 1451 suis
2613 1397 2852 1455 feracior
2876 1400 3028 1458 feris.

2029 1477 2233 1535 Venire
2264 1480 2456 1538 belvas
2480 1486 2770 1556 etpiorum
2801 1490 3017 1565 lingere

2031 1571 2208 1627 Pedes
2237 1573 2476 1640 videres,
2506 1577 2757 1634 mitiores
2779 1583 2995 1639 catulis.

2028 1666 2206 1722 Furiis
2237 1671 2477 1741 repletus
2502 1680 2556 1728 et
2584 1675 2855 1749 gehennae
2885 1678 3156 1737 incendiis

2026 1761 2191 1817 Jubet
2211 1764 2416 1834 requiri
2443 1765 2738 1824 Martianus
2768 1771 2980 1826 noxios.

2023 1850 2136 1905 Acti
2166 1851 2458 1907 trahuntur
2485 1855 2766 1912 criminosi
2795 1861 3086 1931 ergastulis

2024 1939 2242 2011 Piisque
2273 1941 2676 2011 permiscentur
2699 1947 2919 2004 athletis
2943 1951 3042 2018 rei,

2029 2031 2302 2104 Missoque
2329 2035 2384 2088 in
2417 2037 2882 2107 amphitheatrum
2918 2043 2985 2097 ad
3027 2045 3131 2100 hoc
3157 2047 3417 2104 satellite.

2030 2123 2309 2179 Necantur
2335 2127 2556 2182 admisti
2589 2129 2915 2188 innocentes
2946 2136 3161 2203 noxiis;

2031 2213 2290 2286 Exempla
2319 2217 2515 2272 Christi
2539 2233 2972 2294 consequentes,
3007 2225 3098 2282 hic
3123 2243 3349 2300 quoque

2031 2301 2131 2366 Qui
2160 2305 2214 2358 in
2250 2306 2507 2375 passione
2529 2308 2756 2377 junctus
2786 2319 2868 2366 est
2898 2313 3224 2370 latronibus.

2030 2397 2248 2453 Tellure
2281 2406 2428 2455 mota
2453 2409 2722 2458 corruunt
2753 2419 2879 2460 mox
2910 2405 3080 2476 idola,

2030 2487 2137 2542 Aer
2166 2490 2366 2545 minaci
2403 2500 2662 2561 personat
2685 2495 2949 2558 tonitruo.

2032 2578 2367 2652 Miserosque
2394 2599 2593 2658 magna
2626 2592 2870 2641 terruere
2896 2586 3133 2662 fulgura.

2032 2669 2171 2724 Hinc
2201 2672 2502 2727 semivivus
2532 2674 2826 2732 Martianus
2854 2677 3048 2753 effugit
3077 2699 3093 2748 ;

2032 2760 2245 2817 Efﬂavit
2274 2770 2454 2818 autem
2489 2766 2784 2823 devoratus
2810 2771 3089 2826 vermibus

2031 2853 2228 2909 Paucis
2257 2855 2455 2912 diebus
2475 2860 2711 2915 evolutis
2741 2865 3120 2932 postmodum.

2033 2947 2097 3003 At
2125 2947 2415 3005 Christiani
2447 2958 2606 3007 nocte
2633 2954 2727 3026 qui
2761 2965 3159 3026 remanserant,

2033 3040 2327 3114 Postquam
2362 3043 2505 3098 beati
2535 3061 2704 3119 regna
2735 3050 3014 3106 scandunt
3044 3060 3328 3125 martyres,

2034 3129 2177 3184 Eunt
2208 3131 2425 3201 piorum
2458 3142 2649 3190 sancta
2678 3137 2882 3192 lectum
2912 3155 3143 3210 corpora
3177 3159 3190 3195 :

2033 3223 2163 3287 Quae
2196 3239 2318 3280 cum
2352 3225 2604 3282 laborant
2636 3245 2935 3304 segregare
2963 3233 3226 3301 sontium,

2030 3311 2287 3368 Oratione
2312 3314 2553 3385 supplici
2586 3317 2864 3374 Christum
2899 3328 3097 3392 petunt

2031 3404 2121 3459 Eis
2151 3404 2366 3474 piorum
2395 3423 2504 3478 quo
2519 3409 2726 3466 revelet
2763 3412 3018 3486 pignera,

2033 3494 2095 3548 Et
2125 3509 2255 3550 ecce
2286 3495 2417 3550 visre
2440 3513 2541 3551 ceu
2570 3498 2787 3555 decora)
2819 3501 3063 3576 virgines

2033 3583 2242 3641 Thecas
2273 3588 2468 3643 sedere
2499 3591 2730 3664 singulae
2757 3607 2929 3662 super
2951 3609 3096 3648 suas.

2035 3676 2148 3732 Hoc
2175 3678 2313 3732 lecta
2347 3679 2465 3734 viso
2487 3680 2730 3733 membra
2759 3681 2918 3754 signo
2950 3681 3161 3753 fulgida

2037 3765 2315 3838 Cruorque
2341 3768 2495 3836 juxta
2522 3769 2843 3842 eongelatus
2882 3771 3185 3841 splenduit,

2034 3855 2230 3912 Altaris
2255 3866 2312 3912 et
2335 3857 2553 3928 sepulta
2591 3860 2694 3914 sub
2737 3859 3077 3925 fundamine,

2037 3949 2292 4006 Procedit
2322 3950 2471 4005 unde
2502 3950 2626 4006 fons
2652 3950 2876 4006 abunde
2910 3951 3194 4022 proﬂuens

2033 4040 2236 4096 Locum
2267 4040 2495 4112 superni
2524 4041 2621 4113 qui
2651 4042 2828 4113 replet
2858 4042 3226 4114 baptismatis,

2037 4134 2134 4189 Hic
2156 4136 2329 4191 multa
2354 4135 2602 4192 Christus
2621 4135 2894 4191 exhibens
2927 4135 3207 4194 beneficia

2034 4225 2235 4281 Pendit
2265 4227 2425 4283 vietis
2445 4227 2649 4299 saepius
2677 4227 2971 4284 solamina.

2036 4320 2132 4375 Die
2161 4321 2307 4376 beati
2334 4321 2535 4377 Juliani
2564 4323 2816 4394 martyris

2035 4412 2184 4467 Vecti
2207 4413 2408 4484 leprosi
2429 4429 2540 4486 quo
2571 4414 2762 4470 decem
2796 4415 2920 4470 tabo
2950 4415 3182 4480 horridi,

2041 4505 2358 4560 Exulcerata
2382 4522 2544 4561 carne
2578 4521 2721 4576 pene
2749 4506 2978 4578 putridi,

1961 4575 2016 4640 Ι)
2040 4596 2214 4651 Tincti
2235 4603 2295 4650 ut
2322 4598 2523 4652 lavacri
2550 4575 2871 4670 suntaquis,
2907 4599 3339 4670 pulcherrimum

2038 4689 2273 4743 Sumunt
2299 4689 2581 4757 decorem,
2610 4690 2905 4746 sanitatem
2933 4698 2989 4747 et
3010 4692 3300 4768 integram.

2039 4781 2339 4852 Ferturque
2379 4797 2482 4836 vox
2512 4782 2738 4853 delapsa
2761 4783 2902 4839 coelo
2924 4784 3264 4852 hujusmodi.

2039 4871 2163 4926 Haec
2190 4871 2394 4926 Juliani
2427 4887 2592 4938 nunc,
2628 4873 2735 4926 mei
2767 4875 3104 4941 charissimi,

2028 4965 2224 5020 Meruit
2249 4964 2406 5020 ﬁdes.
2437 4966 2644 5034 majora
2679 4982 2802 5038 quae
2833 4968 3158 5024 merebitur.

2035 5056 2098 5110 Et
2125 5055 2212 5110 hic
2243 5062 2299 5110 et
2328 5055 2383 5109 in
2424 5071 2534 5128 quo
2563 5055 2826 5112 fabricata
2852 5065 2982 5113 sunt
3010 5059 3132 5116 loco

2033 5145 2344 5200 Orationem
2377 5145 2478 5201 sub
2505 5146 2712 5202 honore
2743 5146 2964 5202 domata

2033 5234 2300 5289 Basilissae
2325 5241 2378 5289 et
2406 5235 2535 5288 almi
2563 5235 2768 5290 Juliani
2795 5236 3070 5306 martyris,

2040 5325 2359 5381 Praebentur
2390 5327 2571 5397 ampla
2595 5327 2891 5382 sanitatum
2916 5343 3166 5396 munera,

2037 5417 2100 5471 Et
2123 5425 2246 5473 vota
2268 5419 2617 5488 complentur
2642 5418 2858 5491 piorum
2889 5419 3199 5476 commoda.

2039 5513 2277 5576 Quorum
2313 5513 2474 5568 beata
2515 5514 2796 5584 postulent
2815 5513 3041 5570 flamina

2039 5609 2207 5664 Nobis
2234 5609 2433 5664 resolvi
2474 5610 2768 5666 criminum
2792 5611 3091 5668 nodamina

2039 5701 2102 5756 Et
2123 5701 2257 5756 dent
2289 5717 2530 5773 superna
2557 5703 2845 5775 possidere
2859 5705 3086 5778 gaudia.
