3890 6396
753 353 838 408 DE
877 352 1239 410 TRIUMPHIS
1279 357 1544 414 CHRISTI
1585 360 1957 418 ANTIOCHI/I3
1996 361 2218 423 GESTIS
2259 360 2437 416 LIBRI
2477 360 2628 416 DUO.
2671 390 2740 400 —
2780 359 2885 413 LIB
2951 360 2992 414 I.

3429 361 3536 414 566

1675 505 1884 562 CAPUT
1933 507 2064 561 XIV.

1541 608 1620 668 De
1661 617 1866 670 semoto
1909 609 2192 669 Romano.

176 709 420 767 Romani
453 708 656 764 luctam
683 709 912 764 aureolo
938 709 1272 767 Prudentius
1301 728 1396 769 ore

179 800 471 866 Intonuit;
497 816 668 872 quare
707 800 840 856 satis
863 809 950 856 est
978 802 1151 858 libare
1189 811 1414 876 tropaea.

175 892 436 964 Denique
457 891 750 964 praefectus
777 893 884 948 hoc
915 893 1148 950 mittitur
1173 896 1543 968 Asclepiades.

177 986 595 1058 Ecclesiamque
625 985 754 1040 dolo
780 986 1056 1041 meditans
1082 987 1393 1060 irrumpere
1415 991 1593 1059 furvo,

175 1077 529 1132 Mansuetum
561 1076 755 1132 Christi
795 1077 1116 1149 disperdere
1155 1080 1298 1136 ovile
1329 1083 1558 1139 volutat.

176 1169 451 1224 Panditur
485 1169 537 1223 id
568 1176 759 1224 sancto
789 1171 976 1241 superi
1007 1171 1335 1228 charismate
1366 1175 1534 1249 Regis

176 1257 453 1323 Romano,
485 1257 743 1313 monachi
774 1259 867 1329 qui
899 1258 1192 1334 relligione
1225 1261 1490 1317 decenter

172 1351 539 1422 Przepollens,
569 1351 752 1407 valido
783 1352 1028 1424 reliquos
1060 1353 1345 1410 fulcimine
1377 1357 1557 1412 munit

173 1443 242 1498 Ut
273 1449 424 1498 stent
453 1444 751 1499 exhortans
767 1453 958 1500 contra
987 1445 1266 1518 licantque
1299 1457 1530 1517 tyranno
1558 1467 1572 1503 :

173 1531 338 1587 Unde
365 1531 471 1586 sibi
497 1531 794 1603 sistijubet
814 1532 963 1588 hunc
993 1533 1285 1604 praefectus
1305 1536 1553 1590 utaudit.

169 1619 420 1686 Sistitur,
441 1619 712 1692 arguitnr,
736 1620 1013 1691 reperitur
1039 1621 1212 1687 fortis,
1237 1639 1414 1697 agone

170 1707 512 1778 Intrepidus,
541 1715 824 1774 constans,
855 1709 1070 1764 Domini
1103 1711 1371 1765 subnixus
1409 1728 1625 1768 amore:

170 1796 504 1852 Concutitur
520 1795 730 1867 ﬂagris,
763 1804 1037 1852 tormento
1066 1815 1348 1870 appensus
1379 1801 1625 1872 equino;

166 1886 376 1941 Laetior
390 1885 649 1950 efficitur,
683 1892 858 1942 tortus
884 1893 1156 1943 tormenta
1187 1890 1558 1961 triumphans.

170 1977 486 2050 Exprobrat
515 1979 839 2032 excrucians
869 1985 1150 2045 tortorem,
1187 1983 1415 2036 verbera
1441 1984 1620 2038 nescit
1645 2003 1660 2049 ;

167 2067 444 2121 Tristibus
473 2066 696 2121 athletis
727 2066 920 2121 Christi
953 2069 1227 2139 praeponit
1265 2085 1531 2137 amorem,

168 2157 352 2227 Atque
386 2155 482 2210 Dei
509 2170 700 2211 servos
733 2157 990 2212 meliores
1018 2158 1244 2230 regibus
1265 2157 1442 2212 effert.

169 2247 471 2318 Depositus
501 2248 747 2318 quatitur
776 2248 957 2303 librati
989 2249 1215 2305 verbere
1250 2251 1462 2321 plumbi
1496 2268 1510 2317 ;

172 2337 312 2393 Hinc
342 2338 521 2393 lectus
549 2338 856 2410 spondetur
894 2340 1093 2406 honos,
1137 2340 1229 2395 ille
1258 2341 1444 2396 omnia
1475 2341 1691 2408 temnit,

170 2431 232 2486 Et
247 2430 402 2485 saecli
432 2431 604 2486 decus
625 2447 788 2487 omne
819 2432 914 2486 Dei
948 2433 1230 2503 postponit
1258 2434 1474 2488 honori.

172 2517 418 2574 Caeditur
441 2518 573 2574 hinc
600 2518 785 2594 lignis,
809 2528 1002 2574 tensus
1032 2520 1225 2576 lictore
1247 2528 1515 2592 quaterno
1538 2538 1553 2587 ;

167 2611 306 2666 Tum
336 2626 563 2682 quoque
583 2611 830 2666 maxillas
855 2611 1122 2666 subacuta
1153 2613 1416 2667 novacula
1447 2613 1598 2679 rasit,

171 2701 421 2756 Facundi
447 2717 638 2756 vocem
671 2701 828 2756 dolor
858 2709 916 2756 ut
944 2711 1324 2774 compesceret
1353 2704 1463 2758 oris
1497 2721 1510 2757 :

173 2789 472 2844 Confessor
489 2789 642 2844 nullo
666 2790 1040 2845 substernitur
1069 2798 1184 2847 arte
1216 2809 1504 2862 repressus
1528 2811 1544 2858 ;

169 2882 326 2938 Prom
335 2882 484 2953 ptius
503 2882 825 2953 alloquitur,
849 2899 1195 2955 puerumque
1212 2885 1490 2939 admittier
1517 2895 1638 2941 orat

175 2971 518 3038 Quemlibet,
541 2987 606 3026 ac
634 2987 765 3026 vera
791 2972 858 3026 de
891 2973 1178 3046 relligione
1209 2975 1388 3046 rogari

173 3066 357 3122 Unum
384 3066 500 3121 sive
540 3066 711 3121 Deum
745 3067 931 3137 plures
955 3068 1171 3124 dicatve
1198 3068 1484 3125 colendos.

169 3159 436 3229 Raptatur
461 3173 619 3228 puer,
643 3158 863 3212 ostendi
890 3166 1093 3229 martyr
1110 3160 1247 3228 petit
1275 3159 1367 3212 alti

172 3253 440 3308 Virtutem
475 3250 691 3316 Christi,
725 3268 956 3322 puerum
984 3253 1063 3308 sic
1087 3269 1214 3307 vera
1244 3268 1564 3323 reposcens,

168 3345 243 3400 De
260 3345 414 3400 cultu
442 3360 659 3399 summo
691 3345 901 3416 absque
925 3346 1054 3400 dolo
1089 3345 1251 3415 jubet
1281 3353 1407 3416 apta
1439 3345 1614 3402 fateri.

169 3437 324 3492 Ilicet
353 3435 551 3492 effatur
573 3437 751 3491 solum
783 3453 921 3508 puer
950 3453 1073 3492 esse
1096 3438 1392 3493 colendum

167 3536 403 3591 KEtheris
432 3542 600 3607 atque
632 3535 734 3590 soli
765 3535 1082 3602 Dominum,
1141 3549 1250 3590 non
1284 3535 1542 3606 sculptile
1575 3552 1793 3591 vanum.

168 3625 404 3697 Angitur
435 3625 538 3679 hoc
567 3623 780 3679 haerens
799 3625 1057 3695 stupidus
1086 3640 1341 3680 sermone
1367 3632 1670 3696 tyrannus;

167 3714 368 3769 Versus
397 3713 450 3767 in
484 3712 751 3768 infantem
783 3714 909 3785 quis
934 3715 1002 3768 ad
1021 3714 1135 3768 haec
1167 3713 1484 3769 instruxerit
1516 3714 1670 3770 illum

171 3809 430 3864 Scitatur.
452 3808 678 3864 Matrem
704 3824 762 3864 se
784 3809 945 3881 pusio
977 3809 1122 3866 fatur
1152 3809 1359 3865 habere

167 3899 572 3967 Christicolam,
603 3899 936 3972 doctumque
966 3901 1034 3955 ab
1063 3916 1129 3955 ea
1171 3916 1232 3955 se
1289 3900 1516 3957 credere
1557 3900 1787 3958 Christo.

164 3991 396 4047 Mittitur
418 3991 656 4047 accitum
686 3999 916 4048 matrem
945 4010 960 4059 ;
993 3992 1314 4070 perducitur
1339 3992 1431 4047 illa
1463 4010 1478 4048 :

169 4084 494 4156 Przecipitur
520 4085 696 4158 geniti
725 4085 962 4158 genitrix
993 4093 1266 4142 tormenta
1292 4085 1454 4141 tueri.

172 4175 470 4232 Confessus
499 4192 561 4232 se
592 4177 972 4233 Christicolam
1005 4178 1369 4250 suspenditur
1391 4177 1506 4243 ille,

168 4267 610 4340 Torqueturque,
635 4268 913 4339 piomater
937 4284 1104 4341 quem
1135 4269 1336 4323 robore
1368 4267 1547 4322 firmat

171 4356 379 4412 zEterni
408 4365 464 4413 et
493 4356 661 4414 fontis
684 4358 892 4414 sitienti
917 4358 1298 4430 poculasuftit.

1836 720 1887 788 Α
1921 717 2052 772 Cum
2074 733 2244 790 puero
2268 717 2462 772 Barula
2489 715 2676 789 flagris
2699 715 2978 770 Romanus
2999 713 3246 770 adactus.

1919 809 2072 865 Miles
2089 826 2213 864 cum
2243 809 2442 877 tirone,
2468 824 2642 864 novus
2659 823 2782 863 cum
2810 807 2990 862 milite
3021 806 3126 862 tiro
3159 823 3174 872 ;

1916 899 2367 969 Claudunturque
2387 898 2550 953 simul
2575 898 2701 952 torti
2735 897 2844 952 imo
2875 896 3112 951 carceris
3141 906 3320 952 antro.

1986 990 2201 1044 Interea
2229 987 2458 1042 coluber
2483 988 2631 1042 diras
2646 985 2924 1058 excogitat
2953 993 3116 1051 artes,

1907 1077 2320 1153 ‘Lignorumque
2344 1093 2533 1149 pyram
2556 1076 2716 1144 jubet
2738 1081 2888 1130 extra
2914 1073 3286 1146 mwniaponi.

1911 1169 2179 1245 Fulgebat
2210 1171 2438 1241 posthac
2471 1167 2714 1224 tenebris
2739 1167 2828 1220 lux
2851 1167 3025 1221 altera
3062 1165 3236 1237 pulsis

1910 1259 2322 1330 Prwfectusque
2350 1259 2465 1312 ibat
2497 1257 2704 1329 populo
2723 1257 3014 1312 comitatus
3031 1258 3216 1328 opimo
3237 1276 3248 1312 :

1911 1353 2068 1408 Ibant
2088 1361 2142 1407 et
2167 1352 2342 1406 sancti
2381 1351 2688 1424 gaudentes
2718 1349 2844 1421 igne
2860 1349 3082 1419 probari

1908 1450 2308 1521 Ingentemqne
2336 1459 2528 1518 rogum
2564 1443 2840 1498 Romanus
2861 1441 3070 1498 fervere
3100 1458 3333 1498 cernens

1908 1540 2129 1594 lnvocat
2155 1537 2432 1592 excelsum
2462 1535 2812 1607 lymphaaque
2841 1535 3099 1610 ignisque
3130 1541 3434 1606 potentem.

1907 1632 2044 1686 Ecce
2082 1637 2309 1700 repente
2340 1628 2525 1682 nitens
2551 1626 2854 1682 obscurant
2880 1627 3070 1680 nubila
3100 1627 3322 1682 ccelum.

1907 1719 2158 1774 Nubibus
2197 1724 2251 1771 et
2280 1717 2471 1770 densis
2510 1714 2841 1786 tranquillus
2861 1715 3076 1786 cogitur
3105 1731 3202 1769 aer

1910 1811 2302 1880 Demissusque
2328 1809 2458 1878 polo
2487 1809 2719 1863 veniens
2751 1807 3093 1881 largissimus
3124 1806 3302 1861 imber

1910 1902 2110 1956 Imbuit
2138 1901 2508 1972 exstinxitque
2531 1916 2747 1970 pyram,
2777 1898 3011 1954 fervoris
3039 1898 3248 1954 ademit

1813 1995 1876 2064 ἠ
1907 1993 2023 2046 Vim
2053 1999 2256 2058 totam;
2290 1991 2423 2045 nihil
2452 1991 2541 2044 hic
2568 1989 2825 2054 ﬂammai,
2859 1989 2995 2043 nihil
3024 1990 3169 2064 ignis
3199 1990 3416 2062 agebat.

1830 2048 1879 2115 Β
1904 2085 2220 2141 Gloriﬁcant
2246 2048 2524 2139 Christum
2556 2083 2769 2154 populi,
2803 2048 2953 2137 ferus
2984 2048 3163 2137 uritur
3190 2048 3386 2150 hostis,

1902 2177 2096 2232 Deficit
2125 2185 2288 2248 atque
2321 2177 2518 2230 iterum
2548 2182 2770 2230 sanctos
2797 2174 2852 2228 in
2885 2191 3104 2230 carcere
3136 2176 3322 2232 trudit.

1904 2272 2038 2327 Hinc
2070 2273 2263 2326 iterum
2281 2271 2490 2343 spargit
2519 2286 2642 2325 cum
2669 2270 2778 2338 jam
2811 2269 2904 2323 lux
2921 2270 3160 2324 crastina
3188 2277 3380 2335 terras,

1901 2361 2209 2428 Pelluntur,
2233 2361 2583 2414 deducuntur
2609 2359 2780 2414 trucis
2809 2365 2937 2413 ante
2964 2359 3205 2414 tribunal

1897 2450 2127 2505 Iudicis.
2162 2449 2260 2504 Ille
2301 2448 2497 2503 dolens
2530 2463 2640 2502 non
2671 2463 2730 2501 se
2761 2447 2959 2502 vicisse
2987 2463 3088 2517 per
3129 2448 3313 2520 ignes,

1899 2542 2320 2612 Succensusque
2349 2539 2506 2609 jubet
2537 2537 2863 2613 Stygiaface
2893 2546 2948 2592 et
2978 2539 3108 2614 igne
3137 2539 3342 2609 Cocyti.

1899 2633 2018 2687 Mox
2050 2647 2221 2703 puero
2253 2641 2441 2686 tenera
2462 2637 2626 2700 caput
2653 2647 2683 2684 a
2705 2630 2921 2685 cervice
2952 2630 3145 2696 recidi,

1902 2724 2263 2795 Romanoque
2295 2724 2466 2777 Deum
2498 2723 2734 2777 laudans
2757 2721 3024 2793 plectrum
3049 2737 3145 2777 ore
3186 2722 3394 2776 revelli.

1901 2813 2037 2867 Tum
2069 2812 2477 2887 gnatigenitrix
2510 2812 2792 2866 exsultans
2807 2812 3056 2865 membra
3087 2817 3354 2880 receptat.

1901 2906 2128 2961 Ducitur
2155 2905 2288 2960 hinc
2307 2905 2556 2960 medicus
2585 2901 3165 2961 Romaniabscindere
3197 2904 3389 2970 verba,

1901 2997 2113 3068 Accipit
2139 3004 2192 3052 et
2219 2997 2488 3072 regimem
2511 2997 2774 3052 radicitus
2805 3001 3052 3067 amputat
3074 2995 3205 3050 oris.

1903 3086 1998 3140 llle
2017 3101 2246 3160 gemens
2274 3087 2588 3156 coelumque
2622 3092 2782 3140 tuens
2804 3084 3143 3139 benedicere
3183 3088 3354 3137 certat

1901 3174 2053 3229 Clara
2072 3188 2207 3229 voce
2235 3175 2429 3241 Deum,
2462 3173 2567 3227 sibi
2591 3173 2686 3244 qui
2718 3187 2909 3227 vocem
2943 3172 3064 3226 sine
3099 3171 3311 3244 lingua,

1900 3268 2221 3322 Sermonem
2253 3267 2374 3321 sine
2393 3282 2526 3322 voce
2567 3265 2740 3332 dedit,
2781 3265 2904 3319 sine
2930 3263 3161 3319 verbere
3191 3264 3383 3319 verba.

1903 3358 2197 3414 Prafectus
2235 3358 2450 3413 medico
2481 3363 2754 3412 tormenta
2781 3355 2986 3411 inferre
3015 3355 3256 3410 minatur

1860 3445 1873 3468 ‘
1903 3451 2056 3516 Quod
2088 3449 2258 3505 decus
2283 3449 2470 3505 invicti
2512 3464 2746 3519 parcens
2771 3463 2884 3504 non
2916 3447 3222 3519 dempserit
3250 3447 3384 3502 oris.

1903 3539 1999 3594 Ille
2036 3539 2214 3610 palam
2247 3543 2513 3593 monstrat
2542 3543 2657 3592 toto
2686 3537 2994 3592 abscidisse
3027 3536 3209 3606 palato

1901 3628 2174 3686 Plectrum
2200 3626 2337 3693 oris,
2360 3632 2568 3681 testans
2587 3625 2737 3680 aliud
2770 3641 2881 3680 non
2917 3625 3102 3679 vivere
3125 3639 3289 3695 posse

1899 3721 1988 3775 Sic
2019 3719 2327 3775 abscissum
2348 3717 2569 3773 animal.
2586 3715 2753 3772 Jubet
2773 3717 2866 3771 ille
2887 3716 3166 3772 adducere
3183 3731 3441 3787 porcum,

1895 3811 1998 3866 Cui
2032 3810 2190 3882 parili
2222 3817 2282 3866 ut
2311 3809 2491 3865 secuit
2517 3808 2810 3882 chirurgus
2834 3806 3092 3865 acumine
3121 3807 3391 3880 linguam,

1894 3903 2120 3960 Labitur
2151 3910 2205 3958 et
2230 3903 2434 3975 pariter
2469 3916 2596 3956 cum
2625 3899 2815 3975 lingua
2843 3897 3207 3955 commoritnr
3237 3913 3349 3952 sus.

1896 3994 2089 4049 Evadit
2120 3992 2391 4048 medicus.
2425 3989 2724 4046 Prefectus
2751 3987 3075 4043 Maximiano

1898 4084 2124 4140 Nuntiat
2145 4082 2280 4138 hec.
2315 4081 2410 4136 Ille
2440 4080 2656 4136 occulte
2676 4077 2778 4134 sub
2809 4092 3032 4133 carcere
3061 4075 3306 4132 clausum

1899 4177 2210 4232 Romanum
2228 4175 2388 4245 jubet
2411 4173 2589 4230 occidi
2622 4191 2636 4238 ;
2664 4172 2725 4228 fit
2749 4172 2928 4242 jussio
2956 4171 3090 4226 saevi

1896 4265 2192 4338 Principis,
2209 4273 2266 4320 et
2288 4271 2493 4335 martyr
2513 4263 2787 4320 celebrem
2819 4265 3162 4317 consummat
3189 4273 3446 4332 agonem,

1898 4354 2286 4427 [Eternamque
2316 4352 2465 4425 capit
2494 4353 2762 4409 caelorum
2801 4367 2834 4406 a
2862 4365 2993 4426 rege
3020 4363 3301 4406 coronam.

1669 4483 1880 4539 CAPUT
1928 4482 2034 4537 XV.

1505 4589 1585 4648 De
1626 4598 1834 4650 sancto
1877 4586 2190 4662 Hesychia.

169 4704 474 4776 Hesychius
505 4719 697 4776 regum
728 4711 862 4758 tunc
889 4702 1030 4759 forte
1062 4704 1276 4759 nitebat
1314 4705 1369 4759 in
1392 4705 1536 4761 aula.

173 4793 504 4866 Praecipiunt
527 4794 692 4867 igitur
724 4809 982 4864 proceres
1003 4793 1088 4847 dis
1126 4793 1438 4848 sacriﬁcare

171 4885 339 4942 Omne
366 4886 672 4958 palatinum
704 4885 789 4940 vel
815 4885 1038 4959 cingula
1068 4900 1278 4956 ponere
1305 4885 1523 4959 vulgus.

172 4977 265 5034 Ille
296 4979 394 5034 ubi
415 4979 573 5048 jussa
601 4977 770 5048 capit,
794 4977 1044 5053 gaudens
1065 4977 1396 5051 discingitur
1416 4979 1582 5046 ultro,

172 5067 508 5139 Abjectoque
551 5067 794 5138 palatino
825 5067 1064 5121 discedit
1105 5068 1334 5122 honore.

174 5154 498 5230 Indignatur
526 5156 593 5209 ad
624 5157 741 5210 haec
771 5155 1032 5226 princeps
1065 5163 1183 5209 trux
1217 5154 1605 5221 Maximianus,

171 5243 387 5300 Mandat
411 5251 471 5299 ut
496 5245 724 5299 indutus
751 5243 937 5299 tunica
963 5244 1211 5318 gynazcia
1244 5251 1424 5300 servet

167 5333 442 5406 Turpiter,
473 5343 529 5389 et
557 5334 959 5390 condemnatus
981 5335 1276 5389 muliebria
1301 5341 1514 5391 tractet.

175 5427 266 5482 llic
295 5427 533 5498 positum
568 5427 725 5482 multi
757 5427 1029 5488 visebant,
1064 5427 1183 5496 ejus
1222 5427 1290 5481 ab
1307 5443 1404 5484 ore

174 5517 349 5572 Verba
377 5517 674 5572 salutiferae
704 5517 1010 5590 gaudentes
1042 5533 1264 5572 sumere
1285 5518 1510 5592 linguae,

179 5607 600 5678 Pnebentesque
638 5608 732 5661 Dei
757 5607 960 5663 famulo
988 5610 1234 5664 solamen
1254 5609 1476 5663 amoris.

176 5698 355 5766 Audit,
382 5705 437 5754 et
464 5698 612 5752 hunc
637 5696 758 5752 sisti
789 5697 1012 5751 mandat
1041 5698 1144 5752 sibi
1177 5697 1554 5764 Maximianus.

177 5787 394 5845 Sistitur
421 5806 437 5857 ;
467 5789 600 5844 hinc
630 5788 828 5861 rogitat
855 5789 1061 5844 melius
1088 5788 1195 5844 sibi
1237 5789 1384 5861 quod
1415 5788 1553 5859 {fore
1590 5787 1796 5853 credat,

1892 4700 2016 4754 Sive
2044 4696 2286 4769 palatino
2314 4695 2560 4750 renitens
2581 4692 2874 4748 decoretur
2903 4690 3134 4757 honore,

1894 4793 2019 4847 Sive
2059 4789 2202 4844 colat
2231 4786 2372 4858 turpi
2407 4785 2656 4858 gynaecia
2683 4784 2804 4839 laxa
2829 4783 3041 4854 pudore
3069 4781 3098 4835 ?

1900 4884 1996 4938 Ille
2020 4879 2402 4936 refertmelius
2433 4877 2680 4951 gynmcia
2712 4875 2937 4931 nomine
2967 4873 3160 4928 Christi

1899 4973 2112 5036 Servet,
2145 4969 2490 5026 daemonibus
2519 4966 2790 5022 famulans
2822 4980 2985 5037 quam
3016 4962 3217 5017 serviat
3251 4961 3412 5015 aulae.

1903 5062 1993 5116 llis
2016 5061 2197 5116 verbis
2229 5061 2461 5132 ejusque
2493 5058 2727 5114 aliorum
2761 5054 3005 5126 pondere
3040 5067 3286 5123 pressus,

1905 5107 1992 5116 --~
2028 5107 2196 5116 πν-υη
2231 5107 2459 5132 Vp-..“
2495 5107 2727 5114 ——--—_---
2762 5107 2889 5126 τμη
2929 5107 2932 5108 ν
3040 5107 3053 5123 .
3274 5107 3284 5115 ,

1825 5107 1879 5174 D
1902 5150 2030 5215 Quis
2070 5149 2176 5204 sibi
2211 5146 2455 5220 praeferri
2499 5145 2695 5200 Christi
2727 5142 3047 5215 indignatur
3075 5154 3345 5206 amorem,

1896 5243 2132 5296 Insanus
2159 5239 2438 5310 princeps,
2462 5235 2620 5290 furiis
2650 5235 2888 5308 agitatus
2919 5230 3140 5294 Averni,

1897 5329 2150 5399 Praecipit
2179 5341 2454 5382 annexum
2483 5322 2731 5396 demergi
2761 5321 2818 5376 in
2851 5317 3080 5375 flumine
3111 5332 3242 5373 saxo

1899 5419 2245 5492 Hesychium.
2278 5415 2510 5472 Exuvias
2537 5415 2658 5483 ejus
2687 5413 2784 5469 sed
2815 5411 3206 5483 repperientes

1900 5511 2164 5582 Colligere
2196 5506 2296 5561 viri
2326 5521 2448 5560 cum
2472 5503 2759 5575 relligione
2786 5500 3038 5575 benigni,

1903 5602 2338 5668 Sanctorumque
2367 5611 2527 5649 secus
2553 5593 2746 5668 glebas
2779 5607 3014 5662 posuere
3045 5590 3330 5645 decenter.

1906 5693 2027 5747 Haec
2054 5688 2474 5762 pressitmultos
2495 5686 2663 5741 isthic
2693 5692 2748 5740 et
2774 5685 2982 5758 ubique
3006 5682 3253 5756 procella

1905 5781 2279 5850 Christicolas,
2308 5778 2514 5837 celebri
2555 5776 2849 5834 Dominum
2867 5775 3070 5833 virtute
3109 5776 3425 5844 sequentes.
