3890 6408
384 423 488 478 567
1060 415 1111 484 fl:
1159 411 1526 468 FLODOARDI
1569 408 1872 466 CANONICI
1916 404 2244 462 REMENSIS
2283 401 2619 459 OPUSCULA
2661 403 2969 458 METRICA.
3625 410 3724 465 εδδ

453 552 800 622 Tempestate
817 547 920 602 sub
949 546 1053 599 hac
1071 541 1280 598 validos
1309 539 1610 612 Cyprianus
1632 553 1839 610 agones

383 639 628 703 Sudavit,
654 637 868 691 meritis
888 634 1112 690 Justinae
1136 629 1364 704 virginis
1392 637 1504 683 arte

385 733 458 786 De
489 729 702 804 magica
723 727 793 781 ad
820 733 1068 779 sanctum
1101 720 1298 776 Christi
1326 735 1628 774 conversus
1657 733 1920 772 amorem.

387 822 508 875 Haec
531 835 656 872 nam
689 818 843 890 virgo
872 815 1098 879 decens,
1131 813 1233 866 hac
1265 811 1402 866 urbe
1431 810 1754 880 parentibus
1782 819 1902 864 orta

385 907 692 971 Praeclaris,
713 906 1007 968 Christum,
1052 901 1300 956 tradente
1333 901 1565 955 diacone
1597 900 1861 971 quodam,

386 997 672 1073 Cognovit,
705 995 974 1065 traxitque
1005 991 1168 1046 simul
1198 991 1409 1046 lucrata
1434 999 1696 1062 parentes

388 1093 685 1146 lnstructos
715 1090 912 1155 sacris,
945 1103 1086 1160 quos
1113 1086 1274 1140 tinxit
1300 1086 1597 1156 episcopus
1627 1085 1793 1140 undis

387 1181 635 1251 Optatus,
667 1179 966 1250 docuitque
992 1177 1134 1231 viam
1175 1191 1395 1231 servare
1435 1175 1644 1229 salutis.

387 1268 684 1322 Ecclesiam
715 1267 843 1321 dum
873 1266 1028 1340 virgo
1057 1265 1152 1319 Dei
1181 1263 1398 1319 Justina
1429 1262 1758 1334 frequentat,

384 1358 639 1432 Aglaidas
673 1358 789 1429 [ms.
820 1357 875 1420 2,
918 1355 1189 1427 Acladius]
1228 1369 1374 1410 caeco
1400 1354 1624 1422 juvenis
1652 1353 2006 1409 succenditur

1726 1445 1894 1521 [igne.

386 1540 751 1613 Allegansque
773 1536 922 1591 viros
953 1535 1160 1606 plures,
1190 1541 1506 1606 matresque
1549 1536 1766 1606 puellae.

386 1631 657 1688 Connubii
690 1630 826 1701 petit
855 1630 999 1683 hanc
1018 1627 1124 1682 sibi
1153 1637 1304 1682 certo
1327 1626 1538 1682 foedere
1571 1627 1738 1683 necti.

387 1726 514 1790 Quae
546 1723 1048 1794 paranymphorum
1081 1720 1244 1774 simul
1277 1720 1463 1774 omnia
1493 1721 1638 1775 dicta
1671 1719 1940 1788 refutans,

389 1816 682 1886 Depactam
711 1811 920 1867 Christo
950 1811 1065 1885 regi
1094 1827 1154 1865 se
1184 1809 1400 1866 nuntiat
1429 1811 1563 1877 alto,

388 1908 567 1977 Seque
597 1905 760 1958 ﬁdem
780 1918 986 1974 sponso
1008 1901 1191 1956 ﬁrmat
1217 1917 1436 1958 scrvare
1460 1918 1725 1974 superno.

387 1999 502 2052 Vim
529 2013 728 2068 procus
753 2002 982 2050 attentat
1011 1994 1264 2049 renuenti
1297 1994 1500 2048 inferre
1546 1995 1766 2064 puellae,

387 2091 494 2144 Sed
521 2087 708 2159 superi
737 2087 885 2142 cedit
914 2086 1132 2141 Domini
1161 2086 1361 2141 virtute
1391 2086 1664 2157 repulsus.

387 2180 503 2244 Quo
528 2177 710 2232 minus
727 2176 1041 2246 assequitur
1066 2175 1311 2243 juvenis,
1347 2175 1522 2248 magis
1552 2175 1708 2229 ardet
1734 2189 1920 2230 amore

387 2271 782 2339 Desertamque
812 2267 1009 2322 videns
1038 2267 1322 2321 hominum
1347 2282 1407 2321 se
1437 2266 1672 2333 viribus,
1705 2267 1871 2321 audet

388 2356 730 2411 Daemonicos
761 2361 970 2408 tentare
995 2354 1174 2419 dolos,
1202 2361 1497 2426 artemque
1538 2355 1870 2430 nigrantem.

389 2449 684 2520 Experiens
715 2446 931 2521 magico
955 2445 1285 2517 Cyprianum
1315 2447 1558 2502 carmine
1585 2447 1833 2513 doctum,

389 2538 718 2610 Alloquitur,
747 2537 907 2605 cujus
932 2535 1110 2610 frangi
1143 2537 1279 2607 petit
1305 2543 1421 2591 arte
1448 2537 1744 2606 pudorem,

391 2635 518 2691 Auri
545 2651 606 2690 se
631 2633 916 2706 spondens
936 2632 1016 2687 illi
1040 2632 1291 2688 conferre
1316 2633 1521 2686 talenta

394 2727 619 2802 lgneolo
645 2726 690 2780 si
719 2726 832 2780 fors
862 2730 1028 2795 queat
1060 2725 1203 2779 hanc
1234 2723 1539 2778 accendere
1569 2725 1704 2790 telo,

394 2823 572 2890 Atque
600 2816 910 2888 Cupidinea
938 2831 1033 2871 eor
1062 2815 1112 2869 ei
1144 2815 1422 2870 terebrare
1453 2815 1674 2890 sagitta.

395 2912 456 2964 At
481 2909 809 2980 Cyprianus,
841 2915 902 2962 ut
928 2916 1180 2961 assuetas
1219 2906 1374 2962 vafer
1404 2907 1576 2962 exerit
1603 2915 1770 2973 artes,

395 3000 659 3057 Daemonii
693 2999 954 3074 ﬁgmenta
984 2999 1133 3054 videt
1163 3015 1222 3052 se
1252 2999 1451 3054 sistere
1482 3015 1667 3056 coram
1699 3019 1712 3066 ;

399 3093 491 3147 Cui
520 3092 777 3146 mandata
809 3090 1016 3157 ferens,
1045 3090 1316 3145 Justinam
1352 3101 1509 3160 peste
1535 3091 1740 3148 furoris

398 3182 650 3253 Praecipit
677 3181 860 3255 urgeri
889 3180 1012 3234 diro
1042 3187 1099 3234 ut
1129 3179 1409 3234 crucietur
1437 3196 1647 3236 amore.

399 3275 557 3329 Paret
581 3274 730 3328 larva
757 3281 953 3344 petens
984 3271 1223 3326 robustae
1265 3280 1407 3326 tecta
1441 3274 1638 3342 puellae
1675 3290 1688 3327 :

401 3366 562 3438 Virgo
595 3365 754 3420 thoro
778 3363 1069 3425 excutitur,
1115 3363 1594 3419 sentitconamina
1624 3365 1855 3434 fraudis,

403 3454 465 3507 Et
497 3469 658 3507 cruce
692 3468 754 3507 se
783 3451 984 3518 munit,
1018 3451 1216 3506 Christi
1254 3453 1521 3507 tutamina
1547 3469 1807 3524 poscens,

403 3545 570 3618 Signa
600 3544 780 3598 crucis
801 3558 1037 3598 cernens
1067 3543 1261 3613 pulsus
1283 3543 1554 3598 distabuit
1583 3545 1782 3615 anguis
1815 3563 1829 3610 ;

403 3637 576 3701 Quem
606 3635 809 3691 victum
840 3635 1316 3706 aspiciens,alium
1345 3637 1616 3707 perquirit
1644 3653 1875 3709 aruspex
1910 3656 1923 3693 :

403 3731 624 3796 Evocat,
657 3731 901 3784 insinuat
923 3731 1058 3801 quid
1089 3746 1217 3785 eum
1241 3747 1342 3786 sua
1371 3731 1618 3784 carmina
1653 3739 1901 3801 poscant.

409 3819 594 3874 Evolat
629 3835 932 3892 aereasque
963 3820 1112 3874 celer
1131 3819 1445 3890 prolabitur
1471 3834 1654 3887 auras,

407 3911 645 3985 Virginis
669 3917 837 3983 atque
868 3911 1005 3982 petit
1030 3911 1212 3966 media
1241 3912 1344 3966 sub
1373 3919 1533 3966 nocte
1558 3913 1740 3968 cubile

409 4003 569 4073 Virgo
601 4002 712 4073 peti
745 4018 803 4056 se
834 4001 1146 4056 sentiscens
1169 4007 1391 4074 turgore
1419 4000 1658 4068 colubri,

412 4090 608 4146 Christi
646 4090 962 4161 praesidium
992 4089 1324 4161 quaeritjam
1357 4091 1598 4165 tegmine
1630 4099 1842 4157 notum,

410 4180 730 4252 Vexilloque
761 4181 938 4236 erucis
959 4180 1168 4235 vallans
1198 4181 1590 4246 sibimembra,
1627 4190 1880 4253 precatur

414 4270 646 4324 lllaesum
676 4285 786 4341 quo
817 4269 1057 4323 Christus
1087 4269 1139 4323 ei
1170 4285 1389 4324 servare
1421 4270 1692 4340 pudorem

415 4364 697 4436 Dignetur,
731 4363 942 4433 lampas
971 4378 1043 4417 ne
1073 4361 1275 4417 ardens
1306 4371 1566 4434 superata
1597 4364 1890 4438 nigrescat.

413 4459 517 4515 llle
545 4458 724 4514 crucis
749 4455 1054 4511 reverenda
1084 4455 1281 4510 videns
1307 4455 1532 4511 rutilare
1563 4464 1766 4528 tropaea

416 4551 610 4609 Deﬁcit
629 4551 933 4606 abscedens
971 4565 1178 4620 supero
1201 4549 1531 4622 liquefactus
1558 4551 1790 4608 honore.

495 4648 632 4702 Hinc
657 4647 788 4701 artis
810 4645 1018 4712 majora
1037 4661 1230 4720 magus
1258 4644 1546 4699 molimina
1578 4653 1797 4701 tentans

422 4740 678 4808 Majorem
713 4737 909 4791 invitat
936 4735 1234 4790 Zoroastris
1267 4734 1459 4790 fraude
1483 4735 1804 4790 draconem.

426 4829 522 4883 Ille
553 4825 794 4898 superba
826 4824 1088 4888 fremens,
1122 4823 1322 4878 nimios
1354 4824 1557 4879 inferre
1577 4825 1800 4880 labores

425 4925 494 4978 Se
521 4923 711 4991 jactat,
741 4921 1049 4991 victamque
1066 4934 1235 5000 proco
1267 4918 1475 4974 vincire
1508 4919 1745 4989 puellam
1785 4936 1797 4973 :

426 5015 858 5089 Virgineumque
899 5012 1040 5066 dolis
1071 5011 1280 5066 ducens
1311 5027 1375 5064 ex
1405 5026 1530 5064 aere
1561 5025 1782 5082 corpus,

427 5107 668 5180 Virginis
699 5107 753 5159 in
783 5104 969 5176 specie
1001 5104 1162 5160 castis
1191 5120 1249 5158 se
1272 5101 1485 5156 visibus
1502 5101 1660 5157 oﬁert
1687 5120 1700 5167 ;

433 5196 613 5267 Fingit
645 5211 830 5248 amare
865 5196 1055 5262 Deum,
1085 5193 1308 5248 missam
1342 5191 1607 5246 mentitur
1636 5191 1703 5245 ab
1726 5192 1845 5262 ipso

434 5288 504 5342 Se
531 5294 694 5342 castae
720 5286 976 5340 comitem
1016 5285 1267 5354 Iustinae,
1309 5293 1532 5356 pectora
1561 5285 1735 5338 tentat

432 5374 650 5446 Argutis
678 5382 964 5442 penetrare
995 5375 1153 5441 dolis,
1190 5381 1244 5429 et
1276 5374 1498 5445 praemia
1529 5375 1726 5446 quaerit

436 5465 515 5517 llli
549 5479 646 5533 pro
671 5469 820 5515 tanto
844 5479 965 5531 quae
994 5464 1107 5517 sint
1134 5462 1428 5519 tribuenda
1459 5464 1673 5520 labore.

436 5551 558 5605 Haec
590 5548 866 5604 modicum
927 5560 1193 5607 memorat
1259 5554 1377 5621 (sed
1437 5553 1663 5624 praemia
1715 5557 1932 5626 magna)
1975 5551 2055 5606 la-

1751 5645 1980 5716 [horem.

438 5732 530 5786 llla
561 5729 730 5786 refert
763 5735 952 5780 contra
981 5745 1076 5784 cur
1106 5735 1280 5788 noluit
1311 5736 1685 5792 Omnicreator

433 5821 599 5878 Adam
633 5817 906 5873 cultorem
946 5820 1182 5885 paradisi
1211 5823 1411 5895 degere
1429 5824 1626 5890 solum,

2047 1860 2096 1927 B

2032 540 2081 606 Α
2110 532 2282 604 Atque
2315 531 2468 586 dedit
2495 531 2698 586 sociam
2731 531 2917 585 divina
2947 530 3070 606 lege
3102 534 3374 600 maritam,

2109 629 2372 683 Mandans
2396 627 2608 701 augeri,
2635 627 2974 682 benedicens
3005 629 3510 704 multiplicansque,

2108 721 2372 794 Legitima
2403 735 2638 791 quorum
2672 719 2911 773 mundus
2939 735 3206 795 compage
3239 723 3483 793 repletur
3515 743 3528 788 ;

2110 808 2298 862 Divina
2327 824 2395 861 an
2429 807 2609 880 rigido
2643 813 2964 861 temnuntur
2986 807 3110 876 jura
3143 810 3353 879 pudore
3377 810 3406 864 ?

2109 899 2328 970 Aspidis
2359 899 2462 953 hoc
2490 897 2705 952 Justina
2729 898 2898 953 trucis
2928 898 3204 955 flammata
3238 919 3475 970 veneno,

2024 1030 2028 1035 .
2106 988 2400 1051 Turbatur,
2431 989 2625 1063 surgit,
2659 988 2858 1060 pergit,
2887 996 3095 1058 stupet,
3125 991 3362 1062 angitur,
3398 993 3586 1047 haeret.

2109 1081 2354 1151 Respicit
2385 1081 2587 1135 elisam
2618 1080 2900 1146 Dominus,
2943 1081 3131 1137 divina
3160 1091 3454 1155 negantem

2107 1173 2206 1238 Qui
2239 1175 2518 1244 quondam
2548 1174 2766 1228 Petrum
2798 1173 2946 1240 ﬁdei,
2981 1190 3083 1230 nec
3111 1175 3317 1231 moenia
3345 1177 3510 1231 turris

2106 1265 2353 1320 Sustinet
2377 1265 2536 1320 hoste
2569 1265 2775 1320 latente
2808 1265 2925 1336 rapi
2954 1283 2970 1329 ;
3005 1282 3131 1320 nam
3162 1267 3432 1323 daemonis
3462 1269 3628 1324 hosce

2109 1361 2342 1416 Denotat
2365 1376 2492 1416 esse
2523 1360 2701 1428 dolos,
2743 1377 2976 1432 quaeque
3017 1362 3084 1416 ad
3107 1362 3413 1418 munimina
3428 1372 3556 1420 nota

2110 1448 2283 1504 Corde
2313 1465 2529 1514 means,
2561 1454 2700 1514 orat,
2734 1449 2912 1504 crucis
2941 1466 3092 1505 arma
3124 1452 3412 1508 celerrime
3440 1454 3631 1522 sumit,

2111 1540 2334 1614 Efﬁgies
2366 1539 2622 1607 conﬁcta,
2653 1542 2837 1596 crucis
2868 1543 3164 1614 perterrita
3194 1544 3378 1618 signo,

2119 1631 2388 1702 Liquitur,
2415 1638 2468 1685 et
2498 1632 2684 1688 vacuis
2712 1647 2836 1686 sese
2870 1632 3189 1703 promiscuit
3228 1635 3397 1689 auris.

2189 1723 2508 1791 Virgineum
2536 1730 2728 1794 peetus
2757 1723 2969 1777 caelesti
3004 1724 3204 1780 robore
3235 1725 3429 1781 fultum

2118 1812 2446 1868 Multisinde
2478 1813 2660 1868 modis
2701 1822 2859 1883 parat
2897 1812 3222 1886 impugnare
3245 1815 3562 1886 chelydrus,

2119 1901 2270 1956 Bella
2303 1917 2533 1956 movens
2562 1901 2726 1956 variis
2755 1901 3064 1958 tenebrosae
3086 1902 3376 1958 fraudibus
3404 1907 3560 1972 artis,

2121 1991 2403 2046 lncutiens
2425 1991 2668 2059 morbos,
2702 1993 2986 2063 strepitus,
3022 1995 3365 2064 phantasma,
3401 1997 3641 2066 dolores,

2119 2083 2418 2138 Blanditias
2447 2089 2502 2136 et
2531 2097 2687 2154 Opes,
2723 2093 2980 2153 terrores,
3014 2088 3214 2142 damna
3238 2097 3550 2160 parentum,

2119 2175 2305 2240 Furta,
2339 2173 2518 2240 dolos,
2542 2190 2680 2229 escae
2714 2176 3000 2245 lenimina,
3029 2178 3356 2246 seditiones,

2120 2267 2474 2340 Argumenta,
2511 2265 2716 2337 quibus
2747 2266 2870 2322 forti
2903 2267 3212 2322 munimine
3245 2276 3361 2324 tuta

2122 2355 2323 2409 Maenia
2350 2364 2682 2425 proruerent
2711 2373 2725 2420 ;
2765 2356 2963 2410 Christi
2988 2357 3186 2412 vallata
3211 2359 3308 2412 sed
3344 2359 3513 2413 armis

2122 2449 2275 2504 Mens
2310 2449 2514 2505 invicta
2548 2458 2752 2513 manet,
2787 2450 2939 2506 nullo
2964 2453 3276 2522 superanda
3295 2452 3504 2519 duello,

2128 2538 2293 2592 Lenia
2321 2537 2553 2594 fortunae
2580 2555 2874 2609 spernens,
2902 2539 3063 2594 simul
3092 2557 3290 2611 aspera
3321 2541 3571 2597 vincens.

2125 2630 2347 2705 Virgine
2375 2630 2517 2685 bella
2549 2631 2747 2686 videns
2787 2631 2965 2705 frangi
2992 2631 3298 2703 Cyprianus
3321 2649 3510 2689 eorum

2124 2721 2254 2786 Quis
2282 2723 2458 2796 magis
2491 2722 2705 2776 innisus
2727 2722 2867 2786 ﬁdit,
2900 2731 3057 2778 vocat
3088 2731 3205 2778 arte
3236 2725 3586 2801 magistrum.

2123 2815 2396 2870 Turbidus
2428 2815 2518 2871 ille
2535 2817 2725 2881 venit;
2761 2817 2903 2886 petit
2931 2833 2993 2871 ac
3011 2833 3204 2891 magus
3237 2827 3294 2872 nt
3325 2819 3432 2874 sibi
3467 2831 3685 2894 pangat

2131 2907 2373 2970 Quanam
2394 2905 2596 2960 abeant
2625 2911 2828 2959 tenerae
2859 2905 2987 2960 victi
3023 2905 3221 2960 virtute
3248 2908 3466 2976 puellae.

2133 3000 2230 3054 llle
2271 2999 2471 3053 timens
2498 2998 2674 3069 linqui
2708 3015 2720 3051 :
2767 3022 2791 3044 ιι
2815 2997 2946 3052 Jura
2968 3013 3038 3052 ne
3073 2997 3316 3065 deserar,
3344 2998 3546 3070 inquit,

2134 3093 2344 3148 Fraude
2375 3100 2500 3156 tua;
2536 3112 2562 3140 ι)
2587 3091 2737 3158 jurat
2766 3090 2912 3144 vires
2945 3089 3248 3160 Cyprianus
3271 3089 3326 3143 in
3349 3100 3515 3157 atras,

2066 3223 2116 3290 Ο
2141 3208 2168 3237 α
2200 3186 2449 3260 Signum,
2477 3185 2572 3250 ait,
2605 3184 2882 3254 aspiciens
2917 3181 3169 3236 Cruxiﬁxi
3204 3184 3409 3248 solvor,
3441 3185 3652 3241 eodem

2143 3281 2436 3347 Deﬁeiens,
2473 3281 2770 3352 liquorque
2799 3278 2919 3333 ﬁnit
2948 3294 3047 3334 ceu
3070 3294 3194 3333 cera
3228 3279 3547 3354 perignem.

2143 3374 2492 3440 —Tene,ait,
2522 3379 2606 3428 est
2636 3372 2810 3441 major
2835 3371 3133 3427 Cruciﬁxus
3161 3371 3261 3424 ?—
3289 3371 3459 3439 Major
3477 3378 3530 3426 at
3566 3372 3667 3428 ille

2143 3466 2412 3523 Omnibus
2443 3475 2546 3531 est,
2590 3480 2784 3536 poenas
2815 3463 3030 3518 meritis
3056 3463 3265 3534 quiqne
3286 3463 3482 3518 inferet
3505 3463 3681 3518 ultor.

2143 3554 2488 3628 Pergendum
2530 3553 2862 3624 est,inquit,
2905 3553 3318 3624 quaerendaque
3336 3553 3505 3624 gratia
3543 3553 3662 3606 Fixi

2141 3645 2216 3698 Ne
2250 3659 2446 3714 poenas
2477 3643 2704 3698 tolercm
2731 3641 3027 3712 quibusest
3049 3639 3314 3695 furiturus
3338 3641 3392 3694 in
3427 3639 3641 3695 hostes.
3676 3667 3696 3685 ιο

2140 3735 2411 3803 Abjurans
2437 3733 2607 3806 igitur
2636 3733 2862 3787 virtutes
2893 3730 3082 3785 fraude
3115 3731 3382 3804 vigentes,

2139 3825 2624 3894 Contemnensque
2657 3831 2982 3892 potestatem
3014 3819 3350 3891 Superabilis
3366 3820 3585 3894 anguis.

2141 3911 2394 3967 Praesulis
2422 3910 2678 3964 Ecclesiae
2711 3909 2946 3979 pedibus
2967 3908 3325 3978 provolvitur,
3358 3924 3523 3963 orans

2140 4001 2396 4056 Notitiam
2425 4000 2763 4071 signumque
2794 3999 2913 4054 dari
2938 3998 3044 4052 sibi
3078 3999 3266 4054 nobile
3289 3998 3508 4051 Christi.

2144 4090 2382 4145 Praesule
2415 4089 2747 4144 formidante
2777 4089 2955 4154 dolos,
2985 4089 3115 4142 dum
3149 4088 3372 4160 pellitur
3410 4103 3579 4159 aeger,

2144 4183 2332 4237 Narrat
2363 4182 2441 4236 uti
2475 4182 2644 4236 victas
2661 4182 2875 4235 Satanae
2906 4180 3230 4256 cognoverit
3261 4187 3426 4234 artes.

2144 4273 2336 4326 Grates
2369 4272 2456 4326 ille
2491 4273 2600 4326 Deo
2631 4271 2898 4336 referens,
2941 4270 3242 4325 catechizat
3281 4270 3480 4324 alendo

2146 4365 2304 4418 Lacte
2334 4363 2438 4434 piae
2470 4362 2617 4430 ﬁdei,
2646 4362 2917 4417 Christum
2948 4369 3137 4416 monet
3165 4368 3328 4433 atque
3361 4362 3663 4432 petendum

2143 4457 2271 4526 Ejus
2312 4456 2364 4509 in
2404 4455 2662 4523 ecclesia,
2689 4454 2951 4525 cleroqne
2975 4454 3294 4526 frequenter
3316 4456 3617 4526 agendum.

2059 4577 2116 4645 D
2147 4550 2248 4603 Iste
2282 4547 2488 4602 donum
2512 4547 2734 4601 rediens
2750 4562 2876 4601 mox
2908 4546 3156 4602 funditus
3177 4547 3360 4632 omnia
3402 4547 3606 4622 frangit

2149 4641 2394 4715 Figmina
2422 4639 2546 4711 quis
2578 4639 2682 4693 ritu
2723 4638 2928 4693 celebri
2958 4639 3166 4694 servire
3194 4627 3428 4707 solebat,

2148 4733 2406 4804 Vanaque
2439 4731 2737 4803 projiciens
2763 4731 3019 4802 lacrymis
3049 4731 3290 4786 admissa
3319 4732 3524 4796 luebat,

2152 4825 2450 4880 Ecclesiam
2485 4831 2762 4896 repetens,
2782 4825 2959 4895 poscit
2987 4823 3091 4878 sibi
3132 4824 3290 4899 signa
3321 4825 3516 4879 salutis

2153 4916 2394 4971 Ostendi.
2430 4915 2755 4988 Ingrediens
2784 4915 2937 4969 audit
2972 4917 3218 4971 :Salvum
3256 4919 3394 4970 Deus
3426 4919 3482 4970 in
3515 4921 3564 4970 te

2153 5007 2467 5075 Sperantem
2496 5006 2664 5072 facito
2685 5020 2895 5058 servum
2926 5022 2939 5070 ;
2968 5004 3046 5058 sic
3073 5013 3270 5059 caetera
3300 5021 3533 5076 quaeque

2158 5097 2220 5151 Ut
2251 5096 2401 5168 vigili
2438 5097 2601 5150 trahit
2623 5112 2773 5160 aure,
2795 5096 2942 5166 capit
2970 5097 3302 5151 documenta
3332 5096 3571 5151 salubris

2155 5185 2390 5255 Eloquii,
2426 5183 2676 5256 ﬁxusque
2709 5191 2894 5239 manet
2921 5185 3353 5239 catechumenus
3386 5185 3527 5238 intra

2156 5276 2288 5329 Dum
2318 5274 2512 5346 reliqui
2545 5289 2840 5346 properare
2873 5273 3018 5329 foras
3040 5273 3376 5328 mandantur
3399 5315 3413 5339 ,
3449 5283 3502 5328 at
3527 5273 3702 5344 ipsum

2152 5367 2309 5422 Exire
2333 5374 2390 5421 ut
2420 5367 2583 5421 levita
2613 5373 2821 5431 monet,
2840 5383 2904 5421 ac
2935 5367 3063 5422 talia
3092 5366 3271 5421 reddit
3304 5383 3317 5420 :

2162 5479 2182 5508 α
2215 5459 2417 5513 Servus
2447 5475 2569 5513 sum
2605 5458 2798 5512 Christi
2819 5457 3010 5524 factus,
3044 5474 3131 5511 me
3148 5465 3409 5529 extraque
3439 5457 3704 5528 repellis?

2157 5583 2222 5592 —
2254 5551 2504 5606 Nondum
2524 5550 2800 5623 perfectus
2831 5549 3028 5605 Christi
3059 5550 3389 5626 dignoscere
3425 5566 3640 5617 servus,
3666 5570 3688 5599 υ

2159 5642 2436 5698 Sollicitus
2466 5643 2636 5698 sacris
2660 5642 2943 5714 respondit
2965 5643 3033 5697 ad
3067 5642 3169 5697 ista
3196 5642 3450 5696 minister
3476 5660 3490 5696 :

2163 5756 2187 5778 «
2214 5731 2356 5786 Vivit
2392 5740 2446 5786 at
2476 5731 2568 5785 ille
2584 5731 2718 5785 mihi
2761 5731 3008 5786 Christus
3039 5731 3134 5802 qui
3158 5730 3425 5786 daemonis
3445 5737 3602 5787 actus

2162 5821 2435 5891 Confudit,
2470 5824 2638 5880 nostri
2671 5823 2846 5879 factus
2868 5824 3074 5896 pietate
3091 5822 3347 5878 misertus
3382 5841 3396 5888 ;
