3890 6400
133 426 256 481 569

132 568 265 623 Non
286 567 416 622 hinc
447 565 701 641 egrediar
733 566 926 620 Christi
963 566 1068 620 nisi
1098 567 1324 621 vernula
1345 566 1516 621 factus

133 658 364 730 Integer
385 656 669 711 exstitere.
709 677 727 700 η
767 655 1062 709 Denuntiat
1091 652 1194 709 ista
1217 655 1413 710 diacon

132 749 430 814 Pontifici;
461 755 621 802 vocat
651 748 742 801 ille
777 763 978 802 novum
1002 754 1250 821 gnatum,
1287 747 1504 801 instruit
1524 748 1668 802 almo

138 847 436 920 Degmate,
474 843 779 914 perfectum
807 842 1015 897 faciens
1045 841 1374 913 baptismate
1392 851 1598 909 sacrat;

131 939 410 1007 Tempore
435 953 539 989 nec
568 936 738 990 multo
775 935 996 990 Ievitam
1022 937 1170 990 hunc
1200 936 1441 990 destinat
1470 935 1595 991 aris.

135 1029 329 1083 Gratia
361 1035 628 1099 praeterea
659 1034 851 1082 contra
875 1027 999 1082 data
1023 1026 1291 1082 daemonis
1323 1035 1466 1082 artes

134 1117 342 1190 Magna
361 1115 579 1170 refulsit
603 1115 731 1169 huic
747 1114 936 1185 plures
963 1115 1158 1189 largita
1176 1114 1443 1181 medelas,

136 1213 255 1266 Nec
282 1211 391 1266 dici
426 1210 574 1281 potis
603 1217 684 1264 est
716 1217 951 1281 quantas
983 1217 1207 1281 operata
1231 1211 1456 1276 salutes,

137 1302 400 1372 Denique
433 1299 743 1371 presbyteri
779 1299 1042 1354 virtutum
1077 1301 1317 1354 culmine
1345 1299 1639 1361 scandens,

140 1395 524 1466 Doctrinaque
557 1395 761 1460 nitens,
796 1393 924 1448 fidei
955 1395 1201 1465 percepit
1222 1395 1522 1461 honorem;

139 1483 392 1538 Prarsule
420 1483 707 1550 defuncto,
749 1484 985 1553 sumpsit
1018 1499 1126 1553 quo
1157 1500 1310 1537 sacra
1344 1483 1564 1549 lavacri,

139 1573 404 1628 Prwsulis
443 1572 692 1628 officium
723 1571 936 1626 meritis
965 1572 1192 1626 sortitus
1216 1572 1484 1637 honestis,

135 1665 540 1736 Justinamque
565 1663 661 1718 Dei
698 1661 956 1718 famulam
982 1662 1110 1717 facit
1139 1680 1262 1718 esse
1293 1663 1601 1717 ministram

139 1757 368 1822 Altaris,
399 1756 493 1810 dat
521 1755 786 1830 virgineis
819 1754 1150 1826 przefertqne
1174 1755 1408 1810 choreis.
1768 1798 1777 1807 .

219 1845 500 1900 Cordibus
570 1844 699 1899 hinc
762 1843 1044 1898 hominum
1107 1843 1296 1898 Christi
1367 1843 1495 1896 dum
1573 1839 1785 1895 semina

1455 1930 1701 2002 [spargit,

138 2024 223 2078 Fit
265 2037 486 2076 memor
517 2021 636 2092 ipse
668 2020 777 2086 sui,
811 2020 1025 2075 Satanae
1057 2037 1194 2091 quas
1223 2020 1432 2075 vicerat
1461 2027 1606 2073 artes

139 2111 471 2178 Notiﬁcans,
502 2112 627 2183 quis
649 2111 976 2183 squalluerit
1003 2111 1337 2167 constrictus
1363 2111 1588 2176 ahenis;

141 2205 452 2258 Accusator
476 2207 537 2255 ut
565 2209 648 2254 est
687 2201 882 2255 solitus
913 2200 1029 2254 fieri
1055 2200 1159 2254 sibi
1185 2200 1390 2268 justus,

139 2294 380 2347 Accusat
412 2305 540 2344 sese
572 2289 719 2343 haud
752 2288 918 2343 fuerit
948 2289 1096 2359 quod
1120 2289 1356 2360 nequior
1385 2287 1553 2354 ullus,

143 2387 429 2440 Enarrans
459 2390 517 2437 ut
546 2399 672 2437 eum
694 2383 901 2438 Phozbo
929 2382 1189 2436 addixere
1223 2389 1501 2453 parentes,

144 2477 328 2546 thue
354 2473 683 2528 ministrarit
716 2472 899 2526 Dianae
930 2472 985 2525 in
1020 2478 1205 2527 monte
1238 2471 1484 2525 draconi.

140 2568 261 2621 Non
293 2565 487 2621 celans
514 2571 574 2619 ut
614 2564 959 2634 Olympiacas
988 2563 1215 2616 servivit
1255 2562 1321 2614 ad
1356 2579 1498 2626 aras,

144 2659 263 2713 Illic
291 2657 572 2730 sacrilego
615 2663 899 2727 promotus
927 2657 1139 2712 honore
1170 2657 1454 2722 sacerdos,

141 2745 490 2800 Daemonicas
506 2745 728 2799 discens
748 2745 910 2811 vires,
937 2745 1315 2815 phantasmata
1341 2745 1556 2808 divum,

141 2836 446 2907 Aeriasque
469 2841 792 2905 potestates,
818 2835 1125 2907 insanaque
1156 2834 1343 2901 verba,

146 2926 316 2988 Bella,
342 2939 529 2988 sonos,
553 2923 836 2994 strepitus,
864 2923 1084 2990 herbas,
1113 2924 1422 2990 mendacia,
1448 2924 1708 2988 fraudes;

147 3015 244 3080 Qui
272 3014 458 3069 varias
486 3012 620 3066 varii
657 3010 956 3082 properant
977 3013 1245 3068 seducere
1272 3020 1496 3088 gentes;

150 3105 212 3159 Ut
240 3109 367 3174 post
398 3101 690 3176 Egyptum
733 3101 987 3156 Chaldzea
1015 3102 1273 3172 petiverit
1303 3118 1430 3156 arva

148 3199 323 3267 Atque
360 3193 811 3248 mathematicam
845 3203 1114 3248 nocturna
1141 3211 1242 3265 per
1267 3201 1410 3249 astra
1441 3196 1674 3260 notavit;

151 3289 639 3345 Dzemonicasillos
669 3297 885 3343 constat
915 3305 1053 3361 quas
1083 3305 1304 3344 sumere
1341 3291 1565 3356 formas,

149 3381 338 3445 Actus,
366 3395 587 3434 errores
611 3380 840 3454 magicis
870 3380 1176 3456 depingere
1206 3381 1388 3446 libris;

153 3473 215 3526 Ut
235 3472 473 3540 studuit,
499 3472 653 3527 tetris
689 3473 929 3527 imbutus
961 3472 1250 3527 fraudibus
1270 3475 1496 3538 horum;

151 3561 400 3633 Angelus
427 3568 488 3615 ut
519 3561 734 3616 Satanae
765 3561 903 3616 lucis
930 3578 989 3616 se
1021 3562 1188 3617 comit
1212 3563 1456 3628 honore;

153 3653 405 3716 Qualiter
441 3653 626 3707 aerius
653 3653 913 3724 princeps
935 3671 992 3708 se
1023 3655 1360 3726 prompserit
1386 3653 1487 3722 illi,

161 3743 452 3816 Colloquio
484 3752 748 3816 reputans
778 3745 1006 3818 dignum
1049 3746 1296 3817 proprio,
1329 3757 1494 3818 atque
1526 3748 1792 3815 salutans,

1204 3835 1579 3908 placitumque
1635 3835 1794 3892 mini-

157 3833 527 3904 Astutumque
583 3849 806 3900 vocans,
877 3851 1128 3905 puerum,

1507 3926 1720 3996 [strum,

153 4013 304 4067 inter
328 4011 604 4083 primores
631 4013 752 4081 ejus
782 4014 876 4085 qui
906 4014 1109 4087 dignus
1147 4014 1341 4069 haberi

156 4107 474 4168 Promeruit
503 4108 732 4179 primas,
767 4115 820 4163 et
849 4107 994 4163 filius
1030 4109 1160 4164 inde
1193 4110 1398 4176 vocari,

158 4199 222 4253 Ut
251 4199 362 4253 sibi
389 4200 720 4269 promissum
755 4201 1020 4271 compleri
1050 4218 1284 4273 quaeque
1317 4202 1559 4272 petisset,

155 4287 227 4340 Ac
267 4287 610 4342 desiderium
641 4287 742 4342 sibi
776 4288 925 4359 quod
958 4288 1210 4344 libuisset
1237 4290 1512 4362 agendum
1540 4309 1552 4344 :

158 4376 331 4448 Inque
364 4377 672 4431 ministerio
703 4376 894 4431 cuneis
925 4378 1163 4449 stipatus
1193 4379 1411 4449 adeptis

156 4469 506 4533 Umbrarum,
537 4470 741 4544 gaudet
772 4485 1033 4540 proceres
1058 4471 1265 4526 servire
1295 4479 1538 4542 paratos,

157 4559 424 4615 Mirantur
453 4560 547 4631 qui
581 4561 702 4614 talis
729 4561 859 4616 huic
889 4563 1034 4633 quod
1070 4563 1254 4617 dedita
1285 4563 1480 4631 virtus,

157 4654 424 4724 Argutum
459 4651 606 4722 quod
641 4651 787 4721 apud
817 4667 1000 4726 regem
1029 4651 1419 4708 fiduciatanta.

161 4739 521 4811 Prosequitur
546 4741 742 4811 quales
764 4758 859 4795 rex
880 4742 966 4796 hic
993 4742 1098 4795 sibi
1126 4742 1296 4817 fingat
1315 4744 1574 4800 honores.

158 4828 217 4882 Et
242 4845 367 4900 qua!
393 4845 535 4884 vana
565 4838 733 4894 creat,
768 4828 992 4885 fraudes
1026 4846 1136 4902 quo
1170 4840 1444 4902 praeparat
1467 4839 1617 4900 aStu;

156 4920 304 4984 Quos
335 4929 681 4992 quantosque
710 4921 870 4976 dolos
897 4922 1128 4977 Iustinae
1162 4922 1449 4978 intorserit
1477 4924 1633 4991 olim,

159 5009 337 5082 thue
370 5010 446 5064 illi
478 5011 584 5065 sibi
614 5020 902 5082 parentum
937 5015 1302 5069 transmiserit
1334 5031 1554 5089 agmen,

161 5103 294 5159 Hinc
324 5104 504 5175 ipsum
528 5107 652 5160 tetri
686 5123 870 5180 regem
901 5125 1022 5163 cum
1064 5110 1240 5164 milite
1271 5111 1401 5164 belli

157 5195 427 5268 Tempore
467 5207 747 5255 certamen
774 5213 980 5273 quanto
1006 5205 1302 5272 patraverit
1333 5204 1476 5260 istud
1503 5223 1517 5269 ;

164 5287 429 5363 Utregem
456 5291 660 5346 victum
687 5293 909 5347 tandem
943 5294 1049 5348 sibi
1073 5295 1299 5350 demere
1331 5311 1572 5352 amorem

161 5380 360 5450 Oravit,
384 5400 547 5455 quem
581 5401 693 5440 non
723 5387 962 5441 validum
997 5387 1248 5444 conferre
1283 5390 1549 5445 medelam

160 5470 478 5542 Opprobriis
510 5475 671 5545 petiit
697 5476 884 5531 multis
912 5495 1227 5550 vanumque
1259 5480 1546 5550 probavit;

163 5561 362 5620 Versus
401 5577 459 5622 ut
487 5567 543 5622 in
567 5567 813 5640 speciem
845 5569 1071 5626 Iustina:
1103 5574 1356 5643 apparuit
1388 5574 1487 5643 illi,

161 5649 330 5720 Hujus
362 5661 422 5709 ut
450 5656 737 5727 accipiens
768 5672 971 5714 nomen
1004 5659 1232 5716 defluxit
1260 5670 1318 5716 ut
1345 5661 1572 5728 umbra;

162 5744 224 5799 Ut
249 5747 581 5806 Zoroastrasa
609 5751 858 5806 diversas
888 5761 1000 5809 arte
1033 5755 1234 5830 figuras

166 5837 430 5913 induerit,
460 5844 661 5900 mulier
683 5845 769 5899 vel
810 5845 926 5901 avis
957 5845 1152 5914 factus,
1184 5857 1239 5904 et
1278 5848 1398 5918 ejus

708 422 791 476 DE
831 421 1198 476 TRIUIIIPHIS
1243 423 1502 476 CHRISTI
1544 422 1916 477 ANTIOCHI/IS
1958 421 2182 477 GESTIS
2226 422 2401 477 LIBRI
2444 423 2594 477 DUO.
2637 452 2706 463 —-
2744 423 2875 476 LIB.
2922 423 2961 476 Ι.

1804 560 1846 621 Α
1879 550 2066 604 Limen
2100 556 2158 604 ut
2188 549 2374 604 ostioli
2414 548 2594 622 tetigit
2628 547 2906 603 resolutus
2937 546 3005 601 ab
3046 555 3184 612 arte,

1878 640 1996 708 Ipse
2035 638 2326 693 videbatur
2358 637 2554 691 nolens
2589 636 2907 708 Cyprianus,
2942 645 2996 690 et
3019 637 3250 690 horrens

1877 729 2121 793 Qualiter
2143 729 2416 794 Acladius,
2451 745 2640 799 passer
2665 728 2988 782 malefactus
3008 726 3076 780 ab
3106 726 3248 798 ipso,

1877 821 2040 876 Tecta
2057 820 2461 891 supervolitans
2490 818 2828 889 superaverit
2850 819 2954 872 alta
2996 819 3212 889 puellae,

3385 421 3493 475 570

1881 909 1989 963 Sed
2035 909 2285 962 residens
2319 908 2533 979 plumas
2574 906 2764 979 positis
2792 906 3164 961 amiseritalis

1883 1001 2086 1054 Invitus
2111 1001 2333 1066 juvenis
2350 1001 2716 1071 prepriosque
2746 997 3107 1069 resumpserit
3137 1003 3287 1052 artus

1885 1085 2159 1159 Depositis
2190 1089 2387 1160 pinnas
2419 1088 2543 1142 talis
2573 1089 2664 1159 qui
2705 1088 3029 1142 ascenderat
3058 1087 3193 1152 alis;

1885 1184 2105 1255 Spicula
2128 1200 2249 1254 qua?
2272 1183 2487 1238 dederit
2514 1183 2807 1254 replicans,
2839 1183 2979 1236 mala
3000 1188 3204 1253 quanta
3227 1181 3432 1252 pararit

1887 1275 2209 1337 Fraudibus,
2244 1280 2300 1327 ut
2333 1281 2519 1344 posset
2545 1273 2740 1327 fortem
2782 1277 2999 1341 captare
3026 1269 3287 1340 puellam,

1887 1365 2172 1430 Quomodo
2203 1375 2401 1420 cuncta
2431 1365 2626 1418 videns
2657 1363 2850 1416 Christi
2881 1368 3106 1416 vacuata
3133 1361 3319 1434 vigore

1885 1459 2014 1513 Tela
2039 1459 2146 1523 sui,
2182 1467 2372 1514 contra
2403 1473 2525 1526 quae
2555 1455 2786 1528 virginis
2814 1461 2931 1509 acta
2962 1453 3250 1524 pudorem,

1883 1553 2111 1608 Justime
2141 1551 2306 1621 cmpit
2335 1548 2546 1603 crebris
2576 1546 2836 1602 extollere
2858 1561 3056 1599 nomen

1885 1643 2156 1714 Eloquiis;
2187 1641 2423 1710 ideoque
2454 1635 2797 1710 fugientibus
2824 1635 2952 1688 inde
2986 1634 3251 1688 ministris

1884 1731 2180 1802 Spiritibus
2203 1728 2308 1781 sibi
2338 1727 2640 1791 concessis,
2665 1724 2794 1796 quia
2824 1723 2965 1777 ferre
2995 1723 3292 1794 nequirent

1887 1821 2131 1894 Egregiaa
2156 1833 2362 1873 nomen
2392 1816 2589 1869 saltem
2622 1828 2879 1868 resonare
2913 1813 3144 1881 puellze;

1802 1910 1850 1975 lt
1881 1911 2107 1982 Impetis
2134 1920 2192 1964 ut
2229 1907 2373 1978 regis
2400 1905 2577 1980 magis
2605 1904 2734 1958 hinc
2755 1910 3114 1958 contemnere
3137 1918 3274 1955 vana

1884 1996 2142 2067 Coeperit,
2167 1993 2505 2064 exprobrans
2533 1999 2586 2045 et
2608 1990 2799 2045 frivola
2815 1996 3029 2060 sceptra
3059 1989 3322 2053 refutans,

1884 2091 2154 2160 Abjurans
2186 2091 2337 2161 leges
2368 2096 2422 2141 et
2449 2084 2715 2156 principis
2745 2100 2895 2139 arma
2923 2083 3171 2149 nefandi,

1886 2179 2041 2233 Vires
2067 2175 2430 2251 magnificans
2453 2173 2669 2238 Christi,
2705 2189 3016 2244 nomenque
3049 2173 3360 2244 decusque;

1887 2269 1954 2324 Ut
1982 2285 2041 2323 se
2072 2267 2293 2341 ﬂagitiis
2323 2267 2450 2320 dum
2485 2265 2715 2335 poenitet
2745 2279 2867 2318 esse
2897 2264 3182 2318 subactum

1887 2361 2094 2426 Tantis,
2128 2375 2404 2414 exacuens
2435 2373 2665 2427 serpens
2696 2356 2986 2410 molimina
3015 2355 3134 2409 dira

1891 2454 2192 2525 Aggressus
2223 2449 2390 2503 nimia
2429 2449 2480 2502 vi
2503 2446 2770 2502 suffocme
2804 2447 3013 2517 paravit

1890 2540 2350 2610 Seminecemque
2380 2537 2556 2602 dedit,
2591 2536 2784 2592 Christi
2815 2537 2913 2590 sed
2948 2535 3171 2589 nomine
3196 2535 3364 2598 dicto,

1891 2635 2055 2708 Signa
2085 2634 2264 2689 crucis
2297 2633 2526 2698 faciens,
2559 2633 2795 2686 evaserit
2824 2647 2921 2686 ora
2945 2631 3202 2687 draconis

1881 2726 2135 2802 Igniferi,
2167 2724 2376 2780 rabidis
2415 2730 2704 2794 exemptus
2734 2723 2986 2798 faucibus
3025 2722 3240 2796 anguis.

1892 2819 1957 2871 Ut
1987 2830 2210 2887 quoque
2241 2813 2415 2867 multa
2442 2811 2662 2866 minans
2690 2827 2752 2865 se
2784 2811 3077 2881 desperare
3108 2811 3341 2864 salutem

1886 2909 2244 2980 Compulerit,
2304 2924 2406 2964 nec
2477 2924 2603 2962 eum
2663 2917 2846 2962 tamen
2925 2906 3050 2960 hiuc
3115 2905 3218 2960 sibi
3273 2903 3516 2959 subdere

3225 2997 3438 3070 [quivit.

1888 3095 1987 3160 Qui
2017 3110 2187 3164 super
2220 3094 2382 3148 istum
2417 3093 2768 3179 Christicolas
2798 3089 3272 3166 regitavitamicos

1835 3233 1855 3254 η
1887 3191 1966 3242 An
2006 3205 2063 3242 se
2087 3196 2197 3242 tam
2231 3189 2490 3242 miserum
2519 3189 2764 3241 clemens
2793 3186 3070 3239 miseratio
3105 3184 3298 3238 Christi

1844 3275 1858 3295 ³
1884 3281 2182 3336 Tantorum
2225 3285 2450 3349 caperet
2477 3278 2746 3332 scelerum
2779 3277 3078 3330 vincimine
3107 3292 3330 3330 nexum.

1883 3376 2031 3429 Tunc
2058 3382 2223 3437 artes,
2260 3372 2500 3438 fraudes,
2535 3378 2760 3438 mortes,
2802 3380 3012 3442 stupra,
3037 3371 3150 3424 liba
3189 3369 3438 3436 revolvit,

1885 3465 2052 3521 Multa
2080 3480 2293 3520 venena
2321 3479 2554 3518 vomens
2585 3464 2842 3535 lacrymis
2870 3479 3095 3536 quoque
3123 3461 3350 3518 crimina
3384 3478 3516 3533 pur-

3263 3555 3440 3631 [gans,

1894 3651 2133 3708 Offusum
2167 3651 2421 3722 Iacrymis
2451 3650 2642 3705 dulces
2671 3651 2918 3706 solantur
2941 3651 3100 3707 amici

1897 3745 1956 3799 Et
1985 3744 2073 3814 pia
2103 3743 2170 3797 de
2201 3743 2445 3797 bonitate
2479 3742 2574 3796 Dei
2606 3742 2988 3816 paradigmata
3019 3751 3298 3812 promunt,

1893 3839 2272 3908 Attolluntque
2293 3837 2512 3893 animos
2541 3853 2740 3907 magno
2770 3837 2872 3891 sub
2902 3837 3048 3892 fasce
3079 3837 3347 3892 labantes.

1896 3928 2174 3998 Praecipue
2207 3927 2445 3997 quodam
2479 3925 2653 3980 nitido
2683 3941 2938 3980 sermone
2969 3925 3177 3980 diserto

1895 4020 2129 4075 Eusebio
2169 4020 2350 4094 dignis
2383 4019 2532 4073 illum
2559 4020 2882 4073 exhortante
2917 4015 3166 4088 profatis,

1894 4113 1971 4166 Ad
1997 4127 2153 4182 spem
2189 4119 2471 4181 promotus
2509 4108 2727 4164 Domini
2755 4116 2816 4164 ut
2841 4108 3044 4179 pietate
3065 4107 3276 4162 levatur

1892 4203 2148 4258 Solamen
2177 4203 2426 4273 capiens,
2463 4201 2696 4255 facunde
2721 4201 2826 4255 hoc
2857 4197 3190 4260 notificante,

1895 4293 2192 4363 Scriptura),
2225 4299 2279 4346 et
2307 4308 2476 4346 sacra!
2499 4291 2716 4345 diversa
2741 4289 3065 4361 probamina
3089 4288 3275 4352 dante,

1894 4382 2122 4434 Dextera
2145 4381 2292 4434 celsa
2321 4380 2417 4434 Dei
2453 4381 2642 4450 quales
2681 4379 2974 4432 mutaverit
3000 4385 3194 4442 actus;

1895 4469 2127 4524 Verterit
2154 4477 2213 4522 ut
2237 4485 2456 4540 pravos,
2484 4469 2721 4523 erexerit
2741 4467 2895 4522 ocius
2924 4467 3116 4521 almos.

1897 4558 2096 4612 Ductus
2126 4556 2181 4610 in
2213 4556 2500 4610 ecclesiam
2532 4556 2780 4626 percepit
2805 4554 2873 4608 ab
2899 4555 3025 4608 inde
3048 4553 3303 4618 salutem,

1815 4617 1870 4684 Ι)
1896 4648 2318 4719 Combussitque
2348 4617 2977 4719 libros.artis'ﬁgmenta
3004 4646 3270 4717 profanae.

1899 4740 2070 4809 quue
2101 4736 2196 4792 ubi
2219 4737 2478 4812 cognovit
2509 4735 2965 4804 factum,Justina
2995 4735 3197 4789 dicavit

1901 4835 1970 4889 Se
2005 4833 2236 4897 Christo,
2270 4833 2517 4888 vendens
2537 4832 2778 4903 pretiosa
2809 4830 3222 4887 moniliacultus

1903 4930 2170 4997 Feminei,
2214 4946 2446 5003 quorum
2477 4930 2710 5001 pretium
2736 4928 2963 5004 largitur
2992 4926 3201 5001 egenis.

1890 5026 2023 5081 Post
2053 5025 2247 5081 doctor
2275 5025 2447 5080 factus
2488 5024 2814 5095 Cyprianus,
2846 5029 2900 5077 et
2929 5020 3119 5077 omnia
3145 5019 3372 5084 callens,

1887 5116 2014 5171 Tela
2034 5114 2369 5171 venenifera:
2400 5114 2571 5186 pestis
2599 5114 2822 5168 vitanda
2849 5111 3103 5178 docebat,

1891 5207 2248 5280 Anguigenas
2279 5205 2521 5271 fraudes,
2554 5203 2829 5258 anfractus
2865 5202 3005 5258 furta
3037 5202 3301 5258 notando.

1961 5300 2025 5352 At
2054 5297 2218 5351 draco
2248 5297 2482 5363 virosus,
2515 5310 2754 5349 moerens
2785 5310 2883 5348 sua
2914 5293 3142 5348 crimina
3171 5294 3364 5366 pandi,

1893 5391 2064 5460 Atque
2093 5405 2206 5444 suae
2234 5388 2303 5443 de
2331 5403 2388 5442 se
2421 5386 2619 5458 praeda:
2647 5393 2896 5457 spectare
2929 5384 3267 5457 triumphum

1892 5484 2058 5539 Multa
2089 5483 2303 5550 dolens,
2335 5481 2551 5556 Stygias
2581 5481 3041 5555 animosinstigat
3069 5482 3124 5538 in
3159 5483 3269 5538 iras

1893 5574 2162 5646 Principis
2195 5573 2309 5640 Eoi,
2343 5581 2554 5644 quaerat
2585 5588 2696 5644 quo
2724 5572 3001 5648 dogmatis
3032 5575 3197 5645 hujus

1894 5663 2242 5736 Christiloqui
2275 5679 2474 5740 magno
2508 5661 2838 5734 Cyprianum
2865 5666 2988 5735 jure
3019 5666 3370 5740 magistrum,

1891 5759 1991 5824 Qui
2018 5758 2244 5827 multas,
2271 5759 2462 5828 juncta
2489 5759 2727 5832 quadam
2759 5760 2862 5815 sibi
2894 5761 3129 5835 virgine,
3164 5759 3343 5817 firmat

1893 5850 1952 5904 In
1984 5850 2176 5906 Christi
2210 5858 2454 5922 perstare
2485 5851 2595 5908 fide
2626 5868 2729 5908 nec
2753 5853 2953 5909 cedere
2992 5853 3194 5928 ﬂagris.
