  <div class='ocr_page' id='page_1' title='image "/cluster/home/n/w/nwhite01/storage/ocr_20150623/134-135/uc1.31175013627537/805.png"; bbox 0 0 3890 6458; ppageno 0'>
   <div class='ocr_carea' id='block_1_1' title="bbox 389 391 488 447">
    <p class='ocr_par' dir='ltr' id='par_1_1' title="bbox 389 391 488 447">
     <span class='ocr_line' id='line_1_1' title="bbox 389 391 488 447; baseline -0.02 -1"><span class='ocrx_word' id='word_1_1' title='bbox 389 391 488 447; x_wconf 85' lang='grc'>571</span> 
     </span>
    </p>
   </div>
   <div class='ocr_carea' id='block_1_2' title="bbox 392 517 1806 590">
    <p class='ocr_par' dir='ltr' id='par_1_2' title="bbox 392 517 1806 590">
     <span class='ocr_line' id='line_1_2' title="bbox 392 517 1806 590; baseline 0.002 -17"><span class='ocrx_word' id='word_1_2' title='bbox 392 517 749 590; x_wconf 85' lang='lat' dir='ltr'>Comperiens</span> <span class='ocrx_word' id='word_1_3' title='bbox 768 518 985 573; x_wconf 61' lang='lat' dir='ltr'>Satanm</span> <span class='ocrx_word' id='word_1_4' title='bbox 1008 517 1228 574; x_wconf 86' lang='lat' dir='ltr'>famulis</span> <span class='ocrx_word' id='word_1_5' title='bbox 1259 518 1603 576; x_wconf 85' lang='lat' dir='ltr'>Eutholimus</span> <span class='ocrx_word' id='word_1_6' title='bbox 1640 521 1806 577; x_wconf 80' lang='lat' dir='ltr'>istud.</span> 
     </span>
    </p>
   </div>
   <div class='ocr_carea' id='block_1_3' title="bbox 388 607 1800 682">
    <p class='ocr_par' dir='ltr' id='par_1_3' title="bbox 388 607 1800 682">
     <span class='ocr_line' id='line_1_3' title="bbox 388 607 1800 682; baseline 0.003 -21"><span class='ocrx_word' id='word_1_7' title='bbox 388 607 570 676; x_wconf 83' lang='lat' dir='ltr'>Mittit,</span> <span class='ocrx_word' id='word_1_8' title='bbox 606 616 660 663; x_wconf 90' lang='lat' dir='ltr'>et</span> <span class='ocrx_word' id='word_1_9' title='bbox 691 607 926 663; x_wconf 76' lang='lat' dir='ltr'>accersit</span> <span class='ocrx_word' id='word_1_10' title='bbox 956 623 1144 663; x_wconf 86' lang='lat' dir='ltr'>secum</span> <span class='ocrx_word' id='word_1_11' title='bbox 1173 624 1298 663; x_wconf 92' lang='lat' dir='ltr'>cum</span> <span class='ocrx_word' id='word_1_12' title='bbox 1325 610 1538 682; x_wconf 80' lang='lat' dir='ltr'>virgine</span> <span class='ocrx_word' id='word_1_13' title='bbox 1567 611 1800 666; x_wconf 81' lang='lat' dir='ltr'>Patrem.</span> 
     </span>
    </p>
   </div>
   <div class='ocr_carea' id='block_1_4' title="bbox 390 698 1840 770">
    <p class='ocr_par' dir='ltr' id='par_1_4' title="bbox 390 698 1840 770">
     <span class='ocr_line' id='line_1_4' title="bbox 390 698 1840 770; baseline 0.001 -16"><span class='ocrx_word' id='word_1_14' title='bbox 390 698 537 762; x_wconf 88' lang='lat' dir='ltr'>Quos</span> <span class='ocrx_word' id='word_1_15' title='bbox 567 699 677 753; x_wconf 87' lang='lat' dir='ltr'>sibi</span> <span class='ocrx_word' id='word_1_16' title='bbox 712 699 842 753; x_wconf 92' lang='lat' dir='ltr'>dum</span> <span class='ocrx_word' id='word_1_17' title='bbox 867 699 1053 754; x_wconf 78' lang='lat' dir='ltr'>statuit</span> <span class='ocrx_word' id='word_1_18' title='bbox 1073 700 1324 754; x_wconf 90' lang='lat' dir='ltr'>custodia</span> <span class='ocrx_word' id='word_1_19' title='bbox 1341 700 1562 770; x_wconf 89' lang='lat' dir='ltr'>publica</span> <span class='ocrx_word' id='word_1_20' title='bbox 1593 701 1840 757; x_wconf 90' lang='lat' dir='ltr'>vinctos:</span> 
     </span>
    </p>
   </div>
   <div class='ocr_carea' id='block_1_5' title="bbox 393 790 1868 865">
    <p class='ocr_par' dir='ltr' id='par_1_5' title="bbox 393 790 1868 865">
     <span class='ocr_line' id='line_1_5' title="bbox 393 790 1868 865; baseline 0.003 -21"><span class='ocrx_word' id='word_1_21' title='bbox 393 815 416 836; x_wconf 76' lang='grc' dir='ltr'>ιι</span> <span class='ocrx_word' id='word_1_22' title='bbox 459 791 610 846; x_wconf 89' lang='lat' dir='ltr'>Tune</span> <span class='ocrx_word' id='word_1_23' title='bbox 641 807 721 857; x_wconf 89' lang='lat' dir='ltr'>es,</span> <span class='ocrx_word' id='word_1_24' title='bbox 752 790 846 857; x_wconf 87' lang='lat' dir='ltr'>ait,</span> <span class='ocrx_word' id='word_1_25' title='bbox 881 791 1072 846; x_wconf 90' lang='lat' dir='ltr'>doctor</span> <span class='ocrx_word' id='word_1_26' title='bbox 1099 791 1313 865; x_wconf 90' lang='lat' dir='ltr'>magica</span> <span class='ocrx_word' id='word_1_27' title='bbox 1339 793 1646 864; x_wconf 83' lang='lat' dir='ltr'>Cyprianus</span> <span class='ocrx_word' id='word_1_28' title='bbox 1671 791 1724 847; x_wconf 89' lang='lat' dir='ltr'>in</span> <span class='ocrx_word' id='word_1_29' title='bbox 1753 797 1868 848; x_wconf 89' lang='lat' dir='ltr'>arte</span> 
     </span>
    </p>
   </div>
   <div class='ocr_carea' id='block_1_6' title="bbox 391 879 1757 945">
    <p class='ocr_par' dir='ltr' id='par_1_6' title="bbox 391 879 1757 945">
     <span class='ocr_line' id='line_1_6' title="bbox 391 879 1757 945; baseline 0.001 -11"><span class='ocrx_word' id='word_1_30' title='bbox 391 880 492 945; x_wconf 89' lang='lat' dir='ltr'>Qui</span> <span class='ocrx_word' id='word_1_31' title='bbox 525 880 728 935; x_wconf 89' lang='lat' dir='ltr'>mnltos</span> <span class='ocrx_word' id='word_1_32' title='bbox 756 895 938 934; x_wconf 89' lang='lat' dir='ltr'>errare</span> <span class='ocrx_word' id='word_1_33' title='bbox 967 879 1102 934; x_wconf 88' lang='lat' dir='ltr'>facis</span> <span class='ocrx_word' id='word_1_34' title='bbox 1131 880 1233 934; x_wconf 90' lang='lat' dir='ltr'>sub</span> <span class='ocrx_word' id='word_1_35' title='bbox 1265 882 1489 936; x_wconf 86' lang='lat' dir='ltr'>nomine</span> <span class='ocrx_word' id='word_1_36' title='bbox 1518 881 1711 936; x_wconf 87' lang='lat' dir='ltr'>Christi</span> <span class='ocrx_word' id='word_1_37' title='bbox 1730 881 1757 936; x_wconf 79' lang='lat'><strong>?</strong></span> 
     </span>
    </p>
   </div>
   <div class='ocr_carea' id='block_1_7' title="bbox 392 967 1903 1043">
    <p class='ocr_par' dir='ltr' id='par_1_7' title="bbox 392 967 1903 1043">
     <span class='ocr_line' id='line_1_7' title="bbox 392 967 1903 1043; baseline 0.003 -21"><span class='ocrx_word' id='word_1_38' title='bbox 392 1001 457 1009; x_wconf 96' lang='lat'><strong>—</strong></span> <span class='ocrx_word' id='word_1_39' title='bbox 488 969 690 1024; x_wconf 91' lang='lat' dir='ltr'>Doctus</span> <span class='ocrx_word' id='word_1_40' title='bbox 722 968 798 1037; x_wconf 86' lang='lat' dir='ltr'>(at</span> <span class='ocrx_word' id='word_1_41' title='bbox 828 967 944 1038; x_wconf 91' lang='lat' dir='ltr'>ille)</span> <span class='ocrx_word' id='word_1_42' title='bbox 977 968 1050 1022; x_wconf 86' lang='lat' dir='ltr'>fui</span> <span class='ocrx_word' id='word_1_43' title='bbox 1085 969 1316 1043; x_wconf 82' lang='lat' dir='ltr'>magicis</span> <span class='ocrx_word' id='word_1_44' title='bbox 1346 971 1401 1024; x_wconf 91' lang='lat' dir='ltr'>in</span> <span class='ocrx_word' id='word_1_45' title='bbox 1432 968 1718 1026; x_wconf 87' lang='lat' dir='ltr'>fraudibus</span> <span class='ocrx_word' id='word_1_46' title='bbox 1749 971 1903 1038; x_wconf 91' lang='lat' dir='ltr'>olim,</span> 
     </span>
    </p>
   </div>
   <div class='ocr_carea' id='block_1_8' title="bbox 389 1057 1584 1128">
    <p class='ocr_par' dir='ltr' id='par_1_8' title="bbox 389 1057 1584 1128">
     <span class='ocr_line' id='line_1_8' title="bbox 389 1057 1584 1128; baseline 0.002 -17"><span class='ocrx_word' id='word_1_47' title='bbox 389 1057 637 1112; x_wconf 68' lang='lat' dir='ltr'>Luxuriae</span> <span class='ocrx_word' id='word_1_48' title='bbox 657 1073 846 1111; x_wconf 91' lang='lat' dir='ltr'>servus</span> <span class='ocrx_word' id='word_1_49' title='bbox 871 1066 926 1111; x_wconf 90' lang='lat' dir='ltr'>et</span> <span class='ocrx_word' id='word_1_50' title='bbox 953 1057 1277 1128; x_wconf 86' lang='lat' dir='ltr'>perditionis</span> <span class='ocrx_word' id='word_1_51' title='bbox 1307 1059 1584 1127; x_wconf 88' lang='lat' dir='ltr'>alumnus,</span> 
     </span>
    </p>
   </div>
   <div class='ocr_carea' id='block_1_9' title="bbox 389 1148 1783 1222">
    <p class='ocr_par' dir='ltr' id='par_1_9' title="bbox 389 1148 1783 1222">
     <span class='ocr_line' id='line_1_9' title="bbox 389 1148 1783 1222; baseline 0.002 -19"><span class='ocrx_word' id='word_1_52' title='bbox 389 1149 586 1203; x_wconf 84' lang='lat' dir='ltr'>Multos</span> <span class='ocrx_word' id='word_1_53' title='bbox 614 1148 944 1219; x_wconf 91' lang='lat' dir='ltr'>illaqueans,</span> <span class='ocrx_word' id='word_1_54' title='bbox 973 1157 1029 1204; x_wconf 91' lang='lat' dir='ltr'>et</span> <span class='ocrx_word' id='word_1_55' title='bbox 1060 1149 1307 1220; x_wconf 88' lang='lat' dir='ltr'>perditus</span> <span class='ocrx_word' id='word_1_56' title='bbox 1338 1151 1504 1222; x_wconf 92' lang='lat' dir='ltr'>impia</span> <span class='ocrx_word' id='word_1_57' title='bbox 1526 1151 1783 1219; x_wconf 86' lang='lat' dir='ltr'>tradens;</span> 
     </span>
    </p>
   </div>
   <div class='ocr_carea' id='block_1_10' title="bbox 387 1241 1721 1318">
    <p class='ocr_par' dir='ltr' id='par_1_10' title="bbox 387 1241 1721 1318">
     <span class='ocr_line' id='line_1_10' title="bbox 387 1241 1721 1318; baseline 0.004 -23"><span class='ocrx_word' id='word_1_58' title='bbox 387 1242 493 1296; x_wconf 86' lang='lat' dir='ltr'>Sed</span> <span class='ocrx_word' id='word_1_59' title='bbox 521 1257 608 1297; x_wconf 90' lang='lat' dir='ltr'>me</span> <span class='ocrx_word' id='word_1_60' title='bbox 637 1243 865 1298; x_wconf 89' lang='lat' dir='ltr'>salvavit</span> <span class='ocrx_word' id='word_1_61' title='bbox 895 1241 1137 1298; x_wconf 89' lang='lat' dir='ltr'>Christus</span> <span class='ocrx_word' id='word_1_62' title='bbox 1167 1260 1267 1314; x_wconf 90' lang='lat' dir='ltr'>per</span> <span class='ocrx_word' id='word_1_63' title='bbox 1295 1245 1527 1318; x_wconf 83' lang='lat' dir='ltr'>virginis</span> <span class='ocrx_word' id='word_1_64' title='bbox 1554 1245 1721 1314; x_wconf 89' lang='lat' dir='ltr'>hujus</span> 
     </span>
    </p>
   </div>
   <div class='ocr_carea' id='block_1_11' title="bbox 389 1337 1727 1412">
    <p class='ocr_par' dir='ltr' id='par_1_11' title="bbox 389 1337 1727 1412">
     <span class='ocr_line' id='line_1_11' title="bbox 389 1337 1727 1412; baseline 0.004 -21"><span class='ocrx_word' id='word_1_65' title='bbox 389 1337 584 1392; x_wconf 70' lang='lat' dir='ltr'>Praelia</span> <span class='ocrx_word' id='word_1_66' title='bbox 611 1337 862 1404; x_wconf 74' lang='lat' dir='ltr'>Justinze,</span> <span class='ocrx_word' id='word_1_67' title='bbox 897 1337 1057 1411; x_wconf 85' lang='lat' dir='ltr'>signo</span> <span class='ocrx_word' id='word_1_68' title='bbox 1081 1354 1202 1412; x_wconf 67' lang='lat' dir='ltr'>quae</span> <span class='ocrx_word' id='word_1_69' title='bbox 1221 1340 1503 1394; x_wconf 69' lang='lat' dir='ltr'>daemonas</span> <span class='ocrx_word' id='word_1_70' title='bbox 1533 1356 1727 1396; x_wconf 91' lang='lat' dir='ltr'>omnes</span> 
     </span>
    </p>
   </div>
   <div class='ocr_carea' id='block_1_12' title="bbox 388 1427 1769 1502">
    <p class='ocr_par' dir='ltr' id='par_1_12' title="bbox 388 1427 1769 1502">
     <span class='ocr_line' id='line_1_12' title="bbox 388 1427 1769 1502; baseline 0.004 -21"><span class='ocrx_word' id='word_1_71' title='bbox 388 1427 600 1483; x_wconf 90' lang='lat' dir='ltr'>Devicit</span> <span class='ocrx_word' id='word_1_72' title='bbox 639 1427 859 1494; x_wconf 90' lang='lat' dir='ltr'>Christi,</span> <span class='ocrx_word' id='word_1_73' title='bbox 888 1429 1158 1484; x_wconf 91' lang='lat' dir='ltr'>mandans</span> <span class='ocrx_word' id='word_1_74' title='bbox 1197 1447 1337 1502; x_wconf 88' lang='lat' dir='ltr'>quos</span> <span class='ocrx_word' id='word_1_75' title='bbox 1368 1431 1618 1501; x_wconf 88' lang='lat' dir='ltr'>improbe</span> <span class='ocrx_word' id='word_1_76' title='bbox 1645 1431 1769 1487; x_wconf 89' lang='lat' dir='ltr'>misi</span> 
     </span>
    </p>
   </div>
   <div class='ocr_carea' id='block_1_13' title="bbox 392 1517 1938 1592">
    <p class='ocr_par' dir='ltr' id='par_1_13' title="bbox 392 1517 1938 1592">
     <span class='ocr_line' id='line_1_13' title="bbox 392 1517 1938 1592; baseline 0.003 -22"><span class='ocrx_word' id='word_1_77' title='bbox 392 1517 454 1570; x_wconf 90' lang='lat' dir='ltr'><strong>Ut</strong></span> <span class='ocrx_word' id='word_1_78' title='bbox 485 1524 765 1588; x_wconf 89' lang='lat' dir='ltr'>caperent,</span> <span class='ocrx_word' id='word_1_79' title='bbox 793 1519 1114 1591; x_wconf 86' lang='lat' dir='ltr'>sociamque</span> <span class='ocrx_word' id='word_1_80' title='bbox 1136 1521 1270 1574; x_wconf 91' lang='lat' dir='ltr'>mihi</span> <span class='ocrx_word' id='word_1_81' title='bbox 1293 1536 1416 1575; x_wconf 92' lang='lat' dir='ltr'>cum</span> <span class='ocrx_word' id='word_1_82' title='bbox 1440 1522 1634 1575; x_wconf 86' lang='lat' dir='ltr'>fraude</span> <span class='ocrx_word' id='word_1_83' title='bbox 1660 1528 1938 1592; x_wconf 88' lang='lat' dir='ltr'>pararent.</span> 
     </span>
    </p>
   </div>
   <div class='ocr_carea' id='block_1_14' title="bbox 389 1605 1904 1681">
    <p class='ocr_par' dir='ltr' id='par_1_14' title="bbox 389 1605 1904 1681">
     <span class='ocr_line' id='line_1_14' title="bbox 389 1605 1904 1681; baseline 0.003 -21"><span class='ocrx_word' id='word_1_84' title='bbox 389 1605 486 1660; x_wconf 93' lang='lat' dir='ltr'>llla</span> <span class='ocrx_word' id='word_1_85' title='bbox 505 1607 602 1660; x_wconf 91' lang='lat' dir='ltr'>sed</span> <span class='ocrx_word' id='word_1_86' title='bbox 632 1607 749 1661; x_wconf 78' lang='lat' dir='ltr'>haec</span> <span class='ocrx_word' id='word_1_87' title='bbox 774 1623 1046 1678; x_wconf 87' lang='lat' dir='ltr'>spernens</span> <span class='ocrx_word' id='word_1_88' title='bbox 1069 1610 1234 1663; x_wconf 86' lang='lat' dir='ltr'>simul</span> <span class='ocrx_word' id='word_1_89' title='bbox 1261 1609 1448 1664; x_wconf 86' lang='lat' dir='ltr'>omnia</span> <span class='ocrx_word' id='word_1_90' title='bbox 1474 1609 1624 1678; x_wconf 82' lang='lat' dir='ltr'>vicit,</span> <span class='ocrx_word' id='word_1_91' title='bbox 1650 1618 1704 1665; x_wconf 89' lang='lat' dir='ltr'>et</span> <span class='ocrx_word' id='word_1_92' title='bbox 1725 1611 1904 1681; x_wconf 89' lang='lat' dir='ltr'>ipsum</span> 
     </span>
    </p>
   </div>
   <div class='ocr_carea' id='block_1_15' title="bbox 388 1699 2008 1774">
    <p class='ocr_par' dir='ltr' id='par_1_15' title="bbox 388 1699 2008 1774">
     <span class='ocr_line' id='line_1_15' title="bbox 388 1699 2008 1774; baseline 0.002 -21"><span class='ocrx_word' id='word_1_93' title='bbox 388 1699 469 1753; x_wconf 86' lang='lat' dir='ltr'>Me</span> <span class='ocrx_word' id='word_1_94' title='bbox 513 1699 734 1772; x_wconf 87' lang='lat' dir='ltr'>eripuit,</span> <span class='ocrx_word' id='word_1_95' title='bbox 789 1700 1194 1772; x_wconf 90' lang='lat' dir='ltr'>Dominumque</span> <span class='ocrx_word' id='word_1_96' title='bbox 1249 1700 1402 1756; x_wconf 90' lang='lat' dir='ltr'>dedit</span> <span class='ocrx_word' id='word_1_97' title='bbox 1457 1717 1792 1774; x_wconf 79' lang='lat' dir='ltr'>cognoscere</span> <span class='ocrx_word' id='word_1_98' title='bbox 1852 1701 2008 1757; x_wconf 89' lang='lat' dir='ltr'>Chri-</span> 
     </span>
    </p>
   </div>
   <div class='ocr_carea' id='block_1_16' title="bbox 1684 1791 1934 1862">
    <p class='ocr_par' dir='ltr' id='par_1_16' title="bbox 1684 1791 1934 1862">
     <span class='ocr_line' id='line_1_16' title="bbox 1684 1791 1934 1862; baseline -0.012 -18"><span class='ocrx_word' id='word_1_99' title='bbox 1684 1791 1866 1862; x_wconf 90' lang='lat' dir='ltr'>[stum.</span> <span class='ocrx_word' id='word_1_100' title='bbox 1910 1811 1934 1841; x_wconf 77' lang='grc' dir='ltr'><strong>υ</strong></span> 
     </span>
    </p>
   </div>
   <div class='ocr_carea' id='block_1_17' title="bbox 387 1885 1908 1960">
    <p class='ocr_par' dir='ltr' id='par_1_17' title="bbox 387 1885 1908 1960">
     <span class='ocr_line' id='line_1_17' title="bbox 387 1885 1908 1960; baseline 0.001 -22"><span class='ocrx_word' id='word_1_101' title='bbox 387 1885 540 1940; x_wconf 91' lang='lat' dir='ltr'>Tunc</span> <span class='ocrx_word' id='word_1_102' title='bbox 565 1899 754 1940; x_wconf 92' lang='lat' dir='ltr'>comes</span> <span class='ocrx_word' id='word_1_103' title='bbox 775 1900 1083 1956; x_wconf 87' lang='lat' dir='ltr'>appensum</span> <span class='ocrx_word' id='word_1_104' title='bbox 1111 1885 1228 1940; x_wconf 93' lang='lat' dir='ltr'>radi</span> <span class='ocrx_word' id='word_1_105' title='bbox 1243 1885 1404 1954; x_wconf 90' lang='lat' dir='ltr'>jubet</span> <span class='ocrx_word' id='word_1_106' title='bbox 1431 1885 1710 1960; x_wconf 86' lang='lat' dir='ltr'>unguibus</span> <span class='ocrx_word' id='word_1_107' title='bbox 1733 1885 1908 1954; x_wconf 92' lang='lat' dir='ltr'>illum,</span> 
     </span>
    </p>
   </div>
   <div class='ocr_carea' id='block_1_18' title="bbox 387 1977 1758 2048">
    <p class='ocr_par' dir='ltr' id='par_1_18' title="bbox 387 1977 1758 2048">
     <span class='ocr_line' id='line_1_18' title="bbox 387 1977 1758 2048; baseline 0.001 -16"><span class='ocrx_word' id='word_1_108' title='bbox 387 1977 773 2048; x_wconf 86' lang='lat' dir='ltr'>Justinamque</span> <span class='ocrx_word' id='word_1_109' title='bbox 807 1977 983 2048; x_wconf 82' lang='lat' dir='ltr'>alapis</span> <span class='ocrx_word' id='word_1_110' title='bbox 1013 1986 1066 2033; x_wconf 92' lang='lat' dir='ltr'>et</span> <span class='ocrx_word' id='word_1_111' title='bbox 1095 1978 1281 2033; x_wconf 88' lang='lat' dir='ltr'>crudis</span> <span class='ocrx_word' id='word_1_112' title='bbox 1310 1978 1525 2033; x_wconf 66' lang='lat' dir='ltr'>caedere</span> <span class='ocrx_word' id='word_1_113' title='bbox 1557 1979 1758 2033; x_wconf 77' lang='lat' dir='ltr'>nervis.</span> 
     </span>
    </p>
   </div>
   <div class='ocr_carea' id='block_1_19' title="bbox 389 2066 1870 2140">
    <p class='ocr_par' dir='ltr' id='par_1_19' title="bbox 389 2066 1870 2140">
     <span class='ocr_line' id='line_1_19' title="bbox 389 2066 1870 2140; baseline 0 -19"><span class='ocrx_word' id='word_1_114' title='bbox 389 2069 528 2121; x_wconf 92' lang='lat' dir='ltr'>Dum</span> <span class='ocrx_word' id='word_1_115' title='bbox 563 2066 756 2140; x_wconf 91' lang='lat' dir='ltr'>ﬂagrat</span> <span class='ocrx_word' id='word_1_116' title='bbox 791 2067 881 2120; x_wconf 94' lang='lat' dir='ltr'>illa</span> <span class='ocrx_word' id='word_1_117' title='bbox 913 2067 1024 2122; x_wconf 93' lang='lat' dir='ltr'>Deo</span> <span class='ocrx_word' id='word_1_118' title='bbox 1052 2067 1243 2121; x_wconf 90' lang='lat' dir='ltr'>laudes</span> <span class='ocrx_word' id='word_1_119' title='bbox 1273 2066 1376 2120; x_wconf 90' lang='lat' dir='ltr'>sub</span> <span class='ocrx_word' id='word_1_120' title='bbox 1407 2067 1638 2121; x_wconf 87' lang='lat' dir='ltr'>verbera</span> <span class='ocrx_word' id='word_1_121' title='bbox 1667 2067 1870 2122; x_wconf 91' lang='lat' dir='ltr'>reddit.</span> 
     </span>
    </p>
   </div>
   <div class='ocr_carea' id='block_1_20' title="bbox 393 2156 1871 2233">
    <p class='ocr_par' dir='ltr' id='par_1_20' title="bbox 393 2156 1871 2233">
     <span class='ocr_line' id='line_1_20' title="bbox 393 2156 1871 2233; baseline 0.003 -23"><span class='ocrx_word' id='word_1_122' title='bbox 393 2156 712 2212; x_wconf 85' lang='lat' dir='ltr'>Pontificem</span> <span class='ocrx_word' id='word_1_123' title='bbox 741 2165 991 2212; x_wconf 89' lang='lat' dir='ltr'>sanctum</span> <span class='ocrx_word' id='word_1_124' title='bbox 1026 2167 1148 2228; x_wconf 90' lang='lat' dir='ltr'>post</span> <span class='ocrx_word' id='word_1_125' title='bbox 1180 2159 1300 2212; x_wconf 74' lang='lat' dir='ltr'>haec</span> <span class='ocrx_word' id='word_1_126' title='bbox 1325 2159 1598 2233; x_wconf 82' lang='lat' dir='ltr'>ergastula</span> <span class='ocrx_word' id='word_1_127' title='bbox 1630 2167 1871 2230; x_wconf 89' lang='lat' dir='ltr'>captant,</span> 
     </span>
    </p>
   </div>
   <div class='ocr_carea' id='block_1_21' title="bbox 392 2247 1657 2321">
    <p class='ocr_par' dir='ltr' id='par_1_21' title="bbox 392 2247 1657 2321">
     <span class='ocr_line' id='line_1_21' title="bbox 392 2247 1657 2321; baseline 0.002 -18"><span class='ocrx_word' id='word_1_128' title='bbox 392 2249 776 2321; x_wconf 86' lang='lat' dir='ltr'>Justinamque</span> <span class='ocrx_word' id='word_1_129' title='bbox 801 2247 1110 2304; x_wconf 79' lang='lat' dir='ltr'>Terentinae</span> <span class='ocrx_word' id='word_1_130' title='bbox 1133 2266 1335 2321; x_wconf 88' lang='lat' dir='ltr'>cepere</span> <span class='ocrx_word' id='word_1_131' title='bbox 1364 2251 1657 2306; x_wconf 88' lang='lat' dir='ltr'>fovendam</span> 
     </span>
    </p>
   </div>
   <div class='ocr_carea' id='block_1_22' title="bbox 398 2338 1810 2410">
    <p class='ocr_par' dir='ltr' id='par_1_22' title="bbox 398 2338 1810 2410">
     <span class='ocr_line' id='line_1_22' title="bbox 398 2338 1810 2410; baseline 0.002 -18"><span class='ocrx_word' id='word_1_132' title='bbox 398 2338 848 2410; x_wconf 84' lang='lat' dir='ltr'>Servandamque</span> <span class='ocrx_word' id='word_1_133' title='bbox 881 2339 1048 2406; x_wconf 89' lang='lat' dir='ltr'>lares,</span> <span class='ocrx_word' id='word_1_134' title='bbox 1089 2339 1246 2410; x_wconf 87' lang='lat' dir='ltr'>cujus</span> <span class='ocrx_word' id='word_1_135' title='bbox 1276 2339 1346 2395; x_wconf 91' lang='lat' dir='ltr'>de</span> <span class='ocrx_word' id='word_1_136' title='bbox 1377 2339 1590 2395; x_wconf 89' lang='lat' dir='ltr'>lumine</span> <span class='ocrx_word' id='word_1_137' title='bbox 1615 2339 1810 2395; x_wconf 88' lang='lat' dir='ltr'>Christi</span> 
     </span>
    </p>
   </div>
   <div class='ocr_carea' id='block_1_23' title="bbox 398 2429 1716 2504">
    <p class='ocr_par' dir='ltr' id='par_1_23' title="bbox 398 2429 1716 2504">
     <span class='ocr_line' id='line_1_23' title="bbox 398 2429 1716 2504; baseline 0.001 -18"><span class='ocrx_word' id='word_1_138' title='bbox 398 2431 672 2486; x_wconf 90' lang='lat' dir='ltr'>lllustrata</span> <span class='ocrx_word' id='word_1_139' title='bbox 699 2431 898 2485; x_wconf 91' lang='lat' dir='ltr'>domus</span> <span class='ocrx_word' id='word_1_140' title='bbox 923 2429 1136 2485; x_wconf 90' lang='lat' dir='ltr'>meritis</span> <span class='ocrx_word' id='word_1_141' title='bbox 1165 2441 1252 2487; x_wconf 91' lang='lat' dir='ltr'>est</span> <span class='ocrx_word' id='word_1_142' title='bbox 1289 2432 1523 2504; x_wconf 76' lang='lat' dir='ltr'>virginis</span> <span class='ocrx_word' id='word_1_143' title='bbox 1552 2433 1716 2501; x_wconf 89' lang='lat' dir='ltr'>hujus</span> 
     </span>
    </p>
   </div>
   <div class='ocr_carea' id='block_1_24' title="bbox 401 2521 1784 2595">
    <p class='ocr_par' dir='ltr' id='par_1_24' title="bbox 401 2521 1784 2595">
     <span class='ocr_line' id='line_1_24' title="bbox 401 2521 1784 2595; baseline 0.002 -19"><span class='ocrx_word' id='word_1_144' title='bbox 401 2522 534 2577; x_wconf 88' lang='lat' dir='ltr'>Hinc</span> <span class='ocrx_word' id='word_1_145' title='bbox 564 2521 764 2577; x_wconf 89' lang='lat' dir='ltr'>iterum</span> <span class='ocrx_word' id='word_1_146' title='bbox 796 2522 967 2589; x_wconf 90' lang='lat' dir='ltr'>ducti,</span> <span class='ocrx_word' id='word_1_147' title='bbox 1012 2538 1178 2595; x_wconf 88' lang='lat' dir='ltr'>parvo</span> <span class='ocrx_word' id='word_1_148' title='bbox 1211 2533 1333 2594; x_wconf 89' lang='lat' dir='ltr'>post</span> <span class='ocrx_word' id='word_1_149' title='bbox 1361 2532 1612 2595; x_wconf 90' lang='lat' dir='ltr'>tempore</span> <span class='ocrx_word' id='word_1_150' title='bbox 1637 2524 1784 2592; x_wconf 90' lang='lat' dir='ltr'>trito,</span> 
     </span>
    </p>
   </div>
   <div class='ocr_carea' id='block_1_25' title="bbox 397 2614 1716 2690">
    <p class='ocr_par' dir='ltr' id='par_1_25' title="bbox 397 2614 1716 2690">
     <span class='ocr_line' id='line_1_25' title="bbox 397 2614 1716 2690; baseline 0 -21"><span class='ocrx_word' id='word_1_151' title='bbox 397 2614 653 2690; x_wconf 88' lang='lat' dir='ltr'>Belligeri</span> <span class='ocrx_word' id='word_1_152' title='bbox 685 2615 856 2670; x_wconf 88' lang='lat' dir='ltr'>fortes</span> <span class='ocrx_word' id='word_1_153' title='bbox 883 2623 1031 2671; x_wconf 89' lang='lat' dir='ltr'>stant</span> <span class='ocrx_word' id='word_1_154' title='bbox 1059 2615 1265 2684; x_wconf 85' lang='lat' dir='ltr'>judicis</span> <span class='ocrx_word' id='word_1_155' title='bbox 1293 2625 1420 2670; x_wconf 89' lang='lat' dir='ltr'>ante</span> <span class='ocrx_word' id='word_1_156' title='bbox 1452 2617 1716 2681; x_wconf 87' lang='lat' dir='ltr'>tribunal,</span> 
     </span>
    </p>
   </div>
   <div class='ocr_carea' id='block_1_26' title="bbox 396 2706 1825 2778">
    <p class='ocr_par' dir='ltr' id='par_1_26' title="bbox 396 2706 1825 2778">
     <span class='ocr_line' id='line_1_26' title="bbox 396 2706 1825 2778; baseline 0.001 -17"><span class='ocrx_word' id='word_1_157' title='bbox 396 2708 630 2763; x_wconf 89' lang='lat' dir='ltr'>Nomine</span> <span class='ocrx_word' id='word_1_158' title='bbox 662 2723 760 2778; x_wconf 90' lang='lat' dir='ltr'>pro</span> <span class='ocrx_word' id='word_1_159' title='bbox 793 2706 985 2762; x_wconf 88' lang='lat' dir='ltr'>Christi</span> <span class='ocrx_word' id='word_1_160' title='bbox 1016 2709 1114 2762; x_wconf 92' lang='lat' dir='ltr'>sed</span> <span class='ocrx_word' id='word_1_161' title='bbox 1147 2718 1200 2762; x_wconf 91' lang='lat' dir='ltr'>et</span> <span class='ocrx_word' id='word_1_162' title='bbox 1232 2708 1425 2763; x_wconf 90' lang='lat' dir='ltr'>ultima</span> <span class='ocrx_word' id='word_1_163' title='bbox 1457 2707 1601 2762; x_wconf 90' lang='lat' dir='ltr'>ferre</span> <span class='ocrx_word' id='word_1_164' title='bbox 1634 2708 1825 2778; x_wconf 90' lang='lat' dir='ltr'>parati.</span> 
     </span>
    </p>
   </div>
   <div class='ocr_carea' id='block_1_27' title="bbox 401 2801 1658 2876">
    <p class='ocr_par' dir='ltr' id='par_1_27' title="bbox 401 2801 1658 2876">
     <span class='ocr_line' id='line_1_27' title="bbox 401 2801 1658 2876; baseline -0.001 -20"><span class='ocrx_word' id='word_1_165' title='bbox 401 2803 595 2857; x_wconf 89' lang='lat' dir='ltr'>Ferrea</span> <span class='ocrx_word' id='word_1_166' title='bbox 625 2817 748 2857; x_wconf 87' lang='lat' dir='ltr'>mox</span> <span class='ocrx_word' id='word_1_167' title='bbox 779 2801 888 2856; x_wconf 91' lang='lat' dir='ltr'>illis</span> <span class='ocrx_word' id='word_1_168' title='bbox 917 2801 1136 2856; x_wconf 87' lang='lat' dir='ltr'>fervens</span> <span class='ocrx_word' id='word_1_169' title='bbox 1165 2809 1382 2876; x_wconf 82' lang='lat' dir='ltr'>sartago</span> <span class='ocrx_word' id='word_1_170' title='bbox 1411 2802 1658 2872; x_wconf 90' lang='lat' dir='ltr'>repletur</span> 
     </span>
    </p>
   </div>
   <div class='ocr_carea' id='block_1_28' title="bbox 401 2890 1766 2962">
    <p class='ocr_par' dir='ltr' id='par_1_28' title="bbox 401 2890 1766 2962">
     <span class='ocr_line' id='line_1_28' title="bbox 401 2890 1766 2962; baseline 0 -16"><span class='ocrx_word' id='word_1_171' title='bbox 401 2892 663 2946; x_wconf 90' lang='lat' dir='ltr'>Fomento</span> <span class='ocrx_word' id='word_1_172' title='bbox 691 2890 828 2961; x_wconf 88' lang='lat' dir='ltr'>picis</span> <span class='ocrx_word' id='word_1_173' title='bbox 859 2897 1024 2961; x_wconf 90' lang='lat' dir='ltr'>atque</span> <span class='ocrx_word' id='word_1_174' title='bbox 1055 2890 1234 2961; x_wconf 89' lang='lat' dir='ltr'>adipis</span> <span class='ocrx_word' id='word_1_175' title='bbox 1263 2907 1517 2962; x_wconf 62' lang='lat' dir='ltr'>certeque</span> <span class='ocrx_word' id='word_1_176' title='bbox 1557 2899 1766 2946; x_wconf 85' lang='lat' dir='ltr'>coacto.</span> 
     </span>
    </p>
   </div>
   <div class='ocr_carea' id='block_1_29' title="bbox 405 2984 1792 3058">
    <p class='ocr_par' dir='ltr' id='par_1_29' title="bbox 405 2984 1792 3058">
     <span class='ocr_line' id='line_1_29' title="bbox 405 2984 1792 3058; baseline 0.001 -20"><span class='ocrx_word' id='word_1_177' title='bbox 405 2986 466 3040; x_wconf 89' lang='lat' dir='ltr'>At</span> <span class='ocrx_word' id='word_1_178' title='bbox 496 2985 802 3056; x_wconf 85' lang='lat' dir='ltr'>Cyprianus</span> <span class='ocrx_word' id='word_1_179' title='bbox 827 2993 888 3040; x_wconf 92' lang='lat' dir='ltr'>ut</span> <span class='ocrx_word' id='word_1_180' title='bbox 916 2984 1222 3057; x_wconf 85' lang='lat' dir='ltr'>ingreditur</span> <span class='ocrx_word' id='word_1_181' title='bbox 1251 2985 1569 3041; x_wconf 88' lang='lat' dir='ltr'>corroborat</span> <span class='ocrx_word' id='word_1_182' title='bbox 1597 3002 1792 3058; x_wconf 81' lang='lat' dir='ltr'>agnam</span> 
     </span>
    </p>
   </div>
   <div class='ocr_carea' id='block_1_30' title="bbox 407 3073 1752 3144">
    <p class='ocr_par' dir='ltr' id='par_1_30' title="bbox 407 3073 1752 3144">
     <span class='ocr_line' id='line_1_30' title="bbox 407 3073 1752 3144; baseline 0.001 -17"><span class='ocrx_word' id='word_1_183' title='bbox 407 3073 600 3128; x_wconf 89' lang='lat' dir='ltr'>Christi</span> <span class='ocrx_word' id='word_1_184' title='bbox 619 3073 912 3139; x_wconf 81' lang='lat' dir='ltr'>Justinam,</span> <span class='ocrx_word' id='word_1_185' title='bbox 941 3073 1124 3128; x_wconf 89' lang='lat' dir='ltr'>valido</span> <span class='ocrx_word' id='word_1_186' title='bbox 1147 3089 1268 3144; x_wconf 62' lang='lat' dir='ltr'>quae</span> <span class='ocrx_word' id='word_1_187' title='bbox 1297 3073 1498 3128; x_wconf 90' lang='lat' dir='ltr'>robore</span> <span class='ocrx_word' id='word_1_188' title='bbox 1531 3083 1752 3144; x_wconf 90' lang='lat' dir='ltr'>sumpto</span> 
     </span>
    </p>
   </div>
   <div class='ocr_carea' id='block_1_31' title="bbox 407 3163 1700 3241">
    <p class='ocr_par' dir='ltr' id='par_1_31' title="bbox 407 3163 1700 3241">
     <span class='ocr_line' id='line_1_31' title="bbox 407 3163 1700 3241; baseline 0.003 -25"><span class='ocrx_word' id='word_1_189' title='bbox 407 3165 591 3230; x_wconf 84' lang='lat' dir='ltr'>Intrat,</span> <span class='ocrx_word' id='word_1_190' title='bbox 626 3170 680 3217; x_wconf 89' lang='lat' dir='ltr'>et</span> <span class='ocrx_word' id='word_1_191' title='bbox 711 3163 865 3218; x_wconf 73' lang='lat' dir='ltr'>illaesi</span> <span class='ocrx_word' id='word_1_192' title='bbox 899 3163 1115 3219; x_wconf 88' lang='lat' dir='ltr'>medios</span> <span class='ocrx_word' id='word_1_193' title='bbox 1150 3165 1405 3220; x_wconf 80' lang='lat' dir='ltr'>laetantur</span> <span class='ocrx_word' id='word_1_194' title='bbox 1435 3166 1492 3220; x_wconf 89' lang='lat' dir='ltr'>in</span> <span class='ocrx_word' id='word_1_195' title='bbox 1521 3167 1700 3241; x_wconf 89' lang='lat' dir='ltr'>ignes,</span> 
     </span>
    </p>
   </div>
   <div class='ocr_carea' id='block_1_32' title="bbox 1155 388 2966 448">
    <p class='ocr_par' dir='ltr' id='par_1_32' title="bbox 1155 388 2966 448">
     <span class='ocr_line' id='line_1_32' title="bbox 1155 388 2966 448; baseline -0.001 -4"><span class='ocrx_word' id='word_1_196' title='bbox 1155 390 1522 447; x_wconf 78' lang='lat' dir='ltr'>FLODOARDI</span> <span class='ocrx_word' id='word_1_197' title='bbox 1565 391 1869 448; x_wconf 83' lang='lat' dir='ltr'>CANONICI</span> <span class='ocrx_word' id='word_1_198' title='bbox 1909 391 2242 448; x_wconf 81' lang='lat' dir='ltr'>REMENSIS</span> <span class='ocrx_word' id='word_1_199' title='bbox 2285 390 2619 448; x_wconf 85' lang='lat' dir='ltr'>OPUSCULA</span> <span class='ocrx_word' id='word_1_200' title='bbox 2657 388 2966 444; x_wconf 67' lang='lat' dir='ltr'>METR‘ICA.</span> 
     </span>
    </p>
   </div>
   <div class='ocr_carea' id='block_1_33' title="bbox 3619 391 3729 445">
    <p class='ocr_par' dir='ltr' id='par_1_33' title="bbox 3619 391 3729 445">
     <span class='ocr_line' id='line_1_33' title="bbox 3619 391 3729 445; baseline -0.018 0"><span class='ocrx_word' id='word_1_201' title='bbox 3619 391 3729 445; x_wconf 77' lang='lat'>572</span> 
     </span>
    </p>
   </div>
   <div class='ocr_carea' id='block_1_34' title="bbox 2039 519 3566 594">
    <p class='ocr_par' dir='ltr' id='par_1_34' title="bbox 2039 519 3566 594">
     <span class='ocr_line' id='line_1_34' title="bbox 2039 519 3566 594; baseline -0.001 -18"><span class='ocrx_word' id='word_1_202' title='bbox 2039 528 2088 594; x_wconf 83' lang='grc' dir='ltr'>Α</span> <span class='ocrx_word' id='word_1_203' title='bbox 2119 521 2250 577; x_wconf 92' lang='lat' dir='ltr'>Cum</span> <span class='ocrx_word' id='word_1_204' title='bbox 2281 521 2430 576; x_wconf 92' lang='lat' dir='ltr'>dicto</span> <span class='ocrx_word' id='word_1_205' title='bbox 2461 520 2645 576; x_wconf 91' lang='lat' dir='ltr'>divum</span> <span class='ocrx_word' id='word_1_206' title='bbox 2673 525 2931 591; x_wconf 85' lang='lat' dir='ltr'>prOperat</span> <span class='ocrx_word' id='word_1_207' title='bbox 2953 525 3259 574; x_wconf 89' lang='lat' dir='ltr'>monstrare</span> <span class='ocrx_word' id='word_1_208' title='bbox 3295 519 3566 591; x_wconf 87' lang='lat' dir='ltr'>vigorem,</span> 
     </span>
    </p>
   </div>
   <div class='ocr_carea' id='block_1_35' title="bbox 2115 611 3745 686">
    <p class='ocr_par' dir='ltr' id='par_1_35' title="bbox 2115 611 3745 686">
     <span class='ocr_line' id='line_1_35' title="bbox 2115 611 3745 686; baseline -0.001 -16"><span class='ocrx_word' id='word_1_209' title='bbox 2115 613 2398 686; x_wconf 85' lang='lat' dir='ltr'>Quemque</span> <span class='ocrx_word' id='word_1_210' title='bbox 2449 613 2911 686; x_wconf 87' lang='lat' dir='ltr'>propinquantem</span> <span class='ocrx_word' id='word_1_211' title='bbox 2970 611 3231 666; x_wconf 88' lang='lat' dir='ltr'>exsiliens</span> <span class='ocrx_word' id='word_1_212' title='bbox 3288 612 3432 684; x_wconf 88' lang='lat' dir='ltr'>rapit</span> <span class='ocrx_word' id='word_1_213' title='bbox 3484 620 3540 668; x_wconf 91' lang='lat' dir='ltr'>et</span> <span class='ocrx_word' id='word_1_214' title='bbox 3583 623 3745 669; x_wconf 85' lang='lat' dir='ltr'>vorat</span> 
     </span>
    </p>
   </div>
   <div class='ocr_carea' id='block_1_36' title="bbox 3495 702 3668 777">
    <p class='ocr_par' dir='ltr' id='par_1_36' title="bbox 3495 702 3668 777">
     <span class='ocr_line' id='line_1_36' title="bbox 3495 702 3668 777; baseline 0.012 -21"><span class='ocrx_word' id='word_1_215' title='bbox 3495 702 3668 777; x_wconf 84' lang='lat' dir='ltr'>[ignis</span> 
     </span>
    </p>
   </div>
   <div class='ocr_carea' id='block_1_37' title="bbox 2114 795 3743 868">
    <p class='ocr_par' dir='ltr' id='par_1_37' title="bbox 2114 795 3743 868">
     <span class='ocr_line' id='line_1_37' title="bbox 2114 795 3743 868; baseline 0 -15"><span class='ocrx_word' id='word_1_216' title='bbox 2114 798 2230 854; x_wconf 92' lang='lat' dir='ltr'>Non</span> <span class='ocrx_word' id='word_1_217' title='bbox 2277 798 2648 868; x_wconf 22' lang='lat' dir='ltr'>Jovisjhunc,</span> <span class='ocrx_word' id='word_1_218' title='bbox 2701 795 2937 852; x_wconf 72' lang='lat' dir='ltr'>thbus</span> <span class='ocrx_word' id='word_1_219' title='bbox 2989 811 3187 868; x_wconf 90' lang='lat' dir='ltr'>neque,</span> <span class='ocrx_word' id='word_1_220' title='bbox 3246 811 3350 851; x_wconf 90' lang='lat' dir='ltr'>nec</span> <span class='ocrx_word' id='word_1_221' title='bbox 3400 795 3743 853; x_wconf 88' lang='lat' dir='ltr'>fortissimus</span> 
     </span>
    </p>
   </div>
   <div class='ocr_carea' id='block_1_38' title="bbox 3418 889 3669 961">
    <p class='ocr_par' dir='ltr' id='par_1_38' title="bbox 3418 889 3669 961">
     <span class='ocr_line' id='line_1_38' title="bbox 3418 889 3669 961; baseline 0.008 -18"><span class='ocrx_word' id='word_1_222' title='bbox 3418 889 3669 961; x_wconf 81' lang='lat' dir='ltr'>[Hercles</span> 
     </span>
    </p>
   </div>
   <div class='ocr_carea' id='block_1_39' title="bbox 2114 980 3513 1054">
    <p class='ocr_par' dir='ltr' id='par_1_39' title="bbox 2114 980 3513 1054">
     <span class='ocr_line' id='line_1_39' title="bbox 2114 980 3513 1054; baseline -0.001 -17"><span class='ocrx_word' id='word_1_223' title='bbox 2114 982 2287 1037; x_wconf 90' lang='lat' dir='ltr'>Omne</span> <span class='ocrx_word' id='word_1_224' title='bbox 2325 982 2494 1037; x_wconf 92' lang='lat' dir='ltr'>Deum</span> <span class='ocrx_word' id='word_1_225' title='bbox 2523 981 2721 1054; x_wconf 84' lang='lat' dir='ltr'>vulgus</span> <span class='ocrx_word' id='word_1_226' title='bbox 2751 995 2854 1035; x_wconf 88' lang='lat' dir='ltr'>nec</span> <span class='ocrx_word' id='word_1_227' title='bbox 2884 989 3173 1051; x_wconf 88' lang='lat' dir='ltr'>protexere</span> <span class='ocrx_word' id='word_1_228' title='bbox 3204 980 3513 1052; x_wconf 90' lang='lat' dir='ltr'>lupercum,</span> 
     </span>
    </p>
   </div>
   <div class='ocr_carea' id='block_1_40' title="bbox 2114 1067 3602 1141">
    <p class='ocr_par' dir='ltr' id='par_1_40' title="bbox 2114 1067 3602 1141">
     <span class='ocr_line' id='line_1_40' title="bbox 2114 1067 3602 1141; baseline 0 -17"><span class='ocrx_word' id='word_1_229' title='bbox 2114 1072 2206 1126; x_wconf 94' lang='lat' dir='ltr'>Ast</span> <span class='ocrx_word' id='word_1_230' title='bbox 2232 1085 2420 1125; x_wconf 84' lang='lat' dir='ltr'>comes</span> <span class='ocrx_word' id='word_1_231' title='bbox 2439 1078 2499 1124; x_wconf 93' lang='lat' dir='ltr'>ut</span> <span class='ocrx_word' id='word_1_232' title='bbox 2529 1067 2778 1139; x_wconf 90' lang='lat' dir='ltr'>trepidus</span> <span class='ocrx_word' id='word_1_233' title='bbox 2807 1067 3018 1138; x_wconf 89' lang='lat' dir='ltr'>stupuit</span> <span class='ocrx_word' id='word_1_234' title='bbox 3042 1082 3059 1136; x_wconf 85' lang='lat'><strong>;</strong></span> <span class='ocrx_word' id='word_1_235' title='bbox 3092 1068 3369 1141; x_wconf 89' lang='lat' dir='ltr'>magnalia</span> <span class='ocrx_word' id='word_1_236' title='bbox 3402 1069 3602 1124; x_wconf 89' lang='lat' dir='ltr'>Christi</span> 
     </span>
    </p>
   </div>
   <div class='ocr_carea' id='block_1_41' title="bbox 2115 1157 3414 1231">
    <p class='ocr_par' dir='ltr' id='par_1_41' title="bbox 2115 1157 3414 1231">
     <span class='ocr_line' id='line_1_41' title="bbox 2115 1157 3414 1231; baseline -0.002 -16"><span class='ocrx_word' id='word_1_237' title='bbox 2115 1160 2338 1215; x_wconf 88' lang='lat' dir='ltr'>Nuntiat</span> <span class='ocrx_word' id='word_1_238' title='bbox 2366 1157 2705 1231; x_wconf 87' lang='lat' dir='ltr'>imperatori,</span> <span class='ocrx_word' id='word_1_239' title='bbox 2735 1157 2830 1230; x_wconf 91' lang='lat' dir='ltr'>qui</span> <span class='ocrx_word' id='word_1_240' title='bbox 2870 1159 2938 1212; x_wconf 90' lang='lat' dir='ltr'>ad</span> <span class='ocrx_word' id='word_1_241' title='bbox 2979 1159 3101 1213; x_wconf 87' lang='lat' dir='ltr'>haec</span> <span class='ocrx_word' id='word_1_242' title='bbox 3127 1159 3232 1213; x_wconf 92' lang='lat' dir='ltr'>sibi</span> <span class='ocrx_word' id='word_1_243' title='bbox 3261 1158 3414 1213; x_wconf 90' lang='lat' dir='ltr'>malit</span> 
     </span>
    </p>
   </div>
   <div class='ocr_carea' id='block_1_42' title="bbox 2115 1246 3476 1320">
    <p class='ocr_par' dir='ltr' id='par_1_42' title="bbox 2115 1246 3476 1320">
     <span class='ocr_line' id='line_1_42' title="bbox 2115 1246 3476 1320; baseline -0.001 -16"><span class='ocrx_word' id='word_1_244' title='bbox 2115 1249 2324 1316; x_wconf 88' lang='lat' dir='ltr'>Edicat,</span> <span class='ocrx_word' id='word_1_245' title='bbox 2357 1246 2603 1303; x_wconf 86' lang='lat' dir='ltr'>referens</span> <span class='ocrx_word' id='word_1_246' title='bbox 2633 1254 2904 1302; x_wconf 88' lang='lat' dir='ltr'>tormenta</span> <span class='ocrx_word' id='word_1_247' title='bbox 2934 1257 2995 1302; x_wconf 92' lang='lat' dir='ltr'>ut</span> <span class='ocrx_word' id='word_1_248' title='bbox 3023 1247 3165 1303; x_wconf 85' lang='lat' dir='ltr'>victa</span> <span class='ocrx_word' id='word_1_249' title='bbox 3195 1248 3476 1320; x_wconf 90' lang='lat' dir='ltr'>quierunt.</span> 
     </span>
    </p>
   </div>
   <div class='ocr_carea' id='block_1_43' title="bbox 2114 1339 3629 1412">
    <p class='ocr_par' dir='ltr' id='par_1_43' title="bbox 2114 1339 3629 1412">
     <span class='ocr_line' id='line_1_43' title="bbox 2114 1339 3629 1412; baseline 0.001 -16"><span class='ocrx_word' id='word_1_250' title='bbox 2114 1343 2177 1396; x_wconf 88' lang='lat' dir='ltr'>At</span> <span class='ocrx_word' id='word_1_251' title='bbox 2208 1341 2485 1412; x_wconf 89' lang='lat' dir='ltr'>princeps,</span> <span class='ocrx_word' id='word_1_252' title='bbox 2518 1355 2682 1410; x_wconf 93' lang='lat' dir='ltr'>quem</span> <span class='ocrx_word' id='word_1_253' title='bbox 2710 1348 2840 1394; x_wconf 89' lang='lat' dir='ltr'>tunc</span> <span class='ocrx_word' id='word_1_254' title='bbox 2873 1339 3188 1395; x_wconf 87' lang='lat' dir='ltr'>Nicomedia</span> <span class='ocrx_word' id='word_1_255' title='bbox 3215 1339 3352 1395; x_wconf 89' lang='lat' dir='ltr'>forte</span> <span class='ocrx_word' id='word_1_256' title='bbox 3384 1340 3629 1408; x_wconf 81' lang='lat' dir='ltr'>fovebat,</span> 
     </span>
    </p>
   </div>
   <div class='ocr_carea' id='block_1_44' title="bbox 2115 1429 3423 1504">
    <p class='ocr_par' dir='ltr' id='par_1_44' title="bbox 2115 1429 3423 1504">
     <span class='ocr_line' id='line_1_44' title="bbox 2115 1429 3423 1504; baseline -0.004 -16"><span class='ocrx_word' id='word_1_257' title='bbox 2115 1435 2181 1488; x_wconf 90' lang='lat' dir='ltr'>Ut</span> <span class='ocrx_word' id='word_1_258' title='bbox 2206 1431 2542 1504; x_wconf 89' lang='lat' dir='ltr'>sibilegetur</span> <span class='ocrx_word' id='word_1_259' title='bbox 2565 1431 2753 1485; x_wconf 91' lang='lat' dir='ltr'>senior</span> <span class='ocrx_word' id='word_1_260' title='bbox 2782 1445 2905 1485; x_wconf 90' lang='lat' dir='ltr'>cum</span> <span class='ocrx_word' id='word_1_261' title='bbox 2939 1429 3150 1502; x_wconf 87' lang='lat' dir='ltr'>virgine</span> <span class='ocrx_word' id='word_1_262' title='bbox 3181 1431 3423 1486; x_wconf 89' lang='lat' dir='ltr'>mandat.</span> 
     </span>
    </p>
   </div>
   <div class='ocr_carea' id='block_1_45' title="bbox 2114 1522 3233 1581">
    <p class='ocr_par' dir='ltr' id='par_1_45' title="bbox 2114 1522 3233 1581">
     <span class='ocr_line' id='line_1_45' title="bbox 2114 1522 3233 1581; baseline -0.002 -1"><span class='ocrx_word' id='word_1_263' title='bbox 2114 1527 2397 1581; x_wconf 87' lang='lat' dir='ltr'>Ducuntur</span> <span class='ocrx_word' id='word_1_264' title='bbox 2415 1522 2582 1579; x_wconf 92' lang='lat' dir='ltr'>variis</span> <span class='ocrx_word' id='word_1_265' title='bbox 2609 1523 2716 1578; x_wconf 89' lang='lat' dir='ltr'>acti</span> <span class='ocrx_word' id='word_1_266' title='bbox 2748 1522 3103 1578; x_wconf 89' lang='lat' dir='ltr'>cruciatibus.</span> <span class='ocrx_word' id='word_1_267' title='bbox 3138 1522 3233 1578; x_wconf 92' lang='lat' dir='ltr'>llle</span> 
     </span>
    </p>
   </div>
   <div class='ocr_carea' id='block_1_46' title="bbox 2113 1615 3475 1690">
    <p class='ocr_par' dir='ltr' id='par_1_46' title="bbox 2113 1615 3475 1690">
     <span class='ocr_line' id='line_1_46' title="bbox 2113 1615 3475 1690; baseline 0.001 -19"><span class='ocrx_word' id='word_1_268' title='bbox 2113 1617 2291 1687; x_wconf 88' lang='lat' dir='ltr'>Turpe</span> <span class='ocrx_word' id='word_1_269' title='bbox 2332 1621 2530 1687; x_wconf 90' lang='lat' dir='ltr'>putans</span> <span class='ocrx_word' id='word_1_270' title='bbox 2561 1615 2760 1669; x_wconf 91' lang='lat' dir='ltr'>iterum</span> <span class='ocrx_word' id='word_1_271' title='bbox 2779 1615 2826 1668; x_wconf 93' lang='lat' dir='ltr'>si</span> <span class='ocrx_word' id='word_1_272' title='bbox 2860 1630 2956 1684; x_wconf 92' lang='lat' dir='ltr'>per</span> <span class='ocrx_word' id='word_1_273' title='bbox 2981 1621 3252 1670; x_wconf 90' lang='lat' dir='ltr'>tormenta</span> <span class='ocrx_word' id='word_1_274' title='bbox 3282 1615 3475 1690; x_wconf 86' lang='lat' dir='ltr'>fatiget</span> 
     </span>
    </p>
   </div>
   <div class='ocr_carea' id='block_1_47' title="bbox 2115 1703 3413 1771">
    <p class='ocr_par' dir='ltr' id='par_1_47' title="bbox 2115 1703 3413 1771">
     <span class='ocr_line' id='line_1_47' title="bbox 2115 1703 3413 1771; baseline -0.002 -10"><span class='ocrx_word' id='word_1_275' title='bbox 2115 1707 2222 1761; x_wconf 84' lang='lat' dir='ltr'>llos</span> <span class='ocrx_word' id='word_1_276' title='bbox 2246 1705 2463 1771; x_wconf 90' lang='lat' dir='ltr'>eadem,</span> <span class='ocrx_word' id='word_1_277' title='bbox 2494 1704 2743 1759; x_wconf 88' lang='lat' dir='ltr'>vibrante</span> <span class='ocrx_word' id='word_1_278' title='bbox 2769 1703 2928 1771; x_wconf 90' lang='lat' dir='ltr'>jubet</span> <span class='ocrx_word' id='word_1_279' title='bbox 2948 1720 3211 1759; x_wconf 91' lang='lat' dir='ltr'>mucrone</span> <span class='ocrx_word' id='word_1_280' title='bbox 3247 1704 3413 1761; x_wconf 92' lang='lat' dir='ltr'>feriri.</span> 
     </span>
    </p>
   </div>
   <div class='ocr_carea' id='block_1_48' title="bbox 2061 1797 3371 1865">
    <p class='ocr_par' dir='ltr' id='par_1_48' title="bbox 2061 1797 3371 1865">
     <span class='ocr_line' id='line_1_48' title="bbox 2061 1797 3371 1865; baseline 0 -11"><span class='ocrx_word' id='word_1_281' title='bbox 2061 1851 2086 1865; x_wconf 37' lang='grc' dir='ltr'>,κ</span> <span class='ocrx_word' id='word_1_282' title='bbox 2115 1801 2262 1865; x_wconf 92' lang='lat' dir='ltr'>Quos</span> <span class='ocrx_word' id='word_1_283' title='bbox 2285 1799 2631 1855; x_wconf 88' lang='lat' dir='ltr'>Theoctistus</span> <span class='ocrx_word' id='word_1_284' title='bbox 2657 1814 2892 1854; x_wconf 90' lang='lat' dir='ltr'>cernens</span> <span class='ocrx_word' id='word_1_285' title='bbox 2914 1799 2979 1852; x_wconf 92' lang='lat' dir='ltr'>ad</span> <span class='ocrx_word' id='word_1_286' title='bbox 3004 1797 3199 1854; x_wconf 89' lang='lat' dir='ltr'>funera</span> <span class='ocrx_word' id='word_1_287' title='bbox 3222 1799 3371 1865; x_wconf 91' lang='lat' dir='ltr'>duci,</span> 
     </span>
    </p>
   </div>
   <div class='ocr_carea' id='block_1_49' title="bbox 2040 1850 3366 1964">
    <p class='ocr_par' dir='ltr' id='par_1_49' title="bbox 2040 1850 3366 1964">
     <span class='ocr_line' id='line_1_49' title="bbox 2040 1850 3366 1964; baseline 0 -22"><span class='ocrx_word' id='word_1_288' title='bbox 2040 1850 2092 1919; x_wconf 77' lang='grc' dir='ltr'><strong>Β</strong></span> <span class='ocrx_word' id='word_1_289' title='bbox 2118 1850 2316 1942; x_wconf 76' lang='grc' dir='ltr'>δεοιιιει</span> <span class='ocrx_word' id='word_1_290' title='bbox 2343 1887 2537 1942; x_wconf 88' lang='lat' dir='ltr'>victori</span> <span class='ocrx_word' id='word_1_291' title='bbox 2566 1887 2744 1941; x_wconf 91' lang='lat' dir='ltr'>valido</span> <span class='ocrx_word' id='word_1_292' title='bbox 2767 1885 2889 1941; x_wconf 87' lang='lat' dir='ltr'>fert.</span> <span class='ocrx_word' id='word_1_293' title='bbox 2912 1886 3196 1964; x_wconf 32' lang='lat' dir='ltr'>Conspicit.</span> <span class='ocrx_word' id='word_1_294' title='bbox 3221 1850 3366 1942; x_wconf 82' lang='lat' dir='ltr'>istud</span> 
     </span>
    </p>
   </div>
   <div class='ocr_carea' id='block_1_50' title="bbox 2120 1975 3485 2051">
    <p class='ocr_par' dir='ltr' id='par_1_50' title="bbox 2120 1975 3485 2051">
     <span class='ocr_line' id='line_1_50' title="bbox 2120 1975 3485 2051; baseline 0 -19"><span class='ocrx_word' id='word_1_295' title='bbox 2120 1977 2394 2051; x_wconf 86' lang='lat' dir='ltr'>Cognatus</span> <span class='ocrx_word' id='word_1_296' title='bbox 2424 1977 2647 2048; x_wconf 90' lang='lat' dir='ltr'>quidam</span> <span class='ocrx_word' id='word_1_297' title='bbox 2690 1976 2873 2049; x_wconf 90' lang='lat' dir='ltr'>regis;</span> <span class='ocrx_word' id='word_1_298' title='bbox 2912 1975 3072 2045; x_wconf 92' lang='lat' dir='ltr'>jubet</span> <span class='ocrx_word' id='word_1_299' title='bbox 3102 1982 3267 2047; x_wconf 91' lang='lat' dir='ltr'>atque</span> <span class='ocrx_word' id='word_1_300' title='bbox 3299 1976 3485 2032; x_wconf 91' lang='lat' dir='ltr'>necari</span> 
     </span>
    </p>
   </div>
   <div class='ocr_carea' id='block_1_51' title="bbox 2119 2069 3683 2145">
    <p class='ocr_par' dir='ltr' id='par_1_51' title="bbox 2119 2069 3683 2145">
     <span class='ocr_line' id='line_1_51' title="bbox 2119 2069 3683 2145; baseline 0.001 -21"><span class='ocrx_word' id='word_1_301' title='bbox 2119 2070 2274 2125; x_wconf 84' lang='lat' dir='ltr'>llune</span> <span class='ocrx_word' id='word_1_302' title='bbox 2304 2069 2530 2140; x_wconf 88' lang='lat' dir='ltr'>pariter,</span> <span class='ocrx_word' id='word_1_303' title='bbox 2555 2069 2852 2145; x_wconf 89' lang='lat' dir='ltr'>gladioque</span> <span class='ocrx_word' id='word_1_304' title='bbox 2874 2069 3037 2124; x_wconf 93' lang='lat' dir='ltr'>simul</span> <span class='ocrx_word' id='word_1_305' title='bbox 3071 2085 3356 2141; x_wconf 87' lang='lat' dir='ltr'>sumpsere</span> <span class='ocrx_word' id='word_1_306' title='bbox 3385 2087 3683 2139; x_wconf 87' lang='lat' dir='ltr'>coronam,</span> 
     </span>
    </p>
   </div>
   <div class='ocr_carea' id='block_1_52' title="bbox 2118 2165 3546 2237">
    <p class='ocr_par' dir='ltr' id='par_1_52' title="bbox 2118 2165 3546 2237">
     <span class='ocr_line' id='line_1_52' title="bbox 2118 2165 3546 2237; baseline 0.001 -17"><span class='ocrx_word' id='word_1_307' title='bbox 2118 2167 2392 2220; x_wconf 91' lang='lat' dir='ltr'>Ducentes</span> <span class='ocrx_word' id='word_1_308' title='bbox 2419 2165 2718 2227; x_wconf 90' lang='lat' dir='ltr'>celebrem,</span> <span class='ocrx_word' id='word_1_309' title='bbox 2750 2165 2896 2221; x_wconf 88' lang='lat' dir='ltr'>victo</span> <span class='ocrx_word' id='word_1_310' title='bbox 2927 2172 3152 2232; x_wconf 90' lang='lat' dir='ltr'>tortore,</span> <span class='ocrx_word' id='word_1_311' title='bbox 3182 2165 3546 2237; x_wconf 89' lang='lat' dir='ltr'>triumphum,</span> 
     </span>
    </p>
   </div>
   <div class='ocr_carea' id='block_1_53' title="bbox 2129 2251 3491 2326">
    <p class='ocr_par' dir='ltr' id='par_1_53' title="bbox 2129 2251 3491 2326">
     <span class='ocr_line' id='line_1_53' title="bbox 2129 2251 3491 2326; baseline 0.001 -19"><span class='ocrx_word' id='word_1_312' title='bbox 2129 2251 2367 2324; x_wconf 89' lang='lat' dir='ltr'>Corpora</span> <span class='ocrx_word' id='word_1_313' title='bbox 2387 2253 2533 2322; x_wconf 91' lang='lat' dir='ltr'>jacta</span> <span class='ocrx_word' id='word_1_314' title='bbox 2562 2252 2690 2308; x_wconf 91' lang='lat' dir='ltr'>feris</span> <span class='ocrx_word' id='word_1_315' title='bbox 2722 2253 3014 2322; x_wconf 90' lang='lat' dir='ltr'>jacuerunt</span> <span class='ocrx_word' id='word_1_316' title='bbox 3044 2254 3192 2309; x_wconf 91' lang='lat' dir='ltr'>nuda</span> <span class='ocrx_word' id='word_1_317' title='bbox 3220 2255 3491 2326; x_wconf 88' lang='lat' dir='ltr'>sepulcris</span> 
     </span>
    </p>
   </div>
   <div class='ocr_carea' id='block_1_54' title="bbox 2127 2343 3432 2415">
    <p class='ocr_par' dir='ltr' id='par_1_54' title="bbox 2127 2343 3432 2415">
     <span class='ocr_line' id='line_1_54' title="bbox 2127 2343 3432 2415; baseline 0.002 -18"><span class='ocrx_word' id='word_1_318' title='bbox 2127 2344 2270 2398; x_wconf 88' lang='lat' dir='ltr'>Sena</span> <span class='ocrx_word' id='word_1_319' title='bbox 2293 2343 2439 2409; x_wconf 90' lang='lat' dir='ltr'>luce,</span> <span class='ocrx_word' id='word_1_320' title='bbox 2464 2343 2558 2398; x_wconf 91' lang='lat' dir='ltr'>Dei</span> <span class='ocrx_word' id='word_1_321' title='bbox 2597 2360 2822 2398; x_wconf 87' lang='lat' dir='ltr'>servans</span> <span class='ocrx_word' id='word_1_322' title='bbox 2852 2361 2976 2415; x_wconf 55' lang='lat' dir='ltr'>quas</span> <span class='ocrx_word' id='word_1_323' title='bbox 3002 2343 3228 2399; x_wconf 88' lang='lat' dir='ltr'>dextera</span> <span class='ocrx_word' id='word_1_324' title='bbox 3258 2345 3390 2399; x_wconf 83' lang='lat' dir='ltr'>texit</span> <span class='ocrx_word' id='word_1_325' title='bbox 3419 2386 3432 2399; x_wconf 91' lang='lat'>.</span> 
     </span>
    </p>
   </div>
   <div class='ocr_carea' id='block_1_55' title="bbox 2123 2435 3442 2507">
    <p class='ocr_par' dir='ltr' id='par_1_55' title="bbox 2123 2435 3442 2507">
     <span class='ocr_line' id='line_1_55' title="bbox 2123 2435 3442 2507; baseline 0.001 -18"><span class='ocrx_word' id='word_1_326' title='bbox 2123 2435 2367 2507; x_wconf 84' lang='lat' dir='ltr'>Tumque</span> <span class='ocrx_word' id='word_1_327' title='bbox 2399 2435 2696 2492; x_wconf 88' lang='lat' dir='ltr'>Theoctisti</span> <span class='ocrx_word' id='word_1_328' title='bbox 2731 2436 2901 2502; x_wconf 89' lang='lat' dir='ltr'>cives,</span> <span class='ocrx_word' id='word_1_329' title='bbox 2935 2444 3100 2491; x_wconf 89' lang='lat' dir='ltr'>noctu</span> <span class='ocrx_word' id='word_1_330' title='bbox 3129 2437 3442 2502; x_wconf 89' lang='lat' dir='ltr'>venientes,</span> 
     </span>
    </p>
   </div>
   <div class='ocr_carea' id='block_1_56' title="bbox 2126 2523 3576 2596">
    <p class='ocr_par' dir='ltr' id='par_1_56' title="bbox 2126 2523 3576 2596">
     <span class='ocr_line' id='line_1_56' title="bbox 2126 2523 3576 2596; baseline 0.002 -19"><span class='ocrx_word' id='word_1_331' title='bbox 2126 2523 2390 2580; x_wconf 89' lang='lat' dir='ltr'>Custodes</span> <span class='ocrx_word' id='word_1_332' title='bbox 2417 2524 2547 2579; x_wconf 90' lang='lat' dir='ltr'>dum</span> <span class='ocrx_word' id='word_1_333' title='bbox 2579 2525 2898 2591; x_wconf 89' lang='lat' dir='ltr'>dormitant,</span> <span class='ocrx_word' id='word_1_334' title='bbox 2923 2526 3240 2581; x_wconf 88' lang='lat' dir='ltr'>veneranda</span> <span class='ocrx_word' id='word_1_335' title='bbox 3269 2535 3576 2596; x_wconf 90' lang='lat' dir='ltr'>capessunt</span> 
     </span>
    </p>
   </div>
   <div class='ocr_carea' id='block_1_57' title="bbox 2127 2614 3571 2688">
    <p class='ocr_par' dir='ltr' id='par_1_57' title="bbox 2127 2614 3571 2688">
     <span class='ocr_line' id='line_1_57' title="bbox 2127 2614 3571 2688; baseline 0 -19"><span class='ocrx_word' id='word_1_336' title='bbox 2127 2615 2466 2688; x_wconf 87' lang='lat' dir='ltr'>Navigioque</span> <span class='ocrx_word' id='word_1_337' title='bbox 2489 2614 2674 2669; x_wconf 88' lang='lat' dir='ltr'>ferunt</span> <span class='ocrx_word' id='word_1_338' title='bbox 2701 2622 3019 2669; x_wconf 85' lang='lat' dir='ltr'>sanctorum</span> <span class='ocrx_word' id='word_1_339' title='bbox 3047 2630 3278 2686; x_wconf 90' lang='lat' dir='ltr'>corpora</span> <span class='ocrx_word' id='word_1_340' title='bbox 3317 2615 3571 2670; x_wconf 83' lang='lat' dir='ltr'>Romam.</span> 
     </span>
    </p>
   </div>
   <div class='ocr_carea' id='block_1_58' title="bbox 2127 2701 3446 2775">
    <p class='ocr_par' dir='ltr' id='par_1_58' title="bbox 2127 2701 3446 2775">
     <span class='ocr_line' id='line_1_58' title="bbox 2127 2701 3446 2775; baseline 0.001 -18"><span class='ocrx_word' id='word_1_341' title='bbox 2127 2705 2254 2769; x_wconf 65' lang='lat' dir='ltr'>Quae</span> <span class='ocrx_word' id='word_1_342' title='bbox 2285 2712 2534 2758; x_wconf 87' lang='lat' dir='ltr'>matrona</span> <span class='ocrx_word' id='word_1_343' title='bbox 2557 2701 2664 2757; x_wconf 83' lang='lat' dir='ltr'>fide</span> <span class='ocrx_word' id='word_1_344' title='bbox 2697 2703 2915 2757; x_wconf 87' lang='lat' dir='ltr'>fervens</span> <span class='ocrx_word' id='word_1_345' title='bbox 2948 2702 3142 2758; x_wconf 77' lang='lat' dir='ltr'>Rufina</span> <span class='ocrx_word' id='word_1_346' title='bbox 3175 2711 3446 2775; x_wconf 87' lang='lat' dir='ltr'>receptat,</span> 
     </span>
    </p>
   </div>
   <div class='ocr_carea' id='block_1_59' title="bbox 2127 2792 3361 2863">
    <p class='ocr_par' dir='ltr' id='par_1_59' title="bbox 2127 2792 3361 2863">
     <span class='ocr_line' id='line_1_59' title="bbox 2127 2792 3361 2863; baseline 0.002 -17"><span class='ocrx_word' id='word_1_347' title='bbox 2127 2793 2511 2863; x_wconf 70' lang='lat' dir='ltr'>Praedioloque</span> <span class='ocrx_word' id='word_1_348' title='bbox 2539 2808 2638 2847; x_wconf 93' lang='lat' dir='ltr'>suo</span> <span class='ocrx_word' id='word_1_349' title='bbox 2661 2792 2810 2848; x_wconf 91' lang='lat' dir='ltr'>cultu</span> <span class='ocrx_word' id='word_1_350' title='bbox 2844 2793 3072 2862; x_wconf 66' lang='lat' dir='ltr'>cleponit</span> <span class='ocrx_word' id='word_1_351' title='bbox 3103 2793 3361 2862; x_wconf 86' lang='lat' dir='ltr'>honesto,</span> 
     </span>
    </p>
   </div>
   <div class='ocr_carea' id='block_1_60' title="bbox 2131 2883 3643 2956">
    <p class='ocr_par' dir='ltr' id='par_1_60' title="bbox 2131 2883 3643 2956">
     <span class='ocr_line' id='line_1_60' title="bbox 2131 2883 3643 2956; baseline 0 -18"><span class='ocrx_word' id='word_1_352' title='bbox 2131 2886 2332 2940; x_wconf 85' lang='lat' dir='ltr'>Horum</span> <span class='ocrx_word' id='word_1_353' title='bbox 2360 2885 2453 2939; x_wconf 89' lang='lat' dir='ltr'>ubi</span> <span class='ocrx_word' id='word_1_354' title='bbox 2485 2893 2815 2956; x_wconf 69' lang='lat' dir='ltr'>praestantur</span> <span class='ocrx_word' id='word_1_355' title='bbox 2839 2883 3022 2938; x_wconf 73' lang='lat' dir='ltr'>multa:</span> <span class='ocrx_word' id='word_1_356' title='bbox 3042 2883 3145 2937; x_wconf 93' lang='lat' dir='ltr'>sub</span> <span class='ocrx_word' id='word_1_357' title='bbox 3178 2885 3386 2939; x_wconf 91' lang='lat' dir='ltr'>honore</span> <span class='ocrx_word' id='word_1_358' title='bbox 3413 2884 3643 2940; x_wconf 88' lang='lat' dir='ltr'>salutes.</span> 
     </span>
    </p>
   </div>
   <div class='ocr_carea' id='block_1_61' title="bbox 2197 2973 3597 3045">
    <p class='ocr_par' dir='ltr' id='par_1_61' title="bbox 2197 2973 3597 3045">
     <span class='ocr_line' id='line_1_61' title="bbox 2197 2973 3597 3045; baseline 0.001 -18"><span class='ocrx_word' id='word_1_359' title='bbox 2197 2974 2468 3029; x_wconf 75' lang='lat' dir='ltr'>Praeterea</span> <span class='ocrx_word' id='word_1_360' title='bbox 2499 2973 2702 3045; x_wconf 82' lang='lat' dir='ltr'>plures,</span> <span class='ocrx_word' id='word_1_361' title='bbox 2745 2989 2976 3044; x_wconf 92' lang='lat' dir='ltr'>quorum</span> <span class='ocrx_word' id='word_1_362' title='bbox 3014 2988 3120 3028; x_wconf 92' lang='lat' dir='ltr'>non</span> <span class='ocrx_word' id='word_1_363' title='bbox 3154 2973 3386 3045; x_wconf 84' lang='lat' dir='ltr'>legimus</span> <span class='ocrx_word' id='word_1_364' title='bbox 3417 2983 3597 3040; x_wconf 89' lang='lat' dir='ltr'>actus,</span> 
     </span>
    </p>
   </div>
   <div class='ocr_carea' id='block_1_62' title="bbox 2124 3065 3596 3139">
    <p class='ocr_par' dir='ltr' id='par_1_62' title="bbox 2124 3065 3596 3139">
     <span class='ocr_line' id='line_1_62' title="bbox 2124 3065 3596 3139; baseline 0 -16"><span class='ocrx_word' id='word_1_365' title='bbox 2124 3070 2469 3139; x_wconf 87' lang='lat' dir='ltr'>Tempestate</span> <span class='ocrx_word' id='word_1_366' title='bbox 2498 3065 2600 3120; x_wconf 89' lang='lat' dir='ltr'>sub</span> <span class='ocrx_word' id='word_1_367' title='bbox 2633 3065 2734 3121; x_wconf 91' lang='lat' dir='ltr'>hac</span> <span class='ocrx_word' id='word_1_368' title='bbox 2760 3066 2954 3121; x_wconf 89' lang='lat' dir='ltr'>urbem</span> <span class='ocrx_word' id='word_1_369' title='bbox 2988 3083 3161 3137; x_wconf 86' lang='lat' dir='ltr'>penes</span> <span class='ocrx_word' id='word_1_370' title='bbox 3187 3068 3596 3123; x_wconf 87' lang='lat' dir='ltr'>Antiochenam</span> 
     </span>
    </p>
   </div>
   <div class='ocr_carea' id='block_1_63' title="bbox 2127 3155 3550 3227">
    <p class='ocr_par' dir='ltr' id='par_1_63' title="bbox 2127 3155 3550 3227">
     <span class='ocr_line' id='line_1_63' title="bbox 2127 3155 3550 3227; baseline -0.002 -16"><span class='ocrx_word' id='word_1_371' title='bbox 2127 3158 2435 3222; x_wconf 89' lang='lat' dir='ltr'>Certarunt,</span> <span class='ocrx_word' id='word_1_372' title='bbox 2467 3155 2849 3227; x_wconf 90' lang='lat' dir='ltr'>mundumque</span> <span class='ocrx_word' id='word_1_373' title='bbox 2879 3155 2994 3210; x_wconf 92' lang='lat' dir='ltr'>suis</span> <span class='ocrx_word' id='word_1_374' title='bbox 3021 3155 3201 3210; x_wconf 82' lang='lat' dir='ltr'>vicere</span> <span class='ocrx_word' id='word_1_375' title='bbox 3232 3155 3550 3227; x_wconf 89' lang='lat' dir='ltr'>triumphis.</span> 
     </span>
    </p>
   </div>
   <div class='ocr_carea' id='block_1_64' title="bbox 405 3247 3644 3328">
    <p class='ocr_par' dir='ltr' id='par_1_64' title="bbox 405 3247 3644 3328">
     <span class='ocr_line' id='line_1_64' title="bbox 405 3247 3644 3328; baseline -0.001 -21"><span class='ocrx_word' id='word_1_376' title='bbox 405 3252 834 3325; x_wconf 85' lang='lat' dir='ltr'>Gloriﬁcantque</span> <span class='ocrx_word' id='word_1_377' title='bbox 893 3253 1062 3308; x_wconf 88' lang='lat' dir='ltr'>Deum</span> <span class='ocrx_word' id='word_1_378' title='bbox 1135 3270 1233 3325; x_wconf 92' lang='lat' dir='ltr'>per</span> <span class='ocrx_word' id='word_1_379' title='bbox 1291 3270 1456 3326; x_wconf 91' lang='lat' dir='ltr'>quem</span> <span class='ocrx_word' id='word_1_380' title='bbox 1514 3263 1784 3311; x_wconf 89' lang='lat' dir='ltr'>tormenta</span> <span class='ocrx_word' id='word_1_381' title='bbox 1830 3256 2024 3310; x_wconf 89' lang='lat' dir='ltr'>trium-</span> <span class='ocrx_word' id='word_1_382' title='bbox 2056 3251 2105 3319; x_wconf 87' lang='lat' dir='ltr'><strong>C</strong></span> <span class='ocrx_word' id='word_1_383' title='bbox 2129 3249 2500 3323; x_wconf 88' lang='lat' dir='ltr'>Quadraginta</span> <span class='ocrx_word' id='word_1_384' title='bbox 2529 3247 2691 3302; x_wconf 89' lang='lat' dir='ltr'>simul</span> <span class='ocrx_word' id='word_1_385' title='bbox 2725 3255 2854 3302; x_wconf 90' lang='lat' dir='ltr'>tunc</span> <span class='ocrx_word' id='word_1_386' title='bbox 2880 3258 3336 3304; x_wconf 88' lang='lat' dir='ltr'>consummantur</span> <span class='ocrx_word' id='word_1_387' title='bbox 3365 3264 3600 3320; x_wconf 79' lang='lat' dir='ltr'>agones,</span> <span class='ocrx_word' id='word_1_388' title='bbox 3641 3325 3644 3328; x_wconf 10' lang='grc' dir='ltr'><strong><em>Α</em></strong></span> 
     </span>
    </p>
   </div>
   <div class='ocr_carea' id='block_1_65' title="bbox 1799 3343 1952 3397">
    <p class='ocr_par' dir='ltr' id='par_1_65' title="bbox 1799 3343 1952 3397">
     <span class='ocr_line' id='line_1_65' title="bbox 1799 3343 1952 3397; baseline -0.013 0"><span class='ocrx_word' id='word_1_389' title='bbox 1799 3343 1952 3397; x_wconf 89' lang='lat' dir='ltr'>hant.</span> 
     </span>
    </p>
   </div>
   <div class='ocr_carea' id='block_1_66' title="bbox 405 3343 1846 3504">
    <p class='ocr_par' dir='ltr' id='par_1_66' title="bbox 405 3343 1846 3504">
     <span class='ocr_line' id='line_1_66' title="bbox 1799 3343 1846 3397; baseline -0.021 0"><span class='ocrx_word' id='word_1_390' title='bbox 1799 3343 1846 3397; x_wconf 87' lang='lat' dir='ltr'>h:</span> 
     </span>
     <span class='ocr_line' id='line_1_67' title="bbox 405 3343 1846 3504; baseline -0.001 -16"><span class='ocrx_word' id='word_1_391' title='bbox 405 3432 753 3504; x_wconf 89' lang='lat' dir='ltr'>Sculptilium</span> <span class='ocrx_word' id='word_1_392' title='bbox 783 3440 1040 3503; x_wconf 90' lang='lat' dir='ltr'>spectans</span> <span class='ocrx_word' id='word_1_393' title='bbox 1081 3432 1410 3488; x_wconf 82' lang='lat' dir='ltr'>Athanasius</span> <span class='ocrx_word' id='word_1_394' title='bbox 1439 3432 1545 3487; x_wconf 91' lang='lat' dir='ltr'>ista</span> <span class='ocrx_word' id='word_1_395' title='bbox 1569 3343 1846 3499; x_wconf 48' lang='lat' dir='ltr'>sa&#39;cerdids,</span> 
     </span>
    </p>
   </div>
   <div class='ocr_carea' id='block_1_67' title="bbox 407 3525 1857 3601">
    <p class='ocr_par' dir='ltr' id='par_1_67' title="bbox 407 3525 1857 3601">
     <span class='ocr_line' id='line_1_68' title="bbox 407 3525 1857 3601; baseline 0.001 -23"><span class='ocrx_word' id='word_1_396' title='bbox 407 3525 752 3598; x_wconf 83' lang='lat' dir='ltr'>indignatus,</span> <span class='ocrx_word' id='word_1_397' title='bbox 785 3525 890 3579; x_wconf 89' lang='lat' dir='ltr'>ait:</span> <span class='ocrx_word' id='word_1_398' title='bbox 943 3546 967 3576; x_wconf 75' lang='grc' dir='ltr'><strong>α</strong></span> <span class='ocrx_word' id='word_1_399' title='bbox 1005 3525 1205 3582; x_wconf 85' lang='lat' dir='ltr'>Jubeat</span> <span class='ocrx_word' id='word_1_400' title='bbox 1225 3535 1317 3581; x_wconf 89' lang='lat' dir='ltr'>tua</span> <span class='ocrx_word' id='word_1_401' title='bbox 1350 3526 1541 3601; x_wconf 88' lang='lat' dir='ltr'>gloria,</span> <span class='ocrx_word' id='word_1_402' title='bbox 1579 3525 1857 3597; x_wconf 88' lang='lat' dir='ltr'>princeps,</span> 
     </span>
    </p>
   </div>
   <div class='ocr_carea' id='block_1_68' title="bbox 409 3613 1750 3672">
    <p class='ocr_par' dir='ltr' id='par_1_68' title="bbox 409 3613 1750 3672">
     <span class='ocr_line' id='line_1_69' title="bbox 409 3613 1750 3672; baseline 0.002 -6"><span class='ocrx_word' id='word_1_403' title='bbox 409 3613 639 3669; x_wconf 89' lang='lat' dir='ltr'>Vincere</span> <span class='ocrx_word' id='word_1_404' title='bbox 670 3631 756 3670; x_wconf 92' lang='lat' dir='ltr'>me</span> <span class='ocrx_word' id='word_1_405' title='bbox 797 3615 940 3671; x_wconf 86' lang='lat' dir='ltr'>vires</span> <span class='ocrx_word' id='word_1_406' title='bbox 967 3615 1162 3672; x_wconf 90' lang='lat' dir='ltr'>horum</span> <span class='ocrx_word' id='word_1_407' title='bbox 1202 3616 1401 3671; x_wconf 89' lang='lat' dir='ltr'>virtute</span> <span class='ocrx_word' id='word_1_408' title='bbox 1433 3618 1682 3672; x_wconf 90' lang='lat' dir='ltr'>deorum.</span> <span class='ocrx_word' id='word_1_409' title='bbox 1730 3635 1750 3664; x_wconf 74' lang='grc' dir='ltr'>ι</span> 
     </span>
    </p>
   </div>
   <div class='ocr_carea' id='block_1_69' title="bbox 1170 3824 2161 3914">
    <p class='ocr_par' dir='ltr' id='par_1_69' title="bbox 1170 3824 2161 3914">
     <span class='ocr_line' id='line_1_70' title="bbox 1170 3824 2161 3914; baseline -0.002 -2"><span class='ocrx_word' id='word_1_410' title='bbox 1170 3825 1675 3914; x_wconf 83' lang='lat' dir='ltr'>INCIPIT</span> <span class='ocrx_word' id='word_1_411' title='bbox 1763 3824 2161 3912; x_wconf 80' lang='lat' dir='ltr'>LIBER</span> 
     </span>
    </p>
   </div>
   <div class='ocr_carea' id='block_1_70' title="bbox 2129 3334 3441 3410">
    <p class='ocr_par' dir='ltr' id='par_1_70' title="bbox 2129 3334 3441 3410">
     <span class='ocr_line' id='line_1_71' title="bbox 2129 3334 3441 3410; baseline -0.003 -18"><span class='ocrx_word' id='word_1_412' title='bbox 2129 3337 2452 3410; x_wconf 82' lang='lat' dir='ltr'>Virginibus</span> <span class='ocrx_word' id='word_1_413' title='bbox 2479 3335 2658 3389; x_wconf 89' lang='lat' dir='ltr'>varias</span> <span class='ocrx_word' id='word_1_414' title='bbox 2687 3335 2865 3406; x_wconf 86' lang='lat' dir='ltr'>passis</span> <span class='ocrx_word' id='word_1_415' title='bbox 2891 3350 2989 3405; x_wconf 91' lang='lat' dir='ltr'>pro</span> <span class='ocrx_word' id='word_1_416' title='bbox 3020 3335 3259 3390; x_wconf 90' lang='lat' dir='ltr'>culmine</span> <span class='ocrx_word' id='word_1_417' title='bbox 3289 3334 3441 3408; x_wconf 88' lang='lat' dir='ltr'>regni</span> 
     </span>
    </p>
   </div>
   <div class='ocr_carea' id='block_1_71' title="bbox 2130 3428 3392 3500">
    <p class='ocr_par' dir='ltr' id='par_1_71' title="bbox 2130 3428 3392 3500">
     <span class='ocr_line' id='line_1_72' title="bbox 2130 3428 3392 3500; baseline -0.005 -14"><span class='ocrx_word' id='word_1_418' title='bbox 2130 3429 2369 3486; x_wconf 60' lang='lat' dir='ltr'>:Etherei</span> <span class='ocrx_word' id='word_1_419' title='bbox 2393 3443 2606 3500; x_wconf 71' lang='lat' dir='ltr'>pcnnas,</span> <span class='ocrx_word' id='word_1_420' title='bbox 2639 3429 2800 3498; x_wconf 89' lang='lat' dir='ltr'>cujus</span> <span class='ocrx_word' id='word_1_421' title='bbox 2830 3443 3084 3483; x_wconf 90' lang='lat' dir='ltr'>meruere</span> <span class='ocrx_word' id='word_1_422' title='bbox 3115 3428 3392 3482; x_wconf 88' lang='lat' dir='ltr'>decorem.</span> 
     </span>
    </p>
   </div>
   <div class='ocr_carea' id='block_1_72' title="bbox 2130 3515 3442 3592">
    <p class='ocr_par' dir='ltr' id='par_1_72' title="bbox 2130 3515 3442 3592">
     <span class='ocr_line' id='line_1_73' title="bbox 2130 3515 3442 3592; baseline -0.005 -16"><span class='ocrx_word' id='word_1_423' title='bbox 2130 3521 2445 3592; x_wconf 74' lang='lat' dir='ltr'>Junguntur</span> <span class='ocrx_word' id='word_1_424' title='bbox 2473 3517 2630 3573; x_wconf 90' lang='lat' dir='ltr'>multi</span> <span class='ocrx_word' id='word_1_425' title='bbox 2664 3532 2897 3589; x_wconf 93' lang='lat' dir='ltr'>quorum</span> <span class='ocrx_word' id='word_1_426' title='bbox 2930 3532 3034 3571; x_wconf 91' lang='lat' dir='ltr'>nec</span> <span class='ocrx_word' id='word_1_427' title='bbox 3065 3517 3290 3571; x_wconf 90' lang='lat' dir='ltr'>nomina</span> <span class='ocrx_word' id='word_1_428' title='bbox 3314 3515 3442 3588; x_wconf 85' lang='lat' dir='ltr'>legi,</span> 
     </span>
    </p>
   </div>
   <div class='ocr_carea' id='block_1_73' title="bbox 2134 3609 3478 3683">
    <p class='ocr_par' dir='ltr' id='par_1_73' title="bbox 2134 3609 3478 3683">
     <span class='ocr_line' id='line_1_74' title="bbox 2134 3609 3478 3683; baseline -0.005 -15"><span class='ocrx_word' id='word_1_429' title='bbox 2134 3613 2382 3668; x_wconf 61' lang='lat' dir='ltr'>Caelestis</span> <span class='ocrx_word' id='word_1_430' title='bbox 2410 3627 2610 3683; x_wconf 89' lang='lat' dir='ltr'>supero</span> <span class='ocrx_word' id='word_1_431' title='bbox 2641 3627 2762 3683; x_wconf 68' lang='lat' dir='ltr'>quae</span> <span class='ocrx_word' id='word_1_432' title='bbox 2794 3611 2972 3666; x_wconf 90' lang='lat' dir='ltr'>littera</span> <span class='ocrx_word' id='word_1_433' title='bbox 3001 3609 3220 3681; x_wconf 90' lang='lat' dir='ltr'>scripsit</span> <span class='ocrx_word' id='word_1_434' title='bbox 3249 3609 3303 3663; x_wconf 93' lang='lat' dir='ltr'>in</span> <span class='ocrx_word' id='word_1_435' title='bbox 3331 3609 3478 3664; x_wconf 92' lang='lat' dir='ltr'>albo.</span> 
     </span>
    </p>
   </div>
   <div class='ocr_carea' id='block_1_74' title="bbox 2255 3819 2977 3910">
    <p class='ocr_par' dir='ltr' id='par_1_74' title="bbox 2255 3819 2977 3910">
     <span class='ocr_line' id='line_1_75' title="bbox 2255 3819 2977 3910; baseline -0.004 0"><span class='ocrx_word' id='word_1_436' title='bbox 2255 3819 2977 3910; x_wconf 86' lang='lat' dir='ltr'>SECUNDUS.</span> 
     </span>
    </p>
   </div>
   <div class='ocr_carea' id='block_1_75' title="bbox 1801 4001 2360 4076">
    <p class='ocr_par' dir='ltr' id='par_1_75' title="bbox 1801 4001 2360 4076">
     <span class='ocr_line' id='line_1_76' title="bbox 1801 4001 2360 4076; baseline 0.004 -21"><span class='ocrx_word' id='word_1_437' title='bbox 1801 4003 2028 4076; x_wconf 75' lang='lat' dir='ltr'>CAPUT</span> <span class='ocrx_word' id='word_1_438' title='bbox 2077 4001 2360 4057; x_wconf 81' lang='lat' dir='ltr'>PRIMUM.</span> 
     </span>
    </p>
   </div>
   <div class='ocr_carea' id='block_1_76' title="bbox 1714 4120 2443 4184">
    <p class='ocr_par' dir='ltr' id='par_1_76' title="bbox 1714 4120 2443 4184">
     <span class='ocr_line' id='line_1_77' title="bbox 1714 4120 2443 4184; baseline -0.004 -2"><span class='ocrx_word' id='word_1_439' title='bbox 1714 4123 1795 4183; x_wconf 80' lang='lat' dir='ltr'>De</span> <span class='ocrx_word' id='word_1_440' title='bbox 1824 4132 2033 4184; x_wconf 65' lang='lat' dir='ltr'>sancto</span> <span class='ocrx_word' id='word_1_441' title='bbox 2067 4120 2443 4183; x_wconf 81' lang='lat' dir='ltr'>Theodorito.</span> 
     </span>
    </p>
   </div>
   <div class='ocr_carea' id='block_1_77' title="bbox 416 4262 1822 4336">
    <p class='ocr_par' dir='ltr' id='par_1_77' title="bbox 416 4262 1822 4336">
     <span class='ocr_line' id='line_1_78' title="bbox 416 4262 1822 4336; baseline 0 -17"><span class='ocrx_word' id='word_1_442' title='bbox 416 4265 675 4320; x_wconf 84' lang='lat' dir='ltr'>Ecclesiis</span> <span class='ocrx_word' id='word_1_443' title='bbox 697 4273 820 4335; x_wconf 85' lang='lat' dir='ltr'>post</span> <span class='ocrx_word' id='word_1_444' title='bbox 851 4263 995 4320; x_wconf 91' lang='lat' dir='ltr'>hanc</span> <span class='ocrx_word' id='word_1_445' title='bbox 1026 4262 1175 4318; x_wconf 91' lang='lat' dir='ltr'>fulsit</span> <span class='ocrx_word' id='word_1_446' title='bbox 1206 4263 1296 4318; x_wconf 89' lang='lat' dir='ltr'>lux</span> <span class='ocrx_word' id='word_1_447' title='bbox 1326 4263 1471 4319; x_wconf 90' lang='lat' dir='ltr'>clara</span> <span class='ocrx_word' id='word_1_448' title='bbox 1503 4263 1822 4336; x_wconf 89' lang='lat' dir='ltr'>procellam,</span> 
     </span>
    </p>
   </div>
   <div class='ocr_carea' id='block_1_78' title="bbox 415 4355 1716 4431">
    <p class='ocr_par' dir='ltr' id='par_1_78' title="bbox 415 4355 1716 4431">
     <span class='ocr_line' id='line_1_79' title="bbox 415 4355 1716 4431; baseline 0.001 -19"><span class='ocrx_word' id='word_1_449' title='bbox 415 4358 582 4422; x_wconf 89' lang='lat' dir='ltr'>Quam</span> <span class='ocrx_word' id='word_1_450' title='bbox 613 4357 782 4412; x_wconf 87' lang='lat' dir='ltr'>livore</span> <span class='ocrx_word' id='word_1_451' title='bbox 811 4356 971 4431; x_wconf 87' lang='lat' dir='ltr'>nigro</span> <span class='ocrx_word' id='word_1_452' title='bbox 1012 4355 1234 4426; x_wconf 91' lang='lat' dir='ltr'>pietatis</span> <span class='ocrx_word' id='word_1_453' title='bbox 1264 4355 1467 4429; x_wconf 85' lang='lat' dir='ltr'>defuga</span> <span class='ocrx_word' id='word_1_454' title='bbox 1498 4363 1716 4413; x_wconf 88' lang='lat' dir='ltr'>tentans</span> 
     </span>
    </p>
   </div>
   <div class='ocr_carea' id='block_1_79' title="bbox 414 4445 1653 4519">
    <p class='ocr_par' dir='ltr' id='par_1_79' title="bbox 414 4445 1653 4519">
     <span class='ocr_line' id='line_1_80' title="bbox 414 4445 1653 4519; baseline 0 -15"><span class='ocrx_word' id='word_1_455' title='bbox 414 4449 738 4516; x_wconf 88' lang='lat' dir='ltr'>Obscurare,</span> <span class='ocrx_word' id='word_1_456' title='bbox 767 4448 927 4518; x_wconf 91' lang='lat' dir='ltr'>jubet</span> <span class='ocrx_word' id='word_1_457' title='bbox 955 4458 1176 4504; x_wconf 90' lang='lat' dir='ltr'>sanctos</span> <span class='ocrx_word' id='word_1_458' title='bbox 1205 4445 1375 4503; x_wconf 91' lang='lat' dir='ltr'>libare</span> <span class='ocrx_word' id='word_1_459' title='bbox 1407 4447 1653 4519; x_wconf 85' lang='lat' dir='ltr'>profanis</span> 
     </span>
    </p>
   </div>
   <div class='ocr_carea' id='block_1_80' title="bbox 417 4541 1730 4615">
    <p class='ocr_par' dir='ltr' id='par_1_80' title="bbox 417 4541 1730 4615">
     <span class='ocr_line' id='line_1_81' title="bbox 417 4541 1730 4615; baseline 0.002 -19"><span class='ocrx_word' id='word_1_460' title='bbox 417 4542 558 4596; x_wconf 90' lang='lat' dir='ltr'>Diris</span> <span class='ocrx_word' id='word_1_461' title='bbox 580 4548 670 4597; x_wconf 90' lang='lat' dir='ltr'>aut</span> <span class='ocrx_word' id='word_1_462' title='bbox 695 4541 878 4615; x_wconf 82' lang='lat' dir='ltr'>subigi</span> <span class='ocrx_word' id='word_1_463' title='bbox 910 4541 1090 4613; x_wconf 66' lang='lat' dir='ltr'>pinnis</span> <span class='ocrx_word' id='word_1_464' title='bbox 1113 4559 1128 4606; x_wconf 88' lang='lat'><strong>;</strong></span> <span class='ocrx_word' id='word_1_465' title='bbox 1171 4541 1554 4597; x_wconf 88' lang='lat' dir='ltr'>transmittitur</span> <span class='ocrx_word' id='word_1_466' title='bbox 1582 4542 1730 4598; x_wconf 91' lang='lat' dir='ltr'>unde</span> 
     </span>
    </p>
   </div>
   <div class='ocr_carea' id='block_1_81' title="bbox 419 4630 1856 4702">
    <p class='ocr_par' dir='ltr' id='par_1_81' title="bbox 419 4630 1856 4702">
     <span class='ocr_line' id='line_1_82' title="bbox 419 4630 1856 4702; baseline 0.003 -18"><span class='ocrx_word' id='word_1_467' title='bbox 419 4631 532 4686; x_wconf 87' lang='lat' dir='ltr'>Huc</span> <span class='ocrx_word' id='word_1_468' title='bbox 562 4631 853 4702; x_wconf 65' lang='lat' dir='ltr'>praefectus</span> <span class='ocrx_word' id='word_1_469' title='bbox 883 4639 1030 4686; x_wconf 86' lang='lat' dir='ltr'>atrox</span> <span class='ocrx_word' id='word_1_470' title='bbox 1061 4630 1312 4686; x_wconf 88' lang='lat' dir='ltr'>Julianus</span> <span class='ocrx_word' id='word_1_471' title='bbox 1332 4631 1636 4688; x_wconf 87' lang='lat' dir='ltr'>avunculus</span> <span class='ocrx_word' id='word_1_472' title='bbox 1666 4633 1856 4702; x_wconf 87' lang='lat' dir='ltr'>hujus;</span> 
     </span>
    </p>
   </div>
   <div class='ocr_carea' id='block_1_82' title="bbox 417 4718 1796 4790">
    <p class='ocr_par' dir='ltr' id='par_1_82' title="bbox 417 4718 1796 4790">
     <span class='ocr_line' id='line_1_83' title="bbox 417 4718 1796 4790; baseline 0.003 -17"><span class='ocrx_word' id='word_1_473' title='bbox 417 4719 515 4784; x_wconf 91' lang='lat' dir='ltr'>Qui</span> <span class='ocrx_word' id='word_1_474' title='bbox 546 4719 780 4774; x_wconf 90' lang='lat' dir='ltr'>veniens</span> <span class='ocrx_word' id='word_1_475' title='bbox 806 4720 1006 4790; x_wconf 89' lang='lat' dir='ltr'>spoliat</span> <span class='ocrx_word' id='word_1_476' title='bbox 1034 4718 1227 4776; x_wconf 89' lang='lat' dir='ltr'>Christi</span> <span class='ocrx_word' id='word_1_477' title='bbox 1257 4721 1598 4778; x_wconf 89' lang='lat' dir='ltr'>truculentus</span> <span class='ocrx_word' id='word_1_478' title='bbox 1630 4722 1796 4790; x_wconf 89' lang='lat' dir='ltr'>ovile,</span> 
     </span>
    </p>
   </div>
   <div class='ocr_carea' id='block_1_83' title="bbox 419 4807 1844 4880">
    <p class='ocr_par' dir='ltr' id='par_1_83' title="bbox 419 4807 1844 4880">
     <span class='ocr_line' id='line_1_84' title="bbox 419 4807 1844 4880; baseline 0.004 -20"><span class='ocrx_word' id='word_1_479' title='bbox 419 4808 493 4861; x_wconf 89' lang='lat' dir='ltr'>Ac</span> <span class='ocrx_word' id='word_1_480' title='bbox 521 4807 788 4880; x_wconf 87' lang='lat' dir='ltr'>dispergit</span> <span class='ocrx_word' id='word_1_481' title='bbox 819 4823 970 4874; x_wconf 88' lang='lat' dir='ltr'>oves,</span> <span class='ocrx_word' id='word_1_482' title='bbox 1004 4807 1187 4862; x_wconf 84' lang='lat' dir='ltr'>valido</span> <span class='ocrx_word' id='word_1_483' title='bbox 1216 4809 1314 4863; x_wconf 91' lang='lat' dir='ltr'>sed</span> <span class='ocrx_word' id='word_1_484' title='bbox 1347 4809 1638 4880; x_wconf 84' lang='lat' dir='ltr'>presbyter</span> <span class='ocrx_word' id='word_1_485' title='bbox 1667 4811 1844 4865; x_wconf 91' lang='lat' dir='ltr'>almus</span> 
     </span>
    </p>
   </div>
   <div class='ocr_carea' id='block_1_84' title="bbox 419 4897 1826 4970">
    <p class='ocr_par' dir='ltr' id='par_1_84' title="bbox 419 4897 1826 4970">
     <span class='ocr_line' id='line_1_85' title="bbox 419 4897 1826 4970; baseline 0.004 -18"><span class='ocrx_word' id='word_1_486' title='bbox 419 4897 787 4953; x_wconf 85' lang='lat' dir='ltr'>Theoderitus</span> <span class='ocrx_word' id='word_1_487' title='bbox 816 4915 977 4968; x_wconf 87' lang='lat' dir='ltr'>apem</span> <span class='ocrx_word' id='word_1_488' title='bbox 1004 4915 1206 4970; x_wconf 90' lang='lat' dir='ltr'>supero</span> <span class='ocrx_word' id='word_1_489' title='bbox 1240 4901 1548 4956; x_wconf 91' lang='lat' dir='ltr'>munimine</span> <span class='ocrx_word' id='word_1_490' title='bbox 1578 4918 1826 4968; x_wconf 88' lang='lat' dir='ltr'>sumens,</span> 
     </span>
    </p>
   </div>
   <div class='ocr_carea' id='block_1_85' title="bbox 418 4986 1966 5061">
    <p class='ocr_par' dir='ltr' id='par_1_85' title="bbox 418 4986 1966 5061">
     <span class='ocr_line' id='line_1_86' title="bbox 418 4986 1966 5061; baseline 0.003 -20"><span class='ocrx_word' id='word_1_491' title='bbox 418 4986 631 5041; x_wconf 81' lang='lat' dir='ltr'>Restitit</span> <span class='ocrx_word' id='word_1_492' title='bbox 652 4986 963 5058; x_wconf 88' lang='lat' dir='ltr'>intrepidus</span> <span class='ocrx_word' id='word_1_493' title='bbox 990 4987 1079 5059; x_wconf 90' lang='lat' dir='ltr'>pia</span> <span class='ocrx_word' id='word_1_494' title='bbox 1110 5005 1338 5044; x_wconf 90' lang='lat' dir='ltr'>servans</span> <span class='ocrx_word' id='word_1_495' title='bbox 1354 4990 1560 5045; x_wconf 67' lang='lat' dir='ltr'>mmnia</span> <span class='ocrx_word' id='word_1_496' title='bbox 1587 5007 1806 5046; x_wconf 90' lang='lat' dir='ltr'>surmus</span> <span class='ocrx_word' id='word_1_497' title='bbox 1833 4992 1966 5061; x_wconf 76' lang='lat' dir='ltr'>(sic).</span> 
     </span>
    </p>
   </div>
   <div class='ocr_carea' id='block_1_86' title="bbox 417 5073 1782 5154">
    <p class='ocr_par' dir='ltr' id='par_1_86' title="bbox 417 5073 1782 5154">
     <span class='ocr_line' id='line_1_87' title="bbox 417 5073 1782 5154; baseline 0.003 -24"><span class='ocrx_word' id='word_1_498' title='bbox 417 5073 716 5130; x_wconf 73' lang='lat' dir='ltr'>Praefectus</span> <span class='ocrx_word' id='word_1_499' title='bbox 736 5075 882 5148; x_wconf 92' lang='lat' dir='ltr'>quod</span> <span class='ocrx_word' id='word_1_500' title='bbox 914 5076 1286 5148; x_wconf 80' lang='lat' dir='ltr'>comperiens,</span> <span class='ocrx_word' id='word_1_501' title='bbox 1309 5079 1377 5133; x_wconf 88' lang='lat' dir='ltr'>ad</span> <span class='ocrx_word' id='word_1_502' title='bbox 1409 5079 1578 5154; x_wconf 85' lang='lat' dir='ltr'>ﬂagra</span> <span class='ocrx_word' id='word_1_503' title='bbox 1603 5081 1782 5135; x_wconf 91' lang='lat' dir='ltr'>teneri</span> 
     </span>
    </p>
   </div>
   <div class='ocr_carea' id='block_1_87' title="bbox 420 5167 1848 5247">
    <p class='ocr_par' dir='ltr' id='par_1_87' title="bbox 420 5167 1848 5247">
     <span class='ocr_line' id='line_1_88' title="bbox 420 5167 1848 5247; baseline 0.007 -28"><span class='ocrx_word' id='word_1_504' title='bbox 420 5167 574 5221; x_wconf 82' lang='lat' dir='ltr'>Hunc</span> <span class='ocrx_word' id='word_1_505' title='bbox 606 5167 937 5234; x_wconf 81' lang='lat' dir='ltr'>jubet.hine</span> <span class='ocrx_word' id='word_1_506' title='bbox 966 5170 1129 5225; x_wconf 88' lang='lat' dir='ltr'>variis</span> <span class='ocrx_word' id='word_1_507' title='bbox 1156 5170 1324 5245; x_wconf 88' lang='lat' dir='ltr'>agitat</span> <span class='ocrx_word' id='word_1_508' title='bbox 1354 5173 1654 5229; x_wconf 86' lang='lat' dir='ltr'>terroribus</span> <span class='ocrx_word' id='word_1_509' title='bbox 1685 5181 1848 5247; x_wconf 88' lang='lat' dir='ltr'>atque</span> 
     </span>
    </p>
   </div>
   <div class='ocr_carea' id='block_1_88' title="bbox 420 5259 1749 5339">
    <p class='ocr_par' dir='ltr' id='par_1_88' title="bbox 420 5259 1749 5339">
     <span class='ocr_line' id='line_1_89' title="bbox 420 5259 1749 5339; baseline 0.005 -26"><span class='ocrx_word' id='word_1_510' title='bbox 420 5259 761 5330; x_wconf 86' lang='lat' dir='ltr'>Suspensum</span> <span class='ocrx_word' id='word_1_511' title='bbox 783 5261 970 5315; x_wconf 88' lang='lat' dir='ltr'>multis</span> <span class='ocrx_word' id='word_1_512' title='bbox 996 5277 1174 5316; x_wconf 54' lang='lat' dir='ltr'>saevus</span> <span class='ocrx_word' id='word_1_513' title='bbox 1199 5261 1532 5318; x_wconf 88' lang='lat' dir='ltr'>cruciatibus</span> <span class='ocrx_word' id='word_1_514' title='bbox 1562 5272 1749 5339; x_wconf 88' lang='lat' dir='ltr'>urget:</span> 
     </span>
    </p>
   </div>
   <div class='ocr_carea' id='block_1_89' title="bbox 425 5348 1966 5424">
    <p class='ocr_par' dir='ltr' id='par_1_89' title="bbox 425 5348 1966 5424">
     <span class='ocr_line' id='line_1_90' title="bbox 425 5348 1966 5424; baseline 0.007 -23"><span class='ocrx_word' id='word_1_515' title='bbox 425 5348 795 5420; x_wconf 89' lang='lat' dir='ltr'>Lampadibus</span> <span class='ocrx_word' id='word_1_516' title='bbox 810 5351 1085 5421; x_wconf 92' lang='lat' dir='ltr'>siquidem</span> <span class='ocrx_word' id='word_1_517' title='bbox 1110 5353 1278 5407; x_wconf 89' lang='lat' dir='ltr'>latera</span> <span class='ocrx_word' id='word_1_518' title='bbox 1296 5352 1708 5411; x_wconf 88' lang='lat' dir='ltr'>inﬂammantur</span> <span class='ocrx_word' id='word_1_519' title='bbox 1723 5355 1966 5424; x_wconf 87' lang='lat' dir='ltr'>adactis;</span> 
     </span>
    </p>
   </div>
   <div class='ocr_carea' id='block_1_90' title="bbox 423 5440 1607 5517">
    <p class='ocr_par' dir='ltr' id='par_1_90' title="bbox 423 5440 1607 5517">
     <span class='ocr_line' id='line_1_91' title="bbox 423 5440 1607 5517; baseline 0.009 -24"><span class='ocrx_word' id='word_1_520' title='bbox 423 5440 649 5493; x_wconf 89' lang='lat' dir='ltr'>Siderea</span> <span class='ocrx_word' id='word_1_521' title='bbox 676 5441 876 5510; x_wconf 90' lang='lat' dir='ltr'>quibus</span> <span class='ocrx_word' id='word_1_522' title='bbox 903 5444 1096 5499; x_wconf 86' lang='lat' dir='ltr'>evictis</span> <span class='ocrx_word' id='word_1_523' title='bbox 1123 5443 1342 5512; x_wconf 85' lang='lat' dir='ltr'>virtute,</span> <span class='ocrx_word' id='word_1_524' title='bbox 1376 5456 1607 5517; x_wconf 89' lang='lat' dir='ltr'>repente</span> 
     </span>
    </p>
   </div>
   <div class='ocr_carea' id='block_1_91' title="bbox 424 5527 1631 5606">
    <p class='ocr_par' dir='ltr' id='par_1_91' title="bbox 424 5527 1631 5606">
     <span class='ocr_line' id='line_1_92' title="bbox 424 5527 1631 5606; baseline 0.012 -24"><span class='ocrx_word' id='word_1_525' title='bbox 424 5527 689 5601; x_wconf 85' lang='lat' dir='ltr'>Angelico</span> <span class='ocrx_word' id='word_1_526' title='bbox 711 5531 1051 5600; x_wconf 90' lang='lat' dir='ltr'>stupidivisu</span> <span class='ocrx_word' id='word_1_527' title='bbox 1090 5528 1342 5592; x_wconf 79' lang='lat' dir='ltr'>cecidere</span> <span class='ocrx_word' id='word_1_528' title='bbox 1373 5540 1631 5606; x_wconf 91' lang='lat' dir='ltr'>ministri,</span> 
     </span>
    </p>
   </div>
   <div class='ocr_carea' id='block_1_92' title="bbox 425 5617 1836 5700">
    <p class='ocr_par' dir='ltr' id='par_1_92' title="bbox 425 5617 1836 5700">
     <span class='ocr_line' id='line_1_93' title="bbox 425 5617 1836 5700; baseline 0.011 -29"><span class='ocrx_word' id='word_1_529' title='bbox 425 5617 838 5689; x_wconf 75' lang='lat' dir='ltr'>Credcntesque</span> <span class='ocrx_word' id='word_1_530' title='bbox 871 5622 1234 5680; x_wconf 88' lang='lat' dir='ltr'>ministerium</span> <span class='ocrx_word' id='word_1_531' title='bbox 1261 5627 1492 5684; x_wconf 88' lang='lat' dir='ltr'>feritatis</span> <span class='ocrx_word' id='word_1_532' title='bbox 1518 5631 1836 5700; x_wconf 87' lang='lat' dir='ltr'>abhorrent,</span> 
     </span>
    </p>
   </div>
   <div class='ocr_carea' id='block_1_93' title="bbox 423 5711 1795 5783">
    <p class='ocr_par' dir='ltr' id='par_1_93' title="bbox 423 5711 1795 5783">
     <span class='ocr_line' id='line_1_94' title="bbox 423 5711 1795 5783; baseline 0.009 -15"><span class='ocrx_word' id='word_1_533' title='bbox 423 5711 730 5783; x_wconf 88' lang='lat' dir='ltr'>Devotique</span> <span class='ocrx_word' id='word_1_534' title='bbox 750 5713 922 5767; x_wconf 91' lang='lat' dir='ltr'>Deum</span> <span class='ocrx_word' id='word_1_535' title='bbox 950 5732 1083 5772; x_wconf 91' lang='lat' dir='ltr'>vero</span> <span class='ocrx_word' id='word_1_536' title='bbox 1113 5718 1382 5778; x_wconf 89' lang='lat' dir='ltr'>Christum</span> <span class='ocrx_word' id='word_1_537' title='bbox 1412 5741 1507 5780; x_wconf 75' lang='lat' dir='ltr'>ore</span> <span class='ocrx_word' id='word_1_538' title='bbox 1536 5726 1795 5782; x_wconf 86' lang='lat' dir='ltr'>fatentur.</span> 
     </span>
    </p>
   </div>
   <div class='ocr_carea' id='block_1_94' title="bbox 427 5800 1884 5883">
    <p class='ocr_par' dir='ltr' id='par_1_94' title="bbox 427 5800 1884 5883">
     <span class='ocr_line' id='line_1_95' title="bbox 427 5800 1884 5883; baseline 0.012 -28"><span class='ocrx_word' id='word_1_539' title='bbox 427 5801 575 5866; x_wconf 88' lang='lat' dir='ltr'>Quos</span> <span class='ocrx_word' id='word_1_540' title='bbox 601 5800 730 5855; x_wconf 91' lang='lat' dir='ltr'>dum</span> <span class='ocrx_word' id='word_1_541' title='bbox 764 5800 1055 5870; x_wconf 70' lang='lat' dir='ltr'>praefectus</span> <span class='ocrx_word' id='word_1_542' title='bbox 1082 5810 1256 5883; x_wconf 86' lang='lat' dir='ltr'>mergi</span> <span class='ocrx_word' id='word_1_543' title='bbox 1282 5810 1582 5870; x_wconf 89' lang='lat' dir='ltr'>demandat</span> <span class='ocrx_word' id='word_1_544' title='bbox 1609 5815 1666 5870; x_wconf 92' lang='lat' dir='ltr'>in</span> <span class='ocrx_word' id='word_1_545' title='bbox 1695 5816 1884 5882; x_wconf 90' lang='lat' dir='ltr'>altum,</span> 
     </span>
    </p>
   </div>
   <div class='ocr_carea' id='block_1_95' title="bbox 2143 4256 3768 4328">
    <p class='ocr_par' dir='ltr' id='par_1_95' title="bbox 2143 4256 3768 4328">
     <span class='ocr_line' id='line_1_96' title="bbox 2143 4256 3768 4328; baseline -0.005 -10"><span class='ocrx_word' id='word_1_546' title='bbox 2143 4285 2168 4318; x_wconf 78' lang='grc' dir='ltr'><strong><em>α</em></strong></span> <span class='ocrx_word' id='word_1_547' title='bbox 2211 4263 2288 4318; x_wconf 91' lang='lat' dir='ltr'>Ad</span> <span class='ocrx_word' id='word_1_548' title='bbox 2316 4262 2632 4328; x_wconf 89' lang='lat' dir='ltr'>Dominum,</span> <span class='ocrx_word' id='word_1_549' title='bbox 2663 4259 2880 4327; x_wconf 89' lang='lat' dir='ltr'>fratres,</span> <span class='ocrx_word' id='word_1_550' title='bbox 2913 4275 3001 4316; x_wconf 89' lang='lat' dir='ltr'>me</span> <span class='ocrx_word' id='word_1_551' title='bbox 3031 4272 3181 4314; x_wconf 90' lang='lat' dir='ltr'>nunc</span> <span class='ocrx_word' id='word_1_552' title='bbox 3202 4256 3521 4328; x_wconf 64' lang='lat' dir='ltr'>prmeedite,</span> <span class='ocrx_word' id='word_1_553' title='bbox 3558 4279 3579 4307; x_wconf 78' lang='grc' dir='ltr'><strong><em>ι</em></strong></span> <span class='ocrx_word' id='word_1_554' title='bbox 3628 4272 3768 4311; x_wconf 89' lang='lat' dir='ltr'>san-</span> 
     </span>
    </p>
   </div>
   <div class='ocr_carea' id='block_1_96' title="bbox 3551 4352 3702 4423">
    <p class='ocr_par' dir='ltr' id='par_1_96' title="bbox 3551 4352 3702 4423">
     <span class='ocr_line' id='line_1_97' title="bbox 3551 4352 3702 4423; baseline 0 -16"><span class='ocrx_word' id='word_1_555' title='bbox 3551 4352 3702 4423; x_wconf 90' lang='lat' dir='ltr'>[ctus</span> 
     </span>
    </p>
   </div>
   <div class='ocr_carea' id='block_1_97' title="bbox 2139 4446 3776 4521">
    <p class='ocr_par' dir='ltr' id='par_1_97' title="bbox 2139 4446 3776 4521">
     <span class='ocr_line' id='line_1_98' title="bbox 2139 4446 3776 4521; baseline -0.005 -16"><span class='ocrx_word' id='word_1_556' title='bbox 2139 4449 2338 4521; x_wconf 83' lang='lat' dir='ltr'>Martyr</span> <span class='ocrx_word' id='word_1_557' title='bbox 2375 4449 2481 4516; x_wconf 89' lang='lat' dir='ltr'>ait;</span> <span class='ocrx_word' id='word_1_558' title='bbox 2526 4469 2554 4500; x_wconf 72' lang='grc' dir='ltr'>ι</span> <span class='ocrx_word' id='word_1_559' title='bbox 2593 4463 2865 4518; x_wconf 88' lang='lat' dir='ltr'>superans</span> <span class='ocrx_word' id='word_1_560' title='bbox 2908 4446 3193 4503; x_wconf 91' lang='lat' dir='ltr'>inimicum</span> <span class='ocrx_word' id='word_1_561' title='bbox 3247 4461 3373 4502; x_wconf 87' lang='lat' dir='ltr'>mox</span> <span class='ocrx_word' id='word_1_562' title='bbox 3428 4459 3636 4516; x_wconf 91' lang='lat' dir='ltr'>sequar</span> <span class='ocrx_word' id='word_1_563' title='bbox 3678 4461 3776 4498; x_wconf 86' lang='lat' dir='ltr'>au-</span> 
     </span>
    </p>
   </div>
   <div class='ocr_carea' id='block_1_98' title="bbox 3467 4532 3708 4605">
    <p class='ocr_par' dir='ltr' id='par_1_98' title="bbox 3467 4532 3708 4605">
     <span class='ocr_line' id='line_1_99' title="bbox 3467 4532 3708 4605; baseline -0.012 -16"><span class='ocrx_word' id='word_1_564' title='bbox 3467 4532 3607 4605; x_wconf 87' lang='lat' dir='ltr'>[ctos</span> <span class='ocrx_word' id='word_1_565' title='bbox 3678 4555 3708 4586; x_wconf 72' lang='grc' dir='ltr'>ιι</span> 
     </span>
    </p>
   </div>
   <div class='ocr_carea' id='block_1_99' title="bbox 2142 4624 3575 4702">
    <p class='ocr_par' dir='ltr' id='par_1_99' title="bbox 2142 4624 3575 4702">
     <span class='ocr_line' id='line_1_100' title="bbox 2142 4624 3575 4702; baseline -0.005 -17"><span class='ocrx_word' id='word_1_566' title='bbox 2142 4630 2232 4685; x_wconf 92' lang='lat' dir='ltr'>Sic</span> <span class='ocrx_word' id='word_1_567' title='bbox 2262 4644 2484 4702; x_wconf 90' lang='lat' dir='ltr'>quoque</span> <span class='ocrx_word' id='word_1_568' title='bbox 2516 4627 2822 4700; x_wconf 89' lang='lat' dir='ltr'>persistens</span> <span class='ocrx_word' id='word_1_569' title='bbox 2851 4625 3048 4681; x_wconf 90' lang='lat' dir='ltr'>Christi</span> <span class='ocrx_word' id='word_1_570' title='bbox 3079 4624 3339 4681; x_wconf 89' lang='lat' dir='ltr'>robustus</span> <span class='ocrx_word' id='word_1_571' title='bbox 3366 4637 3575 4686; x_wconf 87' lang='lat' dir='ltr'>amore,</span> 
     </span>
    </p>
   </div>
   <div class='ocr_carea' id='block_1_100' title="bbox 2141 4719 3498 4794">
    <p class='ocr_par' dir='ltr' id='par_1_100' title="bbox 2141 4719 3498 4794">
     <span class='ocr_line' id='line_1_101' title="bbox 2141 4719 3498 4794; baseline -0.004 -16"><span class='ocrx_word' id='word_1_572' title='bbox 2141 4724 2457 4780; x_wconf 89' lang='lat' dir='ltr'>Vaticinans</span> <span class='ocrx_word' id='word_1_573' title='bbox 2486 4723 2653 4778; x_wconf 88' lang='lat' dir='ltr'>etiam</span> <span class='ocrx_word' id='word_1_574' title='bbox 2686 4723 2888 4794; x_wconf 92' lang='lat' dir='ltr'>plenus</span> <span class='ocrx_word' id='word_1_575' title='bbox 2917 4721 2987 4775; x_wconf 92' lang='lat' dir='ltr'>de</span> <span class='ocrx_word' id='word_1_576' title='bbox 3029 4719 3271 4775; x_wconf 84' lang='lat' dir='ltr'>Flamine</span> <span class='ocrx_word' id='word_1_577' title='bbox 3305 4724 3498 4773; x_wconf 88' lang='lat' dir='ltr'>sancto</span> 
     </span>
    </p>
   </div>
   <div class='ocr_carea' id='block_1_101' title="bbox 2142 4806 3778 4887">
    <p class='ocr_par' dir='ltr' id='par_1_101' title="bbox 2142 4806 3778 4887">
     <span class='ocr_line' id='line_1_102' title="bbox 2142 4806 3778 4887; baseline -0.005 -19"><span class='ocrx_word' id='word_1_578' title='bbox 2142 4813 2463 4887; x_wconf 83' lang='lat' dir='ltr'>Retrogradi</span> <span class='ocrx_word' id='word_1_579' title='bbox 2494 4811 2776 4868; x_wconf 88' lang='lat' dir='ltr'>interitum</span> <span class='ocrx_word' id='word_1_580' title='bbox 2818 4811 3106 4865; x_wconf 87' lang='lat' dir='ltr'>Persarum</span> <span class='ocrx_word' id='word_1_581' title='bbox 3146 4808 3202 4863; x_wconf 91' lang='lat' dir='ltr'>in</span> <span class='ocrx_word' id='word_1_582' title='bbox 3234 4813 3398 4883; x_wconf 88' lang='lat' dir='ltr'>gente</span> <span class='ocrx_word' id='word_1_583' title='bbox 3436 4806 3778 4879; x_wconf 81' lang='lat' dir='ltr'>gerendum,</span> 
     </span>
    </p>
   </div>
   <div class='ocr_carea' id='block_1_102' title="bbox 2142 4897 3481 4974">
    <p class='ocr_par' dir='ltr' id='par_1_102' title="bbox 2142 4897 3481 4974">
     <span class='ocr_line' id='line_1_103' title="bbox 2142 4897 3481 4974; baseline -0.005 -17"><span class='ocrx_word' id='word_1_584' title='bbox 2142 4902 2404 4973; x_wconf 82' lang='lat' dir='ltr'>Martyrii,</span> <span class='ocrx_word' id='word_1_585' title='bbox 2427 4903 2648 4956; x_wconf 90' lang='lat' dir='ltr'>tandem</span> <span class='ocrx_word' id='word_1_586' title='bbox 2680 4901 2865 4974; x_wconf 89' lang='lat' dir='ltr'>gladio</span> <span class='ocrx_word' id='word_1_587' title='bbox 2889 4897 3184 4968; x_wconf 89' lang='lat' dir='ltr'>complevit</span> <span class='ocrx_word' id='word_1_588' title='bbox 3223 4913 3481 4972; x_wconf 86' lang='lat' dir='ltr'>agonem,</span> 
     </span>
    </p>
   </div>
   <div class='ocr_carea' id='block_1_103' title="bbox 2142 4985 3605 5062">
    <p class='ocr_par' dir='ltr' id='par_1_103' title="bbox 2142 4985 3605 5062">
     <span class='ocr_line' id='line_1_104' title="bbox 2142 4985 3605 5062; baseline -0.003 -18"><span class='ocrx_word' id='word_1_589' title='bbox 2142 4993 2316 5062; x_wconf 81' lang='lat' dir='ltr'>Atque</span> <span class='ocrx_word' id='word_1_590' title='bbox 2348 4990 2476 5062; x_wconf 92' lang='lat' dir='ltr'>polo</span> <span class='ocrx_word' id='word_1_591' title='bbox 2507 4991 2709 5062; x_wconf 87' lang='lat' dir='ltr'>dignus</span> <span class='ocrx_word' id='word_1_592' title='bbox 2748 4987 2999 5044; x_wconf 88' lang='lat' dir='ltr'>meritum</span> <span class='ocrx_word' id='word_1_593' title='bbox 3029 4986 3277 5056; x_wconf 89' lang='lat' dir='ltr'>percepit</span> <span class='ocrx_word' id='word_1_594' title='bbox 3305 4985 3605 5040; x_wconf 90' lang='lat' dir='ltr'>honorem.</span> 
     </span>
    </p>
   </div>
   <div class='ocr_carea' id='block_1_104' title="bbox 2143 5080 3389 5152">
    <p class='ocr_par' dir='ltr' id='par_1_104' title="bbox 2143 5080 3389 5152">
     <span class='ocr_line' id='line_1_105' title="bbox 2143 5080 3389 5152; baseline -0.006 -12"><span class='ocrx_word' id='word_1_595' title='bbox 2143 5086 2428 5141; x_wconf 81' lang='lat' dir='ltr'>Mulctatur</span> <span class='ocrx_word' id='word_1_596' title='bbox 2467 5084 2665 5150; x_wconf 88' lang='lat' dir='ltr'>lanius,</span> <span class='ocrx_word' id='word_1_597' title='bbox 2689 5082 2878 5138; x_wconf 90' lang='lat' dir='ltr'>divino</span> <span class='ocrx_word' id='word_1_598' title='bbox 2902 5083 3156 5138; x_wconf 80' lang='lat' dir='ltr'>examine</span> <span class='ocrx_word' id='word_1_599' title='bbox 3179 5080 3389 5152; x_wconf 88' lang='lat' dir='ltr'>plexus,</span> 
     </span>
    </p>
   </div>
   <div class='ocr_carea' id='block_1_105' title="bbox 2141 5165 3443 5246">
    <p class='ocr_par' dir='ltr' id='par_1_105' title="bbox 2141 5165 3443 5246">
     <span class='ocr_line' id='line_1_106' title="bbox 2141 5165 3443 5246; baseline -0.008 -16"><span class='ocrx_word' id='word_1_600' title='bbox 2141 5179 2370 5246; x_wconf 86' lang='lat' dir='ltr'>Quoque</span> <span class='ocrx_word' id='word_1_601' title='bbox 2391 5189 2574 5229; x_wconf 83' lang='lat' dir='ltr'>sacras</span> <span class='ocrx_word' id='word_1_602' title='bbox 2599 5173 2830 5228; x_wconf 88' lang='lat' dir='ltr'>violarat</span> <span class='ocrx_word' id='word_1_603' title='bbox 2856 5187 2991 5243; x_wconf 88' lang='lat' dir='ltr'>opes</span> <span class='ocrx_word' id='word_1_604' title='bbox 3020 5179 3238 5242; x_wconf 87' lang='lat' dir='ltr'>turgore</span> <span class='ocrx_word' id='word_1_605' title='bbox 3267 5165 3443 5222; x_wconf 88' lang='lat' dir='ltr'>sedile</span> 
     </span>
    </p>
   </div>
   <div class='ocr_carea' id='block_1_106' title="bbox 2113 5257 3515 5337">
    <p class='ocr_par' dir='ltr' id='par_1_106' title="bbox 2113 5257 3515 5337">
     <span class='ocr_line' id='line_1_107' title="bbox 2113 5257 3515 5337; baseline -0.006 -16"><span class='ocrx_word' id='word_1_606' title='bbox 2113 5257 2452 5332; x_wconf 33' lang='lat' dir='ltr'>&#39;Perculsus,</span> <span class='ocrx_word' id='word_1_607' title='bbox 2485 5263 2630 5337; x_wconf 91' lang='lat' dir='ltr'>putri</span> <span class='ocrx_word' id='word_1_608' title='bbox 2663 5264 2782 5320; x_wconf 90' lang='lat' dir='ltr'>ﬂuit</span> <span class='ocrx_word' id='word_1_609' title='bbox 2821 5263 3048 5336; x_wconf 87' lang='lat' dir='ltr'>inguina</span> <span class='ocrx_word' id='word_1_610' title='bbox 3077 5262 3202 5317; x_wconf 90' lang='lat' dir='ltr'>tabe</span> <span class='ocrx_word' id='word_1_611' title='bbox 3233 5261 3472 5332; x_wconf 90' lang='lat' dir='ltr'>liquatus</span> <span class='ocrx_word' id='word_1_612' title='bbox 3502 5275 3515 5312; x_wconf 91' lang='lat'>:</span> 
     </span>
    </p>
   </div>
   <div class='ocr_carea' id='block_1_107' title="bbox 2145 5353 3769 5433">
    <p class='ocr_par' dir='ltr' id='par_1_107' title="bbox 2145 5353 3769 5433">
     <span class='ocr_line' id='line_1_108' title="bbox 2145 5353 3769 5433; baseline -0.007 -15"><span class='ocrx_word' id='word_1_613' title='bbox 2145 5363 2373 5433; x_wconf 89' lang='lat' dir='ltr'>Spirans</span> <span class='ocrx_word' id='word_1_614' title='bbox 2398 5377 2583 5417; x_wconf 91' lang='lat' dir='ltr'>verme</span> <span class='ocrx_word' id='word_1_615' title='bbox 2613 5360 2817 5427; x_wconf 89' lang='lat' dir='ltr'>editur,</span> <span class='ocrx_word' id='word_1_616' title='bbox 2851 5359 3064 5414; x_wconf 91' lang='lat' dir='ltr'>saniem</span> <span class='ocrx_word' id='word_1_617' title='bbox 3107 5372 3216 5412; x_wconf 90' lang='lat' dir='ltr'>non</span> <span class='ocrx_word' id='word_1_618' title='bbox 3246 5353 3495 5429; x_wconf 89' lang='lat' dir='ltr'>unguina</span> <span class='ocrx_word' id='word_1_619' title='bbox 3537 5353 3769 5417; x_wconf 87' lang='lat' dir='ltr'>sistunt;</span> 
     </span>
    </p>
   </div>
   <div class='ocr_carea' id='block_1_108' title="bbox 2146 5445 3668 5526">
    <p class='ocr_par' dir='ltr' id='par_1_108' title="bbox 2146 5445 3668 5526">
     <span class='ocr_line' id='line_1_109' title="bbox 2146 5445 3668 5526; baseline -0.005 -18"><span class='ocrx_word' id='word_1_620' title='bbox 2146 5454 2522 5526; x_wconf 87' lang='lat' dir='ltr'>Nequicquam</span> <span class='ocrx_word' id='word_1_621' title='bbox 2551 5451 2752 5508; x_wconf 89' lang='lat' dir='ltr'>medici</span> <span class='ocrx_word' id='word_1_622' title='bbox 2781 5450 2981 5506; x_wconf 88' lang='lat' dir='ltr'>frustra</span> <span class='ocrx_word' id='word_1_623' title='bbox 3007 5449 3397 5520; x_wconf 84' lang='lat' dir='ltr'>cataplasmata</span> <span class='ocrx_word' id='word_1_624' title='bbox 3437 5445 3668 5501; x_wconf 89' lang='lat' dir='ltr'>sudant.</span> 
     </span>
    </p>
   </div>
   <div class='ocr_carea' id='block_1_109' title="bbox 2058 5529 3501 5607">
    <p class='ocr_par' dir='ltr' id='par_1_109' title="bbox 2058 5529 3501 5607">
     <span class='ocr_line' id='line_1_110' title="bbox 2058 5529 3501 5607; baseline -0.006 -11"><span class='ocrx_word' id='word_1_625' title='bbox 2058 5529 2111 5596; x_wconf 84' lang='grc' dir='ltr'>Ι)</span> <span class='ocrx_word' id='word_1_626' title='bbox 2143 5544 2253 5598; x_wconf 90' lang='lat' dir='ltr'>Nec</span> <span class='ocrx_word' id='word_1_627' title='bbox 2280 5543 2458 5598; x_wconf 93' lang='lat' dir='ltr'>solum</span> <span class='ocrx_word' id='word_1_628' title='bbox 2499 5543 2690 5597; x_wconf 92' lang='lat' dir='ltr'>teritur</span> <span class='ocrx_word' id='word_1_629' title='bbox 2719 5540 2924 5596; x_wconf 91' lang='lat' dir='ltr'>mulcta</span> <span class='ocrx_word' id='word_1_630' title='bbox 2952 5543 3249 5593; x_wconf 88' lang='lat' dir='ltr'>temerator</span> <span class='ocrx_word' id='word_1_631' title='bbox 3276 5541 3501 5607; x_wconf 88' lang='lat' dir='ltr'>aperta:</span> 
     </span>
    </p>
   </div>
   <div class='ocr_carea' id='block_1_110' title="bbox 2144 5630 3564 5707">
    <p class='ocr_par' dir='ltr' id='par_1_110' title="bbox 2144 5630 3564 5707">
     <span class='ocr_line' id='line_1_111' title="bbox 2144 5630 3564 5707; baseline -0.005 -19"><span class='ocrx_word' id='word_1_632' title='bbox 2144 5636 2282 5700; x_wconf 85' lang='lat' dir='ltr'>Quin</span> <span class='ocrx_word' id='word_1_633' title='bbox 2323 5636 2681 5702; x_wconf 89' lang='lat' dir='ltr'>detractores,</span> <span class='ocrx_word' id='word_1_634' title='bbox 2720 5633 2917 5707; x_wconf 87' lang='lat' dir='ltr'>vigiles</span> <span class='ocrx_word' id='word_1_635' title='bbox 2957 5630 3246 5705; x_wconf 85' lang='lat' dir='ltr'>gerulique</span> <span class='ocrx_word' id='word_1_636' title='bbox 3277 5641 3564 5682; x_wconf 91' lang='lat' dir='ltr'>sacrorum</span> 
     </span>
    </p>
   </div>
   <div class='ocr_carea' id='block_1_111' title="bbox 2146 5719 3549 5800">
    <p class='ocr_par' dir='ltr' id='par_1_111' title="bbox 2146 5719 3549 5800">
     <span class='ocr_line' id='line_1_112' title="bbox 2146 5719 3549 5800; baseline -0.004 -20"><span class='ocrx_word' id='word_1_637' title='bbox 2146 5727 2313 5784; x_wconf 86' lang='lat' dir='ltr'>Morte</span> <span class='ocrx_word' id='word_1_638' title='bbox 2344 5727 2686 5800; x_wconf 81' lang='lat' dir='ltr'>gehennales</span> <span class='ocrx_word' id='word_1_639' title='bbox 2715 5727 2918 5781; x_wconf 89' lang='lat' dir='ltr'>misera</span> <span class='ocrx_word' id='word_1_640' title='bbox 2948 5723 3240 5778; x_wconf 91' lang='lat' dir='ltr'>truduntur</span> <span class='ocrx_word' id='word_1_641' title='bbox 3270 5719 3328 5774; x_wconf 93' lang='lat' dir='ltr'>in</span> <span class='ocrx_word' id='word_1_642' title='bbox 3362 5719 3549 5793; x_wconf 90' lang='lat' dir='ltr'>ignes.</span> 
     </span>
    </p>
   </div>
  </div>
