3890 6396
58 382 168 438 573
609 383 694 436 DE
732 381 1096 440 TRIUMPHlS
1137 385 1393 440 CHRISTI
1432 385 1805 442 ANTIOCHUE
1843 386 2071 441 GESTIS
2111 385 2287 442 LIBRI
2328 385 2479 440 DUO.
2522 415 2592 424 —
2633 383 2760 438 LIB.
2804 386 2869 439 ll.
3294 384 3401 440 574

1568 515 1775 571 CAPUT
1816 517 1884 571 ll.

1327 619 1405 678 De
1445 619 1670 680 Licerio
1701 627 1752 678 et
1785 620 2126 696 Hippolyto.

50 747 164 802 lloc
195 747 383 818 plures
412 749 579 803 etiam
609 749 761 804 vario
785 765 1006 821 quoque
1039 760 1286 823 tempore
1327 754 1499 808 cladis
1696 761 1750 828 Α
1779 753 1928 806 Bella
1954 751 2082 805 tide.
2117 750 2290 806 Fortis
2323 751 2482 805 miles
2509 765 2607 804 seu
2637 749 2832 804 fraude
2864 749 3148 805 subactus.

49 838 142 892 Hic
172 837 370 893 Christi
402 840 620 894 athletae
651 841 840 895 multis
869 842 1053 896 vicere
1094 844 1330 914 tropaeis.
1775 844 1927 897 Saeva
1957 859 2149 898 manus
2175 842 2267 914 qui
2300 843 2353 896 in
2385 843 2566 898 vincla
2599 842 2770 908 dedit,
2813 843 2940 913 quis
2971 842 3157 896 denuo
3187 841 3330 894 liber

48 927 220 981 lsthic
249 927 489 983 Licerius
513 930 727 984 hostem
750 930 918 985 levita
948 932 1142 987 beatus
1775 939 2093 1008 Exemptus,
2121 935 2348 1006 laqueos
2378 950 2578 1008 magno
2612 934 2899 989 molimine
2930 934 3063 988 vitat

44 1014 286 1071 Fortiter
317 1017 512 1083 edidit,
536 1025 753 1073 certans
782 1034 879 1090 pro
920 1020 1148 1076 nomine
1181 1021 1395 1078 Christi.
1775 1027 1838 1080 Et
1864 1033 2022 1081 cavet
2054 1026 2272 1080 insidiis
2304 1026 2601 1080 instructus
2628 1025 2697 1079 ab
2729 1025 2987 1080 omnibus
3027 1024 3221 1090 hostis,

45 1107 272 1177 Septies
304 1109 392 1164 hic
419 1118 607 1168 tortus.
644 1111 981 1185 longumque
1010 1115 1286 1188 ergastula
1316 1132 1528 1185 passus,
1775 1116 1993 1170 Viribus
2025 1115 2267 1190 egregiis
2298 1115 2482 1168 nitens
2506 1113 2649 1168 male
2679 1123 2837 1167 cauta
2869 1114 3023 1184 piare
3059 1130 3070 1166 :

41 1196 286 1251 Tandem
315 1197 635 1270 martyrium
660 1200 855 1271 capitis
881 1203 1139 1256 mercede
1170 1205 1396 1274 paravit.
1777 1209 1928 1262 Haud
1942 1207 2122 1260 minus
2151 1206 2498 1278 Hippolytus,
2533 1207 2744 1260 Christo
2774 1206 3064 1276 eripiente,
3093 1206 3326 1271 solutus,

45 1287 148 1341 Hic
186 1287 349 1342 etiam
385 1289 707 1361 Hippolytus
733 1291 964 1346 certavit
995 1307 1167 1367 regna
1188 1293 1438 1364 polorum
1773 1298 2176 1369 Catholiczeque
2209 1297 2360 1368 pium
2391 1295 2519 1352 fidei
2554 1313 2836 1370 regressus
2871 1313 3139 1362 amorem,

45 1378 108 1431 Ut
141 1384 386 1448 caperet,
419 1379 673 1446 dumosa,
707 1395 852 1435 novo
880 1379 972 1451 qui
1014 1381 1308 1436 schismate
1343 1387 1556 1454 captus,
1775 1389 2054 1444 Sollicitus
2073 1397 2230 1444 cavet
2261 1389 2379 1459 ipse
2413 1389 2592 1454 dolos,
2615 1389 2778 1443 docet
2809 1396 2972 1459 atque
3004 1387 3281 1442 cavendos
3308 1405 3322 1451 ;

43 1471 257 1526 Erravit
296 1472 577 1543 quondam
597 1489 696 1544 per
723 1473 884 1528 devia
915 1491 928 1540 ;
962 1474 1172 1546 quique
1199 1476 1544 1547 triumphans
1778 1481 1994 1552 Proque
2025 1480 2134 1535 fide
2158 1497 2414 1555 pugnans
2455 1480 2636 1534 valido
2668 1487 2938 1550 cautoque
2963 1480 3147 1534 duello

44 1560 101 1613 ln
128 1569 308 1617 semet
331 1578 457 1617 sese
491 1562 657 1633 prius,
685 1562 814 1619 hinc
841 1564 910 1618 ad
937 1574 1135 1621 caetera
1165 1567 1345 1641 surgit
1777 1568 2094 1641 Martyrium
2126 1569 2563 1624 factis‘renitens
2587 1569 2800 1624 illustre
2829 1569 3054 1623 decorat

1559 1698 1766 1753 CAPUT
1807 1701 1901 1754 Ill.

1161 1800 1241 1859 De
1266 1809 1472 1860 sancto
1507 1802 1722 1874 l’hoca,
1764 1798 1936 1861 Petro
1963 1809 2014 1860 et
2045 1802 2294 1860 caeteris.

35 1935 254 1990 Nobilis
283 1935 376 1992 hic
412 1936 608 1993 P110033
639 1944 934 1993 veneratur
971 1953 1149 2011 agone
1188 1939 1520 2010 triumphus.
1771 1939 1892 1994 Mox
1923 1945 1982 1994 ut
2012 1939 2250 1994 basilicae
2281 1937 2694 2008 comprenderit
2719 1935 2860 1990 ostia
2889 1935 3052 1989 laesus

34 2031 134 2094 Qui
179 2040 307 2102 post
331 2033 668 2105 multiplices
696 2050 796 2105 pro
826 2035 1105 2090 Salvatore
1135 2036 1434 2105 palaestras,
1768 2031 2038 2102 Martyris,
2071 2031 2282 2086 eruitur
2319 2037 2546 2086 vacuata
2569 2031 2691 2102 lege
2722 2027 2941 2082 veneni.

35 2123 288 2187 Qualiter
317 2125 550 2197 antiquo
581 2143 729 2182 nunc
760 2127 830 2182 de
855 2136 1114 2198 serpente
1149 2129 1467 2198 triumphet,
1768 2123 1957 2179 Petrus
1986 2123 2180 2178 levites
2201 2123 2290 2178 hic
2327 2123 2808 2195 Hermogenesque
2839 2121 3119 2187 coluntur,
3187 2141 3191 2145 η

34 2219 217 2290 thue
251 2217 606 2288 triumpharit
645 2219 866 2290 papulis
897 2234 966 2273 en
1005 2219 1268 2290 panditur
1307 2220 1469 2274 isthic
1511 2236 1524 2273 :
1768 2217 2080 2273 Demetrius
2112 2219 2308 2288 praesul
2341 2233 2442 2272 nec
2465 2233 2576 2272 non
2607 2217 2770 2271 levita
2789 2217 3073 2280 Anianus;

31 2312 171 2366 Dum
205 2327 445 2382 serpens
475 2315 521 2366 si
557 2310 695 2366 forte
734 2311 842 2367 loci
869 2312 1256 2382 perstrinxerit
1293 2312 1489 2378 ullum,
1699 2338 1750 2405 Β
1774 2306 2058 2360 Eustosius
2087 2306 2315 2376 pariter,
2357 2305 2551 2379 viginti
2584 2321 2706 2359 cum
2747 2303 3080 2358 venerandis

35 2401 213 2456 Dente
244 2399 574 2457 venenifero
605 2401 753 2456 virus
783 2401 986 2456 lethale
1017 2401 1385 2472 profundens,
1699 2394 1747 2405 ”
1781 2397 2160 2468 Resplendent
2192 2397 2375 2463 sociis,
2408 2397 2547 2451 lucis
2579 2395 2742 2451 simul
2772 2395 2977 2449 aethera
3018 2394 3215 2448 nactis.

1555 2533 1766 2589 CAPUT
1811 2533 1896 2586 lV.

1245 2634 1326 2693 De
1359 2637 1584 2694 sanctis
1625 2632 1835 2709 Cyrico
1863 2639 1916 2690 et
1947 2630 2188 2691 Julitta.

32 2745 133 2800 Hic
167 2759 310 2815 puer
340 2743 582 2818 insignis
615 2741 836 2816 Cyricus
866 2761 990 2800 cum
1022 2751 1198 2801 matre
1227 2746 1419 2801 Julitta
1776 2742 2126 2806 Suntoculis,
2153 2742 2442 2810 decalvati,
2470 2743 2568 2797 sed
2598 2752 2653 2798 et
2680 2743 2965 2798 excoriati.

31 2833 308 2888 Mirandis
335 2831 512 2887 fertur
537 2834 818 2904 quondam
848 2834 1044 2889 vicisse
1074 2835 1295 2906 tropaeis
1334 2853 1347 2902 ;
1773 2831 1909 2886 Hinc
1937 2832 2080 2886 lecto
2111 2830 2358 2902 appliciti
2393 2831 2585 2900 prunis
2605 2840 2859 2887 assantur
2899 2832 2955 2886 in
2986 2832 3111 2887 ieris
3136 2849 3151 2899 ;

33 2923 217 2993 Impia
251 2921 514 2977 robustus
541 2930 766 2992 superat
791 2923 886 2994 qui
914 2922 1148 2977 verbera
1176 2931 1490 2995 postquam,
1773 2922 1952 2976 Attriti
1988 2923 2209 2977 demum
2240 2921 2408 2977 serris
2436 2922 2752 2998 linguisque
2781 2922 2973 2976 recisis

34 3013 262 3068 Calcem
288 3013 566 3068 mordenti
592 3014 839 3082 junctam
853 3015 1001 3086 capit
1032 3031 1128 3071 ore
1156 3014 1359 3086 sinapi,
1772 3015 2011 3086 Martyrii
2044 3031 2263 3070 cursum
2292 3015 2490 3085 capitis
2521 3015 2820 3086 splendore
2851 3016 3125 3084 dicarunt.

31 3106 426 3178 llorrendique
456 3106 617 3160 simul
650 3105 942 3162 mixturam
982 3107 1115 3162 vicit
1143 3106 1302 3162 aceti.
1768 3106 2217 3161 Annumerantur
2257 3107 2340 3161 eis
2369 3106 2528 3170 socii,
2555 3106 2662 3160 sub
2695 3107 2919 3160 nomine
2950 3106 3152 3161 Christi

31 3195 125 3251 Sic
155 3195 332 3252 clavis
363 3194 477 3264 ﬁxi,
502 3195 672 3251 vulsis
703 3196 758 3250 in
785 3213 1005 3252 carcere
1036 3197 1177 3252 trusi
1769 3197 2034 3261 Quattuor
2063 3205 2117 3252 et
2147 3198 2537 3270 quadringenti
2567 3198 2868 3253 certamina
2901 3199 3072 3268 passi.

1563 3327 1773 3382 CAPUT
1812 3328 1872 3383 V.

934 3435 1014 3494 De
1040 3434 1270 3496 Donato
1299 3442 1352 3494 et
1379 3433 1606 3495 sanctis
1632 3435 1761 3511 ejus
1784 3444 2110 3512 sanctaque
2142 3434 2490 3510 Margarita.

31 3573 286 3627 Donatus
314 3577 371 3626 et
395 3569 721 3626 Valerianus
751 3571 842 3627 hic
871 3570 1036 3626 simul
1707 3578 1756 3646 ί]
1776 3573 2068 3629 Tormenta
2098 3589 2257 3644 passa
2290 3572 2534 3627 veritatis
2556 3587 2656 3643 pro
2679 3572 2808 3640 tide,

31 3663 171 3718 Cum
206 3663 504 3729 Restituta,
530 3663 824 3719 Fructuosa
844 3671 899 3718 et
929 3665 1143 3719 caeteris
1780 3665 1995 3719 Sertata
2034 3664 2207 3739 fulget
2233 3664 2381 3719 unde
2411 3671 2558 3719 serto
2575 3664 2783 3737 gloriae.

34 3757 130 3810 Bis
161 3772 263 3810 sex
296 3755 577 3822 renident,
609 3757 911 3827 praecluent
939 3757 1226 3812 sodalibus
1777 3752 1970 3808 Vicere
1998 3754 2187 3824 plures
2207 3753 2296 3809 hic
2327 3754 2622 3808 draconem
2651 3760 2916 3824 martyres

28 3845 404 3916 Triumphum
427 3845 613 3917 adepti
644 3845 887 3920 glorioso
921 3831 1134 3916 prteTio.
1777 3843 1967 3919 Dignis
1997 3843 2182 3916 adepti
2209 3844 2354 3900 celsa
2389 3844 2552 3898 bellis
2583 3846 2826 3916 praemia.

27 3933 129 3989 llic
154 3932 455 4006 Margarita
478 3933 636 4008 virgo
657 3934 831 3990 fertur
863 3934 1102 4006 plurima
1250 4022 1260 4035 ν
1555 4005 1766 4061 MPUT
1807 4005 1872 4060 Ἣ

1174 4109 1254 4168 De
1284 4110 1514 4170 sanctis
1549 4109 1870 4170 Antiochia
1894 4112 2248 4186 progressis.

25 4245 146 4300 Hac
179 4247 454 4298 exeuntes
482 4244 703 4300 civitate
729 4245 993 4316 plurimas
1771 4246 2102 4319 Progressus
2129 4264 2194 4302 ex
2226 4249 2329 4303 hac
2360 4249 2500 4303 urbe
2537 4249 2856 4317 Januarius,

19 4337 191 4392 Multi
225 4342 285 4390 et
310 4343 550 4391 remotas
579 4337 921 4393 luminarunt
939 4338 1163 4409 patrias.
1770 4337 1963 4391 Fertur
1990 4338 2250 4393 sacerdos
2277 4339 2553 4394 Gordiano
2594 4341 2817 4410 martyri

21 4424 456 4480 Cazlestisunde
474 4425 664 4481 lumen
695 4434 875 4482 ortum
906 4426 1181 4501 dogmatis
1771 4425 2172 4483 Commilitonis
2203 4435 2256 4484 et.
2279 4429 2635 4500 patroni'qui
2657 4429 2857 4494 vicem,

21 4518 213 4573 Lucas
243 4514 376 4571 fidei
396 4515 499 4571 fert
521 4518 795 4573 medelam
824 4518 1126 4593 gentibus;
1769 4514 1942 4570 Fortis
1970 4516 2235 4587 probatus
2261 4533 2326 4571 ex
2357 4533 2556 4590 agone,
2589 4517 2846 4588 praebuit.
2931 4514 2954 4531 ⁵

19 4604 414 4677 Appollinaris
442 4604 575 4661 hinc
601 4622 842 4678 sequens
871 4609 1202 4678 apostolum,
1768 4610 1905 4665 Hine
1933 4617 1985 4664 et
2005 4611 2246 4666 Joannes
2277 4611 2461 4666 editus
2490 4613 2750 4682 Byzantio

20 4697 259 4750 Primus
297 4695 572 4752 Ravenna
590 4698 758 4753 verba
791 4699 917 4754 vitae
943 4699 1160 4754 detulit.
1766 4701 1970 4756 Praesul
2001 4702 2206 4757 diserto
2232 4703 2398 4756 comit
2428 4703 2617 4758 orbem
2641 4703 2919 4779 dogmate.

17 4789 318 4845 Lucianus
349 4789 478 4845 inde
509 4807 767 4864 egressus
795 4793 973 4848 almus
1008 4793 1313 4864 presbyter,
1765 4793 1991 4847 Duxisse
2017 4793 2190 4849 fertur
2220 4793 2348 4848 hinc
2375 4811 2552 4868 genus
2580 4795 2868 4866 Seraphia,

14 4879 227 4934 Mundi
267 4879 502 4934 salutem
534 4897 667 4937 voce
699 4892 753 4936 et
783 4891 908 4938 actu
943 4884 1268 4954 praedicans,
1765 4885 1878 4939 Sub
1908 4887 2150 4942 Adriano
2182 4903 2340 4958 passa
2370 4889 2553 4943 Romae
2586 4888 2800 4943 funera.

14 4970 268 5072 Tropaea
296 4975 598 5072 iaetus‘est
625 4971 770 5072 apud
793 4971 1197 5072 .Nicomediam.
1683 5005 1742 5072 D
1769 4975 2095 5051 Pluresque,
2119 4980 2245 5036 coeli
2269 4989 2328 5035 ut
2355 4989 2496 5036 astra
2525 4980 2888 5048 lucidissima,

17 5059 283 5112 Romana
308 5056 628 5113 Timotheus
659 5076 722 5114 ex
751 5061 838 5115 his
869 5062 1077 5116 moenia
1683 5056 1740 5072 ν
1768 5069 1979 5125 lsthinc
2003 5088 2103 5142 per
2129 5073 2284 5128 orbis
2316 5074 2654 5145 Splenduere
2683 5074 2924 5139 climata,

14 5150 234 5204 Petens
266 5149 413 5203 beati
449 5150 770 5206 Melehiadis
797 5161 1072 5224 tempore,
1771 5163 1979 5218 [sthinc
2003 5165 2259 5220 Erasmus
2290 5167 2501 5233 exiens,
2545 5166 2896 5237 Campaniam

13 5242 164 5296 Dum
200 5242 560 5314 praedicando
592 5252 746 5320 gesta
770 5245 970 5302 Christi
993 5246 1212 5318 publice
1767 5254 2078 5324 Splendore
2107 5257 2231 5311 vitae
2257 5258 2510 5324 luminat,
2544 5258 2894 5330 magnalibus

13 5337 248 5405 Pandit,
279 5353 543 5394 coronam
577 5351 926 5410 promeretur
954 5343 1164 5415 gloriae.
1768 5343 1920 5399 Miris
1947 5362 2266 5416 coruscans,
2289 5358 2486 5404 cuncta
2518 5349 2688 5404 vincit
2718 5349 2974 5404 tormina.

1529 5451 1738 5507 CAPUT
1780 5453 1892 5508 Vll.

1109 5554 1187 5614 Dc
1214 5555 1538 5616 Eustachio
1569 5556 1835 5632 episcopo
1867 5564 1919 5614 et
1941 5556 2322 5634 Euphronio.

13 5677 176 5733 Multi
206 5682 483 5749 praeterea
501 5677 741 5733 renitent
768 5679 872 5734 hac
901 5679 1037 5735 urbe
1078 5681 1318 5752 patroni,
1758 5679 1989 5738 Perfecti
2033 5684 2252 5739 tandem
2278 5685 2489 5741 meritis
2520 5686 2577 5740 in
2603 5703 2738 5757 pace
2762 5688 3052 5760 quierunt.

13 5773 130 5839 Qui
151 5771 288 5827 dum
319 5785 472 5841 saepe
497 5769 613 5825 suis
641 5770 855 5828 hostem
887 5779 1129 5829 stravere
1157 5765 1479 5846 triumphis,
1766 5778 1880 5842 Qua
1904 5777 2064 5835 Pater
2093 5779 2422 5835 Eustachius
2451 5779 2678 5836 Berocis
2708 5789 2897 5853 raptus
2923 5780 2992 5836 ab
3034 5780 3166 5850 aris,

1733 6012 1770 6028 κ
