3890 6400
574 378 681 432 575
1326 378 1690 434 FLODOARDI
1732 379 2039 437 CANONlCl
2081 381 2413 439 REMENSIS
2453 383 2792 440 OPUSCULA
2830 383 3138 439 METRICA.
3769 388 3844 442 576

575 507 787 579 Eloquii
819 508 1016 564 ﬂuvios
1047 507 1194 574 fidei,
1230 509 1462 562 mirante
1492 515 1710 575 senatu,

572 598 865 655 Catholicis
892 601 1093 656 animm
1124 600 1345 672 populis
1365 600 1625 655 alimenta
1646 601 1984 670 ministrans,

573 693 927 769 Blasphemas
958 695 1107 748 acies
1129 694 1348 766 pietatis
1380 694 1577 748 sternit
1607 709 1808 769 agone.

576 766 833 840 Hos'tibus
861 785 1100 856 hospitio
1122 786 1272 858 larga
1297 787 1395 840 sed
1421 802 1555 856 pace
1577 766 1813 857 receptis

573 875 798 930 Pellitur
821 885 1012 950 arguto
1044 877 1165 932 falsi
1198 878 1507 933 bacchante
1539 878 1755 944 cavillo,

570 963 880 1036 Pcllacique
913 965 1042 1021 dolo
1075 965 1338 1035 injuncta:
1365 966 1678 1022 detruditur
1697 967 1808 1022 arci

2218 530 2257 583 Α
2292 516 2365 571 Ac
2393 531 2744 572 successores
2777 529 3013 586 propero
3030 513 3349 570 discrimine
3382 514 3530 586 plexi
3562 533 3577 581 ;

2291 605 2518 659 Versilis
2548 613 2603 660 et
2624 605 2804 674 pellex
2829 603 3052 658 fraudes
3081 603 3330 673 perculsa
3356 603 3622 676 resignat.

2290 694 2417 749 Post
2446 708 2622 748 saevos
2659 693 2879 746 tandem
2908 691 3149 746 rixarum
3175 708 3236 746 ac
3269 690 3510 746 turbinis
3546 691 3718 763 ignes,

2289 785 2503 840 Dividui
2535 785 2769 839 Eusebio
2801 784 3076 838 renitente
3105 783 3390 838 cacumina
3422 781 3594 836 fastus

2291 877 2603 949 lmproprii,
2635 886 2799 948 atque
2827 876 2968 930 datae
3000 882 3260 931 contento
3285 874 3528 929 culmine
3555 871 3730 938 sortis,

2289 964 2639 1035 Euphronius
2668 964 2949 1020 Reblathae
2973 971 3095 1036 post
3116 964 3228 1020 otia
3258 964 3422 1037 longa
3451 963 3682 1018 dicatur.

2056 1106 2262 1161 CAPUT
2306 1106 2440 1160 Vlll.

1762 1209 1842 1268 De
1868 1217 2073 1268 sancto
2110 1207 2385 1267 Simeone
2413 1205 2725 1267 monacho.

564 1352 658 1406 Hic
683 1350 878 1406 urbem
913 1356 1138 1406 sanctus
1176 1350 1400 1406 Simeon
1441 1367 1616 1421 penes
1644 1352 2044 1407 Antiochenam

564 1441 789 1495 Actibus
817 1439 1088 1512 effulgens
1115 1440 1284 1514 digno
1316 1440 1626 1496 celebratur
1663 1442 1895 1498 honore.

559 1531 775 1585 Tertius
792 1537 848 1585 et
885 1531 1137 1586 decimus
1165 1530 1253 1585 cui
1276 1530 1406 1585 dum
1438 1533 1776 1602 provolvitur
1804 1533 1984 1598 annis,

561 1626 746 1680 Mundi
777 1641 836 1680 se
859 1627 1007 1680 curis
1025 1625 1279 1680 adimens
1299 1625 1511 1680 secreta
1524 1626 1718 1696 petivit

559 1715 726 1784 Septa
758 1713 1112 1779 monasterii;
1157 1713 1313 1768 fortis
1341 1714 1668 1784 patiensque
1705 1715 1968 1785 probatus

558 1803 838 1874 Excipitur
859 1803 1143 1874 servisque
1181 1803 1277 1856 Dei
1309 1819 1369 1858 se
1401 1803 1652 1858 moribus
1672 1811 1823 1874 aptat
1853 1824 1868 1858 :

559 1896 734 1966 Vique
763 1895 905 1949 viam
934 1911 1162 1949 summa:
1178 1893 1452 1949 scandens
1493 1894 1794 1950 abstemius
1814 1903 2042 1962 arctam,

561 1985 902 2055 Pauperibus
918 1984 1182 2047 clemens,
1208 1984 1405 2040 collata
1445 1984 1707 2039 alimenta
1740 1984 1955 2040 ferebat
1988 2005 2002 2051 ;

561 2074 808 2148 Indignis
831 2075 1038 2150 largus,
1067 2074 1174 2129 sibi
1202 2082 1413 2128 tantum
1433 2081 1710 2141 austerus,
1742 2083 1947 2131 arctus.

564 2167 882 2222 Psalterium
915 2167 1080 2238 plene
1112 2166 1328 2222 modico
1354 2167 1456 2221 sub
1495 2173 1746 2236 tempore
1779 2175 2008 2238 captans

560 2258 796 2332 Pervigil
814 2258 1062 2322 edidicit,
1092 2257 1438 2329 memorique
1463 2257 1773 2313 recondidit
1803 2275 1926 2314 arce

558 2347 731 2402 Fortis
768 2355 822 2402 et
845 2347 1065 2401 enitens
1104 2354 1284 2401 motus
1313 2345 1530 2400 frenare
1556 2347 1831 2417 superbos

556 2438 805 2493 Palmitio
835 2438 1053 2510 stringit
1076 2437 1296 2493 lumbos
1333 2437 1439 2491 sibi
1481 2437 1612 2492 fune
1640 2454 1928 2494 coercens.

557 2536 778 2590 Sulcato
810 2535 1086 2590 undantes
1101 2534 1339 2589 refluunt
1363 2534 1494 2588 dum
1513 2550 1743 2605 corpore
1767 2551 2005 2601 vermes,

556 2627 875 2681 Sentiscunt
899 2625 1114 2682 fratres.
1139 2625 1280 2679 Patri
1316 2625 1631 2696 indaganda
1675 2625 1934 2681 ferentes.

560 2716 657 2770 llle
679 2723 834 2789 rogat
864 2715 1011 2769 dicat
1043 2733 1058 2781 ;
1092 2714 1232 2788 tegit
1263 2715 1352 2770 hic
1382 2715 1703 2787 factumque
1730 2722 2010 2786 repressat

563 2810 865 2880 Corripitur
891 2809 1035 2875 visu,
1069 2809 1400 2882 patefactum
1429 2811 1629 2865 vulnus
1656 2810 1861 2866 aditur.

566 2901 854 2956 Resticulae
885 2902 1050 2956 modo
1079 2918 1294 2956 summa
1323 2910 1531 2972 patent,
1563 2917 1876 2975 magnoque
1899 2901 2090 2956 dolore

561 2991 878 3056 Conﬁcitur,
911 2990 1220 3063 teriturque
1248 2991 1424 3066 magis
1454 2989 1703 3046 conferre
1734 2990 2007 3046 medelam

565 3087 700 3140 Dum
722 3085 858 3140 socii
889 3091 1102 3139 certant
1129 3102 1142 3149 ;
1177 3085 1398 3155 putrido
1421 3101 1544 3140 cum
1577 3083 1788 3138 viscere
1821 3083 2040 3139 tandem

562 3181 814 3251 Eripiunt
836 3188 1058 3247 restem,
1091 3181 1329 3236 etmulto
1357 3181 1444 3235 vix
1476 3189 1723 3250 tempore
1752 3188 1964 3235 curant.

565 3270 806 3324 Hincalti
842 3269 1059 3342 fugiens
1089 3269 1238 3339 putei
1279 3268 1557 3323 seclaudit
1579 3268 1634 3322 in
1663 3269 1796 3335 imo,

563 3363 681 3427 Quo
707 3362 834 3416 dum
852 3377 910 3416 se
941 3367 1146 3415 mactat
1164 3361 1378 3430 jejunia
1407 3362 1570 3436 longa
1601 3360 1894 3426 trahendo,

563 3452 790 3506 Sidereo
818 3451 1064 3522 quatitur
1092 3451 1305 3506 monitu
1329 3451 1563 3523 visuque
1594 3449 1796 3504 minaci

563 3543 880 3597 Timotheus
910 3542 1081 3596 abbas
1106 3543 1423 3598 Simeonem
1461 3550 1670 3614 quaerat
1690 3550 1750 3597 ut
1777 3543 2003 3597 almum.

568 3632 944 3704 Restituatque
972 3633 1114 3698 loco,
1136 3642 1351 3688 constet
1381 3633 1511 3705 quia
1537 3632 1781 3687 sanctior
1805 3632 1946 3702 ipso.

569 3720 679 3775 Hoc
699 3721 871 3776 semel
898 3729 1063 3793 atque
1093 3722 1290 3776 iterum
1323 3721 1442 3777 visu
1459 3723 1782 3793 perterritus
1810 3721 1898 3776 ille

565 3812 857 3875 Quaesitum
872 3813 1034 3881 jubet
1054 3814 1132 3868 ire
1154 3829 1305 3880 suos,
1332 3814 1699 3870 redeuntibus
1728 3823 1896 3887 atque

2216 2665 2266 2733 Β

2291 1351 2352 1404 Et
2382 1356 2568 1405 manet
2595 1348 2852 1416 invictus,
2885 1347 3112 1403 femoris
3140 1347 3270 1402 dum
3303 1346 3490 1402 deficit
3510 1348 3682 1416 ulcus,

2287 1443 2542 1514 Corporis
2579 1457 2914 1512 exsuperans
2943 1441 3167 1496 morbos
3183 1440 3526 1513 vincensque
3563 1442 3782 1500 labores.

2284 1536 2684 1591 Saracenorum
2706 1533 2974 1590 Basilicus
3004 1551 3095 1589 rex
3117 1535 3253 1604 petit
3283 1534 3486 1590 almum

2287 1625 2473 1679 Visere
2504 1623 2853 1697 belligerum,
2878 1623 3252 1693 benedicique
3275 1629 3394 1678 orat
3423 1623 3493 1678 ab
3526 1623 3645 1694 ipso
3676 1641 3690 1689 ;

2286 1715 2591 1787 Delabique
2621 1714 2819 1770 videns
2843 1731 3008 1770 exeso
3039 1733 3069 1769 a
3104 1729 3336 1784 corpore
3367 1730 3629 1782 vermem,

2286 1808 2528 1879 Suscipit
2559 1814 2722 1879 atque
2763 1807 2953 1863 oculos
2986 1806 3137 1881 tangi
3177 1806 3470 1877 putredine
3501 1808 3729 1881 gaudet:

2288 1899 2415 1956 Cum
2443 1900 2628 1956 subito
2660 1900 2816 1955 tabes
2847 1900 2937 1970 pia
2967 1898 3261 1971 margarita
3285 1897 3498 1952 refulsit

2286 1992 2529 2063 Sumpsit
2558 1999 2613 2046 et
2641 1991 2915 2066 insignem
2949 1990 3134 2045 sanies
3173 1995 3378 2043 mutata
3403 1989 3690 2045 decorem.

2239 2079 2242 2084 ’
2286 2081 2519 2137 Ascribit
2545 2081 2762 2136 Domini
2794 2081 2988 2147 cultor,
3022 2081 3259 2136 rumoris
3283 2089 3336 2136 et
3365 2098 3512 2147 osor,

2288 2175 2403 2230 Non
2435 2175 2672 2245 propriis
2699 2181 2880 2230 actum
2902 2173 3135 2247 meritis,
3177 2179 3229 2228 at
3256 2174 3404 2246 regis
3434 2173 3634 2228 amori.

2289 2264 2575 2319 Exsultans
2595 2279 2751 2318 sacro
2783 2263 3107 2318 benedictus
3139 2269 3195 2316 et
3223 2279 3318 2318 ore
3348 2269 3640 2333 tyrannus,

2288 2354 2388 2418 Qui
2415 2353 2570 2408 dives
2599 2352 2772 2419 venit,
2802 2352 3105 2406 ditissimus
3135 2351 3264 2405 inde
3292 2350 3539 2405 recessit.

2288 2444 2398 2499 Hac
2427 2450 2650 2498 sanctus
2678 2442 2892 2497 Domini
2923 2452 3213 2512 postquam
3240 2457 3299 2495 se
3331 2441 3527 2497 clausit
3547 2444 3608 2498 in
3639 2459 3757 2498 arce

2291 2531 2526 2587 Cernere
2560 2531 2646 2586 vel
2679 2530 2832 2585 cerni
2864 2530 3121 2584 muliebri
3159 2530 3537 2594 luminecavit,

2290 2625 2562 2679 Nimirum
2594 2635 2851 2679 metuens
2879 2623 3095 2677 culmen
3121 2623 3251 2677 dum
3282 2623 3458 2677 tendit
3488 2622 3545 2675 in
3581 2621 3744 2676 altum

2288 2716 2329 2768 A
2368 2729 2584 2768 summo
2614 2713 2845 2768 Domino
2868 2728 2938 2766 ne
2967 2712 3130 2766 corde
3162 2710 3445 2766 recederet
3476 2710 3592 2766 imo
3626 2726 3642 2774 ;

2287 2805 2483 2858 Verum
2517 2817 2621 2872 nec
2649 2802 2809 2856 matri
2842 2808 2964 2872 post
2997 2810 3245 2870 tempora
3270 2801 3440 2873 longa
3459 2799 3702 2870 petenti,

2285 2893 2635 2963 Amplectens
2666 2906 2764 2960 pro
2796 2897 2966 2944 matre
2999 2890 3194 2953 Deum,
3225 2905 3286 2943 se
3316 2890 3499 2944 visere
3520 2889 3697 2954 cedit,

2288 2984 2538 3039 Culmine
2569 2983 2828 3038 virtutum
2860 2981 3007 3037 celso
3029 2981 3201 3053 magis
3239 2981 3346 3034 alta
3375 2989 3630 3050 petente.

2288 3071 2605 3127 [Edificatur
2628 3071 2756 3126 huic
2781 3071 2892 3138 jam
2921 3070 3284 3143 quadraginta
3309 3069 3579 3125 columna

2292 3161 2578 3217 Excellens
2607 3159 2831 3227 cubitis,
2863 3159 2918 3213 in
2946 3175 3053 3230 qua
3070 3174 3169 3228 per
3199 3165 3396 3212 caetera
3426 3158 3639 3212 mansit

2285 3255 2446 3309 Fixus
2475 3267 2662 3307 amore
2691 3251 2787 3305 Dei
2818 3251 3043 3322 reliquae
3075 3256 3230 3303 stans
3259 3255 3512 3318 tempora
3538 3249 3689 3315 vitae,

2284 3348 2611 3416 Serpentum
2644 3343 2893 3415 reprimit
2931 3341 3520 3412 rabiem,truciumque
3565 3339 3792 3395 ferarum

2283 3434 2532 3490 Almifico
2555 3433 2641 3489 cui
2678 3440 2886 3488 natura:
2921 3430 3204 3486 miseratio
3237 3429 3393 3484 fulsit

2283 3528 2511 3582 Lumina
2542 3534 2809 3582 testantur
2843 3523 3110 3595 supplicis
3147 3522 3418 3576 medicata
3446 3521 3710 3584 draconis
3739 3537 3750 3582 ;

2283 3622 2441 3676 Venit
2467 3620 2643 3675 ethuc
2663 3619 2862 3674 mulier
2887 3632 3032 3671 saevo
3063 3622 3304 3670 saturata
3333 3614 3624 3684 chelydro,

2286 3709 2414 3774 Quae
2445 3716 2611 3764 noctu
2641 3707 2836 3762 sitiens
2866 3706 3080 3760 biberat
3111 3720 3208 3776 pro
3235 3703 3424 3758 fomite
3455 3712 3674 3774 pestem
3707 3720 3720 3762 ;

2288 3801 2699 3872 lnvalidamque
2738 3816 2959 3856 manum
3017 3797 3359 3852 medicorum
3391 3802 3645 3866 experta,
3689 3788 3866 3863 requirit

567 3906 881 3973 Frustratis,
911 3923 1216 3979 properans
1247 3915 1390 3962 meat
1422 3907 1565 3978 ipse,
1615 3908 1875 3978 lacusque
1905 3922 2073 3977 reper‘

2289 3893 2428 3948 Certi
2458 3892 2704 3948 solamen
2737 3890 2938 3946 medici
2969 3907 2983 3956 ;
3019 3890 3121 3945 fert
3147 3889 3226 3944 vir
3253 3887 3377 3958 pius
3407 3896 3602 3956 aptum

565 3995 810 4067 Explicat
839 3997 1070 4051 invitum
1097 3997 1339 4063 baratro,
1372 3997 1637 4069 cellaeque
1664 3996 1878 4052 reducit

638 4091 733 4145 llle
761 4091 1152 4147 monasterium
1178 4101 1302 4162 post
1333 4093 1462 4146 anni
1490 4101 1741 4162 tempora
1767 4092 2048 4164 linquens,

563 4183 774 4239 Deserti
814 4185 952 4254 petit
977 4201 1125 4252 arva,
1157 4191 1355 4256 optans
1384 4185 1636 4240 habitare
1657 4200 1928 4239 seorsum.

568 4275 661 4329 Hic
680 4291 741 4330 se
764 4283 1008 4331 surrecta
1035 4276 1316 4332 concludit
1349 4292 1537 4331 amore
1569 4277 1828 4332 columna

561 4363 840 4419 Theoricae
862 4363 1082 4419 fervens
1102 4366 1341 4436 specula:
1369 4365 1500 4436 quia
1531 4364 1732 4420 celsior
1762 4365 1895 4420 exit.

557 4454 776 4510 Trinam
817 4465 943 4527 post
972 4458 1238 4526 hiemem,
1261 4457 1406 4512 fama
1432 4464 1719 4514 crescente
1740 4457 1906 4513 beati.

561 4549 821 4605 Tricenos
849 4567 1025 4622 usque
1063 4551 1131 4606 ad
1164 4551 1381 4606 cubitos
1421 4551 1672 4622 procedit
1703 4551 1758 4606 in
1787 4552 1980 4617 altum,

566 4640 624 4693 ln
655 4655 765 4710 qua
789 4647 941 4694 stans
961 4640 1169 4715 spargit
1195 4641 1396 4696 multas
1427 4641 1480 4694 in
1514 4639 1678 4712 plebe
1709 4641 1949 4704 salutes;

563 4728 911 4801 Languentes
937 4729 1241 4796 medicans,
1267 4729 1523 4784 obsessos
1553 4730 1806 4784 daemone
1833 4744 2107 4801 purgans;

563 4818 818 4872 Auditum
851 4818 1101 4873 tribuens
1121 4819 1304 4872 surdis
1334 4826 1389 4872 et
1416 4818 1625 4872 lumina
1641 4818 1823 4884 caecis,

564 4909 771 4964 Mancis
802 4910 1096 4964 restituens
1126 4908 1652 4980 palmas,mutisque
1680 4907 1965 4979 loquelas:

565 4999 834 5070 Leprosos
865 4999 1143 5053 mundans
1194 4998 1458 5052 mirorum
1492 4996 1664 5051 millia
1684 5004 1928 5068 patrans.

566 5088 695 5152 Quae
726 5088 820 5160 qui
843 5097 1040 5143 cuncta
1058 5087 1214 5154 feret,
1249 5087 1373 5143 cceli
1399 5102 1621 5159 quoque
1650 5085 1835 5141 sidera
1874 5085 2038 5142 dicet.

571 5179 707 5233 llinc
734 5180 923 5250 populi
944 5180 1097 5234 multi
1123 5179 1334 5234 Christo
1360 5178 1569 5233 servire
1601 5179 1773 5249 parati

569 5271 849 5341 Allophili,
877 5273 1118 5340 Armeni,
1155 5274 1352 5334 Persae,
1385 5270 1673 5343 sparsique
1696 5270 1949 5343 Agareni.

572 5361 762 5416 Ulcere
793 5364 1096 5432 percutitur
1123 5363 1230 5419 late
1260 5364 1525 5436 patientia
1553 5371 1744 5418 nectar

572 5450 634 5504 Ut
661 5458 884 5526 spargat
902 5452 1168 5524 ﬂagrante
1182 5453 1291 5508 fide
1318 5453 1672 5509 cruciaminis
1693 5452 1820 5524 igne
1851 5470 1868 5516 ;

571 5545 726 5600 Unde
766 5545 1124 5601 scatiscentes
1155 5563 1389 5603 cernens
1413 5564 1699 5620 emergere
1724 5561 1942 5603 vermes

569 5633 833 5703 Delapsos
853 5634 1052 5701 repetit
1076 5636 1348 5708 matrique
1369 5637 1590 5707 reponit
1612 5635 1864 5702 alendos,

570 5724 832 5780 Mandere
862 5724 1188 5796 praecipiens
1216 5728 1482 5786 Dominus
1519 5744 1641 5800 quae
1698 5733 1920 5798 praestet
1947 5727 2183 5783 edenda.

573 5819 667 5874 Sic
694 5831 811 5873 uno
841 5814 1062 5873 innixus
1088 5821 1226 5890 pede
1260 5821 1484 5892 plenum
1516 5827 1725 5891 prostat
1755 5821 1810 5874 in
1841 5835 2046 5875 annum

2209 3992 2258 4059 (ζ
2281 3985 2596 4040 Antidotum
2621 3983 2873 4053 praebens
2895 3979 3202 4034 benedictae
3232 3977 3429 4048 pocula
3455 3975 3700 4047 lymphze

2286 4073 2422 4130 Huic
2450 4089 2573 4144 quae.
2602 4071 2894 4127 sorbuerat
2934 4067 3237 4123 maledicta
3272 4066 3478 4120 viscera
3511 4064 3709 4119 belvaz.

2287 4166 2394 4220 Nec
2414 4164 2555 4219 valet
2576 4163 2719 4218 hanc
2757 4161 2897 4216 ultra
2929 4160 3206 4215 funestum
3237 4157 3438 4212 laedere
3470 4155 3714 4227 poclum,

2286 4258 2462 4312 Sumit
2490 4263 2550 4311 ut
2571 4255 2843 4310 imbutum
2865 4253 3017 4307 vitali
3046 4265 3278 4306 munere
3309 4256 3522 4320 potum.

2362 4351 2586 4406 Accidit
2618 4350 2863 4412 ariditas,
2894 4348 3067 4419 pestis
3083 4345 3329 4420 regionis
3355 4344 3590 4409 adustae,

2288 4444 2520 4498 Pulvere
2552 4440 2764 4496 telluris
2795 4439 2967 4493 nimio
2997 4434 3382 4509 squalentibus
3421 4433 3594 4486 arvis.

2283 4539 2477 4593 Accola
2506 4545 2618 4592 tum
2650 4536 2858 4590 densus
2896 4547 3112 4588 summo
3145 4531 3211 4586 de
3244 4536 3429 4584 monte
3461 4527 3725 4582 fluentem

2284 4627 2718 4699 Replentemque
2751 4623 2874 4694 pios
2912 4622 3137 4675 fluvium
3158 4617 3378 4690 pietatis
3408 4616 3604 4682 adivit,

2283 4719 2504 4773 Eterno
2535 4715 2765 4771 effusum
2799 4714 3018 4786 pietatis
3046 4712 3193 4768 fonte
3220 4723 3474 4780 supernae

2283 4809 2624 4864 Fundentcm
2656 4807 2810 4862 laetos
2837 4805 3153 4860 Simeonem
3185 4802 3446 4857 cordibus
3479 4800 3733 4860 haustus,

2287 4897 2603 4953 Praesidium
2635 4896 2770 4967 petit
2799 4897 2884 4950 hic
2913 4895 3157 4957 solitum,
3190 4889 3449 4962 suffragia
3481 4901 3721 4959 poscens

2285 4987 2439 5042 Celsa
2466 4986 2584 5053 Dei,
2616 4984 2912 5056 subitoque
2947 4984 3039 5038 illo
3071 4989 3332 5052 poscente
3363 4976 3609 5032 dehiscit

2287 5080 2449 5133 Terra
2480 5086 2740 5148 patetque
2759 5077 2946 5141 chaos,
2981 5073 3328 5144 lymphisque
3353 5070 3598 5123 immane
3623 5066 3853 5136 repletur:

2288 5172 2439 5226 Tunc
2463 5169 2623 5240 jubet
2652 5169 2743 5222 ille
2774 5167 2887 5223 fodi
2919 5176 3128 5236 septem
3164 5162 3391 5233 fierique
3422 5167 3642 5215 meatus

2293 5265 2388 5320 Per
2419 5280 2557 5336 quos
2587 5262 2716 5317 inde
2738 5261 2880 5315 latex
2901 5276 3063 5335 agros
3092 5256 3354 5312 fecundat
3385 5253 3690 5312 inundans,

2213 5371 2270 5439 D
2296 5359 2333 5414 Ο
2365 5357 2695 5414 celebranda
2723 5355 2828 5409 viri
2847 5355 3038 5416 virtus,
3067 5348 3242 5405 oratio
3263 5345 3462 5439 coelum

2296 5450 2460 5519 Cujus
2489 5449 2558 5503 ab
2587 5463 2683 5503 ore
2713 5453 2911 5517 petens
2942 5443 3111 5496 imum
3145 5435 3398 5509 patefecit
3425 5432 3685 5502 abyssum
3715 5426 3738 5479 ?

2362 5541 2605 5598 Arborea
2633 5537 2841 5614 gemini
2872 5532 3192 5590 residebant
3213 5530 3347 5584 forte
3369 5525 3472 5614 sub
3507 5525 3703 5579 umbra

2293 5631 2422 5699 Hac,
2451 5613 2653 5686 urente
2677 5628 2862 5700 polum
2897 5622 3123 5687 thbo,
3159 5617 3383 5694 regione
3411 5613 3629 5668 viantes
3663 5630 3674 5676 ;

2292 5725 2789 5800 Prmgnantemque
2820 5715 3011 5789 procul
3043 5726 3256 5768 cervam
3281 5705 3521 5762 transire
3542 5705 3790 5760 videntes.

2292 5796 2554 5885 Adjurant
2583 5809 2856 5867 Simeonis
2893 5806 2979 5878 agi
3011 5803 3208 5859 virtute
3235 5796 3444 5870 potenti
