3890 6414
79 415 186 469 577

78 541 196 595 Stet
227 539 539 611 prendique
577 537 722 592 sinat
751 555 764 590 :
793 545 900 592 stat
926 545 1079 594 tanto
1108 539 1334 594 nomine
1373 549 1616 609 sumpto,

79 629 530 701 Obsequiturque
569 629 768 699 pedem
785 628 1048 683 referens
1078 628 1330 684 devotior
1351 627 1502 698 ipsis.

80 723 270 776 Virtus
290 722 430 776 mira
455 721 580 787 viri,
612 723 768 786 cujus
797 721 926 775 dum
957 736 1091 776 voce
1118 720 1317 776 citatur

80 816 322 879 Nomen,
351 821 407 870 et
431 813 620 870 inﬁdis
643 829 844 885 parens
864 813 979 868 fera
1008 813 1178 868 servit
1205 813 1456 886 agrestis.

77 907 320 962 Transiit
347 906 439 961 hic
475 905 664 962 feritas
684 905 954 976 pecudem
977 905 1238 960 translata
1265 904 1589 976 relinquens

81 995 476 1065 Invadensque
505 993 762 1049 homines
791 1011 805 1059 ;
839 994 991 1062 saevi,
1023 994 1228 1064 pietate
1259 1002 1491 1055 remota.

81 1091 198 1146 Nec
228 1096 668 1146 venerantureas
697 1089 967 1143 reveritur
997 1104 1135 1160 quas
1164 1087 1279 1143 fera
1300 1104 1465 1144 voces
1493 1106 1506 1142 :

83 1179 363 1236 Invadunt
391 1178 558 1254 igitur
582 1178 846 1249 praedam,
866 1178 1067 1232 virtute
1091 1178 1423 1248 prehensam

81 1272 350 1336 Alterius,
383 1272 774 1343 perimuntque
803 1284 1046 1341 superno
1087 1270 1316 1324 numine
1346 1267 1528 1323 ﬁxam.

84 1363 421 1430 Comedunt,
450 1368 678 1426 torrent,
710 1377 814 1417 nec
841 1361 910 1416 ad
941 1361 998 1414 id
1036 1361 1164 1415 data
1188 1361 1396 1417 viscera
1422 1360 1710 1425 mandunt,

84 1456 266 1528 Digna
292 1455 391 1510 sed
423 1455 662 1509 audaces
691 1470 817 1510 mox
845 1454 1234 1526 perculitultio
1273 1460 1507 1508 mentes.

88 1545 147 1598 Et
178 1544 400 1599 ratione
429 1551 619 1598 carent
647 1543 855 1598 ratione
883 1550 1108 1597 carente
1144 1542 1356 1597 feroces

83 1635 187 1700 Qui
217 1635 561 1700 exstiterant,
593 1634 794 1704 praadae
824 1633 1046 1704 pietatis
1073 1634 1286 1688 honore
1317 1630 1559 1688 subactae

85 1728 392 1781 Sumentes
420 1740 597 1800 egros
625 1725 955 1798 pecorisque
983 1725 1205 1780 silentio
1244 1724 1410 1781 ﬂatus

82 1815 330 1870 Tramite
359 1814 440 1870 sic
467 1821 648 1885 erepto
671 1822 974 1886 properant
997 1831 1122 1871 cum
1154 1816 1304 1886 pelle
1331 1816 1547 1871 revulsa

87 1903 419 1975 Festinique
449 1910 646 1975 petunt
672 1904 986 1959 veneranda
1011 1905 1300 1960 cacumina
1324 1905 1455 1973 justi
1485 1923 1498 1958 :

87 1996 202 2049 Nec
229 1994 390 2048 latuit
414 2002 595 2048 vatem
627 1993 986 2064 praesumptio
1028 1993 1170 2050 facta
1199 1994 1460 2059 ferorum,

82 2085 221 2149 Quis
255 2100 514 2155 superam
547 2084 670 2154 pius
697 2092 818 2139 orat
843 2099 1007 2154 opem
1037 2083 1276 2156 ferrique
1298 2084 1530 2139 salutem
1556 2101 1572 2149 ;

81 2175 346 2230 Seductis
378 2174 443 2245 [f.
475 2174 574 2229 sed
605 2172 764 2243 votis]
799 2181 954 2246 gesta
992 2173 1318 2246 improbitas
1347 2173 1569 2229 obsistit
1591 2172 1719 2243 opi-

1500 2263 1643 2335 [mis.

79 2357 297 2410 Dantur
318 2354 370 2408 ei
413 2353 644 2409 meliora
682 2359 865 2408 tamen
899 2369 1062 2424 quam
1095 2353 1360 2424 postulet,
1390 2361 1557 2424 atque

80 2445 450 2503 Promeritam
481 2446 717 2502 tolerant
745 2445 968 2501 decreto
1007 2456 1257 2516 tempore
1290 2460 1533 2517 pcenam,

83 2539 163 2594 Ne
195 2539 433 2610 posthac
461 2547 667 2594 aeterna
695 2553 820 2594 reos
851 2545 1128 2594 tormenta
1153 2539 1425 2594 volutent.

85 2630 231 2684 Dum
264 2628 549 2700 patiuntur
577 2637 631 2684 et
657 2628 714 2683 hi
745 2629 933 2684 multis
961 2628 1319 2699 praesumptio
1344 2627 1470 2682 talis

88 2720 372 2786 Aufertur,
407 2719 575 2792 digno
605 2720 792 2791 plures
815 2720 1141 2776 moderante
1181 2719 1400 2794 flagello

87 2815 222 2869 Post
241 2813 529 2888 geminum
549 2813 767 2888 magnis
791 2813 1054 2884 precibus
1082 2812 1179 2867 sed
1207 2811 1473 2883 praeditus
1506 2826 1713 2866 annum

89 2906 422 2976 Hospitibus
451 2905 672 2960 tandem
705 2902 978 2958 miserans
1005 2902 1311 2958 medicatur
1335 2901 1574 2957 anhelis.

162 2999 358 3054 Saevus
381 3013 446 3052 ea
473 2995 754 3068 quondam
777 2995 982 3066 pardus
1010 2995 1240 3068 regione
1271 2993 1510 3055 furebat,

86 3086 434 3142 Proturbans
456 3085 731 3151 homines,
768 3085 1009 3154 pecudes
1024 3084 1277 3152 jumenta
1306 3097 1648 3154 voransque;

87 3174 366 3252 Agricola:
390 3183 584 3230 contra
611 3173 788 3229 sancti
817 3172 1088 3228 tutamina
1118 3172 1296 3227 Patris

94 3269 434 3339 Exposcunt,
470 3265 664 3322 rabido
695 3281 806 3337 quo
828 3264 1199 3320 defendantur
1225 3264 1295 3318 ab
1326 3264 1504 3318 hoste.

89 3359 379 3415 Perversis
407 3365 492 3414 ast
520 3358 613 3415 ille
633 3357 820 3414 sciens
859 3373 1144 3429 apponere
1174 3363 1364 3413 sancta

88 3448 463 3506 Sanctiﬁcans
483 3449 763 3505 benedicit
790 3465 1013 3520 aquam,
1039 3448 1316 3520 mittitque
1347 3447 1632 3502 ferendam

93 3541 200 3595 Per
239 3541 364 3596 loca
392 3555 502 3610 qua
540 3539 736 3610 pernix
767 3539 972 3609 pardus
995 3539 1234 3594 transire
1264 3537 1502 3593 solebat.

91 3631 401 3686 Distinctus
426 3629 679 3694 maculis,
711 3634 767 3683 et
785 3627 1206 3684 crudelissimus
1237 3626 1418 3682 hostis

93 3719 352 3794 Ignotam
379 3717 569 3774 multis
598 3717 853 3789 pedicam
885 3716 1222 3774 venantibus
1244 3715 1440 3778 edens,

89 3809 270 3864 Torva
307 3807 610 3864 salutiferis
636 3823 861 3880 repersa
893 3805 1207 3879 liquoribus
1229 3821 1357 3860 arva

90 3900 429 3956 Accelerans
456 3915 814 3971 praecepsque
844 3914 1011 3954 ruens
1035 3898 1132 3954 ubi
1158 3897 1346 3953 bellua
1371 3902 1601 3969 tangens

89 3992 374 4058 Concidit,
414 4002 470 4048 et
494 3993 661 4048 vitam
696 4001 896 4048 tenues
923 3991 1109 4046 emisit
1141 3991 1199 4045 in
1229 4005 1394 4045 auras
1426 4007 1440 4054 ;

89 4083 216 4138 Non
250 4081 470 4137 funesta
494 4081 685 4136 valens
713 4082 780 4136 ad
811 4096 1002 4137 eorum
1033 4081 1220 4136 vivere
1245 4087 1478 4135 mortem

96 4173 352 4236 Quorum
385 4170 468 4225 vir
495 4170 714 4226 Domini
744 4177 916 4225 certat
945 4168 1250 4224 defendere
1271 4167 1460 4222 vitam.

95 4265 470 4337 Suspendunt
501 4265 670 4336 igitur
697 4265 881 4321 vicino
907 4271 1127 4338 tergora
1153 4261 1302 4329 calli,

99 4356 321 4410 Securo
351 4353 648 4409 Dominum
681 4352 959 4409 Simeonis
975 4351 1143 4408 corde
1172 4350 1351 4406 viator

96 4443 166 4498 Ut
196 4441 525 4509 benedicat,
556 4441 682 4508 iter,
716 4440 896 4512 posita
926 4439 1248 4502 formidine,
1280 4453 1537 4508 carpens.

635 412 717 466 DE
755 411 1118 468 TRIUMPHIS
1160 411 1416 468 CHRISTI
1455 409 1826 466 ANTIOCHIAE
1865 411 2088 466 GESTIS
2131 410 2307 465 LIBRI
2348 411 2497 465 DUO.
2540 441 2611 450 —
2651 410 2774 466 LIB.
2819 411 2882 464 Il.

3320 417 3426 470 578

1735 546 1786 613 Α
1884 539 2180 610 Explevere
2209 539 2319 592 duo
2347 539 2501 592 socia
2527 538 2786 593 mercede
2828 537 3069 593 laborem

1813 631 1877 685 Ut
1906 631 2052 701 quod
2086 630 2432 700 perciperent
2461 631 2689 700 posthac
2719 629 2857 683 libra
2888 628 3124 684 finderet
3155 648 3313 703 aequa
3338 649 3352 696 ;

1811 725 2354 796 Comproperantque
2385 724 2588 780 dehinc
2617 725 2790 779 sancti
2822 724 3146 782 benedicier
3172 741 3291 791 ore,

1811 815 1956 880 Quos
1983 815 2074 870 ille
2103 815 2400 886 aspiciens,
2429 815 2723 886 cordisque
2754 815 2971 870 occulta
2998 822 3298 885 penetrans

1813 909 1982 977 (Alter
2007 907 2155 963 enim
2187 907 2444 962 comitem
2480 906 2688 978 pellace
2719 905 2990 961 fefellerat
3021 909 3192 974 astu),

1815 1000 1922 1055 Cur
1946 1000 2173 1054 veniant
2198 997 2398 1069 rogitat
2426 997 2521 1068 qui
2551 1003 2696 1062 sunt,
2739 998 3012 1068 iteratque
3042 1012 3183 1068 Opus
3215 996 3293 1050 illi

1810 1089 2140 1144 Nontamen
2167 1103 2334 1142 omne
2363 1085 2547 1140 ferunt
2575 1104 2588 1139 :
2625 1087 2904 1140 «Frausne
2919 1085 3140 1141 sitfacta
3169 1086 3374 1140 videte.
3408 1110 3423 1132 -

1813 1184 1990 1254 thue
2022 1188 2244 1255 negant,
2278 1181 2428 1235 vafro
2454 1201 2480 1231 (ι
2513 1180 2750 1254 Caligam
2783 1181 2924 1250 pede
2957 1180 3084 1234 tolle
3113 1201 3137 1230 ››
3169 1181 3361 1235 beatus

1812 1271 1974 1336 Dixit,
2008 1277 2061 1324 et
2093 1271 2235 1324 hanc
2258 1269 2354 1322 ubi
2383 1269 2482 1323 das
2512 1269 2724 1334 comiti,
2753 1284 2862 1323 non
2890 1268 3021 1322 estis
3045 1269 3242 1340 iniqui.
3277 1289 3306 1318 ι)

1813 1366 1928 1431 Quo
1955 1365 2096 1422 facto
2121 1365 2404 1436 crepidam
2433 1365 2666 1430 tollenti,
2707 1392 2724 1410 ιε
2775 1365 2993 1431 Dissue,
3033 1385 3059 1413 υ
3085 1364 3328 1431 mandat,

1819 1457 2256 1531 «Quinquaginta
2286 1463 2380 1509 tuo
2407 1455 2615 1510 solidos
2646 1455 2742 1509 tibi
2770 1456 2894 1523 jure
2921 1470 3235 1524 capessens,

1812 1547 2020 1617 Totque
2049 1545 2231 1599 sciens
2260 1544 2394 1599 socii
2424 1545 2586 1615 parili
2619 1560 2823 1615 perone
2854 1544 3048 1598 latere.
3081 1564 3104 1593 ι)

1815 1640 1902 1694 Sic
1931 1638 2215 1692 moderata
2244 1637 2387 1708 aaqui
2419 1637 2645 1708 collegae
2678 1636 2835 1690 lance
2869 1635 3154 1700 recedunt,

1817 1724 2276 1800 Magnificantque
2309 1728 2481 1780 Deum
2514 1742 2772 1796 perversa
2804 1725 2994 1779 fraude
3025 1733 3300 1790 carentes,

1743 1863 1794 1930 B
1818 1821 1916 1885 Qui
1950 1827 2160 1875 tantum
2193 1820 2300 1874 vati
2331 1820 2607 1875 concessit
2639 1821 2820 1874 inesse
2853 1820 3058 1894 vigoris

1821 1910 1884 1965 Ut
1909 1912 2038 1966 dum
2063 1912 2231 1966 totius
2260 1911 2383 1966 nisu
2413 1911 2627 1966 virtutis
2658 1912 2922 1970 adhaeret,

1816 2003 2048 2059 Iunctus
2073 2011 2258 2058 mente
2289 2005 2420 2069 Deo,
2451 2003 2520 2056 sit
2547 2018 2777 2058 munere
2803 2002 3027 2072 spiritus
3067 2018 3210 2056 unus

1821 2090 1972 2146 Caeca
2009 2091 2292 2147 tenebrosi
2327 2091 2536 2146 rimans
2560 2090 2867 2161 penetralia
2883 2090 3085 2144 cordis.

1821 2180 1910 2234 Sic
1939 2181 2098 2248 cujus
2125 2180 2412 2235 combusta
2439 2179 2636 2234 domus
2665 2178 2768 2233 civi
2798 2177 3156 2232 Antiochensi

1820 2272 2092 2336 Quantum
2124 2272 2428 2343 perdiderit
2461 2264 2661 2344 ;quare
2693 2270 2930 2326 narravit
2958 2285 3122 2325 avaro

1819 2361 2082 2416 Promens
2103 2370 2236 2432 quot
2258 2360 2486 2415 latebris
2509 2361 2810 2416 solidorum
2852 2360 3106 2414 abstrusa
3129 2357 3334 2412 talenta

1820 2450 2037 2514 Celarit,
2069 2466 2336 2521 serusquc
2366 2449 2496 2504 boni
2530 2449 2667 2504 nihil
2689 2450 2820 2504 inde
2855 2449 3121 2519 patrarit;

1821 2539 1996 2593 Mersa
2019 2539 2145 2594 ideo
2175 2555 2380 2594 caecum
2410 2539 2614 2593 baratri
2648 2545 2876 2592 testatus
2918 2537 2973 2590 in
3006 2537 3198 2602 imum,

1822 2627 2133 2681 Ostendens
2161 2641 2272 2683 non
2292 2628 2484 2702 ignaro
2522 2627 2669 2697 quod
2701 2626 2895 2681 fecerit
2927 2624 3072 2679 istud

1821 2718 1912 2784 Se,
1938 2720 2206 2774 Dominus
2234 2718 2439 2774 famulo
2477 2735 2576 2774 sua
2605 2720 2771 2774 charo
2799 2717 3052 2772 examina
3079 2716 3332 2787 pandens

1819 2807 2116 2862 Arbitrium
2138 2808 2478 2879 suspectanti
2505 2824 2604 2862 seu
2629 2807 2834 2876 judicis
2864 2807 3032 2878 aequi.

1896 2898 1995 2952 Olli
2029 2904 2294 2968 praeterea
2323 2896 2785 2969 pietasimmensa
2810 2897 3033 2971 vigebat

1823 2988 2030 3045 Aﬂ‘ectu
2062 2997 2117 3045 et
2148 2991 2364 3046 cunctis
2393 2990 2556 3045 avido
2589 2990 2855 3062 prodesse
2897 2987 3164 3063 benigno.

1826 3087 1980 3141 Unde
2007 3086 2170 3141 etiam
2200 3086 2334 3140 lethi
2366 3085 2646 3156 quondam
2679 3085 2748 3138 de
2778 3083 2936 3138 fauce
2968 3084 3237 3138 latronem

1756 3200 1804 3264 ρ
1828 3178 2098 3248 Eripiens,
2122 3176 2264 3232 caelo
2291 3175 2462 3231 celeri
2490 3175 2760 3230 solamine
2783 3174 2954 3240 misit,

1827 3268 1924 3332 Qui
1967 3276 2089 3338 post
2122 3266 2388 3322 lethiferis
2420 3267 2560 3320 mala
2596 3265 2829 3336 plurima
2859 3272 3015 3339 gesta
3038 3264 3266 3335 rapinis,

1827 3360 1961 3413 Dum
2003 3357 2194 3413 mortis
2223 3357 2430 3410 meritae
2457 3363 2736 3426 pateretur
2765 3356 2832 3410 ad
2859 3357 3051 3411 ultima
3083 3373 3283 3426 pcenaz.

1825 3447 2154 3522 Aggreditur
2174 3461 2411 3516 propero
2434 3445 2802 3500 venerandam
2831 3446 2968 3500 calle
2999 3446 3339 3501 columnam.

1826 3540 2174 3603 Quaerentum
2206 3553 2369 3609 quem
2403 3552 2565 3591 nemo
2595 3537 2740 3591 valet
2771 3537 3096 3611 contingere
3125 3536 3328 3604 visum,

1831 3627 1942 3683 Sed
1969 3643 2075 3682 nec
2103 3626 2172 3681 ad
2205 3628 2353 3682 hunc
2383 3642 2550 3682 ausus
2579 3626 2913 3698 capiendum
2946 3626 3244 3682 extendere
3277 3627 3416 3681 dex-

3183 3718 3338 3790 [tram
3374 3737 3388 3785 ;

1832 3811 2060 3882 Moxque
2085 3809 2182 3865 ubi
2203 3808 2429 3864 deﬂevit
2455 3816 2667 3881 septem
2708 3824 2807 3863 sua
2821 3808 2961 3863 facta
2988 3808 3193 3863 diebus

1833 3905 2083 3961 Perﬁdus
2123 3905 2426 3962 Honoratas
2446 3905 2655 3960 dudum
2687 3904 2907 3959 tandem
2940 3919 3062 3958 esse
3094 3903 3272 3958 ﬁdelis

1834 3998 2158 4064 Addiscens,
2192 3997 2442 4071 gratique
2467 4012 2675 4052 canens
2700 3995 2810 4050 sibi
2833 4002 3079 4066 tempora
3107 3994 3254 4063 finis,

1807 4089 2167 4162 -Conscendit
2195 4088 2449 4159 Iacrymis
2489 4087 2729 4158 paradisi
2759 4088 2960 4162 gaudia
2999 4088 3144 4144 lotus

1837 4181 1900 4235 Et
1927 4187 2116 4236 vectus
2146 4179 2360 4236 meritis
2389 4179 2667 4235 Simeonis
2692 4181 2759 4235 ad
2787 4181 2896 4235 alta
2917 4180 3060 4235 beati
3088 4199 3105 4246 ;

1832 4275 2006 4347 Atque
2038 4275 2210 4332 decus
2235 4273 2434 4329 Christi
2458 4275 2775 4331 confessum
2807 4275 2862 4329 in
2893 4283 3072 4330 morte
3096 4275 3365 4330 latronem

1838 4363 2190 4431 Consectans,
2220 4371 2436 4435 raptum
2453 4364 2720 4420 Dominus
2750 4379 2914 4436 quem
2939 4362 3193 4419 faucibus
3231 4364 3346 4419 orci

1835 4455 1913 4509 Ad
1947 4455 2274 4526 paradisiaci
2305 4455 2562 4526 perduxit
2580 4471 2804 4510 amoena
2832 4454 3069 4510 decoris.

168 4529 524 4636 (ξωιξίηξοάξε
550 4529 852 4636 ίδῐηθηιίιίθ
883 4528 995 4583 Sibi
1027 4526 1359 4636 Ρΐοίξξδθδδί
1389 4527 1657 4582 ἣοηοτεῐη
1747 4568 1804 4636 D
1907 4541 2150 4612 Inclytus
2171 4541 2260 4597 hic
2277 4541 2497 4597 Domini
2518 4542 2754 4597 famulus
2783 4558 3132 4614 quaecunque
3163 4542 3383 4614 petivit,

92 4621 340 4689 Deferri,
373 4621 592 4696 fugiens
620 4628 866 4678 ventosae
895 4635 1126 4675 munera
1157 4620 1379 4694 linguae.

1841 4630 2200 4689 Haecsalutari
2233 4629 2380 4686 dono
2401 4630 2636 4702 captavit
2668 4630 2826 4686 herili

95 4735 120 4764 α
157 4714 339 4788 Perge
358 4712 610 4778 domum,
645 4737 670 4760 ιο
719 4712 938 4780 dicens,
991 4711 1277 4784 praebebat
1306 4710 1510 4781 cuique
1543 4726 1592 4765 in

1838 4723 1968 4777 Nam
2001 4723 2194 4798 regina
2213 4728 2428 4794 potens,
2460 4729 2646 4777 tamen
2673 4721 2972 4777 infecunda
3002 4721 3224 4791 marito,

1533 4801 1660 4867 lam,

1533 4801 1582 4857 la

95 4919 126 4947 ι
152 4895 594 4968 Gloriﬁcansque
633 4897 804 4951 Deum
825 4895 920 4968 qui
951 4902 1004 4950 te
1029 4895 1265 4960 sanavit,
1295 4801 1531 4959 honoraf
1586 4819 1636 4858 m

97 4989 214 5044 Nec
245 4998 302 5043 te
335 4995 582 5044 curatum
621 4988 898 5044 Simeonis
926 4986 1139 5042 viribus
1168 4986 1318 5042 ausis

95 5079 368 5143 Prodere,
401 5093 469 5132 ne
497 5093 663 5148 paena
693 5092 851 5132 versa
882 5076 983 5132 tibi
1013 5085 1160 5132 sorte
1193 5074 1405 5131 feratur
1433 5092 1447 5142 ;

94 5169 212 5223 Nec
228 5167 424 5235 jnrare
443 5167 541 5222 Dei
572 5181 878 5237 praesumas
909 5165 1136 5220 nomine
1162 5164 1388 5233 summi,

96 5262 399 5318 Peccatum
427 5275 552 5315 esse
578 5260 762 5315 sciens
794 5278 809 5324 ;
841 5260 898 5314 in
939 5276 1026 5314 me
1058 5258 1191 5332 quin
1225 5274 1470 5330 paupere
1496 5259 1622 5328 jura

91 5356 406 5412 Constricto
435 5355 584 5410 vitiis
612 5354 789 5429 fragili
823 5353 928 5409 sub
955 5353 1139 5409 carnis
1169 5353 1391 5408 amictu.
1427 5373 1456 5404 ι)

96 5449 137 5503 Ο
171 5448 407 5522 dignum
441 5445 635 5502 Christi
669 5445 978 5502 fomuluml
1011 5445 1140 5500 dum
1172 5455 1390 5501 vertere
1417 5453 1571 5501 curat

100 5540 408 5609 Lapsantes
434 5538 672 5604 animas,
696 5536 909 5607 potiora
947 5535 1196 5606 pericula
1225 5535 1415 5602 demit,

101 5631 343 5686 Lubrica
371 5629 690 5703 linguarum
721 5628 902 5684 bonus
921 5627 978 5682 in
1008 5643 1070 5682 se
1099 5627 1312 5697 spicula
1335 5626 1528 5691 demit,

101 5726 182 5780 Ne
214 5725 270 5779 in
300 5723 598 5779 Dominum
627 5723 920 5778 commissa
946 5737 1071 5778 reos
1100 5728 1324 5792 peccata
1354 5727 1627 5786 tenerent,

102 5818 256 5882 Quos
287 5817 518 5890 proprio
547 5817 826 5872 redimens
845 5815 1075 5872 salvavit
1102 5816 1375 5891 sanguine
1396 5815 1600 5872 Factor.

1835 4811 2050 4886 Legatis
2077 4817 2232 4885 rogat
2257 4809 2482 4866 attribui
2503 4809 2609 4865 sibi
2640 4809 2844 4885 gaudia
2864 4811 3074 4865 matris.

1839 4903 2223 4974 Expromptam
2257 4903 2463 4974 pietate
2497 4900 2660 4956 ﬁdem
2702 4899 3041 4956 venerabilis
3063 4900 3154 4954 ille

1836 4991 2013 5044 Mente
2043 4998 2225 5057 tuens,
2250 4991 2518 5062 promittit
2546 5005 2732 5060 Opem,
2768 4990 3150 5062 promissaque
3189 4989 3460 5060 supplens

1838 5079 1960 5134 Fert
1989 5080 2168 5136 sterili
2202 5087 2439 5150 partum,
2470 5094 2582 5134 non
2605 5079 2838 5135 inferior
2865 5080 3044 5134 Eliseo
3075 5097 3089 5145 ;

1838 5176 2043 5232 Clarior
2064 5183 2234 5247 utque
2262 5175 2366 5229 viri
2391 5174 2561 5230 virtus
2587 5175 2692 5230 hoc
2721 5175 2867 5229 clara
2899 5181 3115 5245 patratu

1828 5270 2178 5340 Splenderet,
2212 5284 2445 5339 puerum
2478 5267 2695 5338 peperit
2725 5266 2936 5340 regina,
2962 5273 3250 5338 repertum

1829 5358 2097 5428 Tempora
2129 5365 2251 5427 post
2281 5364 2489 5411 mutum
2516 5371 2739 5430 gressus
2772 5371 2949 5427 neque
2983 5355 3126 5410 ferre
3158 5357 3456 5412 valentem.

1830 5447 2328 5518 Approperansque
2359 5445 2451 5499 Dei
2478 5445 2663 5499 famuli
2693 5461 2866 5516 prope
2899 5445 3157 5501 culminis
3177 5462 3322 5514 oras,

1833 5533 1964 5588 Cum
1993 5533 2193 5589 misero
2220 5533 2364 5607 legat
2384 5541 2715 5587 maerentem
2744 5532 2953 5588 infante
2986 5534 3241 5589 maritum

1834 5626 2067 5682 Patrono
2098 5644 2111 5690 ;
2146 5625 2416 5696 tantisper
2436 5640 2534 5678 eos
2554 5623 2712 5693 jubet
2732 5625 2824 5681 ille
2852 5643 3078 5681 manere

1836 5720 1972 5774 Dum
2003 5717 2220 5774 Domini
2250 5726 2401 5790 petat
2429 5718 2690 5774 auxilium
2725 5737 2738 5773 :
2764 5720 2921 5792 petit,
2955 5712 3184 5792 accipit,
3200 5721 3282 5777 ori

1837 5813 2029 5868 Sermo
2057 5810 2218 5870 datur
2244 5812 2422 5884 pueri,
2455 5812 2674 5868 discunt
2701 5812 2961 5869 incedere
2988 5813 3210 5886 plantae.
