3890 6414
463 414 569 469 579

463 546 655 616 Fitque
683 546 807 616 pius
828 544 1014 600 senior
1039 543 1196 614 pueri
1223 542 1462 597 dircctor
1476 547 1530 596 et
1561 549 1729 606 actor,

462 640 712 696 Ofﬁcium
744 640 873 692 dum
893 636 1098 707 praebet
1127 635 1176 689 ei
1213 635 1522 707 linguaeque
1552 635 1891 706 pedumque,

462 733 646 801 Cujus,
675 747 798 787 eum
829 727 1051 800 quando
1073 726 1326 781 obtinuit.
1360 733 1518 800 pater
1545 727 1756 784 exstitit
1785 727 1938 794 olim,

537 821 729 877 Clausa
753 820 837 875 vir
857 818 1116 892 egregius
1145 824 1398 872 scrutans
1429 834 1626 874 arcana
1652 818 1897 885 videbat,

465 911 623 964 Nulla
651 910 872 964 domum
902 909 1062 976 cujus
1091 909 1292 964 mulier
1314 917 1606 980 penetrare
1641 910 1876 965 solebat.

464 1002 621 1056 Forte
653 1001 754 1056 fuit
783 1001 1033 1073 quaedam
1057 1003 1289 1073 cupiens
1319 1003 1560 1058 invisere
1581 1013 1782 1066 vatem,

463 1093 778 1164 Militiaaque
808 1093 956 1148 viros
985 1094 1106 1165 ejus
1137 1093 1410 1150 habitacla
1441 1101 1696 1166 petentes

461 1185 667 1249 Cernit,
696 1195 752 1243 et
781 1187 1054 1258 arripiens
1081 1187 1328 1243 habitum
1360 1195 1567 1243 mutata
1586 1187 1798 1243 virilem

460 1275 722 1331 Militibus
750 1277 1008 1332 comitata
1036 1277 1184 1332 subit
1213 1293 1375 1332 secus
1409 1277 1548 1332 ostia
1576 1275 1771 1331 sancti.

461 1368 673 1423 Limina
702 1384 813 1424 non
845 1368 1058 1423 audens
1082 1367 1264 1423 vetitae
1293 1367 1435 1438 pede
1466 1373 1692 1440 tangere
1715 1365 1868 1420 cellae

458 1457 847 1517 Conservanda
877 1457 1012 1527 petit
1041 1456 1301 1513 comitum
1315 1457 1568 1525 jumenta
1599 1472 1614 1521 ;
1646 1456 1921 1510 sinuntur.

464 1555 750 1609 Introeunt
789 1553 949 1621 socii,
981 1552 1498 1624 benedicunturque
1519 1553 1666 1607 beati

457 1644 560 1699 Ore
589 1646 691 1700 viri
717 1663 731 1711 ;
763 1645 992 1714 posthac
1015 1644 1090 1698 ait
1129 1643 1220 1698 ille
1252 1659 1265 1696 :
1298 1663 1323 1694 α
1354 1642 1639 1697 Remansit

457 1737 701 1804 Quilibet
729 1742 855 1790 ante
873 1734 1041 1799 fores,
1075 1750 1138 1790 ex
1170 1751 1260 1790 me
1287 1734 1374 1790 cui
1399 1733 1527 1788 talia
1557 1733 1695 1788 ferte
1720 1751 1733 1788 :

455 1821 575 1877 Noli
605 1823 805 1884 vexari,
832 1823 974 1877 intro
1003 1823 1201 1893 pedem
1235 1838 1417 1894 neque
1439 1822 1618 1896 dirige
1649 1820 1844 1876 Christi

454 1915 650 1972 Contra
677 1916 1026 1987 dispositum,
1059 1915 1202 1970 servi
1228 1913 1358 1970 fidei
1420 1915 1556 1987 [cod.
1584 1914 1618 1969 2
1646 1913 1784 1986 ﬁeri]
1820 1915 1935 1985 ipse
1966 1916 2078 1970 mi-

939 2071 952 2081 .
1789 2005 2006 2076 [sertus.

455 2097 697 2170 Namque
729 2096 807 2152 tui
837 2097 1119 2152 cernendo
1153 2095 1318 2152 ﬁdem
1351 2097 1616 2153 Dominus
1653 2099 1849 2168 probat
1880 2098 2070 2154 altus.»

455 2189 672 2263 Egressi
703 2188 962 2244 comitem
992 2189 1197 2260 pandat
1227 2205 1336 2261 quo
1362 2205 1491 2245 vera
1523 2198 1819 2261 precantur
1849 2208 1864 2256 ;

451 2277 640 2332 Prodit
667 2292 726 2331 se
756 2277 983 2342 sociam,
1015 2278 1198 2332 socius
1229 2278 1433 2349 quibus
1464 2286 1594 2334 ante
1627 2285 1870 2350 putatus,

449 2367 604 2421 Talia
631 2372 814 2422 mente
839 2367 941 2420 viri
967 2383 1138 2439 quare
1170 2370 1586 2439 praesumpserit
1609 2370 1843 2424 addens.

451 2455 688 2510 Auribus
722 2457 839 2512 haec
869 2457 949 2510 illi
981 2457 1220 2528 stupidis
1251 2458 1549 2530 animoque
1580 2459 1858 2513 trahentes

452 2547 804 2622 Magnificam
837 2550 1082 2614 Domini.
1115 2561 1446 2606 venerantes
1474 2567 1725 2618 munera,
1758 2566 1996 2605 servum.

457 2641 666 2696 Funera
688 2648 812 2711 post
837 2641 994 2709 cujus
1025 2642 1275 2712 quaedam
1310 2650 1579 2697 temerare
1611 2650 1864 2713 protervo

456 2737 696 2792 Claustra
727 2747 921 2808 petens
952 2753 1110 2800 ausu,
1141 2737 1308 2792 vetita
1333 2745 1391 2792 ut
1423 2739 1565 2808 pede
1596 2738 1796 2794 limina
1813 2738 2008 2813 tangit,

456 2827 618 2882 Retro
636 2827 796 2898 plexa
813 2829 942 2896 ruit,
959 2828 1222 2898 lethoque
1249 2829 1490 2882 coercita
1519 2829 1704 2884 cessit.

528 2916 686 2986 Saepe
711 2915 935 2986 quidem
965 2915 1197 2970 veniens
1229 2915 1487 2971 benedici
1518 2918 1687 2972 multa
1703 2919 1924 2988 petebat

453 3008 632 3064 Turba
689 3009 982 3064 hominum
1041 3023 1057 3073 ;
1114 3009 1213 3063 sed
1267 3025 1333 3064 ea
1400 3009 1593 3083 longas
1641 3010 1769 3065 dum
1828 3017 2079 3082 tempore

1751 3103 2009 3174 [quodam

459 3193 788 3264 Expectante
811 3207 994 3248 moras
1016 3191 1274 3264 precibus
1296 3191 1462 3246 trahit
1488 3191 1604 3259 ille,
1645 3192 1902 3249 minister

455 3283 704 3339 Innitens
731 3281 996 3357 gradibus
1025 3281 1348 3337 conscendit
1370 3280 1437 3334 ad
1465 3281 1572 3334 alta
1592 3281 1902 3346 colummae,

456 3374 567 3430 Nec
603 3390 869 3444 responsa
899 3374 1047 3445 capit
1069 3373 1336 3444 p0pulum
1366 3372 1596 3428 solarier
1621 3388 1787 3428 orans
1818 3390 1831 3426 :

454 3466 693 3521 Vocibus
723 3465 960 3520 assiduis
987 3465 1209 3520 tandem
1239 3465 1532 3520 insistente
1549 3471 1788 3532 caterva,

461 3575 480 3603 ι
516 3553 613 3620 Ne,
639 3554 832 3608 fratres
853 3554 1024 3620 chari,
1054 3553 1171 3608 sitis
1197 3553 1354 3621 mihi,
1380 3570 1589 3625 quaso,
1625 3554 1905 3620 molesti,»

453 3650 685 3704 Sanctus
713 3647 807 3713 ait,
846 3673 869 3694 α
903 3650 1147 3705 morulas
1172 3650 1319 3722 quod
1347 3649 1505 3705 vobis
1535 3648 1704 3704 affero
1729 3649 1950 3703 tardans
1975 3666 1988 3715 ;

451 3740 645 3813 Magna
671 3739 893 3811 quidem
913 3739 1068 3793 navis
1105 3755 1194 3794 me
1222 3739 1358 3793 dum
1388 3739 1664 3794 vocitabat
1695 3739 1749 3792 in
1778 3739 1909 3805 alto,

451 3829 617 3900 Cujus
645 3830 713 3883 ad
740 3829 965 3883 exitium
997 3827 1204 3882 tumida
1230 3835 1492 3903 surgente
1518 3827 1782 3898 procella,

453 3925 642 3979 Ferme
663 3929 1031 3978 trecentorum
1061 3920 1334 3976 titubabat
1363 3921 1473 3975 vita
1503 3921 1743 3975 virorum
1769 3937 1782 3973 :

451 4019 630 4073 Mente
659 4017 821 4072 simul
851 4015 1000 4071 sensi
1029 4015 1319 4071 Dominum
1350 4031 1435 4070 me
1466 4031 1697 4086 poscere
1715 4015 1892 4085 posci,

454 4107 897 4177 Omnipotentem
927 4105 1034 4158 adii
1067 4104 1230 4171 votis,
1260 4103 1352 4175 qui
1381 4104 1634 4174 protinus
1664 4103 1776 4158 illis

450 4198 824 4270 Trauquillam
853 4195 1142 4251 miseratus
1173 4211 1336 4266 Opem
1355 4194 1555 4249 direxit
1583 4195 1637 4248 in
1669 4194 1906 4249 undas.»

453 4290 690 4356 Dixerat,
722 4298 776 4344 et
807 4287 1066 4359 precibus
1095 4286 1275 4340 ditans
1295 4285 1349 4339 in
1380 4301 1514 4356 pace
1546 4283 1855 4340 remittens.

449 4384 488 4437 Ο
528 4399 685 4438 mens
713 4381 820 4436 alta
849 4380 970 4446 viri,
999 4379 1116 4450 qui,
1150 4379 1370 4434 domate
1401 4384 1588 4448 septus
1623 4378 1680 4430 in
1718 4385 1890 4443 arcto,

450 4475 629 4530 Mente
656 4473 820 4528 maris
846 4473 975 4526 dum
1008 4472 1200 4526 lustrat
1221 4485 1412 4541 aquas,
1444 4468 1812 4540 praesentibus
1835 4473 1997 4535 astat,

447 4567 684 4640 Turgid‘a
713 4565 1015 4622 concilians
1045 4562 1370 4618 absentibus
1397 4576 1620 4633 aequora
1651 4577 1894 4631 praesens
1927 4579 1941 4628 ;

451 4658 688 4730 Spiritus
719 4670 1059 4726 exsuperans
1085 4669 1308 4708 carnem
1337 4651 1630 4722 praesentia
1659 4649 1864 4715 differt,

447 4745 876 4815 Transvaditque
906 4743 1084 4798 solum
1125 4741 1399 4796 tribulatis
1433 4746 1720 4811 promptus
1741 4738 1958 4794 adesse.

450 4833 623 4889 Carne
645 4833 774 4888 licet
798 4831 1060 4906 gravidus
1088 4830 1230 4884 liber
1246 4830 1358 4899 jam
1383 4829 1556 4884 fertur
1581 4829 1636 4882 in
1659 4828 1871 4883 orbem.

452 4930 588 5005 Ergo
617 4944 826 5003 negans
851 4941 961 4982 non
986 4925 1305 4997 spernendo
1337 4925 1702 4996 praesentibus
1741 4939 1923 4991 aures,

447 5025 616 5075 Aures
644 5035 754 5091 quo
786 5033 1031 5090 praesens
1051 5034 1163 5073 non
1185 5017 1519 5072 cernebatur
1541 5016 1781 5071 habebat
1809 5032 1823 5082 ;

447 5113 710 5168 Nimirum
739 5111 971 5168 Domino
997 5111 1224 5180 junctus
1252 5110 1668 5165 transcenderat
1696 5110 1826 5164 ima.

516 5203 611 5257 llic
633 5203 917 5277 regionem
953 5202 1113 5256 istam
1148 5201 1272 5271 pius
1302 5207 1362 5255 ut
1392 5209 1658 5271 patronus
1687 5199 1892 5266 alebat,

444 5291 742 5347 Pestiferos
770 5306 1062 5346 removens
1092 5289 1317 5345 morbos
1347 5289 1645 5360 cladesque
1670 5289 1949 5359 repellens
1978 5304 1992 5352 ;

445 5382 578 5436 Nam
610 5383 826 5438 telluris
853 5399 1013 5456 agros
1042 5391 1227 5437 motus
1257 5383 1544 5454 quatiebat
1571 5389 1623 5436 et
1651 5382 1800 5436 aades

452 5472 547 5526 llic
574 5474 852 5542 quondam
869 5472 1074 5543 pariter
1087 5479 1344 5527 sternens
1365 5472 1730 5543 hominesque
1743 5471 2077 5560 domosque,

447 5561 603 5617 Cives
622 5562 990 5636 agricolaeque
1017 5563 1181 5617 simul
1209 5581 1318 5634 qua
1347 5570 1502 5634 peste
1533 5564 1710 5618 coacti

446 5652 761 5708 Praesidium
795 5662 1048 5723 quzerunt
1070 5653 1242 5707 Patris
1259 5655 1498 5709 sublime
1528 5653 1697 5709 beati.

445 5740 540 5794 Ille
571 5737 669 5794 Dei
691 5739 905 5810 liquido
933 5740 1292 5796 venientibus
1324 5741 1573 5813 undique
1603 5741 1782 5797 turbis

446 5829 577 5885 Esse
609 5828 789 5897 aperit
826 5829 1052 5904 dignam
1069 5831 1281 5888 meritis
1310 5831 1649 5888 facientibus
1691 5833 1851 5901 iram,

1206 411 1574 468 FLODOARDI
1615 410 1920 467 CANONICI
1963 409 2293 466 REMENSIS
2334 412 2672 470 OPUSCULA
2717 414 3024 470 METRICA.

2104 1859 2153 1926 Β

3711 419 3814 473 580

2124 544 2170 610 Α
2199 539 2331 596 Cum
2360 549 2512 597 tanto
2543 543 2596 597 in
2625 544 2834 615 populo
2867 542 3076 599 faciens
3097 543 3243 599 bona
3270 544 3354 600 vix
3378 545 3521 601 foret
3549 562 3699 601 unus
3731 564 3744 610 ;

2198 638 2718 712 Suggeritetsecum
2753 640 3008 700 precibus
3037 641 3398 711 procumbere
3433 642 3682 712 plebem.

2196 728 2332 796 Una,
2361 746 2470 786 non
2501 731 2658 801 parili
2687 732 2904 797 merito,
2927 748 3062 787 voce
3090 733 3292 786 aethera
3322 733 3564 804 pulsant.

2196 818 2256 872 Et
2278 819 2548 874 Christum
2581 821 2787 890 pariter
2812 822 3105 876 summissa
3123 831 3310 877 mente
3336 830 3653 894 precantur,

2192 909 2298 965 Sed
2323 911 2447 982 quis
2473 928 2597 966 eum
2618 913 2810 988 digno,
2845 930 2982 985 puro
3013 915 3139 986 qnis
3159 916 3328 971 corde
3358 925 3602 990 rogaret,

2191 1003 2401 1058 Arcano
2435 1003 2698 1059 Dominus
2731 1003 2936 1061 famulo
2974 1021 3232 1062 sermone
3273 1007 3500 1074 revelat,

2191 1092 2384 1148 Pandit
2410 1104 2463 1150 et
2489 1095 2534 1149 is
2569 1097 2774 1166 populo
2805 1097 2950 1168 quod
2983 1098 3052 1152 de
3083 1105 3163 1153 tot
3195 1098 3629 1154 millibusunum

2189 1185 2438 1242 Audierit
2465 1187 2728 1244 Dominus
2754 1205 2965 1257 secum,
2991 1206 3310 1262 nomenque
3334 1190 3536 1248 fatetur

2184 1275 2471 1349 Agricolae,
2505 1279 2848 1350 accersitque
2874 1281 3075 1342 virum,
3107 1280 3383 1353 vitamque
3417 1289 3680 1352 precatur

2183 1363 2389 1430 Edicat,
2424 1366 2620 1438 reliqui
2653 1373 2711 1422 ut
2743 1369 2942 1423 factum
2988 1359 3360 1442 meritumque
3401 1379 3744 1443 sequantur.

2187 1451 2256 1506 Se
2283 1454 2380 1507 sed
2414 1454 2501 1509 hic
2531 1455 2823 1530 indignum
2855 1465 3316 1531 peccatoremque
3357 1460 3566 1516 referre

2183 1544 2394 1601 Perstat
2434 1564 2448 1611 ;
2480 1555 2540 1603 ut
2568 1550 2882 1620 exemplum
2906 1551 3112 1607 tribuat
3140 1551 3359 1608 virtutis
3389 1555 3622 1620 amicus,

2181 1636 2256 1691 Ne
2288 1644 2494 1692 tectum
2524 1639 2735 1694 celetur
2773 1656 2914 1711 Opus
2944 1642 3148 1696 bonum
3179 1651 3234 1697 et
3265 1643 3403 1698 utile
3434 1644 3653 1710 multis,

2181 1729 2457 1788 Cultorem
2498 1731 2816 1802 compulsus
2845 1733 2961 1807 agri
2992 1749 3052 1788 se
3085 1733 3295 1806 detegit
3325 1735 3439 1801 ille,

2181 1824 2398 1896 Resque
2431 1823 2702 1894 tripertito
2733 1823 3048 1897 sejungere,
3084 1825 3537 1897 pauperibusque

2181 1916 2339 1970 Parte
2371 1917 2517 1980 data,
2551 1915 2685 1970 fisco
2717 1923 2948 1986 partem,
2980 1917 3087 1970 sibi
3117 1924 3314 1971 caetera
3335 1917 3560 1984 subdat,

2182 2004 2408 2060 Enitens
2426 2005 2590 2060 rebus
2620 2005 2859 2076 prOpriis
2882 2012 3175 2060 contentus
3203 2006 3412 2074 haberi,

2181 2091 2432 2147 Reddere
2463 2109 2586 2163 quae
2613 2093 2831 2148 Domini
2864 2095 3264 2166 Domino,qu2e
3306 2094 3536 2150 Caesaris
3581 2096 3692 2166 ipsi
3729 2113 3744 2146 :

2180 2185 2432 2240 Tendere
2464 2201 2747 2257 nunquam
2780 2187 2877 2241 ulli
2902 2187 3151 2251 insidias,
3185 2188 3431 2260 nullique
3466 2205 3715 2252 nocere;

2181 2276 2422 2332 Fratrem
2481 2294 2763 2350 quemque
2811 2295 2971 2333 suum
3041 2279 3096 2332 in
3183 2278 3393 2335 Christo
3463 2295 3564 2333 ceu
3629 2288 3814 2333 semel

3515 2369 3746 2438 [amare

2180 2456 2380 2512 Audito
2407 2457 2510 2512 hoc
2536 2457 2685 2512 cives
2712 2457 2978 2512 humilem
3010 2465 3362 2524 venerantur,
3392 2458 3674 2512 honorant

2183 2550 2523 2616 Ruriculam,
2555 2551 2924 2622 meritumque
2951 2551 3027 2622 pii
3059 2552 3335 2607 Simeonis
3361 2552 3621 2616 adorant,

2184 2642 2287 2697 Per
2309 2641 2564 2714 geminos
2591 2642 2727 2696 istos
2759 2642 2984 2698 instanti
3013 2660 3044 2697 a
3073 2652 3252 2698 morte
3294 2643 3522 2710 revulsi,

2183 2733 2336 2798 Quod
2365 2747 2475 2786 non
2507 2732 2854 2801 spondentur
2881 2733 3136 2786 Sodomis
3175 2733 3428 2788 conferre
3466 2733 3699 2788 noveni.

2255 2823 2406 2877 Hunc
2436 2823 2659 2876 charum
2688 2821 2954 2876 Dominus
2982 2820 3249 2876 famulum
3279 2823 3518 2893 protexit
3562 2821 3634 2875 ab
3657 2822 3811 2876 omni

2183 2916 2365 2977 Hoste,
2412 2923 2608 2970 notans
2633 2913 2782 2985 quod
2813 2913 2857 2967 si
2889 2913 3014 2984 quis
3044 2914 3093 2966 ei
3133 2914 3278 2968 mala
3311 2915 3452 2969 ferre
3497 2922 3746 2985 pararet,

2181 3007 2240 3062 In
2278 3007 2566 3062 Dominum
2596 3012 2869 3076 peccaret,
2903 3005 3032 3058 dum
3061 3004 3343 3075 tangendo
3372 3005 3648 3060 nitentem

2183 3095 2518 3168 Conspectus
2548 3095 2764 3151 Domini
2800 3094 3067 3166 pupillam
3104 3100 3354 3166 tangeret
3381 3093 3502 3150 alti.

2181 3186 2409 3250 Quidam
2443 3201 2646 3255 nempe
2675 3184 2846 3250 ferox,
2878 3199 3023 3239 saevo
3051 3183 3350 3256 instigante
3391 3183 3666 3249 dracone,

2105 3273 2154 3342 C
2177 3277 2484 3333 Almiﬁcum
2511 3277 2648 3331 diris
2677 3277 2960 3347 praesumit
2986 3290 3214 3345 carpere
3247 3273 3428 3338 dictis,

2177 3368 2330 3422 Hunc
2351 3367 2699 3422 seductorem
2727 3379 3040 3419 memorans
3067 3372 3122 3417 et
3153 3362 3346 3416 fallere
3374 3363 3589 3426 turbas,

2176 3460 2488 3531 Militiaequc
2520 3465 2718 3529 potens
2745 3457 2970 3511 sibimet
3000 3455 3265 3509 mandare
3296 3453 3621 3528 magistrum

2173 3549 2344 3603 Vadat
2373 3557 2428 3605 et
2454 3549 2599 3603 hunc
2628 3562 2834 3602 vexans
2864 3547 3106 3616 deponat
3137 3545 3206 3598 ab
3235 3559 3362 3598 arce
3391 3543 3705 3598 columnae.

2176 3637 2484 3692 Permissus
2513 3642 2770 3707 properat
2792 3636 3088 3706 sociosque
3117 3634 3336 3689 asciscit
3367 3640 3421 3688 et
3445 3634 3589 3687 altas

2171 3731 2467 3802 Appellunt
2492 3731 2667 3785 scalas
2699 3746 2712 3795 ;
2745 3727 3012 3804 gradibus
3041 3726 3418 3781 conscendcle
3449 3726 3607 3780 nisus

2172 3819 2385 3884 Infelix,
2409 3835 2574 3890 quem
2607 3833 2969 3872 conscensum
3001 3815 3143 3869 mala
3171 3824 3296 3886 vota
3325 3814 3608 3887 negabant
3649 3832 3664 3869 :

2168 3912 2407 3983 Tresque
2429 3912 2634 3985 gradus
2659 3909 2933 3964 scandens
2961 3915 3337 3979 superaverat,
3381 3923 3512 3962 ecce
3573 3918 3803 3964 remotae.

2177 4003 2236 4057 Vi
2267 4019 2468 4073 supera
2497 4002 2658 4058 scalae
2696 4002 2883 4057 subito
2914 4001 3121 4072 liquere
3145 3999 3458 4055 columnam
3496 4016 3511 4064 ;

2091 4145 2106 4156 ,
2179 4093 2239 4147 Et
2264 4092 2434 4146 miser
2461 4107 2742 4163 appensus
2772 4092 2932 4156 cmlo,
2967 4099 3221 4161 terraque
3252 4103 3512 4159 perosus,

2176 4185 2440 4248 Quattuor
2480 4190 2538 4239 ut
2569 4183 2770 4239 cubitis
2803 4183 2978 4238 elatus
3007 4197 3132 4237 rure
3162 4179 3452 4252 pependit.

2177 4273 2313 4330 Ecce
2345 4273 2534 4328 furens
2561 4273 2776 4328 animos
2807 4278 3010 4327 caecato
3041 4271 3208 4326 corde
3231 4268 3449 4324 feroces

2176 4366 2416 4426 Extollit,
2451 4367 2816 4437 pharetraque
2845 4364 2988 4435 rapit
3018 4363 3304 4434 pendente
3343 4362 3630 4428 sagittam,

2177 4455 2501 4528 Lunatoque
2532 4471 2661 4510 arcu
2691 4454 2863 4509 nisam
2897 4454 2987 4525 pia
3017 4453 3264 4507 membra
3285 4451 3464 4506 forare
3497 4468 3512 4516 ;

2180 4553 2262 4606 Ira
2315 4566 2555 4622 superna
2612 4565 2836 4604 manum
2904 4545 3031 4602 ferit
3089 4564 3102 4601 :
3155 4545 3302 4601 haud
3352 4560 3506 4600 mora
3547 4544 3809 4616 plectitur

3512 4634 3703 4705 [arens
3725 4653 3739 4700 ;

2173 4732 2419 4804 Hincque
2443 4732 2590 4788 ferus
2618 4730 2926 4806 chiragram
2957 4731 3162 4802 patitur
3184 4728 3504 4800 rapiturque
3529 4728 3802 4803 podagra.

2169 4824 2360 4880 Officio
2390 4841 2653 4880 mannum
2684 4831 3004 4879 monstrans
3044 4836 3304 4893 peccasse
3330 4819 3680 4891 pedumque.

2169 4915 2302 4970 Nam
2334 4915 2531 4970 Christi
2561 4923 2790 4970 conatus
2815 4912 2911 4969 ubi
2941 4920 3295 4984 prosternere
3328 4925 3554 4966 servum

2165 5011 2437 5067 Stcrnilur
2467 5011 2588 5082 ipse
2614 5010 2803 5076 miser,
2835 5009 3025 5065 dextra
3055 5007 3353 5063 damnante
3381 5022 3666 5077 superna.

2169 5101 2380 5156 Dudum
2402 5099 2603 5156 etenim
2637 5099 2803 5154 turris
2832 5098 2956 5154 coeli
2982 5097 3076 5169 qui
3107 5096 3254 5152 celsa
3276 5096 3522 5167 petentis

2168 5193 2478 5248 Structores
2505 5191 2654 5247 labio
2686 5191 2743 5246 in
2772 5189 2960 5245 multis
2990 5189 3226 5244 secrevit
3257 5188 3325 5242 ab
3351 5203 3486 5253 uno,

2171 5283 2525 5354 Ascensuque
2554 5280 2666 5352 poli
2707 5280 2966 5353 indignos
3005 5277 3302 5334 summovit
3331 5277 3524 5347 inepto
3552 5294 3568 5340 ;

2182 5373 2302 5444 Ipse
2333 5379 2544 5427 trucem
2586 5385 2878 5425 removens
2925 5367 3276 5439 praesumptis
3325 5365 3566 5436 perculit
3592 5367 3793 5422 hostem

2181 5466 2470 5522 Gressibus
2500 5466 2778 5522 excelsum
2813 5462 3029 5517 Domini
3060 5478 3259 5516 vexare
3281 5468 3597 5532 parantem,

2183 5556 2467 5630 Indignus,
2509 5553 2771 5609 famulum
2801 5551 2926 5606 caeli
2956 5557 3169 5606 secreta
3200 5549 3500 5616 colentem,

2251 5648 2314 5700 At
2339 5653 2563 5701 sanctus
2592 5641 2808 5699 Domini
2835 5649 3124 5713 postquam
3152 5639 3508 5712 perpluribus
3528 5640 3692 5694 annis

2171 5742 2334 5796 Fixus
2363 5754 2550 5795 amore
2581 5737 2677 5792 Dei
2705 5737 2854 5792 celsa
2892 5735 3043 5791 stetit
3072 5735 3217 5790 altus
3250 5734 3306 5789 in
3337 5747 3491 5801 arce,

2172 5833 2460 5903 Nunquam
2494 5827 2824 5885 intermissis
2857 5827 3135 5898 precibus,
3166 5825 3390 5881 demum
3411 5825 3506 5896 pia
3536 5824 3670 5882 felix

2095 4602 2154 4671 D
