3890 6424
129 424 227 478 581
662 421 744 475 DE
783 421 1148 476 TRIUMPHIS
1191 421 1452 477 CHRISTI
1493 422 1873 478 ANTIOCHIE
1913 422 2140 478 GESTIS
2187 424 2363 478 LIBRI
2405 424 2556 480 DUO.
2600 457 2665 465 —
2707 427 2833 483 LIB.
2877 429 2948 482 II.
3369 434 3474 490 582

130 552 280 606 lnter
299 551 462 606 verba
484 565 707 621 precum
753 549 880 605 εαξιί
898 556 1113 605 secreta
1137 550 1348 621 petivit.

132 642 403 696 lntentam
430 640 586 696 cmlis
606 640 846 694 animam
869 641 937 694 ad
965 641 1214 696 coelestia
1239 643 1464 696 mittens

131 733 372 789 Cernere
400 733 759 788 scandentem
791 749 890 804 per
914 743 1167 804 tempora
1192 733 1357 808 longa
1385 735 1654 805 cupitum,

135 826 197 880 Et
228 827 370 880 locat
399 825 664 889 aetherea,
692 823 856 880 satiat
885 841 1048 896 quam
1081 825 1256 897 gratia
1285 826 1472 898 Regis,

134 917 201 971 Et
225 916 368 972 locat
395 915 636 971 aetherea
665 914 885 986 superis
916 931 1039 970 cum
1073 913 1309 970 coetibus
1339 915 1463 970 aula
1490 916 1690 987 (167*).

136 1005 408 1060 lllustrata
447 1003 570 1059 dies
602 1005 836 1075 posthac
866 1003 997 1058 dum
1031 1004 1188 1059 tertia
1218 1003 1393 1076 fulget

137 1095 313 1159 Quam
346 1093 542 1150 Christi
572 1092 778 1149 celebri
811 1093 1010 1148 colitur
1034 1092 1302 1148 surrectio
1325 1093 1495 1149 cultu.

140 1185 506 1255 Exspectante
539 1181 632 1236 diu
661 1181 919 1236 benedici
950 1180 1114 1252 plebe
1145 1191 1390 1254 gregata,

139 1277 317 1331 Patris
344 1275 614 1330 sollicitus
643 1291 776 1330 cura
802 1275 1126 1330 conscendit
1155 1275 1210 1329 in
1238 1291 1441 1340 arcem,

138 1367 472 1433 Antoninus,
504 1373 560 1420 et
589 1365 838 1419 innixum
871 1365 1013 1421 votis
1046 1373 1218 1432 ratus,
1253 1373 1392 1420 astat

140 1458 416 1522 Attentus,
442 1454 780 1525 tandemque
800 1470 1025 1522 vocans,
1047 1457 1218 1510 multa
1244 1464 1299 1509 et
1319 1470 1484 1526 prece
1520 1470 1776 1525 poscens,

140 1552 280 1605 Dum
303 1550 418 1620 jam
445 1548 596 1603 nulla
615 1547 999 1618 rependuntur
1025 1563 1291 1618 responsa
1333 1548 1565 1618 petenti,

141 1645 288 1698 Aure
315 1658 421 1697 nec
443 1641 676 1697 assumit
693 1641 997 1712 spiramina
1029 1647 1160 1696 nota
1181 1641 1458 1708 minister,

142 1732 278 1787 Sese
309 1748 552 1787 cernuus
575 1731 854 1786 inclinans
880 1731 963 1786 ori
1003 1730 1244 1802 applicat
1283 1747 1495 1797 aurem,

143 1824 394 1879 Flamine
421 1839 522 1894 pro
550 1823 676 1878 vita:
708 1822 846 1877 nihil
881 1822 972 1877 hic
1001 1821 1110 1876 nisi
1142 1831 1386 1878 aromata
1407 1821 1597 1886 sentit,

143 1919 382 1974 Nectare
412 1918 720 1992 fragrantes
749 1926 805 1974 et
830 1934 962 1972 nare
995 1918 1233 1988 capessit
1253 1918 1455 1973 odores

146 2009 366 2064 Funere
393 2009 673 2079 Spirantes
701 2008 932 2079 ejusque
957 2005 1180 2061 flamine
1212 2007 1406 2062 Christi

145 2100 278 2156 Late
310 2116 645 2175 respergens
675 2100 812 2156 odor
850 2098 1087 2170 inclytus
1113 2099 1320 2154 exstitit
1351 2099 1555 2154 aethra.

140 2191 462 2264 Discipulus
489 2205 726 2246 cernens
754 2189 1038 2246 hominem
1071 2190 1220 2260 quod
1249 2189 1477 2261 liquerit
1504 2189 1670 2243 imum

138 2285 320 2341 Mistis
347 2285 513 2357 longa
545 2281 713 2337 trahit
744 2279 1000 2353 lacrymis
1039 2281 1278 2352 suspiria
1305 2279 1494 2345 corde,

138 2381 314 2436 Multa
339 2393 584 2450 querens
609 2376 932 2451 gemituque
963 2376 1201 2430 animam
1233 2375 1524 2432 confectus
1555 2373 1777 2429 anhelo.

140 2474 284 2528 Dum
320 2473 520 2527 lactum
551 2469 861 2544 ingeminat
887 2475 1076 2539 raptus
1102 2468 1383 2524 mulcente
1414 2483 1638 2538 sopore,

143 2557 378 2627 Sopitus
398 2557 582 2614 subito
607 2559 732 2627 jura
763 2574 930 2613 manu
956 2558 1094 2628 (sic),
1127 2557 1326 2612 virtute
1355 2574 1618 2629 superna,

148 2651 230 2705 En
267 2650 442 2704 Patris
471 2665 598 2705 orsa
627 2649 774 2721 capit
799 2649 1026 2705 monitis
1051 2649 1158 2704 sibi
1195 2649 1324 2703 talia
1365 2650 1584 2704 dantis:

149 2768 176 2789 α
222 2740 302 2795 Ne
333 2747 566 2806 metuas,
589 2747 796 2814 gratam
831 2757 1009 2812 neque
1031 2741 1180 2796 enim
1205 2740 1423 2796 dimitto
1447 2740 1782 2805 columnam,

153 2831 410 2887 Culmina
437 2846 542 2886 nec
571 2830 778 2887 montis
808 2830 1053 2902 linquam
1086 2846 1196 2901 qua
1227 2829 1436 2884 lumina
1462 2829 1584 2882 vita:

155 2924 386 2980 Certans
412 2923 658 2988 obtinui;
689 2923 990 2989 descende,
1022 2922 1485 2993 satisfaciensque

153 3015 314 3070 Plebi
345 3015 687 3085 exspectanti
717 3015 784 3068 de
814 3030 924 3081 me,
949 3013 1030 3068 sic
1059 3013 1243 3085 perfer
1273 3013 1328 3067 in
1350 3013 1543 3067 urbem

152 3108 382 3173 Nuntia,
416 3107 556 3162 clam
576 3107 755 3162 incesti
775 3104 868 3161 fiat
888 3120 957 3160 ne
978 3106 1138 3160 turba
1159 3107 1430 3160 tumultus
1451 3122 1465 3172 ;

155 3201 409 3271 Namque
432 3215 537 3270 ego
569 3199 719 3270 quod
742 3198 977 3254 Domino
1001 3198 1207 3269 placuit
1230 3197 1344 3265 jam
1374 3197 1484 3254 fine
1507 3197 1720 3269 quievi,

157 3292 199 3348 Ο
233 3291 455 3362 plenam
485 3290 682 3345 virtute
713 3289 951 3343 animam
981 3303 1160 3359 neque
1179 3286 1376 3342 funere
1396 3285 1624 3342 victam!

157 3377 430 3433 Affectum
461 3378 686 3449 planctu
709 3375 972 3431 famulum
994 3375 1314 3447 fessumque
1344 3376 1581 3431 levando

160 3469 364 3525 Visitat
393 3468 797 3523 inconsolatum
830 3482 901 3520 ne
930 3466 1143 3537 linquat
1173 3466 1480 3531 alumnum,

161 3561 229 3614 Et
260 3573 502 3630 quonam
532 3557 653 3627 ipse
679 3556 840 3611 docet
869 3562 978 3610 ritu
1008 3569 1108 3608 sua
1134 3552 1330 3609 funera
1346 3562 1518 3610 curet.

163 3650 538 3719 Experrectus
568 3647 734 3701 homo
766 3644 1042 3700 Christum
1076 3641 1392 3713 pavefactus
1409 3641 1622 3709 adorat,

167 3742 520 3815 Pigneraque
541 3744 816 3792 attentans
837 3752 868 3792 e
891 3751 1122 3807 corpore
1152 3751 1380 3806 carpere
1409 3748 1587 3800 sacro,

162 3837 306 3890 Ecce
333 3837 564 3904 repente
598 3830 750 3886 videt
773 3828 1020 3905 gelidum
1043 3827 1340 3883 tremuisse
1366 3827 1624 3892 cadaver,

161 3925 241 3979 Ac
271 3937 396 3977 sese
423 3921 647 3992 penitus
672 3919 776 3975 hoc
800 3917 1166 3973 absterrerier
1203 3932 1374 3982 ausu;

157 4016 288 4080 Quo
318 4013 490 4068 misso
520 4011 690 4068 celeri
717 4010 1006 4066 descendit
1034 4009 1102 4064 ab
1131 4025 1258 4064 arce
1285 4023 1573 4084 regressu;

165 4108 431 4169 Pontifici
465 4107 684 4163 fratrem
719 4116 830 4161 tum
859 4105 1051 4180 dirigit
1077 4104 1424 4161 Antiocheno

170 4203 352 4266 Quem
385 4197 583 4270 probat
621 4195 928 4271 egregium,
960 4193 1055 4266 qui
1087 4194 1308 4250 ccelitus
1332 4192 1644 4261 irradiatus,

175 4290 416 4346 Cernere
447 4293 565 4341 erat
591 4285 788 4342 solitus
816 4283 1045 4339 secretis
1073 4283 1246 4337 multa
1276 4282 1594 4352 loquentem

175 4385 314 4440 Cum
346 4381 610 4437 Simeone
639 4379 809 4446 horis,
838 4378 1117 4451 praeclarae
1144 4377 1311 4433 vestis
1337 4377 1540 4432 amictu

177 4475 588 4548 Splendentem
620 4472 784 4528 niveo
813 4471 1038 4526 rutilum
1070 4485 1172 4526 ceu
1201 4469 1382 4545 fulgor
1404 4469 1667 4524 amicum.

177 4568 431 4625 Crastina
461 4565 551 4622 lux
583 4580 744 4620 roseo
775 4564 1046 4619 lustrabat
1074 4562 1285 4618 lumine
1314 4568 1510 4628 terras,

175 4657 627 4727 Praesulibusque
657 4653 764 4708 sibi
787 4653 998 4721 junctis
1027 4653 1200 4707 tribus
1230 4651 1610 4706 Antiochenus

173 4755 544 4825 Approperat,
583 4747 758 4802 tensis
786 4746 932 4802 circa
959 4745 1262 4816 deponitur
1284 4744 1396 4798 alta

177 4843 384 4899 Aulaeis
411 4855 546 4895 auro
575 4837 875 4911 pretiosius
895 4852 1021 4892 arce
1054 4835 1297 4902 monile;

177 4939 273 4990 Ast
301 4932 398 4988 ubi
426 4930 700 5004 contiguae
721 4943 921 5000 corpus
951 4927 1259 4982 devertitur
1291 4940 1416 4992 arae,

184 5028 393 5085 Cuncta
423 5025 480 5079 in
512 5023 742 5079 circuitu
784 5020 991 5076 nebula
1022 5020 1308 5091 replentur
1333 5033 1529 5089 opaca,

185 5123 330 5178 Utse
363 5125 690 5190 praesentem
718 5114 984 5170 Dominus
1013 5117 1345 5168 monstraret
1372 5111 1566 5165 adesse

183 5213 358 5277 Quem
381 5215 586 5262 tectum
613 5204 818 5260 nebula
850 5203 987 5274 petit
1014 5218 1045 5257 e
1072 5200 1311 5276 caligine
1337 5200 1573 5270 Moyses,

188 5301 250 5355 Et
279 5295 721 5353 Salomoniacam
755 5292 958 5347 nebula
990 5291 1084 5363 qui
1134 5291 1457 5361 impleverat
1488 5289 1667 5343 aulam

187 5384 489 5443 Pontifices
514 5399 695 5437 arcam
727 5381 1013 5436 cherubim
1044 5381 1176 5434 dum
1211 5379 1438 5432 sedibus
1458 5383 1651 5448 aptant

189 5478 370 5548 thue
408 5472 737 5544 probaretur
769 5469 952 5542 potius
980 5467 1275 5540 praesentia
1305 5466 1507 5520 summi

190 5566 350 5621 Certa
383 5563 504 5628 Dei,
531 5561 704 5616 cceles
731 5561 881 5615 cultu
909 5558 1157 5612 radiante
1187 5555 1470 5623 renidens,

193 5659 325 5714 Cum
355 5655 506 5710 visus
531 5661 742 5724 septem
773 5649 1091 5706 senioribus
1125 5647 1310 5703 abdita
1340 5647 1504 5702 ferre.

195 5748 342 5820 Papa
372 5759 544 5801 sacrae
573 5752 720 5798 setas
747 5741 981 5812 cupiens
997 5740 1300 5810 decerpere
1328 5737 1536 5805 barbae,

270 5905 418 5977 (I67)
449 5903 542 5958 Sic
569 5900 743 5957 codex
763 5905 1011 5968 uterque.

1806 1876 1854 1943 Β

1785 557 1833 622 Α
1862 550 2275 623 Nazareumque
2298 553 2423 622 pilis
2451 552 2682 609 Domino
2712 555 2919 610 nndare
2948 557 3192 625 sacratis,

1765 649 1782 662 ’
1865 646 1929 700 Ut
1956 646 2199 699 dextram
2231 645 2299 698 ad
2321 647 2619 700 metuenda
2649 647 2790 712 tulit,
2821 648 2938 703 haec
2968 650 3121 704 arida
3152 653 3338 719 cessit,

1863 735 1976 789 Nec
2002 733 2145 788 valet
2175 734 2266 788 hic
2296 735 2437 788 votis
2465 735 2675 790 servire
2706 736 2886 808 gelata
2918 737 3174 805 ferentis;

1866 819 2089 874 Haerens
2119 821 2353 875 antistes
2381 829 2584 893 stupet,
2616 833 2781 894 atque
2811 840 3033 880 manum
3063 827 3166 882 sibi
3196 835 3380 884 netam

1868 912 2090 967 Miratur
2119 929 2228 968 non
2258 930 2378 969 esse
2408 916 3009 989 suam,Dominumque
3040 935 3255 994 rogare,

1870 1004 2024 1068 Quod
2053 1003 2156 1057 sibi
2189 1003 2292 1073 jam
2319 1004 2492 1058 visum
2527 1011 2757 1060 restaret
2787 1006 2982 1062 inutile
3013 1010 3352 1075 membrum;

1871 1094 2048 1164 thue
2080 1094 2452 1162 vovctjurans
2481 1111 2543 1149 se
2574 1095 2704 1149 talia
2734 1097 2938 1153 deinde
2969 1114 3187 1166 cavere,

1874 1186 2211 1256 Adjutusque
2242 1202 2468 1256 precum
2502 1187 2690 1258 pOpuli
2732 1187 3016 1245 fulcimine
3046 1191 3241 1260 multo,

1876 1273 2088 1347 Organa
2120 1288 2412 1327 nervorum
2445 1275 2643 1346 recipit
2673 1285 2924 1333 revocata
2946 1297 3194 1349 suorum,

1880 1364 2210 1434 Perditaque
2242 1362 2486 1418 officium
2518 1365 2863 1421 recalescens
2901 1369 3080 1439 palma
3113 1380 3350 1443 recepta,

1883 1460 2150 1515 Lmtantes
2182 1461 2348 1534 igitur
2377 1467 2520 1515 tactu
2551 1461 2853 1516 reverenda
2883 1461 3156 1516 vehebant

1882 1551 2123 1605 Membra
2153 1567 2306 1606 suam
2335 1551 2576 1604 validum
2608 1551 2800 1622 populi
2827 1558 3070 1606 tutamen
3103 1553 3170 1606 ad
3199 1552 3388 1608 urbem

1883 1644 2138 1714 Dumque
2171 1643 2260 1713 pio
2292 1642 2704 1714 proficiscentes
2727 1659 2850 1699 cum
2874 1643 3066 1698 funere
3089 1644 3273 1700 vicum

1886 1731 2168 1786 Introeunt
2194 1732 2509 1802 quemdam,
2545 1731 2805 1786 famulum
2839 1747 2949 1802 quo
2976 1731 3298 1801 clarificare,

1882 1826 2110 1900 Legerat
2134 1827 2511 1897 Omnipotens,
2537 1827 2718 1882 subito
2747 1843 2818 1881 en
2848 1827 3134 1883 immobile
3157 1829 3358 1904 pignus

1883 1917 2164 1984 Efficitur;
2197 1927 2411 1989 ponunt
2439 1920 2615 1992 geruli
2646 1919 2999 1975 intolerabile
3032 1922 3271 1991 pondus,

1881 2009 1990 2063 Nec
2019 2007 2247 2063 sufferre
2273 2009 2459 2064 valent
2489 2009 2595 2063 vim
2627 2026 2748 2080 quae
2780 2011 3148 2066 descenderat
3174 2014 3366 2067 aethra.

1885 2103 1980 2158 Hic
2006 2103 2089 2159 vir
2111 2111 2229 2158 erat
2251 2104 2458 2159 dudum
2487 2103 2601 2158 fere
2630 2106 2994 2178 quadraginta
3027 2124 3126 2176 per
3151 2125 3328 2164 annos

1883 2195 2206 2249 Sermonem
2229 2211 2337 2250 non
2359 2211 2489 2250 aure
2519 2196 2766 2262 trahens,
2797 2212 2906 2251 non
2937 2212 3032 2251 ore
3059 2198 3403 2264 ministrans,

1884 2284 2118 2338 Numine
2144 2284 2238 2355 qui
2261 2285 2458 2338 (luctus
2487 2300 2687 2355 supero
2716 2285 2826 2339 ruit
2847 2295 2976 2341 ante
3005 2286 3290 2355 feretrum,

1883 2376 2058 2430 Sensu
2081 2376 2264 2430 cordis
2290 2392 2451 2447 Opem
2485 2392 2742 2446 poscens,
2773 2393 2934 2448 quam
2964 2395 3100 2434 voce
3133 2381 3430 2451 nequibat;

1888 2466 2021 2520 Ecce
2054 2472 2279 2535 repente
2320 2465 2424 2519 sibi
2461 2465 2633 2518 divini
2663 2466 2831 2521 sentit
2861 2467 3053 2521 adesse

1886 2555 2150 2608 Culminis
2177 2554 2440 2608 auxnlium
2465 2554 2740 2625 stupidus,
2768 2555 3091 2626 sensimque
3113 2563 3342 2611 caterva

1889 2647 2005 2701 Non
2028 2646 2225 2701 solitus
2253 2646 2471 2700 haurire
2492 2662 2680 2714 sonos,
2713 2653 2767 2701 et
2794 2646 2958 2701 verba
2980 2662 3297 2718 capessens,

1891 2737 2334 2808 Concipiensque
2365 2738 2552 2793 animo
2583 2738 2827 2793 insuetas
2853 2738 2997 2808 parit
3023 2754 3118 2794 ore
3145 2739 3416 2812 loquelas,

1893 2825 2325 2896 Exclamansque
2359 2827 2451 2881 diu
2483 2826 2646 2882 tacito
2677 2828 2758 2882 sic
2786 2842 2879 2882 ore
2910 2827 3189 2898 profatur:

1895 2934 1921 2964 ‹‹
1956 2914 2123 2968 Serve
2161 2915 2281 2981 Dei,
2315 2915 2459 2969 bene
2486 2916 2710 2970 venisti.
2745 2925 2870 2970 tuus
2902 2915 3159 2972 introitus
3189 2933 3276 2972 me

1892 3007 2147 3075 Salvavit,
2179 3009 2274 3063 tibi
2310 3026 2435 3064 nam
2466 3010 2576 3065 vita
2590 3009 2901 3067 famulabor
2931 3012 2988 3066 in
3021 3011 3195 3078 omni,

1893 3101 2128 3173 Spiritus
2159 3103 2323 3157 hosce
2344 3119 2499 3158 meos
2521 3110 2784 3179 vegetans
2805 3105 2934 3159 dum
2965 3105 3166 3159 rexerit
3193 3111 3372 3172 artus;
3421 3131 3444 3153 η

1820 3238 1865 3302 (ζ
1898 3195 2027 3302 Cum
2053 3200 2184 3291 voto
2225 3211 2458 3267 surgens
2483 3195 2726 3302 loculum
2760 3196 2924 3250 simul
2957 3204 3122 3268 atque
3153 3199 3450 3267 prehendit

1853 3281 1865 3298 ‘
1896 3282 2192 3336 Alleviatur
2221 3298 2380 3348 onus,
2413 3283 2598 3337 subito
2633 3284 2904 3354 portabile
2937 3284 3161 3351 factum,

1899 3371 2320 3441 Laudantesque
2341 3370 2512 3425 Deum
2540 3379 2758 3446 gestant
2786 3373 2905 3426 sine
2928 3374 3176 3443 pondere
3210 3376 3447 3446 pondus.

1900 3461 2009 3515 Nec
2035 3459 2262 3513 dubium
2290 3459 2438 3530 quod
2461 3459 2529 3513 ad
2564 3460 2619 3514 id
2651 3461 2917 3516 Dominus
2937 3463 3238 3518 servaverit
3264 3464 3451 3532 istum,

1902 3554 2038 3608 Dum
2071 3552 2270 3607 multos
2301 3551 2424 3606 aliis
2444 3561 2500 3606 et
2523 3551 2636 3621 jam
2669 3553 2993 3627 regionibus
3018 3563 3171 3612 actos

1903 3643 2005 3698 Per
2028 3644 2200 3700 sancti
2235 3644 2512 3700 Simeonis
2534 3660 2698 3715 opem
2726 3655 3013 3701 curaverat
3037 3664 3238 3722 aegros,

1903 3737 2144 3794 Mortuus
2170 3744 2230 3790 ut
2256 3737 2382 3791 vitae
2420 3736 2626 3790 viventi
2657 3737 2787 3792 dum
2817 3737 2974 3792 daret
3004 3756 3137 3794 usus

1908 3826 2027 3896 Ipse
2056 3824 2385 3896 probaretur
2415 3823 2651 3879 feliciter
2680 3824 2735 3878 in
2767 3825 2995 3897 regione

1907 3915 2101 3970 Vivere
2140 3914 2389 3970 vivorum
2423 3914 2657 3985 vitaeque
2687 3914 2898 3969 haerere
2926 3914 3125 3971 datori.

1909 4007 2138 4078 Jamque
2173 4005 2625 4078 prOpinquabant
2655 4007 2800 4072 urbi,
2834 4007 2993 4078 plebs
3022 4009 3301 4064 mmnibus
3330 4025 3461 4066 ecce

1911 4098 2298 4170 Progrediens,
2333 4099 2686 4169 psalmosque
2730 4098 2903 4153 boans
2933 4100 3261 4172 hymnisque
3305 4117 3532 4173 canora,

1914 4187 2284 4258 Lampadibus
2313 4186 2627 4258 lichnisque
2657 4187 2888 4254 micans,
2929 4188 3202 4261 ramisque
3229 4190 3430 4245 decora

1913 4278 2251 4346 Palmarum,
2285 4279 2455 4334 sacris
2485 4286 2744 4350 properat
2783 4278 2901 4334 fieri
2932 4280 3091 4336 obvia
3119 4280 3402 4349 membris,

1915 4371 2090 4442 Atque
2123 4371 2513 4442 triumphantis
2535 4373 2800 4426 mundum
2823 4381 3105 4446 gestamen
3139 4377 3427 4430 honestum

1917 4459 2041 4514 Urbi
2060 4458 2262 4514 inferre
2293 4475 2428 4526 suae,
2464 4460 2660 4532 populi
2688 4460 2972 4515 munimen
2996 4468 3050 4516 et
3070 4462 3234 4530 arcis,

1913 4548 2102 4616 Majori
2144 4548 2394 4605 ecclesiae
2423 4550 2698 4620 extemplo
2729 4550 2818 4620 pia
2846 4565 3077 4608 munera
3107 4551 3322 4608 dantes.

1831 4622 1882 4688 Ι)
1917 4640 2110 4696 Pandit
2138 4640 2343 4694 abhinc
2369 4640 2633 4696 Dominus
2649 4655 2890 4712 quonam
2918 4642 3210 4698 sibi-chara
3233 4645 3460 4699 recondi

1913 4731 2046 4788 Ossa
2074 4733 2207 4789 velit
2233 4733 2438 4804 potius,
2461 4733 2789 4804 jussamque
2818 4735 3097 4790 vehuntur
3129 4736 3184 4791 in
3212 4737 3390 4792 aulam
3414 4755 3428 4803 ;

1914 4821 2090 4893 thue
2118 4822 2296 4895 palam
2328 4820 2491 4876 faciat
2513 4822 2728 4877 cunctis
2754 4822 2809 4876 id
2840 4824 3072 4880 numine
3103 4825 3229 4882 divo

1914 4914 2142 4970 Prorsus
2174 4914 2259 4987 agi
2291 4914 2439 4969 clara
2470 4915 2692 4987 superis
2730 4915 2973 4971 demittit
3002 4917 3070 4971 ab
3101 4919 3261 4973 astris

1916 5005 2212 5061 Nobilitate
2242 5006 2442 5075 virum,
2474 5007 2629 5080 virga
2659 5007 2753 5077 qui
2786 5007 3026 5083 fulgidus
3042 5010 3183 5077 auri,

1917 5095 2256 5167 Splendidus
2285 5103 2537 5167 aspectu,
2571 5097 2830 5152 candenti
2859 5104 3037 5153 tectus
3063 5100 3264 5155 amictu

1918 5189 2156 5244 Sedulus
2186 5189 2445 5245 insistens
2475 5189 2654 5260 Operi,
2687 5191 2817 5244 dum
2857 5191 3094 5246 claustra
3124 5193 3363 5264 sepulcri

1922 5275 2272 5332 Communita
2299 5278 2503 5342 sident,
2534 5278 2757 5342 mansit,
2790 5294 2916 5334 mox
2946 5279 3076 5334 inde
3110 5282 3398 5348 recedens,

1921 5366 2171 5436 Amplius
2193 5367 2282 5421 hic
2309 5367 2457 5421 visus
2486 5382 2590 5421 nec
2617 5373 2758 5436 post,
2795 5383 2895 5421 nec
2927 5369 3107 5437 paruit
3130 5376 3257 5424 ante

1920 5460 2074 5516 Unde
2106 5462 2266 5516 datur
2289 5469 2485 5518 notum
2516 5462 2637 5517 caeli
2665 5462 2886 5517 venisse
2917 5463 3198 5518 colonum.

1922 5550 2066 5608 Vatis
2091 5554 2298 5608 abhinc
2327 5553 2536 5608 tumulo
2566 5560 2675 5608 tam
2709 5553 2848 5608 mira
2880 5563 3092 5624 patrata
3115 5555 3384 5622 feruntur,

1921 5647 2036 5709 Quo
2071 5661 2183 5700 non
2222 5637 2380 5716 plura
2420 5646 2574 5716 prius
2599 5645 2792 5701 vivens
2823 5645 3017 5701 fecisse
3047 5653 3288 5716 putetur,

1922 5734 2137 5789 Arduus
2165 5733 2396 5788 excelsa:
2427 5734 2554 5788 dum
2591 5733 2833 5804 perstitit
2859 5749 2984 5789 arce
3015 5733 3309 5804 columnae,
