3890 6436
445 366 549 422 583
1166 369 1535 424 FLODOARDI
1579 345 1882 427 CANONICI
1926 373 2258 429 REMENSIS
2299 375 2633 432 OPUSCULA
2676 377 2983 432 METRICA.
3677 379 3772 431 58$

448 489 513 544 Ut
545 492 781 546 Domino
815 493 1040 560 junctus
1072 500 1326 548 noscatur
1356 494 1411 548 in
1442 495 1648 551 aethere
1677 513 1893 553 summo

448 584 640 639 Vivere
671 587 937 642 nobiliter
967 588 1131 641 tantis
1162 589 1255 659 qui
1286 589 1472 644 vivere
1493 590 1672 666 signis

2176 502 2426 557 Cernitur
2452 503 2506 556 in
2529 503 2714 568 terris;
2739 504 2902 558 vitam
2936 518 3038 558 nec
3067 510 3241 557 morte
3272 509 3639 573 peremptam,

2176 592 2233 650 In
2263 592 2461 646 melius
2491 592 2586 646 sed
2616 590 2666 646 ei
2691 590 2903 646 caelesti
2929 591 3064 646 sede
3097 590 3343 645 relatam.

1953 728 2161 783 CAPUT
2204 729 2300 782 [Xa

1492 829 1571 887 Dc
1599 831 1827 888 sanctis
1868 829 2056 890 Vitate
2083 846 2151 886 ac
2191 829 2418 888 Μείειίο
2451 829 2762 905 episcopis.

2093 948 2146 1016 Α
2178 944 2398 999 Desinat
2430 960 2552 999 esse
2594 945 2756 1014 lupus
2784 942 3042 1014 mitisque
3071 946 3334 1012 appareat
3364 956 3562 1012 agnus,

2176 1036 2352 1105 Atque
2379 1049 2577 1106 greges
2604 1033 2760 1103 parili
2791 1049 2977 1087 secum
3008 1031 3276 1086 tutamine
3306 1037 3524 1100 pascat:

2177 1124 2376 1178 Sedem
2408 1138 2589 1178 sermo
2613 1121 2705 1175 Dei
2741 1129 2946 1184 teneat,
2981 1120 3286 1189 iungantur
3315 1126 3548 1188 utraque

2176 1216 2332 1270 Parte
2360 1215 2549 1279 duces,
2585 1231 2696 1268 uno
2724 1214 2906 1281 jaceat
2931 1229 3062 1285 grex
3081 1211 3264 1266 omnis
3302 1209 3468 1264 ovili:

2175 1304 2334 1358 Solus
2360 1303 2453 1374 qui
2494 1309 2717 1373 superet
2743 1302 3028 1376 generalia
3053 1300 3302 1375 regmina
3342 1304 3552 1353 tractet.

2177 1398 2404 1453 Foedera
2435 1397 2531 1451 sed
2558 1395 2708 1466 pacis
2735 1395 2980 1450 crudelis
3011 1393 3196 1448 bellua
3231 1392 3438 1452 nescit;

2173 1489 2379 1543 Pastori
2421 1503 2552 1561 ergo
2587 1488 2675 1558 pio
2707 1486 2986 1542 caularum
3011 1485 3135 1553 jura
3168 1485 3447 1549 feruntur;

2176 1578 2383 1632 Crescit
2423 1577 2601 1631 honor
2632 1575 2768 1638 miti,
2806 1592 2906 1646 pro
2936 1575 3078 1629 votis
3101 1589 3267 1646 regna
3299 1581 3568 1643 reguntur

448 942 640 997 Vitalis
670 943 850 997 tritam
875 951 1091 1014 reparat
1121 958 1446 1014 versamque
1469 945 1718 1016 tyrannis

448 1032 619 1104 Erigit
659 1031 978 1096 Ecclesiam,
1020 1031 1486 1102 decessorumque
1515 1031 1820 1107 benignum

448 1119 678 1190 Supplet
707 1135 867 1190 Opus,
902 1118 1127 1189 preprio
1159 1119 1446 1172 cumulans
1489 1118 1702 1173 fervore
1743 1118 2000 1173 decorem

447 1208 734 1280 Licinique
774 1209 926 1279 pium
950 1208 1260 1278 panditsub
1295 1215 1545 1278 tempora
1577 1209 1780 1264 zelum.

448 1300 663 1355 Intonat
695 1300 786 1354 hic
815 1299 1167 1370 purisdivina
1199 1298 1448 1354 Meletius
1479 1299 1645 1365 orsis,

446 1393 713 1446 Armenas
733 1399 1026 1463 postquam
1067 1398 1279 1446 sacrato
1311 1392 1569 1458 dogmate
1609 1398 1804 1466 gentes

451 1481 677 1548 lmbuit,
710 1481 993 1536 obstruere
1023 1481 1270 1535 cohiberi
1298 1496 1401 1535 nec
1429 1481 1574 1535 valet
1604 1496 1700 1535 ore

450 1573 686 1628 Eminus
714 1573 991 1627 irradians
1023 1572 1213 1644 digitis
1241 1573 1378 1644 quin
1409 1573 1602 1627 ccelica
1631 1572 1847 1644 pangit:

445 1665 659 1720 Gaudet
681 1673 736 1721 et
759 1665 1020 1736 expulsus
1051 1665 1168 1720 veri
1207 1681 1427 1720 servare
1469 1664 1738 1719 libramen
1771 1682 1784 1730 ;

445 1759 506 1812 Et
540 1774 794 1812 remeans
824 1774 1014 1812 secum
1047 1757 1232 1813 socios
1249 1758 1540 1829 coniungit
1579 1764 1634 1811 et
1663 1766 1856 1820 armat,

444 1847 678 1917 Insuper
706 1846 971 1918 acquirit;
1004 1845 1184 1916 spolio
1215 1861 1440 1917 quoque
1480 1853 1674 1901 maeret
1703 1845 1895 1917 Apollo

443 1940 603 1995 Prole
635 1941 962 2004 sacerdotis,
990 1940 1192 1994 mulier
1215 1941 1415 1996 devota
1441 1940 1590 2012 quod
1633 1938 1793 1995 offert

447 2035 588 2089 Patri
619 2034 888 2102 salvifico,
932 2041 1148 2104 raptum
1184 2051 1215 2088 a
1253 2035 1505 2109 genitore
1533 2033 1782 2106 profano.

439 2125 596 2181 Unde
627 2142 824 2180 manus
854 2135 1019 2197 atque
1047 2142 1157 2180 aere
1187 2127 1358 2196 pedes
1380 2134 1434 2181 et
1455 2127 1621 2182 dorsa
1650 2127 1973 2194 subustum,

440 2217 569 2271 Post
600 2216 770 2288 patris
799 2217 1009 2270 attritos
1036 2217 1243 2271 celebri
1272 2217 1575 2271 certamine
1605 2216 1783 2283 divos,

445 2307 557 2361 Rex
589 2306 714 2376 pius
736 2306 943 2372 educit,
970 2306 1332 2377 claustrisque
1360 2306 1611 2377 serisque
1639 2306 1896 2370 reclusis,

2177 1666 2446 1731 Pacificis,
2477 1671 2690 1735 sceptra
2731 1663 2949 1734 imperii
2980 1663 3178 1716 virtute
3212 1661 3516 1733 probantur

2177 1764 2472 1820 Pontifices
2498 1763 2664 1836 digno
2698 1762 2979 1833 praecelsis
3011 1761 3251 1816 fascibus
3282 1762 3408 1816 addi

2179 1855 2488 1910 Barbaricis
2515 1852 2829 1908 Theodosio
2859 1858 3163 1922 superante
3203 1851 3456 1916 catervis,

2179 1947 2398 2003 Devotis
2429 1960 2662 2016 seseque
2695 1961 2859 1998 manu
2901 1950 3165 1998 cernente
3195 1941 3344 1996 beati

2176 2036 2426 2090 Cultibus
2454 2033 2661 2096 ornari,
2695 2032 2963 2106 regnique
2992 2031 3182 2085 subire
3211 2030 3494 2096 decorem,

2176 2129 2424 2184 Visorum
2461 2123 2753 2182 confirmat
2776 2140 2938 2194 opus,
2967 2123 3302 2178 documento
3331 2129 3607 2177 secutum.

2174 2221 2289 2286 Quo
2321 2219 2620 2291 splendore
2650 2218 2842 2272 nitens
2879 2216 2970 2270 ubi
2995 2215 3251 2287 primitus
3278 2230 3372 2269 ora
3396 2217 3615 2285 patroni

2109 2309 2156 2375 Β
2180 2310 2281 2364 Ore
2305 2309 2436 2380 legit
2468 2308 2755 2379 princeps,
2787 2323 2816 2360 e
2850 2305 3101 2377 pluribus
3131 2304 3333 2375 excipit
3363 2320 3558 2366 unum,

2180 2402 2501 2474 Agnoscens
2529 2399 2681 2455 nullo
2705 2399 3002 2470 prodente,
3028 2397 3299 2468 petitque,
3335 2396 3677 2467 probatque,

2179 2493 2357 2564 thue
2388 2499 2600 2563 patrem
2643 2490 2886 2555 soboles,
2921 2489 3290 2562 amplectitur,
3325 2487 3516 2554 ambit,
3552 2487 3805 2548 honorat,

2177 2581 2373 2636 Oscula
2395 2580 2486 2634 dat
2513 2579 2696 2645 labiis,
2727 2579 2938 2645 oculis;
2964 2587 3269 2650 pectusque
3290 2583 3590 2648 caputque,

2181 2675 2412 2743 Insuper
2444 2682 2500 2726 et
2538 2672 2805 2736 dextram,
2840 2688 2946 2742 qua
2973 2687 3031 2725 se
3063 2671 3365 2740 sumpsisse
3397 2685 3670 2724 coronam

2178 2764 2258 2818 Fit
2286 2778 2517 2824 memor,
2552 2777 2644 2817 ore
2676 2761 2807 2816 colit
2834 2771 3112 2834 retegens,
3143 2769 3440 2830 conspecta
3472 2759 3710 2813 retexit:

446 2852 571 2906 Veri
600 2851 723 2905 luce
755 2857 966 2926 gregat,
1001 2850 1264 2905 concordi
1296 2866 1430 2920 pace
1471 2855 1715 2915 serenat,
2179 2853 2420 2924 Cumque
2448 2851 2572 2921 ipso
2605 2850 2732 2904 fidei
2763 2865 3012 2905 normam
3059 2848 3425 2918 Patribusque
3455 2854 3744 2913 retractat,

445 2943 804 3014 Insinuatque
837 2942 924 2996 Dei
961 2958 1124 3014 quam
1143 2943 1214 2997 sit
1243 2941 1547 2996 substantia
1577 2940 1832 3012 simplex,
2181 2945 2442 3015 Huncque
2490 2942 2675 2996 Patres
2716 2941 3021 3006 celebrant,
3072 2939 3356 3011 dignoque
3404 2938 3594 2992 nitore.
3651 2954 3806 2992 venu-

448 3020 594 3087 Dans
620 3049 817 3103 purum
846 3031 973 3086 ﬁdei
1003 3032 1232 3088 Joviano
1265 3033 1464 3107 dogma
1495 3031 1748 3102 probari;
3542 3027 3737 3098 [stant

2179 3125 2289 3179 Nec
2320 3122 2543 3196 longum
2576 3125 2701 3191 post
2731 3117 2993 3172 emeritus
3026 3116 3164 3187 petit
3192 3116 3397 3170 aethera
3427 3118 3640 3186 praesul

2180 3211 2572 3282 Nobiliumque
2603 3208 2743 3262 nitet
2773 3221 3088 3277 praeconum
3121 3205 3285 3260 laude
3312 3205 3601 3275 sepultus.

2180 3299 2429 3372 Martyris
2453 3306 2509 3353 et
2539 3298 2711 3352 thecae
2745 3295 3072 3362 conjunctus
3105 3295 3315 3349 honore
3350 3293 3589 3364 Babylaa.

1960 3440 2168 3495 CAPUT
2219 3439 2280 3492 X.

1253 3545 1330 3606 De
1355 3553 1562 3606 sancto
1593 3543 1889 3604 Flaviano
1919 3551 1973 3603 et
2003 3547 2215 3604 amicas
2245 3557 2316 3602 ac
2341 3538 2777 3600 successoribus
2807 3537 2955 3612 ejus.

2096 3664 2144 3726 (ἶ
2173 3658 2508 3711 Praesentem
2539 3653 2691 3709 dolet
2731 3651 2947 3707 excelsa
2986 3667 3047 3706 se
3088 3650 3210 3706 luce
3241 3658 3592 3722 prementem

2173 3752 2289 3806 Oris
2315 3760 2370 3806 et
2397 3750 2464 3804 ad
2491 3749 2748 3804 columen
2779 3747 3051 3822 magnalia
3082 3746 3219 3800 mira
3248 3751 3544 3800 terentem.

2174 3843 2265 3897 llis
2299 3843 2383 3896 vir
2415 3841 2710 3913 praecipuis
2743 3838 2900 3894 factis
2929 3845 2984 3893 et
3023 3838 3241 3911 origine
3271 3837 3474 3902 celsus,

2170 3934 2411 3990 Necdum
2451 3931 2824 3998 sede‘fruens,
2851 3930 3141 3985 Flavianus
3159 3929 3329 3984 fultus
3355 3929 3549 3985 amicis

2171 4026 2318 4080 Bella
2348 4024 2496 4096 lupis
2527 4024 2716 4088 obicit,
2749 4024 2986 4094 pastoris
3017 4022 3216 4078 robore
3247 4022 3414 4096 digna

2169 4121 2369 4188 Exerit,
2400 4119 2643 4176 ostensis
2672 4118 2921 4174 defendit
2951 4118 3114 4174 ovilia
3143 4118 3315 4172 helvis

2166 4208 2294 4263 Tela
2317 4208 2482 4275 acuit,
2516 4208 2805 4279 pharetras
2838 4213 2897 4262 et
2924 4205 3340 4281 propugnacula
3367 4204 3582 4269 condit,

2170 4299 2424 4355 Hostibus
2451 4298 2688 4365 obsistit,
2722 4295 2988 4372 gregibus
3010 4297 3323 4352 munimina
3349 4295 3501 4351 suffit
3524 4316 3540 4362 ;

2169 4387 2451 4442 Bellantes
2466 4391 2696 4452 recreat,
2729 4386 2892 4441 bellis
2921 4387 3174 4442 consulta
3204 4386 3505 4440 ministrat:

2166 4482 2332 4535 Arcus
2359 4479 2592 4545 emunit,
2626 4478 2895 4534 radiantia
2941 4477 3153 4549 spicula
3179 4477 3378 4543 mittit;

2166 4573 2404 4630 Insidias
2437 4573 2669 4648 frangit,
2709 4572 2986 4644 captantia
3019 4573 3155 4628 retia
3179 4572 3401 4643 rumpit,

2163 4665 2548 4738 Pallentesque
2580 4666 2724 4720 feras
2753 4666 2957 4740 agnina
2989 4665 3131 4736 pelle
3155 4664 3407 4731 recludit,

2165 4755 2558 4827 Depromitque
2589 4755 2770 4826 lupos,
2795 4755 3045 4810 discussa
3074 4753 3289 4820 fraude,
3331 4755 3597 4821 latentes,

447 2395 504 2448 Et
533 2402 724 2449 sancto
759 2394 1012 2449 redhibet
1040 2401 1359 2450 revocatum
1392 2403 1565 2449 matre
1594 2394 1808 2464 parenti

446 2481 722 2536 Curatrice
752 2482 952 2536 animae
980 2481 1192 2536 celatus
1223 2481 1432 2536 hortere
1467 2480 1690 2550 puellae.

445 2573 581 2627 Inde
611 2573 956 2628 Palaestinam
988 2573 1233 2644 rapidus,
1259 2572 1557 2628 comitante
1591 2571 1796 2642 Cyrillo

446 2665 661 2736 Quique
700 2666 793 2735 pio
823 2665 1085 2735 posthaec
1114 2663 1421 2736 genitorem
1452 2663 1700 2735 germine
1732 2661 1928 2735 gignit,

448 2757 656 2812 Praesul
687 2757 1025 2828 apostolicus
1055 2756 1326 2826 synodum
1351 2755 1563 2810 diversa
1593 2762 1836 2810 secutam

443 3124 706 3179 Dividuas
733 3123 952 3198 fugiens
982 3123 1127 3189 lites,
1168 3139 1360 3194 pacem
1387 3121 1649 3177 omnibus
1681 3119 1866 3190 offert,

444 3214 854 3285 Raptoremque
886 3214 1074 3285 lupum
1109 3227 1266 3268 sacra
1298 3211 1352 3266 in
1387 3211 1664 3266 consortia
1702 3211 1913 3282 poscit!

445 3312 695 3366 Errorem
724 3310 969 3379 abjiciat,
1004 3309 1197 3364 feralia
1219 3307 1452 3362 crimina
1486 3311 1678 3378 ponat,

448 3665 575 3722 Eois
605 3663 879 3730 Patribus,
904 3667 1218 3734 cunctoque
1241 3662 1462 3717 favente
1493 3667 1712 3727 senatu,

450 3758 689 3830 Erigitur
717 3755 928 3810 meritae
960 3755 1244 3809 Flavianus
1271 3755 1481 3810 honore
1511 3754 1785 3809 cathedrae

442 3853 616 3922 Atque
637 3847 779 3904 Petri
809 3847 1042 3918 primam
1065 3845 1290 3902 sortitur
1319 3846 1570 3918 regmine
1599 3845 1815 3911 sedem,

446 3941 610 4011 Cujus
635 3941 747 4009 jam
781 3939 995 4010 pridem
1026 3939 1348 3994 moderatur
1373 3937 1550 3993 navita
1582 3936 1834 4006 cymbam

442 4034 593 4088 Inter
623 4037 677 4087 et
701 4031 960 4085 adversas
983 4029 1193 4086 mundo
1216 4029 1459 4085 fervente
1487 4029 1780 4100 procellas,

441 4123 717 4187 Consiliis,
759 4123 953 4178 rabido
976 4122 1280 4193 prohibens
1306 4123 1447 4176 hanc
1472 4137 1694 4193 aequore
1725 4122 1923 4194 mergi,

441 4216 722 4282 Comebat,
756 4214 986 4285 placidis
1014 4213 1265 4268 servabat
1299 4214 1522 4269 turbine
1555 4215 1744 4273 remis.

437 4304 841 4376 Dispositisque
872 4303 1081 4358 docens
1109 4303 1315 4376 Regem
1349 4302 1575 4358 laudare
1599 4302 1816 4357 choreis

436 4396 692 4452 Davidica
718 4394 874 4449 dedit
903 4393 1197 4449 Ecclesiam
1228 4393 1457 4448 reboare
1489 4408 1720 4448 camena

436 4484 784 4554 [Eternisque
801 4483 984 4537 choris
1013 4481 1203 4536 divina
1233 4487 1482 4552 poemata
1515 4463 1701 4555 pangi.

438 4575 694 4631 Excubiis
725 4575 936 4630 instans
957 4575 1091 4648 Agni
1122 4591 1309 4630 secum
1349 4573 1570 4649 agmina
1609 4573 1757 4648 cogit

439 4667 706 4724 Concordi
744 4658 1033 4723 Domitium
1057 4667 1291 4738 laetaque
1321 4666 1578 4721 canentia
1608 4665 1807 4733 laude;

438 4757 727 4811 Horrorem
770 4755 1047 4810 incutiens
1067 4755 1269 4825 pravis,
1300 4754 1393 4809 dat
1416 4755 1616 4826 gaudia
1642 4753 1842 4822 justis:

435 4846 545 4901 Nec
567 4853 798 4910 terrore,
829 4859 931 4898 nec
960 4843 1178 4898 insidiis
1197 4843 1289 4914 pia
1319 4842 1575 4914 dogmata
1596 4842 1878 4913 linquens,

437 4932 688 4988 Culmine
728 4948 834 4987 nec
873 4939 1066 5004 captus
1096 4937 1346 4986 tentusve
1365 4929 1435 4984 ad
1465 4929 1583 4985 dira
1609 4937 1859 4995 coactus;

438 5020 727 5094 Expugnat
746 5034 977 5086 nocuos,
1005 5017 1224 5074 asciscit
1249 5033 1426 5092 agone
1447 5017 1698 5083 sodales;

433 5112 755 5178 Diodorum,
789 5111 985 5166 Cilices
1014 5125 1124 5182 quo
1165 5115 1292 5180 post
1322 5115 1535 5164 rectore
1557 5109 1842 5176 coluntur;

434 5198 690 5255 Acacium
724 5207 846 5269 post
875 5201 1005 5256 hinc
1036 5199 1209 5254 Beriaa
1247 5198 1449 5254 virtute
1478 5197 1742 5253 nitentem
1768 5217 1782 5266 ;

433 5287 757 5357 Aphratem,
787 5288 912 5343 diva
933 5287 1208 5344 seniorem
1249 5287 1373 5343 luce
1397 5291 1698 5356 cluentem,

432 5373 535 5438 Qui
568 5373 685 5426 veri
712 5375 882 5430 radiis
911 5377 1038 5433 ferit
1068 5376 1323 5448 improba
1352 5385 1567 5447 sceptra
1598 5383 1881 5452 gerentem

431 5461 710 5519 Thermali
738 5463 970 5538 rigidum
1005 5469 1254 5539 plectens
1275 5469 1490 5525 fervore
1511 5470 1844 5538 ministrum,

425 5553 671 5619 Insuper
695 5554 902 5609 accitur
937 5559 1190 5612 Julianus
1217 5560 1460 5615 culmine
1489 5578 1744 5636 magnus,

422 5642 707 5697 Virtutum
738 5640 977 5716 ﬁdeique
1007 5646 1220 5703 micans
1247 5649 1461 5724 fulgore
1477 5652 1738 5719 decorus,

2163 4844 2496 4915 Tutaturque
2523 4859 2743 4919 greges,
2775 4851 2830 4899 et
2860 4843 3122 4898 dentibus
3149 4841 3344 4897 eximit
3364 4842 3523 4909 atris,

2164 4932 2482 5004 Solertique
2503 4931 2638 4986 vafri
2667 4931 2876 4986 dirimit
2907 4931 3152 4986 labentia
3183 4929 3360 4985 morbi

2165 4979 2481 5004 ηψπηη
2516 4979 2638 4986 η---
2911 4979 3152 4986 -κ-,-----
3184 4979 3360 4985 _----__

2079 4979 2137 5048 D
2163 5020 2428 5087 Consilio,
2465 5020 2772 5094 retegitque
2809 5021 2968 5076 dolos
2995 5027 3050 5074 et
3076 5019 3222 5075 mele
3250 5035 3530 5077 venenum

2163 5111 2341 5173 Elicit,
2376 5112 2591 5168 occulte
2630 5127 2837 5184 cogens
2867 5126 3090 5167 vomere
3132 5111 3318 5165 abdita
3348 5110 3542 5182 pestis,

2160 5203 2296 5257 Dum
2325 5217 2459 5257 sene
2485 5202 2745 5257 mulctato
2775 5201 2961 5257 educit
2997 5201 3328 5272 pudibunda
3365 5200 3614 5266 veterni,

2159 5296 2494 5365 Deprensam
2525 5294 2814 5349 excutiens
2862 5293 3096 5359 saniem,
3144 5292 3328 5347 studet
3357 5299 3473 5346 arte
3531 5291 3794 5347 medendi

2163 5383 2488 5455 Corruptum
2526 5399 2786 5454 reparare
2825 5398 3020 5454 pecus,
3052 5381 3262 5454 polluta
3294 5381 3468 5451 piare,

2163 5472 2349 5527 Fracta
2376 5472 2568 5545 ligare,
2609 5471 2713 5526 viae
2742 5471 2973 5526 seducta
3005 5471 3272 5527 reducere
3302 5477 3503 5534 recte;

2165 5564 2372 5640 Cogere
2403 5565 2684 5635 dispersos
2707 5565 3019 5637 Christique
3051 5564 3333 5620 remittere
3351 5561 3547 5627 caulis,

2163 5654 2435 5729 Colligere
2465 5665 2736 5722 errantes,
2765 5655 2977 5726 unique
3009 5653 3321 5724 rependere
3349 5651 3502 5708 ovili.

414 5734 737 5787 Absentem
790 5749 953 5802 quem
980 5745 1131 5792 torva
1161 5755 1360 5796 manus
1399 5742 1505 5797 sibi
1545 5743 1810 5813 plaudere
1845 5744 2064 5813 jactans
2167 5746 2375 5817 Siquid
2400 5746 2512 5802 fors
2540 5746 2764 5818 patitur,
2796 5762 2928 5802 cura
2949 5747 3288 5802 accelerante
3319 5743 3559 5811 levatur,
