3890 6400
141 395 253 450 585

142 526 396 598 Paceque
422 525 661 597 pastoris
680 525 890 601 tegitur
916 540 1086 596 pecus
1115 539 1283 580 omne
1314 525 1520 596 quiete.

140 618 388 674 Flatibus
413 619 544 674 hinc
574 618 776 674 iterum
810 618 1005 689 pulsus
1035 618 1313 688 patienter
1345 619 1611 672 honestus

138 709 393 764 Persistit
422 707 644 779 praesul,
677 707 798 762 dira
821 707 1009 763 omnia
1042 705 1183 761 ferre
1212 713 1436 778 paratus
1469 723 1484 771 ;

141 797 370 869 Sceptra
396 805 624 854 vocatus
653 797 788 860 adit,
817 811 1079 852 censores
1099 811 1209 850 non
1243 794 1386 870 fugit
1416 794 1628 860 hostes,

138 884 260 940 Non
292 886 647 941 adversantes
674 885 956 956 reprobat,
982 884 1221 939 torvisve
1235 883 1484 949 resultat,

137 973 347 1030 Cedere
377 975 711 1046 pollicitans,
738 974 954 1045 apicem
981 990 1043 1028 se
1066 989 1274 1043 ponere
1292 973 1552 1043 spondet,

140 1067 254 1121 Nec
275 1083 653 1123 successorem
686 1065 1008 1131 renuit,nec
1034 1066 1190 1136 plura
1206 1064 1448 1136 pavescit
1469 1063 1757 1134 [probatur

139 1158 396 1229 Principe
429 1159 484 1213 in
516 1159 655 1214 irato
690 1159 805 1229 [γης.
840 1159 873 1213 3
900 1157 1111 1228 mirato]
1152 1175 1164 1211 :
1209 1157 1412 1230 dignus
1471 1156 1603 1210 hinc
1630 1154 1764 1209 sede

140 1247 309 1318 Cujus
347 1254 401 1304 et
429 1250 708 1324 Augustus
730 1263 975 1314 causam,
1006 1246 1218 1302 crimen
1273 1259 1497 1316 quoque
1545 1258 1765 1296 sumere

142 1340 359 1395 Dissicit
385 1356 605 1395 errores
630 1347 685 1395 et
711 1340 879 1395 stulta
906 1338 1101 1395 cavilla
1134 1336 1358 1392 resolvit
1390 1354 1405 1401 ;
1489 1334 1769 1406 [poscens,

140 1428 335 1484 Pacem
376 1429 636 1496 restituit,
669 1429 886 1483 turbata
916 1427 1207 1483 cacumina
1236 1425 1431 1491 nectit,

138 1522 459 1594 Junguntur
487 1521 700 1593 populi,
732 1527 937 1577 coeunt
967 1521 1022 1574 in
1054 1519 1271 1575 fcedera
1292 1523 1493 1593 gentes
1521 1533 1534 1570 :

138 1614 367 1686 Illyrici,
399 1613 621 1690 [Egypti
650 1598 835 1682 simul,
870 1613 1019 1681 Asia,
1060 1611 1309 1678 Thracia,
1342 1610 1572 1675 Pontus,

135 1706 533 1777 Hesperiaaque
556 1705 881 1760 sacerdotes
908 1704 1001 1775 pia
1018 1710 1176 1775 pacta
1202 1709 1521 1772 capessunt.

132 1798 344 1854 Praesul
377 1807 434 1853 et
462 1797 734 1854 emeritus
763 1796 891 1853 caeli
924 1795 1142 1869 fastigia
1170 1792 1408 1850 scandit.

685 396 769 452 DE
806 394 1171 451 TRIUMPHIS
1211 394 1471 452 CHRISTI
1511 392 1886 451 ANTIOCHI/3
1923 392 2152 448 GESTIS
2193 394 2372 450 LIBRI
2414 396 2565 453 DUO.
2606 427 2676 438 —-
2716 397 2841 453 LIB.
2886 400 2952 454 II.

1803 527 1853 593 Α
1886 520 2185 592 Porphyrio
2217 522 2368 577 sedis
2394 523 2635 579 Flaviani
2666 533 2812 580 sorte
2840 525 3036 596 potito,

3392 406 3500 461 586

1882 612 2069 667 Almus
2099 615 2410 670 Alexander
2440 615 2608 691 digno
2627 618 2875 672 succedit
2897 618 3128 685 honore,

1874 701 2057 757 Laude
2086 702 2489 775 frequentatus,
2520 705 2813 776 probitatis
2851 723 3083 763 munere
3109 716 3343 778 mactus,

1873 793 1975 848 Ore
2006 794 2232 866 quidem
2266 796 2467 863 clarus,
2499 797 2623 852 vita:
2652 798 2751 853 sed
2790 797 2989 853 clarior
3017 806 3161 855 actu.

1872 884 2169 939 Abiuntum
2211 884 2424 955 pridem
2457 901 2627 956 pecus
2666 886 2722 940 in
2750 887 2896 942 ovile
2921 888 3217 957 reducens,

1872 973 2008 1027 Dum
2041 973 2180 1028 lotas
2218 974 2410 1044 recipit
2447 973 2612 1030 fluvio
2645 976 2984 1031 exhilarante
3016 978 3296 1045 bidentes,

1872 1060 2064 1126 liostes
2095 1062 2472 1137 ingemere,at
2498 1066 2648 1120 cives
2674 1066 3017 1135 applaudere
3046 1076 3267 1138 praestat

1871 1151 2074 1220 lmpete
2096 1150 2380 1207 ltetificans
2416 1155 2655 1209 revocati
2690 1156 2932 1210 ﬂuminis
2958 1156 3177 1211 urbem.

1877 1241 2138 1315 Huncque
2166 1244 2484 1300 Theodorus
2514 1245 2807 1317 probitatis
2845 1247 3101 1302 acumine
3130 1254 3350 1303 sectans

1873 1329 2138 1386 Castifica:
2168 1333 2458 1404 speculum
2491 1335 2639 1402 vitae,
2670 1334 2878 1406 pietate
2906 1336 3147 1391 renidet.

1872 1424 2000 1488 Quae
2026 1431 2235 1480 restant
2259 1426 2425 1480 etiam
2458 1426 2632 1497 septis
2664 1426 2924 1498 pecuaria
2957 1427 3157 1483 reddit.

1876 1515 2192 1589 Postfquem
2225 1521 2613 1594 magnanimus
2639 1521 2810 1577 sumit
2829 1538 2986 1577 sacra
3011 1522 3133 1591 jura
3157 1523 3423 1579 Joannes.

1879 1608 2100 1662 Ponitur
2137 1608 2246 1673 hic,
2281 1610 2551 1682 ponitque
2582 1611 2699 1681 pari
2728 1611 2939 1666 fervore
2964 1611 3249 1684 Cyrillum.

1876 1696 1972 1752 Cui
2006 1698 2167 1753 Marci
2198 1700 2522 1769 redhibens,
2549 1701 2746 1772 Cephaa
2776 1718 2997 1774 quoque
3026 1704 3157 1758 sede
3184 1711 3426 1775 recepta,

1802 1770 1850 1837 Β
1879 1792 2014 1847 Dum
2044 1793 2171 1849 lites
2200 1805 2508 1864 removent,
2534 1796 2729 1853 Christi
2756 1797 2936 1852 aulam
2960 1814 3096 1870 pace
3113 1806 3422 1857 venustam.

1655 1920 1862 1977 CAPUT
1904 1922 1993 1978 XI.

1009 2028 1086 2087 De
1113 2036 1318 2087 sancto
1349 2018 1693 2086 Macedonio
1724 2030 1995 2099 eremita,
2029 2037 2082 2088 et
2118 2028 2383 2105 Evagrio
2413 2028 2634 2111 (167‘).

134 2136 467 2209 Pugnavere
495 2133 599 2189 viri
627 2134 773 2190 circa
803 2132 949 2188 hanc
977 2133 1275 2189 virtutibus
1304 2132 1500 2186 urbem

131 2224 434 2281 Vincentes
454 2224 665 2296 pariter
684 2222 954 2278 mundum
979 2222 1345 2293 rabidumque
1380 2226 1695 2292 tyrannum,

132 2317 404 2371 Tutantes
432 2316 584 2372 cives
612 2322 667 2369 et
693 2313 851 2368 mitia
885 2319 1061 2368 castra
1090 2319 1364 2385 tegentes,

135 2408 295 2464 Nunc
343 2407 624 2479 precibus,
680 2404 910 2462 monitis
974 2421 1144 2471 nunc,
1199 2403 1420 2478 agmina
1464 2411 1653 2457 sancta
1685 2418 1768 2457 re-

1454 2492 1690 2566 [gentes,

132 2589 292 2645 Nunc
320 2588 651 2658 intercessu,
680 2588 847 2643 modo
878 2586 1180 2652 subventu,
1208 2590 1341 2655 apta
1370 2582 1634 2638 ferentes.

139 2682 381 2746 Quorum
408 2682 569 2750 jussa
596 2680 950 2736 Macedonius
980 2676 1228 2734 crudelia
1255 2676 1413 2732 cassis
1432 2676 1563 2745 (cod.
1584 2675 1619 2730 ‘2
1644 2690 1770 2729 cen-

137 2774 479 2845 Detorquere
512 2788 712 2845 parans
727 2772 955 2845 jugulis,
990 2778 1044 2826 et
1072 2770 1357 2825 montibus
1377 2767 1517 2823 altis
1618 2766 1765 2838 [sis?)

139 2865 360 2922 Civibus
384 2865 645 2921 advectus
675 2864 924 2935 trepidis,
969 2862 1186 2918 funesta
1224 2866 1483 2935 gerentes

134 2957 465 3032 Aggreditur
494 2976 510 3023 ;
541 2956 742 3028 pannis
764 2955 938 3010 fasces
968 2953 1113 3008 haud
1148 2952 1362 3008 obsitus
1384 2952 1591 3016 horret,

135 3049 416 3105 Imoaditu
447 3056 661 3104 terrens
691 3055 819 3103 sunt
839 3064 960 3120 quae
992 3047 1251 3101 mandata
1281 3043 1484 3099 minaci

134 3140 488 3214 Sceptrigero
518 3138 755 3214 leganda
792 3136 945 3204 serit,
977 3142 1166 3191 monet
1192 3151 1316 3189 esse
1348 3133 1617 3187 caducum

136 3230 199 3285 Et
218 3229 431 3285 similes
458 3235 637 3284 sortes
667 3225 942 3283 dominari
972 3226 1030 3279 in
1062 3223 1313 3299 regmina
1341 3221 1591 3284 fratrum,

1877 2133 2141 2189 Panditur
2169 2142 2414 2190 actutum
2446 2143 2758 2211 grassatum
2784 2138 2969 2208 praeda
2993 2140 3225 2211 rapinis,

1876 2228 2278 2282 Ismaelitarum
2311 2230 2634 2302 rapiturque
2666 2231 2943 2299 examine,
2975 2232 3148 2286 turba:

1872 2317 2141 2388 Dispersa:
2169 2318 2429 2373 comitum
2449 2318 2614 2373 variis
2640 2325 2694 2373 et
2714 2318 2969 2374 cladibus
2997 2329 3130 2376 actae
3162 2341 3178 2388 ;

1871 2410 2070 2480 Sicque
2100 2409 2436 2465 camelorum
2473 2410 2657 2484 gibbis
2686 2409 2942 2466 sublimis
2970 2413 3265 2469 inhaerens.

1871 2497 1972 2551 Per
1996 2507 2202 2552 vastam
2228 2497 2397 2552 fertur
2426 2513 2698 2565 eremum,
2730 2511 2858 2554 caro
2889 2500 3059 2555 cruda
3091 2501 3318 2558 resolvit

1869 2589 2133 2657 Esuriem,
2160 2589 2364 2645 misero
2396 2597 2616 2660 potatur
2644 2589 2785 2645 lacte
2815 2592 3034 2661 cameli,

1874 2681 2179 2737 Barbaricas
2201 2688 2455 2737 curvatus
2500 2681 2647 2736 herae
2675 2681 2835 2737 datur
2865 2682 3073 2756 absque
3090 2685 3368 2756 pupendis

1867 2773 2055 2828 Nudus
2084 2773 2257 2838 abire,
2286 2774 2479 2829 ovibus
2508 2772 2673 2828 discit
2693 2773 3013 2845 dependere
3042 2790 3250 2831 curam.

1867 2866 2157 2921 Servitium
2188 2872 2436 2938 reSpecta
2461 2865 2608 2921 levat
2637 2867 2965 2921 memoratio
2997 2874 3214 2939 patrum
3244 2886 3258 2934 ;

1869 2955 2045 3031 Exigit
2075 2956 2163 3011 hic
2185 2956 2515 3012 monachum
2537 2955 2797 3026 precibus
2826 2956 3164 3029 psalmisque
3196 2965 3355 3014 sueto

1869 3048 2060 3113 Instat,
2103 3048 2383 3103 delectant
2402 3047 2699 3103 famulatus
2720 3049 2846 3119 jura
2874 3047 3182 3104 subactum.

1868 3138 2184 3195 lnvidethis
2215 3139 2411 3207 hostis,
2440 3140 2781 3213 laqueosque
2804 3156 2903 3212 per
2930 3140 3119 3195 abdita
3149 3139 3411 3209 tendens,

1868 3228 2121 3283 Hortatur
2152 3228 2441 3284 dominum
2467 3229 2638 3284 donet
2667 3228 2938 3283 solamine
2964 3243 3180 3283 servum

133 3322 247 3378 Nec
273 3322 455 3377 solum
489 3320 803 3392 imperium,
838 3317 1069 3389 parilem
1101 3316 1236 3388 quin
1271 3329 1497 3370 cernere
1527 3317 1760 3382 partum;
1796 3370 1839 3393 Π
1866 3319 2034 3384 Quem
2061 3319 2213 3374 videt
2243 3320 2524 3393 egregium
2548 3320 2735 3376 caulas
2768 3319 2999 3391 implere
3030 3326 3345 3391 patronum,

128 3411 335 3466 Puniat
364 3410 508 3465 haud
528 3409 783 3465 homines
814 3406 1034 3461 Domini
1067 3406 1169 3459 sub
1201 3403 1448 3473 imagine
1478 3401 1670 3456 factos.

129 3501 365 3555 Irritans
391 3496 682 3554 Dominum
713 3495 872 3564 cujus
901 3494 1126 3568 punitur
1157 3492 1340 3565 imago
1373 3507 1385 3543 :

131 3590 194 3645 Si
229 3605 446 3659 versam
478 3586 663 3643 uxoris
687 3594 921 3640 statuam
949 3597 1114 3658 grave
1146 3580 1315 3635 ducat
1335 3579 1592 3645 ahenam,

133 3684 312 3748 Quam
343 3697 503 3754 mage
532 3678 920 3735 Cuncticreans
948 3680 1234 3730 moveatur
1261 3671 1500 3744 imagine
1560 3678 1716 3742 rapta
1748 3689 1761 3725 :

132 3778 202 3832 Et
231 3785 499 3849 quantum
528 3773 712 3828 videat
737 3778 957 3825 sensata
986 3765 1309 3824 carentibus
1339 3763 1523 3819 absint
1553 3783 1569 3829 ;

131 3871 363 3941 Nosque
392 3866 557 3922 simul
584 3865 768 3937 plures
797 3862 964 3918 unius
992 3862 1202 3915 honore
1236 3857 1421 3913 valere
1446 3873 1459 3909 :

130 3961 325 4031 Ipsum
358 3972 461 4011 nec
489 3953 770 4010 modicum
800 3949 988 4006 functo
1016 3962 1278 4017 reparare
1305 3945 1585 4015 capillum.

132 4050 253 4106 Hoc
280 4047 688 4104 infrendentem
716 4042 984 4100 cohibens
1009 4048 1219 4095 terrore
1254 4038 1472 4092 leonem

128 4143 381 4200 Crimine
421 4141 732 4212 primatem,
763 4134 925 4191 solvit
954 4130 1277 4188 discrimine
1317 4129 1560 4201 plebem,

132 4239 316 4308 Inque
344 4230 732 4290 resolvendum
760 4227 933 4283 fertur
948 4239 1107 4279 mens
1130 4222 1361 4278 delubra
1375 4221 1544 4295 regis.

211 4325 310 4380 llic
334 4338 495 4379 sacer
521 4317 732 4392 ingenii
764 4314 996 4371 rutilans
1027 4311 1292 4383 Evagrius
1321 4309 1463 4365 acris

133 4419 284 4473 Luce
316 4416 407 4487 pia
435 4412 619 4478 nituit,
644 4414 881 4465 tractans
907 4404 1093 4459 divina
1124 4403 1403 4457 decenter.

209 4504 322 4559 Hac
350 4502 548 4558 tellure
576 4497 674 4555 Dei
706 4496 853 4552 cultu
888 4504 1103 4549 terrena
1136 4491 1477 4562 relinquens,

125 4598 261 4653 Jure
285 4592 565 4666 pudicitiae
588 4588 805 4664 fugiens
837 4602 923 4641 res
960 4594 1127 4656 atque
1159 4588 1439 4654 parentes,

126 4687 377 4744 Praetulit
395 4683 676 4742 illecebris
694 4678 954 4738 monachi
980 4676 1281 4734 certamina
1312 4674 1504 4730 mundi

132 4777 401 4844 Malchus,
424 4789 612 4847 regem
679 4780 802 4829 actu
834 4776 1113 4845 retegens,
1173 4781 1337 4838 quem
1354 4764 1581 4818 nomine
1609 4779 1755 4834 pree-

1363 4857 1487 4929 [fert
1517 4857 1687 4928 (168),

128 4960 378 5018 Callidus
403 4959 554 5015 hunc
579 4956 754 5014 hostis
784 4955 1044 5011 virtutum
1078 4949 1322 5008 culmine
1348 4964 1581 5004 cernens

128 5050 402 5116 Gliscere,
435 5046 747 5104 tendiculas
777 5042 931 5100 cordi
963 5038 1312 5108 circumjacit
1340 5044 1486 5093 atras
1517 5055 1531 5091 :

133 5145 270 5199 Rem
303 5140 538 5214 patriam
571 5145 810 5210 reparet,
839 5136 1019 5192 viduae
1045 5132 1315 5189 solamina
1345 5130 1502 5184 matri

130 5230 416 5296 Conferat,
438 5237 493 5284 et
520 5226 692 5283 sacris
724 5223 1055 5297 patrimonia
1094 5220 1291 5275 ritibus
1317 5225 1467 5290 aptet
1497 5237 1513 5285 ;

134 5321 243 5376 Nec
273 5317 499 5390 linquit,
532 5312 1021 5373 licetadmonitum
1054 5311 1214 5383 duce,
1246 5308 1303 5364 ni
1337 5308 1513 5363 trahat
1559 5307 1759 5374 hamis,

134 5408 426 5465 Fluctibus
450 5405 723 5472 exturbet,
751 5403 877 5460 vitae
899 5401 1169 5474 projectet
1197 5398 1401 5455 arenis.

132 5500 246 5555 Nec
274 5497 485 5554 desunt
509 5494 661 5550 nudo
688 5490 1005 5548 rabidarum
1036 5488 1180 5544 furta
1212 5486 1475 5544 ferarum.

205 5641 335 5719 (1(ᾇῖ
345 5642 397 5710 *)
429 5639 741 5719 Principem
758 5636 821 5719 in
833 5637 945 5719 hoc
957 5633 1202 5719 capitulo
1217 5632 1435 5719 obtinet
1447 5632 1627 5686 locum

136 5704 338 5770 Μάιοὴί
368 5704 631 5768 monachi
659 5726 676 5776 ;
707 5708 761 5763 in
787 5707 944 5763 titulo
976 5704 1160 5761 tamen
1179 5704 1332 5760 nulla
1348 5705 1415 5757 de
1429 5718 1494 5757 eo
1526 5704 1754 5756 mentio.

451 5865 753 5925 PATROL.
807 5858 1142 5924 CXXXV.

1794 3373 1842 3435 (δ’
1868 3408 2176 3463 Vinclorum
2205 3408 2414 3462 sociam
2450 3406 2657 3463 famulo
2688 3423 2891 3463 nexare
2918 3407 3168 3463 maritam

1865 3503 2142 3571 Decernit,
2163 3503 2350 3577 gladio
2381 3509 2708 3559 renuentem
2735 3504 2933 3561 cedere
2962 3504 3132 3580 cogit,

1868 3597 2174 3652 Detestatus
2203 3594 2303 3651 init
2330 3594 2601 3650 thalamos
2621 3595 2823 3651 virtute
2847 3610 3098 3666 perosos,

1865 3688 2132 3763 Plangere
2163 3702 2264 3758 pro
2293 3693 2479 3753 cantu,
2509 3702 2609 3757 pro
2640 3686 2839 3742 saltatu
2870 3687 3037 3743 edere
3058 3687 3290 3754 luctum,

1867 3779 2022 3834 Flere
2059 3778 2403 3851 pudicitiam,
2434 3776 2718 3849 proprium
2736 3778 3086 3834 consciscere
3112 3777 3346 3845 lethum,

1865 3872 2119 3937 Quaerere
2148 3871 2461 3936 decessum,
2493 3868 2617 3925 vitae
2647 3867 2908 3940 praeferre
2934 3868 3209 3941 pudorem
3242 3886 3254 3924 :

1865 3963 2086 4019 Evibrat
2112 3962 2168 4016 in
2200 3976 2323 4017 sese
2344 3960 2573 4032 ferrum,
2603 3975 2792 4016 comes
2818 3958 3048 4016 ausibus
3077 3959 3261 4015 obstat
3293 3978 3306 4018 :

1866 4057 2032 4114 Morte
2051 4055 2164 4111 fera
2184 4053 2480 4122 abstineat,
2503 4053 2652 4123 jurat
2681 4053 2767 4109 vel
2797 4042 2856 4109 se
2881 4053 3034 4125 prius
3062 4051 3198 4109 Orco

1860 4148 2123 4205 Demittat
2143 4146 2352 4215 feritas,
2383 4145 2477 4202 tali
2509 4145 2801 4202 nexamine
2826 4146 3025 4219 jungat

1867 4245 2150 4300 Pertantes
2177 4243 2391 4300 animas
2416 4244 2593 4299 lucem
2628 4250 2965 4315 postponere
2995 4242 3158 4298 castis

1868 4335 1929 4389 At
1965 4335 2143 4406 pudor
2170 4335 2289 4406 ipse
2317 4336 2515 4406 placet,
2549 4334 2967 4406 capiatpietatis
2996 4332 3250 4396 amicam,

1885 4426 2163 4484 Munditia:
2183 4423 2409 4491 sociam,
2441 4422 2642 4478 mentis
2662 4438 2824 4494 quam
2854 4422 3051 4492 cepula
3076 4422 3256 4476 carnis

1867 4518 2152 4579 Collibeat,
2192 4513 2403 4569 domini
2433 4512 2702 4566 thalamos
2726 4512 2871 4565 Deus
2899 4511 3018 4581 ipse
3045 4510 3280 4566 nitorem

1865 4604 2166 4678 Approbet,
2206 4601 2469 4656 alterutra
2509 4599 2766 4655 ostendat
2796 4599 3020 4655 dilectio
3053 4616 3244 4655 nexos.

1783 4687 1834 4754 Ι)
1864 4694 2131 4752 Attonitus
2151 4689 2339 4747 senior
2366 4688 2564 4745 virtute
2601 4686 2788 4762 vigere
2822 4687 2965 4742 virili

1863 4787 2083 4842 Miratur
2120 4782 2334 4839 facilem
2367 4780 2569 4835 lasciva
2598 4778 2666 4834 ad
2698 4778 2909 4835 lubrica
2948 4796 3161 4848 sexum,

1861 4875 2125 4951 Diligitut
2145 4872 2393 4943 junctam
2416 4868 2618 4939 volupe
2651 4867 2774 4940 plus
2804 4868 2917 4924 imo
2942 4868 3186 4943 jugalem
3213 4886 3227 4923 :

1861 4970 2096 5026 Cernere
2126 4967 2276 5024 nuda
2304 4975 2487 5023 tamen
2520 4964 2723 5038 refugit
2752 4966 2837 5020 vel
2880 4973 3105 5037 tangere
3137 4965 3339 5031 carnis,

1842 5057 2098 5118 'Perdere
2128 5075 2265 5132 pace
2305 5073 2512 5130 pavens
2540 5056 2752 5112 studuit
2781 5056 2932 5128 quod
2961 5071 3209 5127 quaarere
3238 5054 3410 5112 bello.

1862 5154 2127 5222 Acceptos
2154 5148 2396 5205 dominis
2427 5147 2552 5218 plus
2583 5145 2712 5202 talia
2740 5144 2959 5201 vincula
2988 5145 3250 5214 reddunt,

1865 5245 2022 5301 Nulla
2060 5245 2203 5318 fugae
2234 5242 2507 5307 formido;
2543 5239 2714 5296 eremi
2748 5239 2876 5294 dum
2908 5247 3058 5295 vasta
3090 5250 3380 5312 pererrant

1863 5339 2144 5395 Liberiore
2183 5338 2366 5414 gregis
2405 5337 2571 5392 ductu
2604 5353 2616 5390 :
2649 5335 2975 5391 memoratio
3006 5342 3250 5391 mentem

1864 5428 2048 5484 Prisca
2072 5426 2223 5483 subit
2250 5424 2499 5490 fratrum,
2530 5422 2720 5478 blandi
2761 5424 3037 5495 respectio
3078 5425 3271 5496 patris.

1938 5518 2161 5575 Interea
2185 5515 2413 5581 formica
2436 5522 2620 5571 terens
2646 5515 2921 5586 prudente
2951 5526 3235 5573 vacantem

1939 5652 2061 5717 (I68
2115 5651 2336 5705 Hieron.
2368 5648 2422 5702 in
2451 5649 2566 5703 Vita
2600 5648 2792 5722 llIalchi
2828 5666 2840 5701 :
2883 5650 3184 5716 ullalchus,
3204 5667 3369 5722 quem
3389 5665 3489 5705 nos

1871 5723 2058 5779 Latine
2084 5738 2258 5789 regem
2277 5735 2572 5791 possumus
2595 5719 2807 5775 dicere.
2852 5748 2865 5769 ι,

3127 5854 3195 5909 IS)
