3890 6416
397 413 498 467 587

397 539 664 595 Sollicitat
681 555 833 602 cura,
865 537 1142 608 stupidam
1172 537 1387 591 diversa
1420 537 1726 593 trahentem

396 633 704 686 Moestitiam
729 631 930 685 mentis
959 630 1110 684 vultu
1131 645 1317 684 comes
1338 630 1500 683 unica
1534 639 1727 701 raptat,

400 724 638 779 Pectoris
667 740 925 778 arcanum
959 723 1172 795 r0gitat,
1197 731 1409 776 secreta
1441 729 1748 791 patescunt.

398 817 690 871 Exhortata
721 815 927 890 fugam,
951 814 1181 885 quaesita
1211 813 1432 868 silentia
1463 812 1663 880 firmat,

393 909 672 979 Spemque
702 913 1023 976 metumque
1047 904 1164 976 jugi
1203 905 1427 959 volvunt
1449 911 1751 976 peroperta
1765 921 2010 972 susurro,

397 995 662 1050 Carnibus
693 993 918 1048 hircinis
948 993 1180 1062 praevisa
1195 992 1390 1048 viatica
1417 1009 1582 1048 curae.

396 1083 532 1138 Sero
561 1082 775 1137 subitur
806 1082 926 1147 iter,
958 1096 1152 1135 carnes
1179 1089 1233 1136 et
1265 1091 1481 1154 tergora
1505 1081 1726 1148 tollunt,

397 1181 618 1236 Utribus
650 1177 821 1233 innixi
853 1177 1060 1248 rapidis
1090 1193 1150 1232 se
1172 1177 1432 1233 ﬂuctibus
1464 1178 1694 1244 addunt,

397 1271 644 1325 Flumine
678 1267 997 1323 transmisso
1028 1267 1182 1322 dubii
1215 1283 1314 1339 per
1342 1268 1504 1322 devia
1537 1277 1767 1323 currunt
1799 1286 1814 1335 ;

398 1363 525 1418 Post
553 1371 764 1433 tergum
795 1360 1002 1414 assidui
1034 1369 1288 1416 revocata
1316 1361 1492 1415 fronte
1525 1367 1739 1416 mentes
1773 1377 1785 1414 :

400 1452 662 1508 Noctibus
684 1451 914 1507 insidias
943 1451 1103 1506 veriti
1136 1451 1254 1508 loca
1286 1452 1432 1506 sicca
1460 1451 1734 1506 terebant.

399 1547 583 1601 Tertia
603 1546 715 1614 jam
748 1551 1019 1599 transacta
1049 1544 1168 1598 dies
1192 1551 1246 1598 et
1276 1544 1456 1599 adhuc
1487 1551 1669 1599 tamen
1705 1543 1852 1598 idem

402 1642 566 1696 Retro
595 1639 797 1695 referre
829 1649 1020 1696 monet
1049 1639 1227 1695 visum
1267 1638 1614 1694 ﬂuitantibus
1644 1654 1797 1694 error
1829 1657 1841 1692 :

405 1731 539 1785 Ecce
570 1730 841 1785 camelino
872 1729 1125 1800 geminos
1153 1729 1421 1783 accedere
1449 1745 1611 1783 cursu

402 1823 555 1876 Mens
588 1838 834 1896 praesaga
858 1821 986 1876 mali
1019 1821 1304 1876 dominum
1332 1821 1650 1893 lethumque
1694 1827 1954 1876 retractat

405 1917 788 1985 Approperare
820 1913 1007 1980 simul,
1029 1912 1335 1987 nigrantem
1364 1927 1594 1966 cernere
1627 1911 1823 1966 solem.

408 2004 484 2060 En
517 2004 749 2075 trepidis
780 2005 945 2078 longe
985 2010 1283 2074 penetrans
1321 2001 1674 2072 depromitur
1697 2007 1936 2055 antrum.

407 2093 516 2146 Nec
546 2093 730 2148 minus
770 2093 961 2147 horror
986 2091 1064 2146 ibi
1087 2091 1278 2147 mortis
1306 2091 1695 2162 scrobiumque
1725 2104 1940 2143 venena

409 2183 706 2236 lntrorsum
741 2195 1036 2252 properare
1063 2188 1270 2248 vetant,
1302 2179 1565 2252 adituque
1600 2179 1825 2234 sinistre

410 2277 690 2350 Ingressos
719 2282 921 2330 restare
947 2274 1168 2344 jubent,
1212 2273 1435 2329 Famulo
1465 2273 1786 2339 comitante,

407 2368 763 2440 Persequitur
789 2366 1046 2422 dominus
1074 2367 1464 2438 speluncaeque
1504 2366 1745 2437 applicat
1784 2380 1878 2419 ora
1909 2381 1923 2426 ;

407 2460 637 2530 Jamque
668 2457 820 2512 necis
843 2472 1004 2526 pinna
1034 2456 1251 2530 gravior
1281 2454 1522 2510 formido
1556 2454 1775 2508 videtur
1804 2469 1816 2506 :

409 2552 685 2606 Presserat
713 2565 810 2604 ora
841 2564 1029 2618 pavor,
1053 2548 1168 2616 jam
1200 2547 1388 2619 lingua
1417 2546 1581 2620 ligata
1613 2552 1874 2611 tremore,

411 2643 541 2698 Cum
567 2659 724 2698 servo
755 2641 1017 2696 dominus
1044 2640 1276 2694 miseros
1305 2639 1545 2693 educere
1572 2637 1815 2692 mandat.

410 2738 531 2806 Ipse
553 2735 880 2789 renudatum
920 2747 1165 2786 czcsurus
1196 2738 1256 2784 ut
1283 2730 1494 2784 evibrat
1530 2745 1743 2792 ensem,

311 2821 324 2826 ’
413 2825 654 2882 Praeterit
682 2827 966 2898 ingressus
989 2823 1175 2891 jussos
1202 2831 1324 2892 post
1354 2829 1511 2896 terga
1540 2820 1882 2891 relinquens,

413 2917 713 2971 Cernentes
749 2929 808 2968 se
833 2929 935 2967 nec
963 2927 1198 2967 cernens
1225 2911 1407 2983 rigido
1440 2910 1690 2980 increpat
1722 2925 1842 2976 ore,

413 3002 720 3060 Furciferos
747 3003 1015 3069 vocitans,
1048 3001 1351 3073 plexosque
1383 2999 1599 3070 eripere
1631 2998 1875 3054 clamans

1167 407 1535 462 FLODOARDI
1576 407 1880 465 CANONICI
1921 411 2250 466 REMENSIS
2291 410 2630 468 OPUSCULA
2668 410 2980 466 METBICA.

3637 412 3746 466 588

2037 543 2354 615 AQuaaqne
2413 552 2623 598 trucem
2707 543 2976 598 invadens
3032 543 3176 614 rapit
3243 543 3454 598 hostem
3513 550 3745 617 gutture

3368 635 3618 706 [fractum
3655 654 3672 695 ς

2117 729 2436 802 Indignatus
2464 737 2518 783 at
2541 729 2661 799 ipse
2693 744 2873 782 moras
2906 727 3126 782 differre
3159 743 3262 782 nec
3294 727 3427 782 iram

2115 820 2354 874 Alterius
2379 820 2620 874 tolerans
2648 819 2928 886 dominus,
2961 820 3101 890 petit
3134 819 3326 874 intima
3358 819 3600 882 fervens,

2119 909 2178 964 Et
2204 908 2398 963 rabido
2437 924 2655 963 servum
2679 908 3014 979 increpitans
3043 909 3283 964 clamore
3323 909 3616 963 socordem

2116 999 2254 1052 Dum
2293 997 2467 1063 szevit,
2501 1013 2679 1053 saevos
2709 997 2939 1053 incurrit
2968 997 3023 1052 in
3055 997 3242 1054 abdita
3264 997 3454 1052 rictus.

2120 1086 2384 1141 Defensos
2416 1085 2565 1141 furor
2593 1086 2801 1141 ultricis
2832 1086 3119 1157 quatiebat
3149 1093 3203 1141 et
3229 1087 3441 1142 horror.

2125 1185 2196 1237 Ac
2225 1181 2421 1237 similis
2450 1189 2630 1236 metus
2661 1182 2917 1236 interitus
2946 1181 3238 1254 torquebat
3263 1182 3512 1237 anhelos.

2127 1272 2272 1327 Inter
2301 1278 2449 1327 tanta
2468 1272 2604 1327 sitos
2624 1272 2941 1327 discrimina
2967 1271 3146 1345 gloria
3176 1272 3356 1326 ductae

2127 1361 2253 1416 Sola
2285 1360 2564 1431 pudicitiae
2587 1360 2783 1416 attollit
2813 1362 2993 1416 solata
3025 1360 3282 1416 latentes.

2131 1457 2389 1510 Immotos
2419 1471 2586 1526 pavor
2613 1455 2730 1526 ipse
2763 1462 2917 1510 tenet
2948 1470 3048 1509 seu
3077 1455 3250 1510 limite
3289 1454 3413 1509 vita).

2127 1545 2454 1617 Suspensos,
2486 1545 2616 1600 dum
2649 1553 2806 1600 cauta
2837 1545 2980 1616 rapit
3002 1545 3332 1617 foveamque
3362 1546 3632 1617 relinquit

2134 1634 2399 1690 Evectans
2429 1635 2668 1690 catulum
2693 1634 2810 1689 fera
2836 1634 3117 1690 mordicus
3148 1649 3244 1690 ore
3268 1636 3637 1705 prehensum,

2127 1726 2485 1799 Tutelamque
2509 1743 2662 1781 suam
2695 1727 2843 1783 cedit
2871 1727 3252 1804 metuentibus
3273 1735 3512 1792 antrum,

2130 1819 2239 1874 Nec
2260 1835 2385 1874 mox
2414 1807 2733 1890 erumpunt,
2761 1835 3149 1893 propensaque
3173 1821 3319 1876 dona
3337 1821 3691 1884 tremiscunt,

2054 1889 2102 1956 Β
2125 1907 2369 1964 Vindicis
2389 1889 2678 1965 occursum
2712 1889 2944 1966 tremulo
2975 1889 3082 1965 sibi
3120 1919 3344 1982 pectore
3375 1909 3615 1986 fingunt.

2130 1997 2534 2070 Transactaque
2564 1999 2675 2063 die,
2697 1999 2809 2066 jam
2838 2003 2957 2055 sole
2988 2000 3244 2068 cadente,
3277 2009 3589 2073 sequuntur

2134 2088 2350 2163 Egressi
2383 2091 2648 2144 latebram
2682 2098 2869 2160 partos
2908 2091 3015 2146 sibi
3040 2099 3186 2146 stare
3219 2091 3454 2146 veredos

2131 2179 2344 2233 Auxilio
2383 2179 2622 2244 Domini,
2663 2180 2962 2252 hostilique
2993 2179 3096 2234 sub
3121 2180 3327 2251 impete
3360 2180 3588 2234 ductos.

2133 2271 2264 2336 Quis
2295 2271 2397 2326 ista
2427 2273 2747 2327 conscensis
2776 2272 3008 2328 recreati
3036 2280 3193 2328 vasta
3220 2280 3517 2348 peragrant

2135 2361 2448 2418 Gaudentes
2476 2364 2646 2418 eremi
2683 2382 2698 2429 ;
2734 2365 2949 2420 decimo
2973 2365 3219 2420 Romana
3254 2373 3514 2419 tenentur

2139 2455 2320 2510 Castra
2349 2456 2460 2521 die,
2497 2458 2750 2527 pandunt
2778 2475 2845 2512 ex
2885 2458 3081 2512 ordine
3113 2465 3268 2529 gesta
3302 2457 3550 2520 tribuno,

2139 2545 2430 2616 Oblatique
2461 2545 2587 2600 duci
2619 2547 3064 2617 pretiofjumenta
3089 2547 3408 2619 relinquunt
3439 2565 3451 2599 :

2137 2639 2309 2709 Atque
2341 2637 2662 2692 manasterii
2693 2639 3025 2694 monachum
3058 2639 3295 2710 repetita
3320 2646 3540 2693 caterva

2138 2733 2228 2787 Sic
2259 2731 2476 2802 recipit,
2506 2732 2788 2804 castisque
2821 2749 3007 2789 comes
3037 2735 3338 2803 conjuncta
3377 2734 3602 2790 choreis

2148 2819 2386 2874 Fulcitur
2415 2818 2614 2874 dilecta
2635 2835 2813 2886 soror,
2845 2837 2948 2876 nec
2975 2821 3184 2878 credita
3215 2821 3378 2877 fratre

2148 2907 2234 2961 Sic
2260 2907 2473 2982 gladios
2502 2906 2757 2980 interque
2789 2907 2932 2964 feras
2962 2910 3292 2981 desertaque
3323 2927 3609 2983 nunquam

2149 2997 2423 3068 Captivam
2455 3014 2575 3053 esse
2608 2998 2933 3069 pudicitiam
2968 3005 3135 3070 patet,
3179 3007 3348 3071 atque
3372 3000 3634 3073 jugatum

414 3096 479 3148 At
506 3107 715 3147 memor
744 3090 1106 3162 Omnipotens
1129 3088 1481 3156 famulorum,
1506 3088 1574 3143 ad
1629 3087 1774 3144 bella
1814 3088 2043 3144 leaenam
2150 3087 2317 3144 Posse
2340 3087 2477 3142 mori
2519 3085 2731 3141 Christo
2763 3085 3051 3154 famulum,
3086 3102 3197 3142 non
3229 3103 3397 3158 posse
3439 3089 3676 3144 reﬂecti.

417 3186 622 3242 Excitat
656 3183 908 3251 interius,
939 3181 1086 3238 fetus
1101 3181 1366 3238 alimenta
1397 3182 1687 3237 ferentem.

1923 3287 2133 3345 CAPUT
2180 3288 2294 3343 XII.

1783 3401 1861 3460 De
1903 3409 2113 3461 sancta
2156 3399 2426 3474 Pelagia.

420 3537 589 3608 Ilujus
611 3534 886 3609 Pelagiam
918 3531 1268 3604 percepimus
1300 3531 1454 3586 urbis
1483 3531 1794 3597 alumnam,

417 3632 586 3696 Quam
617 3629 739 3684 vitte
763 3626 971 3682 meritis
1002 3626 1321 3681 veneranda
1347 3623 1636 3680 cacumina
1661 3621 1817 3692 juxta

420 3710 616 3775 Montis
643 3715 834 3772 Oliveti
857 3715 1197 3790 signavimus
1236 3721 1380 3769 astra
1407 3713 1631 3785 petisse.

421 3815 586 3884 Cujus
614 3813 939 3868 detenebris
967 3812 1032 3867 ad
1065 3811 1266 3874 lucem,
1301 3826 1331 3864 a
1371 3817 1544 3865 morte
1576 3808 1848 3884 gehennae

419 3907 496 3960 Ad
529 3905 734 3959 clarum
763 3903 884 3958 vitae
915 3900 1120 3958 celebri
1156 3899 1358 3970 pietate
1391 3897 1755 3968 triumphum,

420 3997 459 4050 A
502 3988 730 4049 niaculis
755 3993 824 4047 ad
855 4008 1010 4046 sacra
1041 3989 1153 4062 poli
1185 3988 1417 4043 mutatio
1456 3986 1597 4052 talis,

421 4091 714 4147 Pontifices
745 4086 1199 4161 quondamjubet
1229 4085 1380 4141 urbis
1409 4085 1706 4156 episcOpus
1737 4080 1902 4149 hujus

420 4187 798 4256 Approperare
829 4181 934 4234 sibi
967 4179 1236 4251 quosdam
1270 4178 1498 4250 regione
1533 4175 1898 4246 prepinquos.

422 4282 528 4337 Hos
547 4279 711 4335 simul
740 4278 882 4332 inter
909 4277 1062 4331 adest
1083 4283 1305 4329 sanctus
1335 4271 1666 4345 cognomine
1689 4269 1936 4332 Nonnus,

420 4375 512 4428 Vir
535 4372 668 4441 justi
703 4371 950 4441 rectique
993 4375 1177 4433 tenax,
1215 4363 1490 4419 mirabilis
1521 4369 1668 4424 actu,

423 4463 484 4516 Et
512 4461 785 4532 probitate
817 4460 938 4530 pius
968 4475 982 4523 ;
1011 4471 1194 4511 mores
1220 4453 1314 4525 qui
1347 4457 1575 4524 prOpter
1606 4451 1871 4505 honestos

421 4553 640 4608 Caelibis
670 4569 732 4608 ac
761 4551 886 4606 vitae
916 4549 1128 4605 cunctis
1149 4545 1468 4602 venerabile
1500 4543 1742 4598 culmen.

422 4645 576 4700 Almo
615 4653 669 4699 et
706 4643 979 4698 monacho
1009 4639 1206 4712 praesul
1236 4635 1586 4708 resplenduit
1619 4634 1816 4700 almus,

495 4734 650 4788 Casta
678 4733 768 4787 die
795 4730 1031 4803 quadam
1061 4727 1236 4785 sancti
1270 4727 1400 4782 dum
1431 4723 1644 4780 semina
1674 4722 1830 4778 verbi

422 4825 523 4879 Pro
555 4820 994 4890 foribustempli,
1017 4819 1186 4873 sociis
1217 4815 1582 4887 poscentibus
1606 4813 1761 4884 ipsis,

419 4914 716 4986 Spargeret
747 4909 1087 4976 hic,cunctis
1108 4905 1460 4966 mirantibus,
1493 4919 1588 4958 ore
1613 4901 1758 4956 beati

419 5007 599 5064 Verba
624 5006 793 5070 senis,
827 5014 934 5060 tam
966 5019 1165 5078 magna
1191 5001 1320 5067 seri,
1345 5007 1452 5056 tam
1486 4999 1655 5073 digna
1687 4995 1891 5068 profari
1919 5015 1932 5051 :

419 5101 493 5155 En
527 5099 730 5154 ardens
758 5097 936 5153 rutilis
962 5095 1229 5151 transibat
1263 5091 1494 5148 mimula
1523 5089 1757 5163 gemmis

419 5189 622 5244 Ornato
663 5187 912 5242 residens
936 5199 1154 5256 pompae
1189 5180 1500 5237 meretricis
1527 5180 1720 5235 asello.

418 5277 594 5342 Quam
624 5276 789 5330 fulvis
817 5275 1052 5330 nitidum
1087 5272 1256 5328 radiis
1285 5278 1610 5326 contexerat
1643 5283 1840 5323 aurum

420 5364 694 5432 Undique,
727 5363 810 5417 vel
837 5365 997 5420 claris
1029 5371 1256 5419 onerata
1281 5361 1510 5417 monilia
1531 5359 1734 5416 baccis.
1773 5404 1776 5410 .

420 5459 573 5512 Hanc
599 5455 890 5510 comitatur
927 5475 1098 5514 ovans
1129 5473 1425 5528 puerorum
1453 5461 1671 5525 compta
1699 5460 1939 5519 caterva,

418 5547 676 5608 Grexque
707 5545 1008 5607 Puellarum
1035 5547 1159 5601 luce
1189 5545 1573 5602 ornatissimus
1599 5543 1739 5609 auri,

415 5628 683 5689 Vestibus
712 5627 978 5702 insignes,
1012 5636 1286 5692 decorata:
1319 5635 1611 5708 torquibus
1645 5649 1877 5698 omnes;

410 5721 545 5804 Qua;
579 5724 691 5804 quo
721 5713 1007 5786 migrabat,
1047 5724 1345 5793 spargebat
1375 5733 1618 5779 aromate
1651 5731 1866 5789 ventos,

405 5800 688 5861 Sollicitis
718 5813 948 5860 vacuum
975 5807 1270 5865 nidoribus
1304 5827 1432 5867 aera
1462 5810 1706 5881 replens,

2069 3537 2118 3604 (ζ,
2151 3531 2320 3598 Hujus
2353 3529 2408 3584 in
2439 3535 2664 3598 aspectu
2704 3527 2873 3583 satias
2901 3526 3149 3600 fugiebat
3181 3535 3454 3583 amantes.

2149 3617 2444 3674 Pontifices
2473 3618 2680 3689 stupidi
2707 3623 2856 3672 tanta
2887 3617 3187 3673 ambitione
3221 3625 3524 3683 meantem,

2146 3708 2264 3764 Non
2305 3709 2359 3763 in
2395 3709 2602 3764 honore
2632 3708 2725 3763 Dei
2749 3723 3045 3779 procerum
3073 3707 3416 3763 descendere
3439 3708 3644 3774 asello,

2145 3803 2360 3859 Nudato
2391 3802 2596 3858 nitidos
2627 3802 2953 3873 prodentem
2976 3803 3182 3858 vertice
3210 3802 3417 3868 crines,

2148 3894 2351 3951 Intuitu
2374 3896 2582 3952 vultum
2603 3912 2710 3951 ceu
2726 3912 2925 3968 magna
2955 3912 2985 3951 a
3018 3895 3144 3951 labe
3169 3896 3459 3960 reducunt,

2146 3988 2372 4044 Nonnus
2397 3998 2451 4043 at
2490 3989 2768 4061 egregius,
2797 3989 3092 4060 speculans
3121 3989 3409 4053 attentius,
3435 3995 3608 4060 atque

2150 4079 2387 4152 Longius
2425 4094 2715 4133 asservans
2745 4079 2862 4133 visu
2889 4079 3020 4133 dum
3048 4078 3284 4144 transiit,
3316 4078 3505 4142 haeret,

2149 4168 2320 4224 Corde
2350 4169 2452 4224 sub
2493 4170 2724 4226 attonito
2756 4169 2984 4241 reliquis
3016 4169 3301 4243 incognita
3328 4167 3597 4232 volvens;

2151 4259 2284 4312 Inde
2313 4259 2518 4313 recline
2549 4265 2713 4330 caput
2737 4257 2975 4330 genibus
3006 4257 3352 4328 superaddit,
3385 4263 3438 4310 et
3468 4272 3643 4310 omne

2154 4349 2270 4404 Mox
2303 4349 2558 4420 lacrymis
2581 4349 2859 4414 manuale,
2893 4348 3189 4418 sinumque
3215 4345 3451 4416 replevit
3477 4345 3714 4400 obortis.

2155 4440 2286 4495 Exin
2345 4456 2545 4514 magna
2578 4439 2804 4496 trahens
2832 4439 2942 4494 imo
2965 4437 3210 4509 suspiria
3228 4437 3394 4492 corde

2155 4530 2326 4585 «Num
2354 4529 2857 4596 delectatos,socii,
2887 4529 3119 4596 vosjure
3155 4527 3424 4599 probatis,

2153 4625 2275 4680 Haec
2305 4639 2414 4695 quo
2439 4639 2500 4677 se
2531 4622 2731 4677 mulier
2750 4621 2901 4677 cultu
2928 4619 3210 4675 decoravit
3238 4616 3503 4673 ammno‘?
3541 4641 3563 4665 υ

2153 4717 2246 4772 llis
2287 4717 2420 4770 nihil
2454 4716 2571 4770 hzec
2589 4721 2779 4769 contra
2825 4712 3208 4775 reddentibus,
3231 4711 3320 4764 ille
3349 4710 3650 4765 reﬂectens

2153 4807 2476 4880 Applicitam
2505 4805 2744 4881 genibus
2764 4804 2959 4860 faciem
2991 4802 3231 4873 suspiria
3253 4800 3464 4876 jungit,

2071 4858 2128 4926 D
2152 4858 2346 4953 Pectus
2372 4858 2688 4968 percﬁtiens
2727 4858 3104 4964 lacrymisque
3133 4858 3319 4946 cilicia
3339 4858 3611 4959 cbmplet,

2149 4987 2276 5051 Quae
2307 5001 2528 5040 carnem
2561 4982 2743 5037 valido
2774 4980 2901 5036 cozli
2936 4979 3153 5035 fervore
3184 4977 3514 5034 domabant.

2146 5079 2280 5134 Hinc
2309 5077 2531 5151 rogitat,
2557 5074 2777 5146 species
2807 5073 2975 5127 sociis
3004 5070 3287 5142 placuitne
3319 5077 3558 5124 venusta
3598 5069 3629 5112 ν

2143 5170 2260 5226 Non
2287 5170 2468 5224 minus
2499 5175 2584 5222 ast
2606 5166 2687 5220 illi
2709 5170 2982 5234 concepta
3010 5162 3236 5218 silentia
3258 5171 3542 5232 rumpunt.

2153 5263 2248 5318 Ille
2282 5278 2461 5317 rosam
2492 5261 2702 5316 callens
2733 5259 2892 5312 hirtis
2920 5257 3223 5326 decerpere
3255 5253 3462 5320 dumis,

2151 5353 2381 5422 Semper
2408 5350 2474 5404 ad
2506 5347 2818 5419 exemplum
2855 5345 3077 5416 pietatis
3107 5355 3162 5398 et
3195 5344 3304 5398 alta
3327 5359 3552 5408 vocare,

2153 5444 2422 5501 Cordibus
2452 5460 2482 5498 a
2504 5442 2765 5498 comitum
2794 5437 2984 5493 mundi
3021 5453 3307 5493 removere
3334 5435 3541 5506 piacla,

2157 5538 2216 5593 Et
2247 5536 2403 5609 quasi
2433 5534 2738 5590 vaticinans
2779 5533 3004 5588 tandem
3035 5532 3116 5586 sic
3145 5529 3342 5602 incipit
3371 5545 3470 5584 ore
3504 5547 3516 5583 :

2162 5650 2182 5680 ι
2215 5630 2349 5684 Vere
2371 5627 2640 5684 confiteor
2663 5627 2998 5683 delectatum
3033 5639 3128 5680 ore
3168 5622 3366 5694 puellae

2158 5721 2261 5781 Me.
2289 5719 2607 5790 placuitque
2637 5719 2773 5772 mihi
2795 5717 3013 5788 species
3042 5723 3100 5770 et
3129 5714 3301 5770 forma
3331 5713 3557 5768 decoris
3589 5733 3607 5780 ;

2161 5810 2224 5863 At
2248 5825 2432 5864 veram
2460 5807 2634 5864 fateor
2664 5808 2829 5864 nobis
2849 5808 2991 5862 hanc
3021 5804 3273 5877 praeferet
3302 5805 3447 5858 altus
