3890 6400
166 420 275 474 589

713 423 796 477 DE
833 424 1195 481 TRIUMPHIS
1239 427 1492 483 CHRISTI
1537 429 1910 484 ANTIOCHI/I3
1950 431 2178 485 GESTIS
2219 431 2394 486 LIBRI
2438 432 2588 487 DUO.
2629 463 2700 471 —
2741 433 2865 486 LIB.
2911 433 2975 487 II.
3417 436 3523 489 590

164 570 405 638 Arbiter,
428 580 558 626 ante
590 573 849 629 thronum
882 581 1128 631 statuens
1160 593 1390 632 censore
1423 577 1792 643 tremendum,
1823 568 1870 630 Α
1893 559 2053 613 Τείτο
2096 560 2319 613 horrore
2353 559 2585 631 nigram,
2619 559 2776 626 ουᾱυς
2810 574 2992 629 neque
3022 557 3166 612 ferre
3208 559 3417 614 νδιθτεί

167 663 391 718 .ludicet
436 673 496 718 ut
545 675 792 720 nostrum
837 665 1084 722 officium
1128 685 1228 723 nos
1270 677 1434 740 atque
1472 670 1790 739 triumphet,

166 754 230 809 Et
262 764 493 826 quantas
522 758 766 812 morulas
795 759 1052 814 horarum
1087 761 1267 832 egisse
1310 761 1510 830 putatis

170 843 321 898 llanc
351 845 491 899 intra
519 847 801 916 proprium
834 856 1010 903 semet
1038 849 1352 905 decorando
1383 851 1586 917 cubile,

167 934 305 988 Dum
343 935 508 1003 lavat,
534 937 839 1008 etpingens
859 954 917 991 se
949 939 1217 1012 unguenti
1243 947 1465 996 nectare
1483 943 1663 1015 tingit,

172 1025 408 1095 Insuper
433 1025 500 1079 ad
525 1024 813 1095 speculum
845 1027 1112 1083 studiosis
1141 1028 1380 1084 cultibus
1408 1047 1631 1099 ornans,
1715 1017 1728 1026 ’

171 1116 238 1170 Ut
267 1117 474 1171 mundo
507 1117 745 1188 placeat,
778 1119 994 1173 cunctis
1025 1120 1284 1190 Optabilis
1316 1138 1436 1177 esse

170 1208 350 1263 Possit
375 1219 704 1276 amatorum,
739 1211 874 1265 nulli
896 1211 1162 1267 deformis
1193 1215 1382 1269 haberi

169 1299 526 1368 Cernentum,
570 1301 899 1374 plerumque
944 1303 1064 1358 dies
1106 1321 1247 1376 quos
1290 1305 1531 1360 crastina
1561 1307 1799 1376 captat?

167 1395 232 1448 At
254 1407 358 1448 nos
383 1393 438 1447 in
461 1393 619 1448 ccelis
645 1402 853 1449 aeterna
877 1395 931 1448 in
960 1396 1121 1451 smcla
1153 1406 1470 1452 manentem

167 1489 271 1553 Qui
303 1488 537 1544 colimus
568 1489 806 1556 Patrem,
836 1507 1042 1562 sponso
1076 1492 1168 1563 qui
1204 1499 1380 1547 morte
1409 1499 1630 1548 carente

166 1577 488 1633 Gaudemus
517 1579 625 1634 sibi
659 1579 878 1654 divitias
909 1581 1030 1635 sine
1062 1580 1173 1637 ﬁne
1206 1582 1444 1636 nitentes

167 1664 518 1721 Attribuente
550 1674 678 1738 apte
710 1667 1136 1738 famulantibus,
1165 1669 1398 1725 aestimat
1429 1670 1574 1725 ullus

163 1756 313 1820 Quas
343 1771 456 1810 non
482 1757 570 1810 hic
600 1756 821 1812 animus
852 1759 1036 1813 carnis
1061 1774 1172 1814 non
1204 1760 1419 1814 strinxit
1451 1759 1689 1827 ocellus,

161 1844 289 1901 Non
318 1862 481 1900 aures
510 1847 748 1903 hausere
779 1849 1046 1917 hominis,
1085 1867 1265 1921 neque
1297 1850 1462 1905 corde
1504 1851 1790 1913 librantur,

163 1935 297 1998 Quae
327 1935 452 1990 ﬁdis
482 1936 749 1992 Dominus
772 1939 1066 2012 dignisque
1100 1941 1309 2011 paravit
1340 1940 1579 1996 alumnis
1606 1958 1617 1994 :

163 2020 310 2076 Certi
342 2032 608 2095 praeterea
639 2027 782 2097 pacti
811 2029 1081 2098 promissa
1111 2037 1386 2097 tenentes,

160 2115 414 2171 Caelestis
438 2116 642 2173 faciem
676 2119 875 2191 Sponsi
906 2137 1004 2192 per
1024 2123 1184 2178 saecla
1213 2124 1461 2188 videndi,

159 2204 261 2258 Cui
295 2206 584 2262 cherubim
627 2209 849 2280 penitus
881 2211 1160 2282 trepidant
1195 2212 1484 2267 intendere
1512 2213 1678 2269 visus.

158 2293 273 2348 Nec
301 2311 402 2350 nos
421 2311 708 2364 ornamus,
739 2300 932 2354 sordes
964 2317 1142 2373 neque
1175 2302 1432 2372 pellimus
1462 2310 1626 2368 atras,

156 2387 336 2454 Atque
369 2385 746 2442 immunditias
785 2387 953 2460 lapsis
981 2391 1272 2446 animabus
1302 2393 1536 2458 inustas,

159 2477 277 2530 lmo
298 2478 510 2546 protriti
539 2481 811 2551 pronique
835 2483 1084 2550 jacemus
1113 2485 1337 2546 inertes,

151 2568 303 2630 Quos
323 2567 408 2622 vel
437 2568 492 2623 in
525 2571 779 2641 exemplo
813 2571 1154 2643 reliquorum
1190 2575 1408 2628 tramite
1444 2575 1498 2628 in
1533 2574 1642 2629 alto

157 2655 427 2711 Virtutum
449 2674 676 2729 semper
699 2659 908 2715 meritis
938 2671 1184 2732 perstare
1209 2663 1447 2718 deceret.
1493 2684 1519 2713 »

150 2747 314 2814 Dixit,
335 2756 390 2803 et
421 2750 646 2821 hospitii
668 2767 726 2806 se
758 2767 881 2808 mox
917 2753 1302 2824 penetralibus
1332 2755 1566 2823 abdens,

153 2839 213 2892 In
242 2836 555 2913 faciemque
587 2859 755 2898 ruens
778 2845 933 2899 vultu
965 2861 1222 2915 percussa
1265 2847 1476 2921 rigabat

151 2935 324 3010 Terga
354 2936 454 2991 soli
488 2938 766 3008 Iacrymis,
801 2940 1010 2995 maestis
1040 2941 1113 2995 ita
1142 2942 1372 2997 vocibus
1394 2958 1558 2997 orans
1585 2961 1597 2996 :

155 3048 179 3077 α
225 3027 264 3083 0
296 3032 562 3100 praecelse
591 3031 755 3098 Deus,
785 3033 1006 3097 nostris,
1035 3050 1191 3108 rogo,
1227 3052 1388 3106 parce
1410 3037 1633 3108 piaclis;

153 3117 430 3172 Peccatori
460 3119 686 3190 ignosce
716 3120 872 3187 mihi,
903 3138 1026 3176 nam
1054 3123 1267 3194 pellicis
1294 3125 1458 3194 hujus

150 3204 325 3260 Unius
345 3205 509 3262 solito
540 3207 721 3263 cultus
743 3209 811 3263 de
842 3225 996 3264 more
1024 3211 1134 3266 diei

147 3297 482 3353 Ornamenta
520 3315 659 3354 meae
685 3301 935 3356 vicerunt
973 3303 1158 3356 omnia
1189 3303 1336 3357 vitae.

144 3391 265 3454 Quo
297 3397 349 3446 te
379 3392 717 3463 conspiciam
750 3395 900 3448 vultu
919 3395 947 3447 τ
983 3395 1297 3451 Excusabor
1323 3396 1390 3450 ab
1418 3413 1513 3451 ore
1536 3397 1565 3450 ‘P

141 3481 285 3532 Ante
317 3479 509 3534 oculos
540 3496 644 3535 nec
682 3482 828 3536 enim
851 3481 1162 3538 abscondar
1189 3494 1401 3539 secreta
1420 3485 1644 3542 tuentis.

143 3573 238 3626 Va:
261 3573 540 3643 peccatori
573 3574 706 3629 mihi
734 3575 747 3629 l
781 3577 986 3648 quique
1012 3577 1278 3632 altaribus
1305 3585 1488 3632 astans
1544 3601 1553 3611 ·

144 3660 424 3732 Indignus
457 3663 628 3718 sacris
655 3663 825 3720 decus
856 3665 1001 3720 haud
1034 3665 1244 3721 illustre
1274 3667 1462 3740 peregi

144 3750 330 3805 Ullum
358 3753 426 3805 ad
458 3753 602 3807 velle
642 3764 816 3821 tuum,
847 3755 1092 3810 clemens
1122 3756 1213 3827 qui
1249 3764 1445 3811 cuncta
1474 3758 1670 3813 creasti

139 3845 220 3898 De
253 3843 454 3909 nihilo,
485 3843 738 3910 Domine,
786 3844 930 3899 inter
960 3861 1082 3916 qua:
1113 3862 1203 3899 me
1234 3847 1474 3901 condere
1515 3847 1768 3920 dignans,

136 3936 552 4007 Servitiumque
579 3935 679 3991 tibi
709 3943 958 3991 statuens
984 3937 1306 4008 impendere
1331 3938 1580 4011 dignum.

139 4024 221 4078 Ne
251 4040 341 4079 me
381 4025 588 4079 caelesti
619 4025 883 4098 miserum
921 4025 1179 4094 rejeceris
1210 4027 1354 4094 aula,

137 4117 277 4183 Nec,
309 4117 636 4185 reverenda,
671 4124 817 4172 tuam
850 4117 1160 4172 confundas
1190 4125 1320 4174 ante
1346 4120 1698 4176 tremendam

138 4211 228 4265 Me
261 4211 628 4280 majestatem,
662 4213 813 4267 cultu
846 4212 1156 4267 meretricis
1185 4213 1239 4266 in
1268 4214 1454 4282 hujus,

137 4300 273 4364 Quae
289 4315 390 4370 pro
418 4299 655 4354 terrenis
683 4301 891 4356 studuit
916 4317 977 4355 se
1011 4316 1207 4356 ornare
1229 4302 1493 4372 superbe,

135 4387 368 4440 Summa
393 4401 492 4457 pro
514 4386 682 4442 rebus
711 4403 840 4442 cura
868 4389 1134 4444 decorare
1165 4391 1409 4445 caducis.

136 4482 233 4532 Ast
265 4479 361 4549 qui
393 4479 656 4550 proposui
678 4495 833 4534 sacro
854 4479 951 4534 tibi
978 4481 1101 4552 jure
1137 4481 1375 4550 placere,

142 4569 353 4625 Invicto
377 4570 615 4637 Domino
646 4571 848 4626 decora
877 4572 1112 4643 implere
1136 4572 1343 4643 quievi,

136 4665 320 4727 Quare
349 4678 440 4717 me
471 4663 527 4716 in
560 4663 720 4718 terris
749 4669 928 4731 tueor,
955 4664 1206 4736 caeloque
1239 4666 1485 4720 relictum

138 4752 299 4806 Cultu
332 4752 585 4822 inopem,
617 4769 835 4808 servare
866 4753 964 4808 tibi
996 4753 1088 4825 qui
1120 4763 1245 4810 vota
1277 4754 1502 4829 refugi?

142 4844 270 4899 Haec
299 4859 425 4915 quae
448 4844 702 4914 promisit
726 4845 1053 4900 mortalibus
1080 4845 1224 4901 ultro
1252 4847 1536 4917 rependit:

139 4932 303 4986 Nulla
342 4933 484 4987 meis
515 4933 684 5005 igitur
713 4933 850 4988 mihi
871 4933 985 5002 jam
1017 4934 1374 5005 spesactibus
1402 4936 1594 4990 haeret.

141 5023 221 5076 Ad
253 5039 529 5094 suspensa
553 5030 661 5079 tua:
693 5025 914 5096 pietatis
941 5025 996 5079 in
1020 5026 1193 5080 arduo
1227 5041 1387 5080 mens
1408 5033 1510 5094 est,

147 5117 426 5170 lmmense
455 5115 617 5171 Pater
645 5115 812 5185 alme,
845 5117 981 5170 mihi
1014 5123 1106 5172 tua
1139 5115 1312 5172 fidere
1353 5118 1524 5172 multa

148 5204 249 5260 Dat
271 5204 518 5271 bonitas,
558 5205 799 5260 animam
832 5205 1003 5261 facias
1030 5222 1195 5277 quam
1227 5223 1456 5262 munere
1482 5209 1706 5264 salvam.
1754 5228 1778 5258 ι)

221 5293 373 5348 Talia
415 5294 509 5365 qui
539 5296 678 5351 tristi
709 5296 890 5352 donec
918 5312 1156 5353 maerore
1186 5298 1394 5353 volutat

151 5386 515 5456 Praecipitans
554 5387 728 5457 nigris
757 5396 930 5444 terras
960 5404 1070 5444 nox
1099 5389 1345 5463 contegit
1374 5389 1497 5456 alis,

151 5481 360 5535 Ductus
383 5478 529 5534 fessa
558 5495 726 5551 sOpor
755 5481 1039 5535 recreabat
1064 5481 1314 5536 membra
1333 5481 1553 5547 labore;

152 5568 224 5622 En
259 5568 442 5624 maesti
472 5568 741 5623 Dominus
767 5569 959 5624 famuli
998 5585 1231 5639 memor,
1269 5571 1457 5626 omnia
1487 5571 1680 5642 pandit

152 5661 296 5716 Laeta
329 5661 643 5716 futurorum
674 5661 850 5735 signis
879 5679 1126 5736 praesaga
1155 5664 1429 5719 bonorum

154 5753 287 5807 Nam
315 5753 471 5808 videt
499 5753 557 5808 in
588 5755 801 5810 somnis
824 5771 933 5811 arte
963 5771 1022 5810 se
1054 5757 1311 5812 assistere
1347 5755 1572 5827 praesul,

157 5844 386 5900 Plenam
419 5851 474 5900 et
501 5844 780 5915 spurcitiis
809 5847 1250 5904 circumvolitare
1277 5847 1614 5910 columbam,

1897 650 2132 704 Horrens
2157 651 2417 721 pedorem
2444 651 2736 704 lutulentis
2765 651 3026 705 sordibus
3047 668 3278 724 aegrum,

1899 742 2246 814 Durabatque
2271 744 2462 798 volans
2498 744 2660 809 circa,
2685 743 2814 797 dum
2845 744 3058 798 miserit
3089 743 3244 800 ordo.

1897 831 2054 886 Extra
2079 833 2362 886 auditores
2393 832 2626 886 necdum
2654 833 2980 902 baptismate
3004 834 3164 900 lotos,

1898 923 1987 978 llis
2013 924 2176 977 simul
2211 927 2448 995 egressis
2474 927 2646 996 septis
2681 931 2984 980 secesserat
3013 925 3163 991 ales;

1896 1011 1961 1065 Ut
1990 1029 2142 1066 sacra
2169 1015 2519 1083 complentur
2537 1015 2695 1079 redit,
2721 1021 2775 1068 et
2803 1014 2937 1084 petit
2967 1013 3370 1086 egredientem.

1896 1099 2047 1153 lianc
2081 1101 2191 1154 illle
2219 1102 2502 1172 accipiens
2529 1103 2692 1156 stanti
2727 1117 2784 1155 se
2817 1118 3068 1174 mergere
3100 1103 3274 1157 cernit

1900 1192 2034 1245 Ante
2081 1191 2230 1246 fores
2260 1194 2448 1263 templi
2493 1195 2663 1260 labro,
2705 1212 2836 1265 quo,
2876 1195 3039 1249 sorde
3069 1195 3235 1265 piata,

1905 1288 1967 1340 Et
1999 1288 2089 1341 nix
2117 1288 2242 1342 alba
2279 1289 2670 1356 velut,cmlum
2705 1289 3026 1345 conscendit
3066 1289 3120 1343 in
3151 1290 3340 1357 altum,

1901 1383 2028 1436 Tam
2059 1383 2204 1437 celse
2233 1391 2527 1456 penetrans
2560 1386 2722 1451 hujus
2745 1386 2872 1439 dum
2905 1386 3115 1440 visibus
3144 1387 3306 1442 absit.

1905 1473 2020 1535 Quo
2053 1473 2309 1543 stupidus
2339 1475 2566 1528 horrore
2598 1490 2789 1540 senex,
2819 1475 2947 1528 dum
2982 1475 3127 1529 clara
3155 1491 3380 1530 serenas

1905 1559 2014 1614 Lux
2037 1561 2210 1616 rutilae
2232 1570 2404 1616 terras
2444 1562 2679 1616 illustrat
2711 1563 2920 1618 honore
2953 1563 3160 1627 nitelze,

1902 1650 2014 1713 Qua
2055 1649 2385 1704 celebranda
2411 1651 2501 1705 die
2534 1652 2732 1705 renitet
2758 1651 3026 1706 surrectio
3059 1651 3251 1706 Christi
3278 1670 3291 1714 ;

1899 1738 2082 1816 Pergit
2110 1741 2164 1795 in
2189 1742 2502 1809 eeclesiam,
2530 1743 2818 1797 missarum
2861 1759 3016 1798 sacra
3045 1744 3317 1799 coluntur.

1904 1833 2027 1887 Post
2049 1850 2201 1888 sacra
2224 1834 2368 1889 dicta
2397 1835 2584 1901 simul,
2613 1835 2840 1890 Nonnus
2868 1851 3126 1890 sermone
3153 1845 3375 1910 rogatur

1897 1927 2072 1981 Solari
2105 1938 2298 1983 sancto
2327 1930 2593 1999 populum
2625 1947 2637 1983 :
2670 1929 2862 2000 incipit
2893 1930 2986 1985 ille
3017 1947 3255 2001 superna

1897 2018 2008 2071 Nec
2029 2024 2248 2073 terrena
2270 2035 2494 2086 sonans,
2528 2036 2630 2074 nec
2651 2021 2887 2075 rhetoris
2913 2029 3028 2076 arte
3058 2022 3229 2093 polita

1895 2108 2218 2163 Declamans
2272 2110 2395 2164 coeli
2431 2109 2564 2182 quin
2597 2110 2721 2166 luce
2753 2110 2986 2165 nitentia
3014 2127 3302 2181 promens;

1897 2199 2010 2253 Non
2043 2209 2271 2256 ventosa
2295 2201 2487 2267 boans,
2517 2209 2705 2257 sancto
2732 2202 2830 2257 sed
2853 2202 3098 2258 Flamine
3128 2205 3345 2274 plenus,

1894 2289 2145 2344 Errantes
2177 2306 2457 2358 revorans,
2486 2292 2589 2346 iter
2617 2294 2685 2347 ad
2717 2293 2962 2349 cmlestia
2993 2295 3262 2364 pandens,

1894 2377 2158 2432 Indicium
2193 2381 2551 2434 memorando
2572 2380 2896 2454 benignum,
2925 2399 3133 2454 speque
3166 2383 3406 2454 benigna

1891 2472 2161 2527 Labentes
2188 2474 2433 2528 solidans
2463 2476 2677 2530 animas
2700 2475 2911 2532 fervore
2943 2493 3203 2548 superno,

1891 2569 2053 2636 Cujus
2086 2569 2169 2622 his
2198 2570 2422 2624 monitis
2450 2571 2794 2640 pulsantibus
2816 2573 3011 2627 intima
3031 2573 3251 2637 mentis,

1890 2660 2061 2714 Corda
2092 2668 2475 2731 capessentum
2509 2663 2587 2718 sic
2611 2672 2737 2718 sunt
2757 2671 3085 2735 compuncta
3105 2664 3369 2731 virorum,

1885 2755 2059 2827 Terga
2091 2754 2388 2823 pavimenti
2423 2762 2480 2810 ut
2512 2757 2766 2827 lacrymae
2803 2757 3005 2825 pietate
3039 2758 3306 2830 rigarent.

1884 2841 2106 2896 Astabat
2140 2845 2396 2898 meretrix
2431 2851 2564 2899 nutu
2598 2846 2824 2916 praefata
2850 2847 3109 2901 Tonantis

1884 2933 2052 2987 Ducta
2077 2935 2266 2999 sacris,
2301 2935 2401 2988 etsi
2434 2937 2841 3004 catechumina,
2870 2938 3025 3004 juxta
3053 2952 3154 2992 nec
3185 2953 3429 3009 unquam
3513 2971 3519 2975 -

1883 3023 1997 3078 Huc
2018 3033 2174 3080 sueta
2200 3028 2528 3097 appropiare
2554 3031 2705 3098 gravi
2731 3029 2834 3082 sub
2856 3031 3001 3084 mole
3021 3030 3258 3099 sepulta,

1882 3116 2114 3171 Duxerat
2140 3118 2282 3173 hanc
2313 3119 2569 3189 equidem
2605 3120 2850 3175 clemens
2867 3122 3144 3176 miseratio
3177 3120 3400 3187 Christi,

1880 3205 1957 3259 Ad
1992 3223 2238 3277 prmsepe
2269 3209 2686 3262 suum'mundis
2717 3209 3070 3275 animalibus,
3103 3210 3159 3263 in
3183 3225 3293 3281 quo

1881 3301 2081 3357 Ctelica
2104 3319 2203 3372 per
2231 3301 2398 3358 fidum
2431 3303 2717 3374 praebebat
2742 3303 2945 3375 pabula
2974 3321 3216 3360 servum.

1881 3392 2052 3472 Corda
2083 3393 2248 3447 timor
2276 3393 2470 3446 Christi
2494 3393 2606 3460 jam
2638 3393 2882 3449 concutit
2903 3402 3020 3448 atra
3043 3395 3243 3465 puellm
3267 3413 3281 3461 ;

1878 3483 2160 3538 Terrorem
2184 3483 2400 3539 Domini
2431 3483 2618 3539 famuli
2652 3485 2782 3539 dum
2814 3485 3051 3557 percipit
3073 3501 3184 3548 ore.

1877 3568 2012 3623 Miro
2044 3570 2192 3644 larga
2223 3572 2386 3627 modo
2420 3572 2661 3627 ﬂuerent
2688 3580 2746 3627 ut
2776 3573 3006 3630 flumina
3038 3575 3222 3630 cordis

1877 3663 2054 3715 Attriti
2085 3664 2153 3717 de
2183 3664 2352 3726 fonte,
2379 3675 2532 3718 metu
2567 3665 2845 3720 manantia
2872 3666 3058 3736 Regis,

1881 3752 2043 3822 Cujus
2072 3756 2139 3809 ab
2189 3772 2283 3811 ore
2315 3757 2466 3811 senis
2511 3765 2617 3811 tam
2648 3764 2866 3828 sceptra
2905 3758 3157 3828 pavenda
3195 3759 3506 3821 resultant;

1875 3844 2075 3916 Sicquo
2108 3848 2202 3902 Dei
2231 3848 2354 3903 vivo
2385 3849 2606 3903 rediens
2632 3863 2890 3903 sermone
2916 3848 3120 3913 cibata,

1877 3937 2133 4007 Praecipit
2163 3949 2225 3993 ut
2254 3947 2514 3994 maneant
2541 3939 2747 4013 gemini
2771 3938 3106 4010 videantque
3125 3939 3364 3993 clientes

1877 4033 2184 4104 Hosriitium
2218 4043 2325 4087 tam
2349 4032 2677 4104 praecellens
2707 4031 2802 4085 ubi
2831 4038 3020 4102 pastor
3043 4029 3287 4084 haberet.

1873 4122 2047 4188 Stant,
2089 4128 2371 4176 sectantur
2417 4137 2541 4176 eum
2573 4120 2735 4184 servi,
2788 4126 3158 4190 cernuntque,
3210 4116 3507 4188 feruntque

1876 4211 1933 4264 ld
1967 4209 2228 4276 dominte,
2258 4209 2450 4264 scribit
2472 4209 2672 4265 ceratis
2702 4210 2792 4263 illa
2823 4208 3074 4264 tabellis:

1879 4327 1903 4356 «
1949 4305 2072 4360 Haec
2102 4316 2290 4360 sancto
2323 4307 2536 4373 Nonno,
2580 4305 2776 4361 Christi
2806 4304 2901 4376 qui
2931 4303 3131 4375 dignus
3160 4300 3420 4356 alumnus

1873 4401 2056 4460 Pellex
2088 4400 2310 4474 Pelagia
2359 4400 2538 4455 zabuli
2565 4414 2687 4470 quae
2714 4397 2892 4469 turpis
2913 4396 3174 4456 alumna;

1874 4501 2072 4555 Auditu
2101 4500 2268 4555 didici
2292 4497 2607 4561 Dominum,
2636 4510 2798 4565 quem
2831 4500 2888 4547 tu
2917 4492 3076 4554 colis,
3101 4490 3233 4545 olim

1801 4617 1854 4685 D
1876 4590 2172 4644 Inclinasse
2200 4587 2379 4658 polos,
2413 4583 2677 4639 humilem
2708 4588 2927 4636 terrena
2953 4579 3184 4651 petisse,

1876 4682 2028 4736 Haud
2060 4679 2270 4735 meritis
2295 4679 2590 4746 justorum,
2625 4683 2679 4730 at
2719 4672 3106 4747 peccatoribus
3132 4671 3292 4724 almae

1877 4771 1976 4836 Qui
2001 4777 2326 4824 sanarentur
2353 4767 2508 4821 daret
2525 4773 2583 4820 ut
2601 4763 2969 4819 medicamina
2996 4761 3148 4825 vitae,

1879 4859 1948 4912 Se
1980 4865 2205 4912 sanctus
2236 4855 2459 4911 famulis
2488 4853 2717 4908 sociavit
2749 4851 3076 4926 ﬂagitiosis;

1881 4954 2050 5018 Quem
2101 4953 2379 5025 trepidant
2439 4949 2728 5006 cherubim
2783 4948 3176 5019 seraphimque
3223 4942 3507 4998 attendere

3238 5035 3430 5104 [vultu,

1882 5142 2094 5214 Degere
2126 5139 2383 5215 dignatus
2413 5154 2535 5195 cum
2564 5134 2971 5209 peccatoribus,
3004 5138 3064 5186 ut
3103 5137 3182 5194 tu,

1885 5233 2082 5287 Sancte
2106 5231 2281 5296 Pater,
2315 5229 2499 5304 dignis
2528 5229 2691 5283 etiam
2720 5222 3070 5280 sermonibus
3094 5219 3293 5287 effers;

1887 5321 2058 5389 Hujus
2079 5319 2124 5374 si
2155 5335 2281 5373 vere.
2310 5317 2660 5390 cognosceris
2690 5331 2812 5369 esse
2842 5311 3088 5385 magistri

1886 5411 2219 5482 Discipulus,
2253 5427 2324 5464 ne
2355 5409 2647 5480 despicias,
2679 5405 2774 5461 sed
2803 5405 3024 5475 suscipe
3048 5419 3261 5459 servam

1887 5505 2173 5575 Perpetuas
2205 5519 2405 5557 munus
2435 5501 2695 5572 cupidam
2727 5499 2974 5570 reperire
2997 5497 3211 5554 salutis.
3261 5522 3283 5544 ι

1889 5593 2122 5649 Sanctus
2147 5594 2215 5648 ad
2249 5594 2349 5648 ista
2370 5609 2538 5648 senex
2570 5591 2886 5647 reseribens
2915 5588 3048 5644 talia
3063 5587 3262 5642 mittit:

1893 5708 1918 5731 κ
1961 5685 2331 5755 Quaecumque
2359 5699 2438 5748 es,
2461 5681 2692 5737 Domino
2708 5689 2899 5736 nostro
2922 5677 3215 5733 manifesta
3247 5676 3512 5747 probaris,

1891 5775 2004 5831 Hoc
2033 5782 2248 5831 tantum
2283 5775 2556 5830 admoneo
2591 5790 2661 5828 ne
2695 5781 2921 5844 pectora
2949 5769 3106 5825 mitia
3145 5774 3322 5822 tentes

1893 5865 2206 5934 Squalentis
2227 5872 2453 5936 peccata
2475 5863 2718 5920 hominis
2741 5864 2969 5919 horrore
2996 5858 3230 5930 patrati:
