3890 6400
421 393 520 448 591

421 516 518 572 Sin
549 524 733 572 autem
774 530 958 569 veram
991 512 1148 584 cupis
1177 512 1474 584 impetrare
1500 510 1756 578 salutem,

422 610 617 681 Meque
644 608 833 663 Videre
865 605 1028 677 potis,
1069 604 1235 660 sociis
1255 603 1614 674 speculabere
1646 601 1862 666 fultum,

422 701 555 755 Nam
577 713 858 769 nunquam
892 695 1067 751 solum
1095 694 1284 766 capies
1313 709 1397 748 me
1427 693 1543 749 sola
1562 692 1769 747 videre.
1817 711 1842 744 ι

423 794 551 858 Quae
579 808 705 846 mox
731 790 846 844 visa
869 788 1025 863 legit,
1058 802 1363 858 properans
1393 784 1595 841 festina
1620 783 1883 851 cucurrit,

426 884 769 937 Praemittens
802 879 1085 935 famulum.
1120 877 1358 933 Comites
1398 877 1558 932 Pater
1587 876 1819 931 advocat
1844 874 2039 939 almos,

425 972 842 1042 Sollicitamque
864 968 1035 1023 sacris
1066 968 1353 1037 juvenem,
1381 966 1486 1022 sub
1515 966 1751 1022 testibus
1780 964 1935 1036 ipsis,

422 1065 663 1119 Tandem
696 1063 900 1118 intrare
937 1060 1134 1130 jubet;
1169 1066 1466 1130 penetrans
1495 1058 1883 1131 prosternitur,
1934 1056 2045 1112 imo

428 1156 601 1211 Prona
633 1154 772 1221 solo,
797 1154 1133 1224 planetuque
1163 1152 1388 1206 domum
1416 1151 1667 1222 replebat
1693 1165 1903 1206 amaro.

426 1248 710 1303 lnsolitum
743 1245 909 1316 capiti
939 1244 1191 1300 velamen
1220 1243 1463 1315 pulveris
1490 1243 1726 1310 addens,

425 1341 817 1413 Pontificisque
844 1339 1018 1411 pedes
1044 1338 1406 1409 lacrymarum
1429 1337 1661 1393 ﬂumine
1686 1337 1907 1409 tingens

425 1432 601 1502 Atque
623 1429 814 1485 lavans
844 1428 998 1492 ﬂetu,
1030 1426 1283 1502 tergebat
1311 1427 1463 1482 crine
1494 1426 1695 1491 soluto,

426 1519 650 1574 Actibus
671 1518 757 1573 his
787 1519 1008 1573 imitans
1030 1517 1226 1573 humili
1255 1517 1459 1590 pietate
1480 1517 1724 1581 Mariam,

425 1610 520 1664 Cui
547 1609 675 1681 quia
705 1608 897 1664 dilexit
916 1609 1147 1664 multum
1171 1608 1299 1663 data
1331 1610 1510 1664 multo
1543 1609 1866 1680 probantur.

429 1705 553 1759 Haec
575 1705 703 1776 quia
735 1719 847 1759 non
878 1712 1094 1775 poterat
1123 1703 1342 1759 Domini
1372 1704 1624 1778 vestigia,
1646 1703 1800 1777 digni

427 1792 810 1863 Complectens
835 1791 1027 1847 famuli
1060 1792 1329 1864 obsequio
1357 1802 1655 1848 veneratur
1682 1791 1869 1859 herili,

426 1885 680 1940 Clamans
710 1892 765 1940 et
785 1885 1011 1940 dicens:
1059 1907 1079 1937 ι
1125 1884 1339 1949 Senior,
1370 1885 1635 1941 miserere
1659 1884 1853 1957 piaclis

424 1978 499 2032 Ac
526 1977 743 2032 Domini
771 1984 983 2031 sectare
1009 1976 1086 2031 tui
1111 1975 1204 2048 pia
1233 1977 1494 2052 dogmata
1524 1976 1744 2042 Christi,

426 2071 507 2125 Me
534 2069 996 2142 supereffundens
1016 2070 1239 2141 pietatis
1259 2071 1469 2126 viscera
1493 2078 1719 2137 sanctae,

426 2162 757 2234 Participem
788 2169 994 2217 memet
1021 2160 1231 2218 faciens
1270 2178 1397 2219 mox
1427 2162 1670 2218 nominis
1698 2161 1810 2216 alti.

425 2252 636 2322 Nempe
666 2267 770 2325 ego
799 2251 1020 2326 Pelagia
1052 2252 1285 2325 pelagus
1321 2268 1442 2306 sum
1474 2251 1647 2323 pestis
1675 2251 1883 2321 iniqua:

427 2342 708 2397 Fluctibus
755 2342 1013 2397 obscenis
1056 2342 1327 2397 scelerum
1384 2343 1697 2413 petulanter
1749 2341 2052 2406 inundans;

427 2429 671 2501 Sumque
719 2430 920 2484 animae
962 2429 1214 2501 laqueus,
1264 2446 1386 2485 sum
1435 2430 1766 2501 perditionis
1794 2428 2056 2500 abyssusf

429 2525 675 2580 Luxuriae
715 2525 912 2580 faculis
938 2524 1186 2596 lethique
1212 2526 1477 2599 voragine
1508 2525 1712 2581 multos

426 2611 648 2683 Decepi,
679 2611 915 2683 decepta
955 2612 1140 2683 prius;
1177 2613 1344 2668 nimis
1373 2614 1570 2669 horreo
1611 2620 1799 2688 gesta;

428 2698 689 2754 Exsecror
716 2699 975 2754 infectam
999 2707 1208 2754 memet
1237 2706 1350 2755 tam
1381 2701 1641 2757 sordibus
1672 2702 1824 2769 atris,

427 2791 703 2860 Deprecor
731 2791 878 2845 unde
913 2791 1004 2862 pio
1034 2790 1295 2862 baptismi
1326 2791 1480 2848 fonte
1514 2794 1714 2849 lavacri
1746 2793 1801 2865 [f
1844 2794 2053 2866 lavari],

429 2881 493 2936 Ut
527 2891 882 2954 peccatorum
919 2892 1149 2954 pereant
1171 2882 1247 2939 ibi
1277 2883 1419 2939 facta
1450 2900 1721 2949 meorum,

434 2975 608 3045 Atque
632 2990 770 3030 meae
810 2975 1005 3030 sordes
1036 2975 1236 3031 animae
1267 2984 1573 3051 purgentur
1597 2977 1824 3034 abactae.

434 3066 723 3138 Crcdoque
749 3066 1024 3138 baptismo
1055 3068 1206 3139 quod
1238 3068 1620 3125 sanctificante
1652 3077 1841 3125 renata

428 3159 505 3213 De
535 3157 791 3212 manibus
817 3156 1026 3232 fugiam
1052 3158 1146 3230 qui
1178 3175 1267 3214 me
1299 3159 1523 3233 seduxit
1553 3160 1753 3233 iniqui.
1808 3186 1826 3204 -

430 3250 723 3306 Pontifices
755 3251 999 3323 clerique
1028 3268 1225 3308 omnes
1252 3232 1519 3324 stupuere
1545 3232 1797 3310 videntes

427 3343 527 3399 Tot
565 3345 833 3416 lacrymas
863 3353 1181 3418 tantamque
1213 3346 1403 3409 fidem.
1437 3350 1751 3405 meretricis
1780 3358 1835 3405 et
1862 3350 1984 3418 ejus

428 3439 581 3505 Quod
603 3440 714 3508 jam
742 3449 999 3496 cernatur
1022 3442 1206 3497 subito
1235 3424 1466 3500 mutatio
1498 3444 1651 3511 talis;

429 3531 688 3586 Mirantes
709 3532 871 3587 reflui
897 3540 1006 3588 tam
1046 3534 1197 3610 larga
1222 3537 1504 3592 volumina
1533 3536 1716 3604 ﬂetus,

431 3623 489 3677 ln
514 3638 790 3695 quoquam
814 3624 1000 3681 nullus
1028 3642 1191 3700 quam
1223 3644 1282 3683 se
1312 3628 1516 3685 vidisse
1547 3628 1780 3684 ferebat.

429 3710 640 3783 Vixque
667 3713 786 3769 solo
813 3714 1007 3769 suadet
1036 3715 1193 3771 laetus
1224 3716 1364 3772 hanc
1394 3733 1623 3790 surgere
1652 3719 1874 3790 praesul.

428 3805 561 3861 Tum
585 3815 777 3863 cautus
799 3824 1068 3865 canonem
1091 3826 1260 3882 super
1280 3811 1368 3866 his
1395 3811 1658 3867 mandare
1684 3818 1961 3879 retractat,

430 3899 550 3955 Non
570 3900 778 3956 debere
803 3902 1150 3958 meretricem
1183 3903 1514 3974 baptismate
1536 3905 1730 3980 mergi,

431 3988 491 4043 Ni
526 3990 756 4045 vadibus
786 3990 910 4045 latis
932 3990 1060 4046 fidei
1090 3992 1399 4047 munimina
1429 3991 1611 4048 firmet

434 4079 881 4135 Actibusinvolvi
906 4097 1190 4152 nunquam
1219 4096 1279 4136 se
1299 4081 1483 4136 denuo
1511 4081 1715 4152 pravis.

429 4166 666 4222 Auribus
695 4167 884 4222 invitis
922 4183 1189 4240 responsa
1227 4169 1500 4224 morantia
1532 4177 1761 4241 captans

434 4259 545 4314 llla.
569 4259 882 4332 iterumque
904 4276 1071 4314 ruens
1096 4259 1591 4331 corpusjaculatur
1611 4262 1956 4334 humumque

435 4350 811 4406 Percutithaac
831 4350 982 4406 luctu
1015 4350 1178 4405 misto
1207 4351 1529 4425 gemituque
1560 4350 1858 4422 profundo.

440 4464 464 4492 α
501 4442 576 4497 Tu
609 4458 709 4513 pro
739 4457 826 4497 me
855 4442 1088 4498 Domino
1120 4443 1389 4498 rationem
1413 4443 1646 4498 reddere
1669 4460 1884 4500 summo

432 4533 676 4608 Cogaris,
709 4535 850 4589 mala
868 4544 1055 4590 nostra
1084 4535 1183 4591 tibi
1206 4541 1532 4607 reputentur
1562 4535 1631 4590 ab
1658 4534 1801 4607 ipso,

434 4622 490 4677 Si
519 4638 608 4677 me
639 4622 922 4677 distuleris
950 4623 1283 4695 baptismate
1311 4625 1527 4697 tingere
1551 4624 1702 4680 fonte
1727 4642 1742 4691 ;

433 4719 565 4773 Nam
590 4735 787 4774 vereor
814 4735 884 4774 ne
907 4719 1068 4786 forte,
1101 4736 1282 4776 moras
1302 4721 1433 4775 dum
1472 4721 1722 4796 segniter
1750 4719 1937 4788 affers,

434 4808 613 4865 Hostis
641 4825 730 4863 me
759 4808 894 4863 diris
930 4816 1140 4880 repetat
1176 4809 1438 4881 laqueare
1461 4810 1698 4877 catenis,

431 4903 731 4959 Maturante
754 4903 881 4974 fuga
908 4920 1046 4976 quas
1080 4904 1199 4975 ipsa
1223 4904 1456 4959 evadere
1478 4920 1658 4959 curro.

432 4994 609 5051 Nosco
639 4994 863 5066 quidem
904 4995 1139 5067 laqueos
1167 4994 1335 5050 vafrze
1368 4994 1700 5066 fraudesque
1732 4996 1961 5067 rapinae,

433 5085 672 5139 Dumme
704 5084 1067 5155 muscipulam
1088 5091 1303 5140 constat
1328 5101 1429 5156 per
1458 5085 1663 5156 probra
1685 5084 1856 5141 fuisse

437 5176 702 5242 lncautis;
733 5176 814 5230 sic
844 5176 1096 5231 invenias
1116 5192 1284 5247 super
1314 5177 1524 5232 aethera
1554 5183 1763 5248 partem

434 5269 567 5325 Cum
601 5270 826 5334 sanctis,
861 5277 1101 5327 nostram
1124 5269 1269 5326 nolis
1297 5269 1518 5326 differre
1549 5272 1808 5337 salutem,

431 5360 509 5416 Ne
540 5360 782 5416 crudelis
807 5378 942 5433 aper
963 5378 1109 5418 saevo
1140 5379 1227 5417 me
1246 5363 1413 5419 dente
1443 5363 1691 5428 revellat,

430 5451 505 5505 Ac
520 5448 701 5520 Spatio
720 5447 892 5505 fretus
931 5450 1105 5507 foveis
1119 5451 1371 5506 devolvat
1391 5452 1446 5506 in
1478 5452 1628 5507 atris.

434 5540 586 5596 Unde
611 5554 825 5610 precor,
851 5542 1020 5597 sacris
1042 5543 1207 5598 hodie
1238 5560 1327 5599 me
1357 5544 1508 5599 dilue
1533 5542 1771 5615 lymphis
1794 5580 1817 5595 .

427 5631 605 5701 Atque
638 5627 750 5682 Deo
774 5642 869 5694 pro
901 5628 1118 5697 templis
1148 5631 1236 5699 pia
1262 5631 1409 5688 dena
1438 5632 1701 5703 repende.
1742 5650 1775 5683 ι

430 5715 523 5771 His
548 5712 735 5771 cuncti
761 5712 961 5767 auditis
992 5712 1232 5772 referunt
1266 5721 1539 5789 pratconia
1571 5720 1788 5774 Christo

426 5805 601 5861 Mirati
629 5808 871 5857 scortum
896 5812 1043 5858 tanta
1069 5803 1295 5877 flagrare
1326 5811 1520 5866 salute.

1203 386 1572 442 FLODOARDI
1614 382 1919 440 CANONICI
1960 379 2288 437 REMENSIS
2329 381 2627 439 OPUCULA
2666 383 2957 441 METBICA

2064 514 2119 580 Α
2150 510 2215 562 At
2243 509 2472 565 Nonnus
2498 509 2763 566 Iacobum
2787 511 3027 567 Levitam
3057 512 3225 569 mittit
3252 514 3321 569 ad
3338 513 3495 569 urbis

2075 1842 2122 1908 ll

2149 600 2490 669 Pontificem,
2531 610 2739 657 reserat
2766 620 2875 676 quo
2906 611 3103 660 cuncta
3133 622 3198 660 ex
3228 607 3424 662 ordine
3446 614 3607 683 gesta

2145 693 2238 749 llle
2268 696 2377 750 Deo
2407 701 2589 767 grates
2614 695 2874 763 reddens,
2902 697 3391 770 congaudetovilis

2144 784 2401 841 Crescere
2432 785 2586 841 lucra
2614 786 2697 840 sui
2728 787 3023 860 Nonnique
3050 790 3250 845 attollit
3280 790 3576 855 honorem,

2144 876 2377 949 Moxque
2407 893 2617 932 sacram
2648 885 2878 933 matrem
2918 880 3218 937 Romanam
3267 899 3498 955 pergere
3548 882 3787 938 mandat

2145 968 2316 1023 Mater
2342 975 2402 1023 ut
2432 985 2554 1024 esse
2585 985 2741 1026 novae
2771 979 3031 1042 properet
3061 973 3388 1047 baptismate
3410 974 3607 1046 prolis.

2146 1056 2459 1112 Adveniens
2488 1058 2561 1112 ita
2586 1058 2861 1130 Pelagiam
2906 1061 3149 1116 Romana
3170 1061 3445 1129 jacentem

2149 1147 2362 1202 Invenit
2390 1154 2515 1202 ante
2548 1149 2719 1220 pedes
2750 1150 3110 1221 lacrymarum
3145 1152 3199 1205 in
3234 1151 3464 1206 flumine
3490 1150 3708 1206 Nonni.

2148 1240 2332 1313 Surgit
2368 1241 2521 1296 vultu
2557 1242 2793 1297 humens
2822 1250 2876 1298 et
2906 1244 3134 1299 crimina
3158 1244 3315 1314 jussa
3344 1245 3530 1312 fateri,

2149 1328 2273 1385 Haec
2302 1346 2535 1386 numero
2573 1346 2837 1403 superare
2866 1333 3033 1388 maris
3061 1333 3312 1405 deplorat
3334 1349 3556 1396 arenas,

2148 1420 2401 1476 Pondere
2418 1421 2749 1478 continuans
2774 1423 2915 1497 ipsis
2943 1426 3194 1498 graviora
3230 1425 3463 1492 sedere;

2149 1515 2343 1569 Fiderc
2365 1532 2425 1570 se
2458 1522 2642 1572 tamen
2662 1518 2783 1573 haec
2812 1518 3028 1574 Domini
3063 1519 3264 1591 pietate
3291 1519 3522 1587 remitti,

2152 1608 2596 1682 Cunctorumque
2625 1610 2740 1666 dari
2765 1613 2980 1667 veniam
3003 1612 3108 1668 sibi
3149 1612 3511 1687 flagitiorum,

2153 1700 2403 1757 Pontifici
2433 1719 2641 1760 nomen
2674 1705 2974 1779 purganda:
3014 1704 3113 1762 rite
3142 1705 3354 1780 roganti

2151 1789 2425 1862 Pelagiam
2459 1793 2764 1865 proprium,
2792 1794 3251 1869 Margaritamque
3272 1793 3451 1850 vocari

2154 1878 2372 1936 Urbano
2401 1895 2460 1934 se
2492 1896 2644 1935 more
2676 1887 2849 1945 notat,
2880 1881 3201 1938 redimicula
3232 1888 3461 1955 propter

2155 1972 2349 2027 Eximii
2375 1974 2574 2041 cultus,
2608 1975 2822 2029 animas
2852 1976 2977 2048 quis
3003 1975 3187 2031 vincta
3214 1976 3488 2032 trahebat.

2151 2065 2301 2119 Tunc
2314 2066 2635 2121 exorcizans
2661 2067 2852 2123 senior
2877 2068 2947 2122 de
2969 2084 3123 2124 more
3148 2070 3411 2141 puellam.

2155 2154 2389 2210 Nomine
2419 2156 2636 2230 signato
2667 2156 2829 2231 tingit
2858 2157 3190 2228 baptismate
3219 2174 3397 2224 sacro,

2158 2245 2484 2319 Participem
2507 2246 2718 2304 faciens
2747 2248 2950 2305 divinae
2977 2251 3224 2306 muneris
3240 2266 3370 2314 arte,

2159 2337 2330 2400 Quam
2362 2337 2606 2392 Romana
2639 2340 2825 2393 levans
2865 2355 3021 2394 sacro
3044 2340 3115 2395 de
3145 2340 3364 2414 gurgite
3388 2339 3578 2405 sumit,

2160 2428 2257 2482 Hic
2279 2430 2506 2499 praesul:
2551 2452 2577 2477 «ι
2623 2430 2910 2498 Laetamur,
2951 2432 3046 2497 ait,
3073 2448 3197 2487 cum
3229 2432 3444 2488 civibus
3471 2432 3615 2487 aulae

2158 2518 2424 2585 Caelestis,
2453 2519 2693 2590 vinoque
2727 2520 2929 2575 hilares
2958 2520 3197 2593 oleoque
3222 2520 3469 2577 fruamur

2158 2605 2324 2675 Hujus
2356 2613 2582 2677 propter
2609 2607 2728 2663 ovis
2757 2608 3091 2663 celebranda
3118 2615 3327 2681 tropaea
3355 2609 3571 2665 salutis.
3613 2629 3644 2659 ι

2154 2698 2270 2754 Jam
2304 2700 2460 2755 Patre
2490 2716 2614 2755 cum
2642 2708 2788 2755 cmtu
2828 2701 3101 2756 sociorum
3131 2703 3393 2773 epulante
3420 2702 3609 2769 beato,

2158 2790 2410 2847 Cernitur
2441 2809 2567 2848 esse
2595 2795 2775 2863 palam
2810 2793 2959 2849 nuda
2988 2793 3091 2849 sub
3124 2794 3369 2869 imagine
3401 2795 3642 2863 damon,

2164 2880 2358 2951 Utpote
2387 2882 2727 2953 depromens
2755 2881 2997 2955 spolium
3025 2882 3133 2938 sibi
3165 2884 3345 2939 nexile
3369 2890 3608 2954 raptum,

2164 2974 2225 3028 Et
2262 2976 2522 3030 manibus
2563 2975 2727 3046 capiti
2769 2976 2988 3032 innexis
3016 2977 3257 3033 clamore
3283 2984 3539 3048 protervo

2166 3061 2412 3117 lnfremit
2433 3064 2722 3119 exululans
2743 3064 2858 3120 sic:
2909 3086 2933 3116 α
2972 3064 3011 3120 0
3041 3065 3303 3121 violentia
3335 3064 3493 3121 factil

2115 3209 2128 3226 ,
2158 3155 2196 3210 0
2223 3156 2356 3227 quid
2398 3156 2706 3228 perpetior!
2729 3164 2990 3230 quantum
3024 3174 3158 3213 sene
3178 3164 3440 3230 torqueor
3460 3157 3587 3214 isto.

2122 3252 2131 3267 '
2156 3250 2445 3320 Decrepito
2476 3257 2557 3306 ter
2587 3251 2731 3306 dena
2759 3250 2859 3309 tibi
2888 3266 2997 3307 non
3024 3249 3377 3307 sufficiebant

2156 3341 2581 3397 Sarracenorum
2635 3343 2907 3399 violenter
2932 3342 3105 3397 millia
3124 3349 3302 3413 capta,

2157 3434 2303 3499 Quos
2327 3435 2463 3490 mihi
2487 3435 2812 3508 subripiens
2844 3437 3080 3492 dederas
3110 3434 3445 3506 baptismate
3469 3431 3727 3489 Christo:

2156 3523 2275 3578 Non
2311 3530 2409 3584 tibi
2456 3526 2756 3598 HeliOpolis
2775 3541 2918 3593 mea,
2944 3541 3054 3581 non
3074 3524 3207 3579 satis
3238 3528 3426 3598 egerat
3454 3522 3610 3583 olim.

2160 3619 2326 3690 Cujus
2354 3634 2444 3673 me
2474 3615 2682 3672 celebri
2713 3621 3046 3670 venerantes
3077 3612 3321 3669 culmine
3353 3610 3505 3666 cives

2159 3707 2392 3763 Sacrasti
2427 3705 2660 3761 Domino
2684 3721 2698 3771 ;
2725 3719 2836 3759 non
2874 3710 2955 3759 tot
2979 3708 3149 3774 raptae
3177 3701 3280 3756 tibi
3300 3705 3494 3774 gentes

2158 3796 2472 3863 Sufficiunt,
2507 3793 2703 3850 Christi
2729 3809 2827 3865 per
2858 3800 2910 3849 te
2944 3808 3068 3864 quae
3099 3797 3317 3862 sceptra
3346 3798 3655 3845 verentur:

2157 3888 2258 3944 Tot
2291 3886 2390 3942 tibi
2418 3893 2525 3940 tam
2561 3900 2775 3959 magna:
2804 3900 2915 3939 non
2956 3880 3227 3938 suffecere
3267 3879 3502 3951 rapinae,

2161 3982 2392 4051 insuper
2420 3977 2667 4033 aufertur
2685 3992 2816 4048 spes
2840 3975 3078 4030 maxima
3107 3973 3316 4029 fenoris
3342 3971 3533 4044 ampli.

2159 4072 2197 4128 0
2228 4073 2468 4129 violenta
2489 4086 2658 4125 ruens
2689 4069 2912 4140 raptrix,
2946 4083 2979 4123 ο
3012 4082 3179 4139 prava
3207 4063 3493 4122 senectusl

2150 4172 2492 4239 Argumenta
2521 4163 2633 4219 doli
2661 4162 2774 4231 jam
2808 4177 2919 4218 non
2951 4160 3093 4216 ultra
3124 4159 3241 4216 fero
3273 4158 3422 4214 saevi.

2162 4257 2275 4313 Heu
2308 4256 2598 4312 maledicta
2619 4255 2758 4321 dies,
2792 4254 2927 4309 mihi
2959 4269 3068 4325 qua
3097 4252 3407 4308 contrarius
3431 4249 3619 4306 ortusl

2158 4350 2404 4422 Namque
2435 4348 2671 4418 impulsa
2716 4346 2910 4402 labans
2940 4344 3205 4413 lacrymis
3255 4350 3314 4398 ut
3343 4341 3571 4397 ﬂamine
3604 4349 3791 4398 nostra

2157 4443 2381 4498 Subruit
2405 4440 2595 4496 evulso
2624 4439 2768 4495 male
2798 4437 2954 4493 firma
2981 4435 3313 4493 domuncula
3342 4433 3537 4490 fundo.
3584 4456 3615 4483 ιι

2159 4532 2379 4587 Lividus
2406 4532 2524 4586 hazc
2554 4529 2627 4584 ita
2668 4528 3023 4600 prosequitur
3056 4525 3320 4600 plangore
3352 4523 3632 4579 frementi.

2074 4593 2131 4662 D
2164 4622 2455 4679 Pontifices
2486 4593 2683 4693 reliqui
2716 4593 2907 4677 vocem
2940 4593 3160 4690 captare
3190 4593 3423 4671 nefandi

2160 4716 2220 4770 Et
2251 4731 2373 4770 cum
2406 4713 2628 4788 Pelagia
2666 4718 2842 4767 mater
2871 4708 3187 4766 veneranda
3207 4706 3497 4778 stupescit.

2160 4807 2360 4861 Versus
2391 4814 2445 4860 et
2474 4804 2543 4859 ad
2566 4810 2776 4875 raptam
2806 4799 3002 4856 Christi
3032 4799 3234 4856 virtute
3261 4797 3535 4869 puellam:

2163 4926 2189 4949 κ
2231 4901 2269 4957 0
2297 4900 2430 4974 quid
2464 4898 2735 4972 Pelagiam
2765 4912 2887 4951 mea
2904 4895 3053 4968 quod
3084 4894 3219 4951 mihi
3248 4893 3413 4949 chara
3443 4890 3684 4963 parasti!

2160 4991 2217 5046 Ei
2236 4997 2294 5045 tu
2324 5005 2527 5060 nempe
2567 5002 2749 5042 meum
2775 4985 2970 5041 Judam
2998 4993 3207 5040 sectata
3233 4981 3437 5038 videris
3460 4998 3474 5035 :

2161 5083 2258 5139 llle
2290 5087 2585 5138 coronatus
2614 5093 2815 5154 magno
2846 5084 2900 5133 et
2932 5076 3223 5132 redimitus
3243 5076 3452 5131 honore

2160 5176 2388 5231 Culmen
2412 5173 2779 5246 apostolicum
2809 5169 3081 5226 duodena:
3119 5167 3281 5223 sortis
3319 5166 3554 5237 adeptus

2161 5267 2406 5323 Prodidit
2433 5267 2687 5330 altorem,
2716 5263 2871 5332 cujus
2902 5259 3179 5317 renitebat
3199 5258 3491 5324 alumnus;

2161 5365 2313 5419 Haud
2351 5363 2509 5417 aliter
2540 5376 2662 5416 mea
2689 5375 2812 5415 cum
2852 5357 3042 5423 fueris,
3076 5354 3212 5411 mihi
3243 5354 3437 5410 fraude
3468 5352 3717 5409 fatescis.
3760 5375 3781 5396 ο

2158 5453 2308 5508 Tum:
2340 5459 2515 5506 mater
2544 5450 2818 5513 Romana;
2868 5467 2888 5495 ι
2934 5445 3121 5501 Crucis
3150 5452 3222 5505 te.
3256 5440 3393 5509 filia,
3432 5442 3593 5497 muni

2158 5542 2443 5605 Praesidio,
2468 5554 2700 5611 pompas
2723 5550 3017 5611 reuegans,
3046 5542 3101 5589 et
3120 5531 3389 5588 dazmonis
3409 5530 3535 5587 atri.
3583 5554 3611 5579 ιι

2156 5636 2284 5699 Quae.
2336 5634 2553 5707 signum
2604 5635 2664 5685 ut
2701 5628 2881 5683 erucis
2935 5625 3207 5697 expressit
3262 5622 3653 5694 Christumque
3683 5637 3780 5677 vo-

3534 5710 3717 5782 tenvit.

2153 5812 2249 5867 llle
2281 5811 2384 5866 sub
2414 5809 2593 5866 aerias
2622 5806 2844 5882 fugiens
2869 5804 3093 5861 evanuit
3119 5818 3298 5858 auras.
