3890 6394
110 400 222 457 593

188 528 328 584 Hinc
355 529 553 585 iterum
592 531 794 603 pellax,
820 540 976 590 notas
1005 551 1308 595 conversus
1334 541 1401 596 ad
1433 549 1602 609 artes,

116 621 422 677 Blanditias
450 622 651 697 rigidis
667 624 829 680 lenes
860 628 1163 685 terroribus
1192 631 1380 699 addit;

117 710 399 783 Hancque'
452 711 648 768 adiens
698 728 895 770 somno
964 716 1196 787 positam
1266 720 1439 791 quatit
1496 720 1752 777 horridus

209 852 229 863 ρ
1516 828 1595 866 IaS

209 852 229 863 .
1535 828 1595 866 as

120 888 349 955 Excitat,
382 895 439 945 et
469 889 702 947 blandas
727 902 882 949 curat
902 894 1135 952 miscere
1164 897 1415 971 loquelas
1516 810 1532 883 [
1600 819 1678 879 ω’

120 997 141 1025 ι
212 978 422 1033 Domna
478 980 606 1034 mali
648 996 982 1047 memorans,
1039 1001 1164 1041 mea
1226 988 1511 1062 Margarita
1548 1032 1561 1053 ,
1617 990 1749 1062 quid

1413 1084 1677 1157 [unquam

114 1162 334 1234 lngessi
371 1162 473 1218 tibi
502 1162 532 1208 ν
560 1163 681 1220 Non
720 1165 910 1223 baccis
937 1169 1192 1242 carisque
1220 1172 1436 1244 capillis

117 1250 321 1307 Ornavi
356 1250 385 1305 τ
423 1252 540 1309 Νοη
580 1264 809 1330 argento
838 1265 890 1313 te
922 1273 1169 1332 auroque
1200 1264 1408 1334 replevi
1437 1264 1466 1318 ?

107 1346 211 1400 Dic
238 1346 294 1400 in
334 1362 447 1419 quo
477 1348 674 1404 leviter
694 1351 780 1407 vel
811 1354 1135 1411 contristata
1156 1360 1390 1428 putaris,

106 1438 347 1510 Jamque
377 1431 762 1510 satisfaciam';
786 1460 937 1502 nunc
968 1464 1057 1503 me
1086 1465 1154 1504 ne
1187 1450 1384 1507 desere
1406 1460 1640 1521 tantum,

109 1526 193 1580 Ne
219 1543 309 1581 me
330 1526 666 1586 Christicolae
700 1539 909 1588 tantum
940 1552 1040 1607 per
1069 1539 1271 1608 probra
1302 1540 1554 1616 fatigent.
1598 1568 1621 1588 ιι

108 1621 209 1675 Ast
236 1622 441 1677 ancilla
462 1624 568 1678 Dei
597 1625 758 1701 signo
788 1628 1093 1687 defendere
1130 1633 1327 1691 Christi

116 1714 192 1767 Se
241 1715 454 1783 studet,
480 1717 891 1792 exsufﬂansque
921 1724 1054 1779 vafri
1088 1727 1471 1797 phantasmata
1500 1733 1751 1798 monstri,

656 402 740 457 DE
778 403 1139 461 TRIUMPHIS
1182 406 1440 466 CHRISTI
1482 409 1854 467 ANTIOCHIAE
1893 410 2115 467 GESTIS
2157 410 2333 466 LIBRI
2376 408 2527 465 DUO.
2571 439 2640 448 —
2679 408 2801 463 LIB.
2849 408 2916 462 ll.

3355 409 3462 463 594

1771 545 1822 613 Α
1853 542 2152 615 Neophytis
2172 541 2346 609 albas,
2371 542 2608 597 necdum
2640 541 2899 597 rutilante
2933 542 3043 597 diei

1851 631 2034 707 Surgit
2071 632 2216 698 luce,
2238 630 2408 687 stolas
2439 630 2595 702 ponit
2616 630 2961 702 baptismatis
2987 630 3163 699 albas,

1854 724 2106 779 Induitur
2168 724 2354 796 byrro,
2382 722 2700 795 tunicaque,
2724 728 2798 790 et,
2830 723 3055 779 nemine
3078 731 3220 780 teste

1851 817 2059 889 Aspera
2114 816 2344 888 ciniphii
2371 814 2644 871 velamina
2682 815 2911 887 corripit
2938 815 3097 884 hirci,

1852 903 2268 975 Assumptisque
2296 902 2397 957 alis
2426 902 2583 974 petiit
2615 902 2878 974 praecelsa
2907 901 3181 959 columba:
3217 922 3231 969 ;

1854 996 1944 1050 llis
1964 1002 2019 1050 et
2046 995 2165 1051 visa
2202 994 2340 1051 locis
2362 996 2591 1066 posthac
2617 1011 2731 1051 non
2754 995 2992 1066 amplius
3017 996 3251 1067 usquam

1855 1085 1967 1141 Hoc
1995 1084 2127 1157 quia
2158 1084 2431 1139 nescierat
2456 1093 2629 1140 mater
2664 1085 2911 1140 Romana
2943 1091 3169 1139 veretur

1853 1179 1931 1235 Ad
1953 1180 2098 1234 mala
2124 1178 2429 1251 contempti
2461 1194 2532 1234 ne
2562 1177 2707 1234 forte
2730 1178 2967 1234 redisset
2996 1179 3222 1244 amoris,

1854 1272 2124 1346 Plangens
2143 1287 2250 1326 ceu
2282 1270 2496 1342 laqueis
2525 1269 2726 1325 iterum
2754 1270 2860 1324 siet
2890 1269 3064 1324 indita
3090 1270 3273 1324 missis

1852 1362 2023 1426 Quam
2059 1360 2216 1415 Pater
2236 1359 2494 1433 egregius
2519 1358 2621 1413 sub
2655 1358 2899 1413 Flamine
2933 1357 3189 1414 conscius
3226 1358 3370 1415 almo

1855 1449 2092 1525 Pelagiae
2120 1449 2255 1513 voti,
2287 1448 2498 1504 solatur
2531 1464 2544 1501 :
2581 1472 2607 1495 ‹‹
2641 1447 2798 1512 Filia,
2830 1447 2943 1503 noli

1855 1539 2009 1595 Flere
2036 1539 2182 1610 piam
2213 1538 2406 1593 dicens
2426 1547 2648 1611 gnatam
2671 1554 2793 1594 cum
2821 1537 3003 1593 caelite
3029 1543 3199 1603 coetu,

1854 1629 1995 1695 Quin
2030 1628 2213 1683 lietare
2243 1628 2432 1683 hilaris
2458 1632 2609 1700 quod
2637 1637 2693 1683 et
2725 1631 2846 1685 haec
2869 1628 3119 1684 sicutilla
3147 1629 3316 1683 Maria

1855 1718 2131 1774 Peccatrix
2165 1726 2375 1788 partem
2405 1717 2651 1773 melioris
2682 1718 2927 1789 repperit
2946 1718 3046 1783 oti,

110 1808 472 1915 l‘n‘sequitur:
526 1837 543 1852 -
568 1812 712 1881 Tibi,
741 1830 906 1884 saeve,
939 1819 1159 1893 tuisque
1195 1825 1452 1881 renuntio
1485 1843 1630 1899 pom]

1859 1809 1987 1875 Quae
2014 1823 2125 1862 non
2158 1807 2359 1861 auferri
2385 1807 2587 1878 poterit
2610 1807 2724 1875 jam
2756 1806 3007 1864 funditus
3034 1806 3134 1862 illi.
3170 1833 3191 1853 -

113 1898 365 1955 Obsistat
388 1902 655 1960 Dominus
682 1906 843 1962 Jesus
866 1908 987 1977 tibi,
1026 1914 1264 1983 pessime
1294 1917 1534 1985 daemon,

114 1990 223 2054 Qui
255 1992 464 2062 pietate
497 1996 609 2051 tuis
638 2013 723 2052 me
755 1998 1007 2057 faucibus
1034 2006 1177 2061 eruit
1206 2007 1335 2072 alta,

115 2082 299 2152 Inque
328 2084 809 2143 suumthalamum
824 2090 1062 2163 caelique
1090 2094 1377 2151 induxitin
1411 2099 1611 2155 aulam.
1651 2121 1675 2152 ι)

118 2178 426 2234 Romanam
460 2180 592 2237 inde
609 2183 761 2239 ciens
786 2205 803 2240 :
831 2212 854 2233 α
878 2187 1046 2244 Mater
1067 2194 1400 2250 venerabilis
1433 2214 1446 2249 :
1481 2196 1677 2270 inquit,

122 2267 304 2323 Exora
331 2284 431 2339 pro
454 2287 540 2324 me
572 2272 903 2330 Dominum:
940 2294 1073 2333 nam
1101 2297 1203 2336 ceu
1238 2283 1325 2339 leo
1356 2267 1621 2343 frendens

124 2361 361 2431 Expedit
393 2363 631 2421 insidias
664 2367 911 2437 Satanas,
953 2374 1314 2448 mulcensque
1348 2380 1694 2454 minansque.
1733 2406 1756 2435 »

138 2452 297 2508 Tunc
326 2470 391 2510 ea
424 2473 438 2510 :
480 2481 495 2505 ι
544 2458 623 2513 Ne
655 2458 851 2516 timeas
876 2462 1234 2533 victumjam,
1267 2469 1399 2536 filia,
1431 2452 1758 2542 mons—trum;

128 2541 344 2599 Amodo
383 2560 625 2619 namque
682 2553 830 2604 tuam
892 2549 1065 2622 fugiet
1095 2572 1319 2628 quoque
1377 2563 1601 2618 territus
1648 2541 1762 2620 um?

1426 2653 1620 2724 [l)ram.
1662 2678 1685 2707 ιο

112 2725 304 2781 Tertia
333 2726 425 2782 lux
460 2729 759 2799 repetebat
780 2733 1010 2791 humum
1044 2747 1168 2810 post
1194 2741 1340 2799 dona
1373 2743 1598 2803 lavacri.

121 2817 246 2908 Quo
276 2834 401 2873 cum
437 2826 590 2889 peste
621 2823 761 2877 truci
795 2826 1039 2883 certabat
1068 2829 1323 2904 clamque
1365 2836 1681 2908 palamque,

122 2907 306 2964 Corde
334 2924 538 2966 cavens
567 2914 742 2968 veteri
782 2916 983 2972 mulier
994 2920 1109 2987 jam
1140 2920 1279 2977 facta
1309 2924 1507 2992 virilis,

118 2999 358 3055 Vincere
389 3017 511 3073 quae
526 3018 829 3074 properans
860 3009 1370 3084 avidilaqueamina
1394 3018 1608 3086 mundi,

121 3091 491 3165 Perfectoque
521 3096 682 3167 sequi
715 3099 1000 3157 ductorem
1028 3105 1247 3160 tramite
1289 3108 1581 3177 Christum,

123 3180 491 3251 Prazpositum
520 3183 713 3239 domni
747 3203 965 3244 servum
997 3201 1174 3261 vocat,
1206 3204 1260 3251 et
1275 3196 1436 3265 jubet
1466 3203 1647 3256 omnis

127 3270 391 3326 Vectetur
410 3272 633 3341 penitus
662 3274 768 3330 sibi
800 3293 911 3348 quo
951 3280 1227 3354 descripta
1255 3289 1505 3357 supellex
1534 3308 1548 3344 :

122 3363 449 3437 Argentum,
473 3372 676 3430 vestes,
705 3384 920 3437 aurum,
954 3373 1294 3444 redimicula,
1327 3397 1560 3454 gemmae

121 3454 406 3511 Accelerat
435 3472 650 3524 servus,
678 3468 938 3517 metuens
967 3467 1223 3525 mandata
1254 3474 1477 3529 morari.

119 3544 585 3600 Ornamentorum
619 3547 859 3605 domina:
891 3553 1055 3609 simul
1086 3560 1272 3615 omnia
1307 3564 1512 3631 perfert
1542 3584 1555 3631 ;

120 3633 254 3699 Quae
278 3647 403 3688 mox
435 3650 535 3705 per
562 3642 793 3692 matrem
815 3638 932 3696 haec
944 3641 1119 3698 Patris
1140 3650 1459 3706 tractatibus
1482 3653 1661 3711 offert.

120 3724 285 3793 Ipsas
313 3738 435 3779 esse
464 3723 644 3781 fatens
684 3729 970 3786 mercedes
1008 3733 1258 3792 criminis
1280 3740 1404 3805 atri,

119 3811 242 3876 Quo
271 3819 524 3868 versutus
553 3829 672 3869 eam
703 3832 803 3887 per
828 3833 923 3874 cas
954 3820 1249 3894 deceperat
1290 3828 1462 3884 hostis
1487 3848 1501 3896 ;

117 3905 364 3961 Arbitrio
387 3922 623 3979 poscens
651 3919 841 3968 sancto
872 3924 1209 3985 expensetur
1238 3927 1295 3976 ut
1324 3924 1467 3992 ejus,
1516 3984 1519 3985 ν

122 3993 402 4051 Sufficere
429 3995 711 4054 afﬁrmans
732 4003 922 4072 superi
948 4005 1055 4060 sibi
1089 4024 1317 4067 munera
1345 4015 1571 4085 Sponsi.

126 4088 392 4144 Protinus
411 4098 467 4145 et
494 4089 730 4148 famulos
748 4109 943 4151 omnes
976 4099 1317 4176 famulasque
1339 4108 1585 4175 remittit,

124 4182 309 4252 Atque
341 4183 737 4239 manumittens
763 4186 912 4244 dono
944 4192 1154 4248 solatur
1192 4196 1466 4267 alumnos,

128 4274 441 4329 Exhortans
469 4276 975 4338 studeantsceleris
1007 4285 1115 4341 sibi
1144 4287 1359 4345 solvere
1391 4291 1592 4359 vincla,

129 4360 191 4423 Et
204 4384 396 4424 veram
425 4369 734 4428 libertatem
764 4376 968 4445 pietate
1001 4382 1159 4437 tueri.

131 4460 366 4515 institor
380 4468 435 4516 at
462 4460 696 4519 Nonnus
727 4467 975 4536 prudens
1013 4470 1261 4545 latorque
1292 4475 1474 4535 ﬁdelis

128 4552 492 4608 (Econonum
521 4565 684 4611 vocat
709 4560 984 4629 ecclesiae,
1015 4578 1313 4639 coramque
1342 4572 1523 4641 puella

127 4644 329 4699 Omnia
368 4647 642 4703 contradit
662 4652 887 4721 pretiosi
915 4654 1156 4730 insignia
1187 4662 1388 4728 cultus,

129 4735 409 4804 Adjurans
437 4752 539 4807 per
564 4753 689 4793 eum
721 4741 881 4811 cujus
902 4744 1004 4800 sub
1033 4747 1244 4805 honore
1274 4754 1562 4822 vacabant,

128 4824 501 4882 Defraudetur
528 4844 696 4900 epum
728 4848 798 4887 ne
824 4850 952 4905 pars
979 4838 1065 4894 vel
1093 4842 1357 4912 quaalibet
1377 4846 1592 4916 harum,

131 4917 535 4974 lntromittatur
564 4922 752 4978 domui
781 4924 855 4979 nil
887 4930 1140 4997 praesulis
1178 4933 1330 5001 inde,

133 5006 218 5061 Nil
246 5006 337 5063 vel
368 5007 423 5061 in
455 5009 729 5078 ecclesiae,
757 5015 843 5069 vel
876 5021 1183 5076 tractatoris
1210 5039 1434 5092 earum;

132 5096 335 5152 Omnia
360 5098 461 5153 sed
494 5100 698 5169 viduis,
727 5106 953 5176 pupillis
987 5113 1438 5187 pauperibusque

131 5191 561 5264 Dispensentur,
590 5197 667 5251 uti
693 5214 868 5256 servae
897 5212 1161 5278 congesta
1190 5207 1367 5265 beatae

130 5280 513 5353 Largirentur,
551 5299 687 5356 opes
713 5289 986 5347 scelerum
1016 5297 1265 5352 solamen
1294 5309 1553 5374 egentum

130 5371 195 5427 Ut
228 5372 448 5430 fierent.
481 5374 564 5431 Fit
593 5380 879 5450 continuo,
905 5384 980 5439 nil
1012 5394 1179 5444 restat
1200 5371 1465 5449 inactum.

129 5463 342 5536 Nempe
373 5466 575 5522 ancilla
602 5468 699 5525 Dei
730 5488 870 5529 nova
899 5485 1191 5550 postquam
1214 5482 1363 5539 fonte
1385 5486 1581 5544 lavacri

136 5555 479 5624 Canduit,ex
508 5561 750 5631 propriis
780 5568 1036 5638 pr0prios
1064 5572 1140 5625 nil
1174 5574 1340 5630 rebus
1372 5577 1424 5632 in
1458 5596 1590 5636 usus

139 5646 399 5723 Contigit,
433 5651 675 5724 egregia}
706 5670 936 5712 sumens
958 5659 1049 5730 pia
1078 5662 1281 5733 pabula
1312 5669 1520 5732 matris,

133 5734 206 5790 Ac
236 5735 387 5791 vitiis
409 5739 643 5808 quesita
675 5741 849 5817 nigris
878 5748 963 5801 vel
996 5757 1226 5826 tangere
1266 5754 1463 5813 vitans.

134 5823 488 5884 Lucescente
509 5827 602 5883 die
632 5846 751 5887 mos
777 5842 862 5890 est
890 5854 999 5909 qua
1029 5823 1239 5911 ponere
1268 5853 1450 5902 vestes

1862 1898 1998 1953 Urbs
2027 1897 2259 1952 Domino
2289 1905 2470 1971 grates
2500 1896 2751 1952 referens
2775 1898 2891 1952 haec
2913 1904 3027 1952 tota
3055 1898 3320 1963 resciscit,

1851 1992 2028 2062 Atque
2058 1990 2408 2045 sacerdotum
2464 1989 2560 2061 qui
2592 1989 2822 2043 aderant
2859 2004 2959 2043 sua
2997 1988 3233 2060 quisque
3264 1990 3458 2060 petivit

1921 2083 2134 2138 Tertius
2165 2083 2377 2139 interea
2398 2083 2606 2153 rapidis
2635 2082 2986 2137 successibus
3009 2097 3190 2136 annus

1854 2177 2068 2231 Exierat
2093 2183 2392 2248 votumque
2420 2185 2581 2232 vovet
2611 2176 2772 2231 levita
2792 2190 3033 2246 superne

1861 2267 1980 2322 Jam
2012 2267 2212 2331 dictus,
2244 2266 2505 2321 Solimam
2528 2274 2585 2320 ut
2605 2280 2842 2338 pergens
2882 2264 3002 2319 loca
3030 2262 3217 2319 visitet
3241 2263 3407 2318 alma.

1866 2360 2084 2415 lntimat
2111 2359 2214 2413 hoc
2233 2357 2376 2412 Patri
2398 2362 2609 2420 sancto,
2639 2355 2910 2409 dimittier
2936 2370 3119 2410 orans.

1862 2448 2072 2503 Vadere
2111 2444 2611 2518 permittitpraasul,
2642 2444 3001 2514 sequiturque
3023 2442 3291 2512 profando
3320 2461 3333 2497 :

1871 2544 2044 2598 «Cum
2075 2547 2365 2614 praestante
2390 2540 2521 2606 Deo,
2551 2538 2741 2606 frater,
2773 2537 3096 2609 perveneris
3125 2537 3279 2605 illuc,

1866 2635 1927 2690 Et
1957 2635 2126 2709 digne
2154 2638 2449 2687 veneratus
2480 2630 2590 2685 eris
2619 2638 2831 2685 sacrata
2862 2630 3131 2694 locorum,

1863 2726 2108 2783 Sollicite
2139 2740 2274 2780 cura
2302 2723 2632 2778 monachum
2663 2721 2985 2793 perquirere
3016 2729 3269 2775 sanctum

1862 2815 2093 2870 Nomine
2121 2811 2420 2885 Pelagium,
2448 2810 2598 2866 solus
2614 2825 2682 2865 ex
2711 2819 2961 2880 tempore
2993 2808 3123 2862 belli

1857 2906 1956 2971 Qui
1978 2905 2196 2960 clausus
2225 2903 2357 2958 latet
2385 2904 2441 2957 in
2479 2901 2619 2957 cella
2649 2919 2663 2967 ;
2698 2917 2862 2972 quem
2897 2901 3077 2954 visere
3109 2915 3262 2965 cura,

1855 3001 1990 3055 Nam
2020 3016 2148 3056 vere
2178 2998 2408 3054 Domino
2427 2997 2616 3062 servit,
2643 2995 3059 3065 monachusque
3090 2994 3354 3064 probatur

1856 3094 2159 3160 Perfectus,
2200 3112 2225 3143 ››
2258 3101 2504 3147 sanctam
2533 3106 2698 3145 sexus
2725 3089 2827 3143 sub
2853 3089 3071 3165 honore
3099 3085 3341 3157 puellam

1812 3249 1831 3270 η
1856 3186 2282 3251 Commendans,
2301 3199 2488 3239 sexum
2513 3199 2635 3254 quae
2663 3181 2892 3244 vicerat,
2926 3178 3115 3234 omnia
3144 3178 3339 3231 mundi

1784 3255 1832 3317 Ο
1855 3280 2003 3334 Vana
2040 3274 2435 3347 triumphando
2465 3274 2792 3345 proculcans
2810 3271 2978 3326 corde
3006 3268 3175 3324 virili.

1856 3375 1965 3430 Nec
1986 3381 2169 3429 tamen
2203 3372 2344 3426 hanc
2376 3369 2568 3440 pandit
2597 3366 2969 3431 manifestius,
3010 3365 3206 3421 ordine
3255 3380 3485 3419 servans

1856 3465 1915 3519 Id
1947 3463 2065 3518 ﬁeri
2102 3460 2305 3533 placito
2338 3458 2592 3513 etdivino
2617 3457 2846 3511 numine
2868 3457 3046 3525 jusso.

1853 3558 2102 3630 Denique
2133 3552 2605 3612 commonefactus
2634 3551 2750 3606 adit
2776 3552 2896 3607 loca
2934 3558 3126 3607 sancta
3152 3551 3374 3621 diacon,

1858 3655 2027 3726 Ligna
2055 3652 2216 3706 beata
2245 3649 2425 3706 crucis
2454 3648 2696 3719 pretiosa
2721 3653 2925 3701 stratus
2960 3647 3171 3711 adorat,

1855 3744 1987 3799 Tum
2015 3743 2135 3798 loca
2164 3741 2233 3796 de
2264 3737 2529 3794 membris
2560 3735 2723 3807 Regis
2757 3741 2971 3791 sacrata
3001 3736 3230 3805 sepulti,

1857 3833 2028 3889 Morte
2060 3830 2398 3901 triumphata
2436 3826 2600 3882 rediit
2629 3841 2739 3899 qua
2776 3824 2954 3897 gloria
2976 3822 3199 3890 Christi,

1857 3924 2057 3979 Victrix
2087 3928 2368 3993 perpetua:
2392 3917 2628 3973 solidato
2660 3915 2858 3971 robore
2888 3914 3012 3969 vitae
3045 3931 3059 3968 ε

1858 4019 2039 4074 Altera
2059 4017 2302 4086 dumque
2333 4012 2453 4068 dies
2480 4011 2661 4067 noctis
2691 4009 2996 4082 depelleret
3013 4008 3286 4076 umbram,
3352 4075 3356 4079 η

1856 4109 2109 4174 Quaerere
2135 4103 2416 4178 Pelagium
2447 4109 2707 4174 properat
2734 4099 2899 4156 levita
2925 4104 3192 4154 notatum.

1855 4197 2006 4253 Tune
2045 4196 2102 4251 in
2132 4193 2375 4250 Oliviferi
2405 4191 2681 4247 scandens
2713 4187 2933 4265 fastigia
2970 4186 3193 4253 montis,

1859 4287 1977 4353 Quo
2010 4285 2236 4341 Genitus
2268 4283 2359 4355 pia
2388 4288 2517 4338 vota
2545 4281 2723 4336 Patris
2751 4278 3009 4334 mittebat
3036 4277 3105 4333 ad
3136 4293 3298 4333 aures
3322 4295 3337 4343 ;

1862 4380 2017 4436 Unde
2048 4386 2103 4433 et
2130 4376 2468 4449 praecipuum
2499 4374 2709 4429 ducens
2737 4388 2906 4443 super
2933 4377 3078 4425 astra
3116 4369 3479 4441 triumphum,

1859 4469 1958 4526 Jus
1975 4476 2236 4539 repetens
2265 4464 2570 4537 pr0prium,
2602 4461 2861 4518 caelorum
2884 4459 3135 4515 ascendit
3162 4459 3215 4514 in
3242 4458 3369 4513 alta.

1865 4558 1959 4613 Hic
1980 4556 2231 4611 habitare
2260 4554 2437 4609 virum
2467 4550 2651 4607 studio
2679 4566 2843 4622 quem
2866 4556 3137 4620 quaereret
3164 4548 3316 4604 audit
3341 4566 3355 4613 ;

1781 4618 1831 4683 ί)
1862 4648 2314 4717 Ριιωρειτνωηῳιθ
2335 4641 2531 4697 videns
2557 4637 3202 4709 cellam,simulundiquc
3218 4637 3483 4703 clausam,

1859 4744 2213 4799 Perscrutans
2241 4736 2416 4794 oculis
2442 4734 2623 4789 aditus
2652 4750 2761 4807 qua
2789 4743 2942 4806 parte
2966 4740 3196 4804 pateret,

1862 4831 1943 4885 Nil
1975 4829 2123 4885 videt
2154 4827 2242 4882 hic
2280 4823 2431 4881 omni
2462 4822 2734 4878 modicam
2769 4821 2874 4876 nisi
2902 4831 3056 4892 parte
3088 4819 3407 4875 fenestram.

1860 4922 1988 4987 Quae
2018 4918 2231 4991 pulsata
2260 4921 2429 4987 patet,
2465 4912 2633 4968 levita
2663 4911 2979 4987 agnoscitur
3001 4910 3140 4982 ipse,

1863 5012 1933 5065 Se
1961 5012 2394 5085 cognoscentem
2420 5019 2532 5060 non
2561 5003 2768 5059 callens
2794 5017 3024 5059 noscere
3050 5008 3279 5055 matrem

1864 5100 1996 5169 Dum
2022 5096 2217 5152 faciem
2243 5096 2393 5151 videt
2418 5092 2685 5148 aridulam
2718 5092 2983 5168 rugisque
3013 5090 3271 5157 solutam,

1864 5191 2101 5248 Orbibus
2134 5190 2299 5261 inque
2330 5187 2480 5243 cavis
2510 5185 2699 5242 oculos
2726 5199 2976 5239 marcore
2998 5189 3275 5258 gravatos,

1862 5279 2104 5350 Ossaque
2133 5275 2356 5333 clitellis
2383 5273 2584 5346 passim
2620 5270 2962 5326 numeranda
2983 5270 3198 5338 solutis,

1864 5367 2072 5439 Cuique
2104 5364 2346 5421 arefacta
2377 5363 2520 5418 cutis
2540 5362 2627 5418 vix
2656 5369 2867 5417 texerat
2892 5376 3019 5416 ossa
3041 5377 3279 5433 superne
3310 5379 3323 5415 :

1863 5458 1927 5513 Et
1954 5454 2212 5511 benedici
2245 5453 2314 5508 ab
2345 5469 2410 5508 ea
2440 5467 2695 5525 poscens,
2727 5451 3098 5520 benedicitur,
3128 5461 3293 5525 atque

1867 5555 2111 5610 Levitam
2140 5566 2198 5607 se
2210 5550 2365 5606 audit
2386 5565 2541 5621 papae
2566 5547 2776 5604 servire
2802 5547 2988 5616 beato,

1867 5648 2044 5719 Atque
2074 5645 2247 5699 vicem
2271 5641 2474 5713 petitur
2490 5656 2590 5711 pro
2628 5656 2688 5695 se
2728 5639 3024 5696 redhibere
3057 5641 3341 5712 precanti.

1868 5740 2095 5796 Miratur
2124 5752 2294 5810 super
2322 5735 2407 5791 his
2432 5734 2572 5790 vatis
2594 5742 2809 5791 secreta
2836 5733 3058 5792 fatentis
3083 5752 3098 5803 ;

1874 5831 2146 5887 Praeterea
2175 5842 2280 5884 nec
2309 5826 2464 5898 plura
2493 5826 2662 5898 capit,
2696 5841 2802 5882 nec
2830 5826 2990 5898 plura
3019 5824 3275 5897 rependit
3305 5841 3321 5887 ;
