3890 6406
382 385 490 438 595
1144 380 1511 437 FLODOARDI
1555 381 1859 436 CANONICI
1900 377 2228 434 REMENSIS
2267 373 2606 432 OPUSCULA
2645 375 2950 431 METRICA.
3636 379 3747 433 596

387 513 446 568 Et
474 513 667 567 laudes
694 516 906 565 tantum
924 525 1055 564 aure
1091 511 1314 564 trahens
1353 510 1698 565 sollemniter
1737 509 1830 564 illa
2034 511 2082 578 Α
2109 505 2505 577 Exsequiisque
2537 505 2645 576 piis
2676 520 3012 574 componere
3039 504 3287 558 membra
3308 506 3588 560 sacerdos.

383 603 526 667 Quas
566 601 796 656 Domino
828 599 1006 654 reddit
1027 599 1156 652 dum
1190 599 1333 653 linea
1365 601 1525 654 tertia
1547 599 1722 671 surgit
1752 619 1768 661 ;
2110 597 2242 650 Ecce
2276 603 2505 666 repente
2536 595 2772 665 probant
2804 593 3099 648 muliebria
3131 604 3317 649 mente
3334 595 3477 648 virili

385 693 586 764 Sicque
614 691 726 762 poli
759 691 1046 746 Dominum
1079 689 1416 743 benedicens
1447 688 1625 763 pergit
1647 695 1894 755 ovanter,
2107 685 2278 749 Quem
2309 684 2913 751 creduntmonachum,
2941 685 3269 739 monacham
3284 692 3501 740 secreta
3520 687 3740 740 tulisse.

388 784 708 855 Eximioque
739 799 930 836 means
955 797 1224 836 accensus
1257 796 1442 836 amore
1470 782 1737 846 locorum,
2105 779 2422 834 Gloriticant
2450 779 2615 852 igitur
2647 795 2846 853 magna
2876 795 3001 833 cum
3033 794 3166 834 voce
3192 779 3498 854 benignum

386 873 664 942 Celsisque
697 874 963 926 almorum
996 869 1256 941 precibus
1297 869 1618 925 benedicier
1639 876 1856 940 cptans,
2109 867 2512 938 Miriﬁcumque
2554 869 2724 922 Deum
2758 867 2961 922 multos
2991 869 3084 940 qui
3119 871 3368 943 regmine
3408 878 3636 926 sanctos

385 965 592 1040 Pelagii
621 965 729 1018 sibi
757 981 864 1035 qua
894 962 1189 1034 pertransit
1216 962 1406 1033 Opinio
1441 962 1629 1032 pollet,
2107 960 2304 1035 Dirigit
2333 960 2600 1027 occultos,
2629 960 2734 1014 sibi
2767 969 2894 1016 nota
2924 961 3153 1015 monilia
3182 978 3428 1017 servans.

389 1054 552 1124 Cujus
583 1055 710 1108 item
734 1053 1063 1126 aggrediens
1095 1052 1311 1119 cellam,
1363 1052 1501 1106 nihil
1524 1051 1680 1106 audit
1708 1052 1778 1107 ab
1811 1053 1958 1108 intus
1989 1072 2003 1120 ;
2107 1053 2271 1108 Fama
2299 1054 2464 1120 volat,
2496 1053 2696 1108 coelum
2720 1053 2876 1123 petiit
2915 1053 3044 1125 quia
3083 1054 3328 1110 mascula
3358 1061 3555 1121 mater,

389 1141 679 1195 Permanet
708 1149 1008 1210 expectans
1035 1140 1274 1210 spatium
1316 1139 1549 1195 transire
1577 1141 1861 1208 diurnum,
2109 1142 2270 1210 Cujus
2301 1141 2366 1196 ad
2399 1141 2696 1212 exsequias
2726 1150 2919 1195 curant
2945 1157 3274 1198 concurrere
3305 1143 3511 1213 plures,

391 1236 452 1289 Et
484 1250 587 1289 nox
615 1233 744 1288 dum
778 1234 964 1307 nigras
987 1233 1277 1303 terrisjam
1310 1242 1593 1306 spargeret
1620 1235 1755 1303 alas,
2107 1234 2378 1304 Sacraque
2408 1232 2642 1306 virginei
2673 1232 2903 1287 volitant
2934 1231 3184 1286 examina
3216 1233 3370 1287 laetus
3405 1251 3420 1298 ;

387 1324 735 1396 Regreditur,
759 1322 1036 1394 mittitque
1052 1323 1199 1378 diem
1231 1324 1488 1398 migrare,
1525 1325 1776 1396 reditque
1807 1344 1824 1391 ;
2110 1329 2359 1399 Dumque
2400 1328 2549 1399 pium
2582 1327 2750 1402 digno
2788 1327 3142 1382 tractantsub
3175 1328 3388 1384 honore
3413 1328 3676 1394 cadaver,

385 1416 568 1471 Tertia
591 1416 722 1470 dum
753 1431 926 1470 cmcas
955 1414 1045 1468 lux
1079 1415 1234 1486 pellit
1261 1417 1328 1469 ab
1355 1415 1742 1471 orhelatebras
2113 1421 2172 1476 Et
2197 1420 2400 1475 celebri
2423 1420 2688 1474 mandant
2711 1436 2834 1474 cum
2853 1420 3144 1491 relligione
3171 1420 3450 1491 sepulcro,

387 1511 634 1577 Scandit,
663 1518 716 1564 et
744 1509 1081 1565 obstructam
1107 1510 1598 1580 cernens,aperire
1623 1512 1922 1568 fenestram
2114 1512 2436 1568 Luminibus
2474 1511 2694 1566 radians
2725 1512 2914 1567 multis
2944 1513 3034 1582 pia
3069 1512 3228 1566 turba
3268 1520 3523 1568 coruscat

387 1603 705 1668 Praesumit;
738 1611 851 1658 tum
882 1612 1050 1658 strata
1075 1603 1267 1658 videns
1293 1604 1384 1674 pia
1411 1605 1657 1658 membra
1679 1606 1888 1676 quiete,
2114 1605 2392 1660 Laudibus
2419 1605 2586 1678 inque
2624 1606 2715 1660 Dei
2743 1606 2924 1677 plebis
2956 1622 3055 1661 vox
3080 1617 3278 1662 cuncta
3310 1608 3558 1662 resultat.

388 1695 686 1751 Descendit
727 1711 984 1767 prepere,
1025 1694 1354 1750 Solimorum
1385 1696 1603 1751 nuntiat
1624 1697 1747 1750 urbi
2112 1694 2405 1749 Postmodo
2433 1695 2633 1749 missus
2655 1695 2721 1748 ad
2751 1694 2802 1749 id
2829 1694 3024 1749 Christi
3046 1712 3076 1750 a
3097 1695 3298 1766 pietate
3326 1696 3577 1751 minister

391 1785 678 1890 Pelagium
698 1786 948 1890 abbatem
991 1785 1113 1840 caeli
1133 1792 1368 1890 Isecreta‘
1387 1785 1613 1856 petisse.
2039 1824 2088 1890 Β
2113 1789 2441 1859 Begreditur
2461 1789 2720 1856 Iacobus,
2751 1790 3007 1862 Patrique
3040 1807 3105 1845 ea
3138 1791 3334 1846 nuntia
3367 1800 3565 1862 portat.

390 1877 769 1946 Alterutraque
791 1874 896 1929 sibi
931 1875 1325 1930 monachorum
1357 1873 1480 1948 lege
1511 1882 1739 1928 caterva?
2039 1873 2088 1890 υ
2115 1882 2249 1936 Hinc
2281 1893 2535 1953 properat
2567 1883 2727 1938 matri
2760 1900 2982 1938 narrare
3017 1885 3133 1939 haec
3171 1885 3527 1940 Antiochensi

393 1969 448 2022 Id
484 1967 752 2038 pandunt,
795 1973 1019 2038 totaque
1049 1967 1212 2020 simul
1243 1966 1474 2037 regione
1504 1966 1774 2021 teruntur.
2115 1973 2381 2028 Omnibus
2409 1973 2650 2042 acjustis
2679 1975 2755 2028 ibi
2787 1976 2990 2047 gaudia
3012 1992 3212 2050 magna
3235 1977 3528 2042 ministrat,

386 2063 665 2129 Iordanis,
691 2061 1026 2128 Hericontei,
1056 2061 1362 2132 Solimique
1391 2061 1628 2116 sodales.
2116 2068 2360 2123 Fletibus
2399 2069 2743 2140 illacrymant
2773 2072 2963 2142 populi
2998 2089 3097 2143 per
3125 2071 3325 2143 gaudia
3346 2072 3505 2137 fusis,

389 2155 620 2225 Jamque
650 2153 883 2208 aderant
928 2153 1111 2207 Patres
1149 2159 1340 2208 sancto
1371 2152 1583 2208 fervore
1635 2153 1869 2226 gregati.
2117 2158 2428 2219 Laudantes
2458 2160 2748 2214 Dominum
2777 2161 2902 2215 divo
2926 2161 3020 2232 qui
3053 2177 3284 2216 munere
3318 2169 3558 2231 praestat,

390 2244 521 2298 Tum
552 2244 718 2298 funus
746 2242 885 2296 cella
915 2241 1176 2294 eximitur
1195 2255 1532 2313 scamnoque
1573 2239 1804 2306 locatur,

2124 2248 2185 2302 Ut
2205 2247 2466 2321 dignetur
2495 2247 2564 2302 ab
2606 2248 2692 2302 his
2716 2249 2850 2304 tales
2878 2250 2982 2304 sibi
3007 2266 3228 2306 sumere
3259 2249 3487 2318 fructus,

394 2337 618 2394 Accedit
647 2336 883 2393 Solimus
913 2335 1076 2392 solito
1108 2335 1292 2392 felicia
1322 2335 1430 2390 ritu
2124 2336 2428 2407 Splendida
2459 2352 2598 2408 quos
2627 2338 2753 2393 coeli
2781 2339 3154 2413 gaudenterin
3188 2340 3385 2394 horrea
3411 2340 3637 2395 condat.

403 2545 1320 2555 mm”.
1337 2544 2960 2555 mw-—_—m
2975 2550 3204 2557 __.._._____.
3211 2551 3694 2558 ——__._—

867 2709 1010 2856 IlI}
1085 2706 1556 2856 CHRISTI
1633 2704 2295 2854 TBIUIIPIIIS
2370 2706 2682 2854 APUD
2757 2707 3244 2857 ITALIAII

1361 2985 1700 3085 LIBRI
1776 2989 1943 3109 QU
1966 2989 2784 3089 ATUORDECIM

637 3397 1177 3512 ‘INCIPIT
1291 3423 2065 3512 PROOEMIUM
2176 3423 2908 3540 SEQUENTIS
3011 3427 3482 3515 OPERIS

402 3846 558 3902 Orbis
588 3845 758 3900 Roma
789 3851 976 3915 caput,
1006 3844 1151 3899 celsa
1182 3843 1506 3916 potentibus
2055 3845 2104 3914 (ζ
2127 3839 2444 3894 Submisere
2466 3838 2580 3893 fero
2614 3837 2755 3893 colla
2786 3843 2969 3891 tamen
2991 3836 3147 3910 jugo,

403 3939 666 4009 Sceptris,
691 3935 1030 4005 consulibus,
1057 3936 1362 3992 Caesaribus
1389 3937 1584 3992 cluens
2129 3930 2568 3987 Pestes-invalidi
2602 3930 2807 4001 pellere
2840 3929 3080 4000 pectoris

402 4030 682 4105 Augustis,
715 4028 967 4099 patribus
996 4029 1142 4084 clara
1169 4027 1491 4094 Quiritibus,
2128 4027 2244 4082 Acti
2278 4025 2606 4081 criminibus
2632 4032 2783 4099 terga
2816 4022 3216 4095 prementibus.

406 4126 600 4191 Armis,
634 4122 882 4195 pacificis
913 4130 969 4178 et
998 4123 1306 4179 ditionibus
1334 4141 1349 4190 ;
2129 4116 2308 4172 Fallor
2337 4115 2393 4170 ni
2425 4114 2663 4185 propriis
2690 4113 2906 4168 vatibus
2936 4114 3053 4167 haec
3083 4119 3285 4167 sonent

406 4219 469 4272 At
497 4232 642 4270 nunc
669 4214 959 4270 Altithroni
990 4214 1199 4269 lumine
1229 4214 1428 4269 clarior
2129 4209 2306 4264 Tabes
2335 4208 2581 4281 Pegaseo
2612 4207 2765 4262 fonte
2797 4205 3122 4277 rigantibus.

407 4307 572 4380 Regis
594 4304 936 4376 principibus
963 4303 1164 4358 nobilis
1193 4304 1434 4368 aetheris,
2124 4301 2188 4353 At
2219 4299 2414 4353 Christi
2449 4313 2707 4370 proceres
2725 4296 2935 4350 viribus
2962 4296 3150 4349 arduis

407 4401 602 4456 Christi
639 4400 936 4471 przeeipuis
957 4398 1103 4454 celsa
1133 4399 1446 4454 sodalibus.
2127 4390 2312 4444 Edocti
2343 4390 2586 4444 tumidos
2616 4389 2853 4442 subdere
2884 4385 3188 4456 principes,

405 4491 602 4563 Fulges
633 4488 987 4560 martyribus,
1007 4488 1357 4560 praesulibus,
1391 4487 1573 4544 choris
2125 4479 2431 4552 Magnatum
2463 4477 2718 4532 dominos
2745 4476 2952 4547 pellere
2984 4475 3285 4540 daemones,

403 4581 676 4653 Splendes
706 4581 990 4654 virgineis,
1025 4588 1167 4635 astra
1194 4597 1362 4651 super
1394 4579 1504 4650 poli
2124 4573 2309 4629 Mortis
2339 4581 2556 4642 sceptra
2579 4579 2761 4626 terunt
2789 4571 2873 4623 his
2901 4567 3264 4633 dominantia,

403 4677 503 4741 Qui
532 4683 584 4729 te
607 4674 893 4750 prodigiis,
921 4675 1198 4747 dogmate,
1234 4674 1433 4745 przeliis
2123 4665 2459 4739 Frangentes
2489 4663 2722 4717 trucium
2755 4661 2964 4732 spicula
2985 4660 3182 4716 virium
3208 4661 3248 4730 ἡ

404 4766 605 4820 Palmis
636 4766 977 4821 constituunt
1007 4766 1212 4820 aethere
1241 4771 1523 4835 perpetem
1558 4783 1573 4828 ;
2125 4757 2271 4820 Quos
2298 4771 2454 4828 reges
2483 4754 2700 4809 miseris
2730 4753 2970 4808 vultibus
3001 4751 3188 4822 inclyti

404 4858 696 4911 Vincentes
719 4865 935 4910 veteres
954 4855 1196 4910 culmine
1216 4855 1519 4925 principes,
2125 4853 2384 4920 Orabant,
2411 4851 2658 4922 trepidos
2685 4850 2742 4904 hi
2775 4850 3012 4920 pedibus
3040 4855 3317 4920 premunt,

402 4950 571 5005 Bellis
597 4948 688 5021 qui
720 4947 885 5002 validi
915 4964 1080 5018 regna
1107 4947 1450 5019 parantibus,
2125 4946 2444 4999 Sternentes
2472 4942 2672 4998 veteris
2701 4941 2929 4996 numina
2967 4940 3172 4996 smculi.

404 5038 560 5092 Orbis
583 5038 706 5105 jura
736 5036 869 5090 licet
897 5035 1250 5089 subdiderint
1277 5033 1398 5098 tibi,
2125 5033 2241 5088 Non
2274 5041 2460 5087 nostro
2491 5031 2784 5104 aggredior
2811 5029 3054 5084 carmine
3084 5028 3317 5100 prodere

405 5125 864 5198 Nigraruntvitiis
903 5134 954 5180 te
986 5132 1169 5179 tamen
1209 5122 1470 5188 horridis,
2038 5153 2097 5220 D
2128 5125 2232 5179 Res
2255 5140 2483 5196 quarum
2513 5123 2658 5177 Maro
2699 5123 2769 5176 sit
2809 5123 3052 5177 themate
3089 5119 3330 5185 territus,

405 5217 581 5270 Armis
608 5217 920 5286 polluerant
957 5223 1122 5288 atque
1163 5214 1501 5281 domesticis,
2038 5210 2087 5220 “’
2130 5214 2363 5268 IIorrens
2391 5213 2548 5285 nigra
2574 5219 2715 5284 togae
2747 5210 2982 5264 stamina
3014 5217 3218 5274 texere,

405 5306 724 5359 Sanctorum
751 5307 1025 5360 maculant
1055 5321 1201 5376 saepe
1224 5305 1531 5371 cruoribus,
2125 5305 2232 5358 Sed
2256 5321 2380 5376 quae
2419 5305 2496 5358 sic
2528 5312 2754 5359 caneret
2786 5302 3035 5356 vinceret
3067 5300 3320 5370 Orphzea,

408 5397 706 5465 Replentes
727 5397 996 5451 scelerum
1026 5397 1285 5453 sordibus
1315 5397 1591 5464 omnium,
2125 5402 2556 5472 Formosumque
2583 5399 2796 5464 Linum,
2823 5408 3031 5468 patrem
3064 5404 3119 5450 et
3141 5395 3517 5466 Appollinem,

406 5491 584 5566 Reges
614 5500 664 5542 el
693 5497 936 5561 satrapas
960 5493 1310 5550 subdiderint
1331 5493 1482 5560 licet,
2123 5490 2292 5546 Cantu
2321 5491 2464 5544 Pana
2493 5504 2594 5545 suo
2620 5489 2869 5544 vinceret
2898 5485 3187 5541 Arcadem.
