3890 6400
118 389 218 442 597
770 382 852 437 DE
893 381 1151 438 CHRISTI
1190 381 1550 437 TRIUMPHIS
1591 382 1762 438 APUD
1807 382 2076 438 ITALIAM
2120 383 2294 437 LIBRI
2337 383 2468 438 xw.
2512 414 2574 422 —
2619 383 2740 438 LIB.
2788 385 2804 437 I
3365 389 3468 442 598

1238 512 1566 568 INCIPIUNT
1599 513 1919 569 CAPITULA
1948 513 2124 568 LIBRI
2160 514 2360 568 PBIMI.

412 641 527 694 l.—
547 643 616 694 De
647 641 939 694 certamine
959 641 1137 693 sancti
1163 641 1314 694 Petri
1340 641 1577 709 apostoli
1603 655 1723 694 cum
1745 639 1959 695 Simone
1980 642 2160 710 Mago.

414 712 478 766 II.
503 742 570 750 —
598 713 671 764 De
699 715 884 765 sancto
921 712 1156 780 Torpete.

417 783 580 836 IIl.—-
611 786 687 836 De
718 783 974 852 passione
1003 781 1364 851 apostolorum
1391 783 1542 836 Petri
1570 787 1619 835 et
1651 784 1812 836 Pauli

415 854 496 907 IV.
533 884 600 892 -—
634 855 941 923 Dezsanctis
957 855 1205 908 Processo
1235 857 1284 906 et
1309 855 1648 907 Martiniano
1679 860 1848 924 atque
1883 856 2110 909 Lucina.

413 926 474 989 V,
508 955 576 964 —
611 927 682 978 De
707 927 914 979 sanctis
942 925 1182 978 Nazario
1212 928 1261 977 et
1289 924 1434 980 Celso

421 997 502 1051 VI.
548 1026 616 1035 —
645 999 720 1050 De
748 996 997 1049 vindicta
1025 997 1348 1052 Neronania:
1378 999 1789 1064 persecutionis,

417 1068 526 1122 VII.
564 1097 634 1106 —
663 1070 738 1122 De
775 1069 1001 1136 imperio
1037 1068 1365 1136 Vespasiani
1393 1072 1441 1121 et
1477 1069 1588 1121 Titi

415 1139 623 1193 VlIl.—
664 1141 742 1193 De
763 1141 969 1193 sanctis
997 1139 1134 1193 Lino
1155 1142 1204 1192 et
1238 1137 1400 1191 Cleto.

416 1211 498 1265 XI.
534 1240 604 1249 -—-
625 1213 699 1265 De
737 1211 938 1265 cceteris
969 1209 1257 1279 discipulis
1285 1210 1649 1279 apostolorum
1673 1215 1723 1264 et
1741 1215 1928 1265 sancto
1961 1212 2298 1280 Apollinare.

1040 1373 1539 1465 INCIPIT
1605 1374 1991 1462 LIBER
2059 1377 2586 1466 PRIMUS.

1545 1550 1754 1605 CAPUT
1784 1549 2046 1606 PRIMUM

861 1659 941 1718 De
987 1661 1316 1719 certamine
1356 1661 1554 1719 sancti
1597 1660 1762 1718 Petri
1804 1660 2058 1736 apostoli
2099 1677 2235 1720 cum
2273 1661 2518 1720 Simone
2563 1663 2750 1737 Mago.

118 1798 285 1851 Alma
314 1802 519 1866 tropaea
542 1793 770 1864 piosque
801 1792 980 1848 crucis
1011 1809 1111 1862 per
1139 1793 1282 1847 bella
1314 1793 1643 1864 triumphos.

121 1890 229 1942 Pro
257 1885 445 1960 regnis
474 1891 682 1940 certata
707 1883 819 1955 poli
851 1883 1087 1938 feliciter
1101 1891 1315 1950 auctos,

118 1983 454 2034 Sauctorum
497 1977 604 2031 nisi
636 1976 851 2030 meritis
880 1976 1131 2030 evolvere
1166 1993 1325 2030 versu

122 2068 406 2121 Romanas
438 2065 662 2120 tandem
692 2065 918 2119 ductore
949 2065 1200 2118 venimus
1231 2065 1285 2118 in
1318 2079 1470 2119 arces

122 2161 364 2238 Egregio
393 2160 592 2215 Christi
623 2161 949 2230 populorum
981 2162 1238 2231 praeduce
1266 2161 1426 2217 Petro
1453 2179 1466 2227 ;

121 2255 230 2320 Qui
263 2253 417 2309 verbi
438 2251 640 2320 jaculis
663 2251 871 2322 palmas
912 2261 1034 2324 post
1062 2254 1432 2308 Antiochenas

120 2347 462 2403 Pestiferum
491 2345 767 2398 insectans
795 2343 967 2398 divini
999 2344 1224 2399 luminis
1251 2347 1466 2400 hostem

121 2442 192 2493 Se
231 2439 358 2493 tulit
389 2439 512 2502 huc,
541 2435 706 2508 longe
738 2433 1066 2508 fugitantem
1098 2438 1153 2490 in
1185 2437 1430 2491 culmine
1453 2437 1645 2491 mundi

120 2530 415 2583 Sterneret
443 2534 503 2582 ut
535 2528 842 2593 Simonem,
870 2535 1183 2597 cunctoque
1215 2532 1523 2596 patesceret
1561 2525 1679 2579 orbi

124 2621 199 2674 De
233 2619 426 2674 mundi
456 2621 633 2690 capite
658 2620 932 2674 aathereos
963 2618 1185 2672 rutilare
1216 2617 1542 2686 triumphos,

121 2711 475 2765 Substratum
509 2711 767 2766 Ecclesiae
783 2709 909 2781 quis
933 2724 994 2763 se
1025 2709 1195 2782 gemit
1229 2707 1514 2778 improbus
1537 2707 1756 2781 anguis,

118 2805 529 2874 Terrarumque
560 2819 752 2858 serens
782 2818 881 2873 per
915 2802 1148 2872 plurima
1180 2817 1349 2872 regna
1381 2799 1626 2871 profuse,

122 2897 349 2972 Spargit
376 2897 445 2951 ab
479 2897 607 2952 inde
640 2898 829 2952 Petrus
859 2896 1134 2951 ditissima
1159 2896 1372 2950 semina
1399 2895 1573 2950 verbi.

121 2990 264 3054 Quid
293 2996 538 3060 repetam
571 2989 703 3043 belli
736 2996 951 3044 veteres
979 2989 1047 3042 ab
1086 2988 1301 3058 origine
1331 2987 1574 3053 fraudes,

123 3084 189 3139 Ut
221 3084 424 3139 Christi
471 3084 708 3155 primum
730 3083 954 3139 insidiis
982 3099 1276 3158 aggressus
1305 3083 1446 3137 ovile

128 3175 464 3232 Proturbare
497 3176 708 3242 Simon,
741 3177 954 3232 socium
983 3193 1043 3230 se
1073 3175 1252 3242 ﬁnxit,
1281 3183 1335 3230 et
1364 3176 1577 3230 hostem

127 3265 352 3319 Invitus
383 3264 593 3331 docuit,
625 3280 828 3334 supero
852 3264 946 3336 qui
972 3265 1100 3333 jure
1130 3264 1370 3321 sodales.

123 3363 264 3416 Dum
303 3361 454 3416 videt
486 3368 602 3416 arte
643 3377 743 3415 sua
775 3362 944 3416 multo
979 3361 1193 3431 potiora
1212 3361 1419 3426 valere,

125 3451 521 3526 Prodigiisque
553 3449 860 3520 Philippeis
881 3449 1220 3520 stupefactus
1249 3457 1302 3504 et
1325 3464 1443 3516 ore,

124 3543 373 3613 Corpore
401 3539 636 3595 salvilici
665 3539 904 3611 sumpsit
934 3539 1176 3595 fomenta
1209 3540 1428 3604 lavacri,

123 3629 372 3686 Attracio
397 3644 629 3699 sperans
649 3629 936 3683 molimine
966 3629 1176 3683 discere
1208 3637 1474 3694 monstra,

125 3720 376 3776 Plurima
404 3735 569 3792 quam
611 3729 770 3776 norat
793 3720 980 3794 Stygio
1010 3719 1360 3774 insimulatus
1386 3719 1456 3774 ab
1488 3727 1656 3775 (nstro

123 3820 162 3870 Α
194 3815 364 3884 cujus
394 3821 501 3868 tam
535 3820 718 3869 mente
747 3813 886 3869 fides
914 3830 1107 3869 aversa
1133 3815 1364 3883 nitebat,

129 3907 414 3963 Irradians
432 3906 584 3962 orbis
617 3908 862 3977 pretioso
889 3907 1098 3962 lumine
1127 3923 1296 3982 regna

127 3999 418 4068 Rhiphaete
439 4014 603 4069 quam
631 3997 714 4052 sol
745 3997 1005 4052 tenebras
1037 3999 1282 4073 regionis
1313 3999 1620 4055 abhorrens

126 4087 311 4143 Volvit
345 4088 449 4141 iter
480 4103 782 4160 peragrans
813 4088 1055 4143 stabilito
1089 4089 1304 4143 tramite
1327 4090 1595 4144 mundum

128 4181 240 4233 Res
272 4179 454 4250 patuit
488 4196 500 4232 :
535 4195 660 4232 nam
681 4180 832 4233 nulla
851 4179 1048 4234 videns
1065 4179 1282 4234 ferVere
1305 4179 1481 4234 beatae

126 4269 360 4324 Artibus
390 4269 645 4323 Ecclesiae
672 4268 880 4323 fraudis
908 4269 1142 4342 vestigia
1173 4276 1335 4334 notae,

131 4360 396 4414 Protinus
418 4359 633 4414 attoniti
666 4375 811 4415 caeco
841 4360 942 4414 sub
977 4369 1200 4430 pectore
1234 4368 1436 4425 motus,

128 4452 486 4523 Gentilisque
509 4450 695 4506 animo
723 4451 854 4506 furit
883 4468 1140 4525 tegraque
1177 4453 1315 4508 laetis

132 4548 375 4612 Invidia,
405 4553 567 4618 atque
589 4546 779 4602 odium
799 4554 996 4602 maeret
1023 4548 1299 4617 pollenter
1325 4549 1514 4603 haberi

130 4643 260 4712 Ipse
289 4639 438 4711 quod
464 4637 716 4693 infaustae
743 4645 856 4694 toto
888 4639 1078 4710 nequit
1104 4639 1235 4695 artis
1261 4639 1432 4710 apisci
1465 4659 1478 4702 ;

133 4731 494 4800 Dilectosque
525 4727 684 4782 dolos
709 4727 869 4802 nigro
900 4729 1004 4782 sub
1027 4729 1192 4784 corde
1215 4729 1487 4792 volutans,

131 4824 298 4878 Tetra
332 4838 548 4876 venena
586 4821 796 4893 coquit,
827 4822 1102 4876 meditans
1133 4839 1329 4895 urgere
1361 4823 1624 4890 latenter,

133 4923 313 4979 Quam
348 4912 557 4967 fraudis
579 4927 844 4981 superare
867 4913 1040 4985 gradu
1071 4928 1181 4967 non
1207 4915 1466 4983 praevalet
1493 4931 1696 4981 arcem,

135 5009 524 5064 Fundamenta
545 5007 698 5079 prius
727 5007 946 5064 fabricae
973 5008 1291 5064 subducere
1332 5010 1534 5077 nitens,

137 5103 200 5156 Ut
226 5100 410 5156 valeat
437 5107 604 5155 totam
634 5107 921 5157 structurae
950 5112 1199 5157 evertere
1232 5102 1432 5157 molem
1472 5120 1483 5155 :

133 5197 418 5265 Armaque
455 5193 762 5264 corripiens
789 5195 927 5266 patri
951 5197 1064 5263 jam
1095 5195 1316 5270 cognita
1342 5195 1555 5267 pridem

132 5284 470 5356 Terrigeuas
499 5299 610 5355 quo
640 5285 932 5340 subruerat
961 5285 1253 5339 conamine
1295 5285 1522 5356 primos,

140 5375 270 5430 Auri
292 5375 546 5429 advectat
585 5390 742 5445 opes,
775 5375 982 5430 donum
1008 5374 1333 5444 Spiraminis
1362 5376 1455 5430 alti

144 5463 377 5519 Mercari
409 5479 469 5518 se
503 5479 664 5533 posse
693 5470 859 5517 ratus.
895 5463 1003 5519 Sed
1040 5464 1228 5519 Petrus
1250 5464 1318 5518 ab
1347 5465 1464 5534 ipso

146 5555 463 5608 Instructus
487 5553 720 5607 Domino
747 5553 978 5623 laqueos
1002 5553 1355 5607 transvadere
1386 5562 1575 5619 tetros,

149 5641 466 5713 lnspiciens
497 5642 602 5695 hoc
630 5657 782 5695 sacra
815 5641 946 5710 peti,
976 5649 1035 5695 ut
1066 5641 1351 5696 molimine
1382 5644 1611 5697 monstri

150 5737 256 5789 Aut
279 5741 451 5797 emat,
488 5739 579 5787 aut
609 5733 836 5799 adimat,
870 5732 1083 5788 robusti
1115 5733 1344 5804 cuspide
1386 5735 1537 5789 verbi

159 5819 435 5888 Perfodit,
469 5825 637 5890 atque
663 5821 851 5891 lupum
892 5820 1010 5875 miti
1044 5821 1330 5892 proturbat
1354 5822 1503 5876 ovili.

1783 1801 1829 1865 Α
1855 1792 1987 1847 Tum
2017 1794 2182 1848 veluti
2213 1793 2325 1848 fera
2355 1802 2635 1864 pastorum
2651 1796 2986 1854 clamoribus
3016 1811 3154 1868 acta,

1855 1884 1985 1951 Quae
2009 1885 2188 1939 medio
2222 1894 2429 1956 raptam
2454 1887 2634 1943 subito
2664 1889 2734 1942 de
2761 1891 2968 1962 cespite
3000 1893 3237 1963 praedam

1855 1975 1989 2029 Dum
2021 1977 2274 2047 sequitur
2297 1977 2613 2049 clamorque
2645 1980 2842 2047 virum,
2878 1983 3200 2056 celeresque
3226 1987 3473 2053 molossi,

1857 2064 2007 2118 Haud
2037 2065 2281 2134 perferre
2302 2066 2513 2133 valens,
2555 2069 2750 2122 solatia
2781 2084 2891 2124 non
2911 2087 3009 2126 sua
3039 2073 3223 2140 mittit,

1854 2159 2025 2230 Atque
2058 2176 2258 2214 vacans
2281 2170 2407 2215 voto
2437 2162 2673 2232 majores
2707 2162 2918 2238 colligit
2949 2165 3077 2232 iras,

1855 2246 2238 2319 Carpendique
2262 2247 2460 2303 famem
2491 2249 2674 2320 potius
2704 2267 2867 2321 quam
2897 2254 3066 2309 volvit
3095 2256 3296 2311 edendi
3327 2275 3340 2323 ;

1856 2339 2098 2394 Destinat
2129 2340 2359 2394 insidias
2384 2341 2580 2407 caulis,
2614 2342 2752 2396 clam
2779 2343 2925 2399 furta
2968 2345 3298 2418 frequentat.

1856 2431 1919 2485 Et
1949 2449 2036 2485 via
2065 2432 2110 2485 si
2143 2448 2250 2503 qua
2278 2441 2444 2502 patet,
2472 2441 2744 2502 penetrat,
2777 2436 3088 2508 laceratque
3122 2438 3404 2507 bidentes,

1857 2523 1974 2577 Jam
2008 2539 2116 2577 non
2150 2539 2269 2578 esse
2299 2525 2464 2579 modo
2497 2526 2718 2595 cupida.
2756 2526 2868 2582 imo
2908 2545 3111 2583 nocere
3143 2541 3328 2601 parata
3360 2549 3373 2585 :

1862 2617 2012 2672 Haud
2045 2618 2225 2672 minus
2258 2619 2361 2672 iste
2387 2619 2566 2688 lupus,
2600 2621 2842 2674 crudelis
2866 2622 3050 2676 bellua
3090 2625 3312 2690 mentis,

1860 2707 2165 2762 Praevalida
2192 2709 2388 2779 Cephas
2422 2711 2658 2778 pastoris
2678 2727 2811 2765 voce
2853 2713 3126 2781 repulsus,

1860 2803 2144 2867 Quaeretur
2177 2804 2400 2874 proprio
2434 2813 2826 2875 praesumptam
2850 2806 2972 2873 jure
2991 2807 3259 2877 rapinam,

1861 2899 2079 2953 Directo
2112 2913 2223 2953 non
2253 2897 2400 2953 ferre
2431 2898 2623 2952 valens
2654 2899 2745 2970 pia
2777 2901 3028 2971 pondera
3055 2917 3238 2967 cursu,

1856 2989 2037 3054 Ponit,
2071 2998 2124 3044 et
2147 3005 2409 3044 accensas
2444 3007 2650 3045 vacuus
2682 3001 2928 3061 raptatur
2952 2992 3005 3046 in
3042 2993 3170 3058 iras,

1855 3080 2197 3153 Sumptaque
2228 3081 2603 3152 multiplicans
2635 3082 2940 3138 studiosius
2971 3099 3122 3137 arma
3152 3085 3416 3151 nocendi,

1857 3175 2095 3244 Quaeque
2119 3174 2264 3228 valet
2287 3173 2482 3227 Christi
2505 3173 2737 3228 furtivus
2767 3174 2933 3229 ovilia
2967 3181 3160 3239 tentat,
3331 3175 3341 3182 ’

1858 3264 2034 3319 Corda
2065 3279 2265 3334 parans
2292 3263 2477 3338 gregis
2500 3263 2720 3317 insidiis
2751 3265 3032 3319 incessere
3064 3265 3278 3331 blandi,

1858 3358 1941 3412 Nil
1964 3373 2258 3413 commune
2289 3356 2494 3417 ferens,
2528 3357 2802 3411 contraria
2832 3365 3030 3414 cuncta
3060 3375 3392 3430 propagans,

1861 3447 2232 3515 Caesaremque
2265 3451 2322 3498 ut
2349 3459 2479 3498 oves
2503 3445 2660 3499 Petro
2703 3454 2918 3514 pastore
2951 3454 3205 3520 gregatas

1863 3535 2362 3607 Comperit,hostili
2383 3551 2580 3592 cursus
2604 3537 2712 3591 huc
2743 3535 2936 3592 fraude
2977 3539 3233 3606 tetendit,

1865 3629 1927 3683 Et
1947 3643 2307 3701 quoscunque
2337 3629 2501 3692 valet,
2537 3627 2690 3682 ferali
2723 3629 2890 3683 dente
2923 3637 3198 3684 cruentat.

1865 3722 2034 3786 Quem
2065 3727 2254 3775 contra
2287 3719 2460 3774 rabidi
2488 3720 2718 3774 crudum
2760 3719 3063 3774 moliminis
3097 3722 3308 3775 hostem

1861 3816 2098 3871 Bellator
2116 3814 2333 3869 validus
2365 3813 2555 3869 divino
2587 3830 2819 3868 munere
2852 3813 3063 3883 Cephas

1861 3907 2254 3982 Progrediens,
2287 3907 2562 3978 armisque
2593 3906 2786 3979 vigens
2815 3905 2962 3975 capit
2983 3921 3078 3960 ore
3111 3906 3396 3972 duellum;

1863 4003 2091 4058 Pellitur
2113 4001 2330 4067 umbra,
2366 4001 2457 4070 pio
2485 3999 2738 4055 clarescit
2773 3999 2979 4054 lumine
3012 3999 3210 4074 fulgor.

1867 4097 2128 4168 Discipuli
2170 4095 2400 4161 fraudis,
2445 4109 2678 4166 quorum
2713 4111 2870 4150 mens
2899 4111 3131 4150 cernere
3157 4111 3346 4149 verum

1869 4187 2204 4258 Promptior,
2237 4184 2458 4240 obscuri
2490 4191 2783 4255 penetrant
2815 4185 2943 4239 dum
2972 4184 3114 4240 furta
3153 4185 3419 4258 magistri,

1872 4279 2178 4332 Exhorrent
2210 4276 2456 4339 facinus;
2491 4273 2711 4327 dextras
2736 4275 2890 4342 juvat
2913 4272 3116 4326 addere
3145 4286 3296 4336 vero,

1870 4371 2188 4444 Iunguntur
2213 4369 2418 4424 sanctis
2448 4368 2635 4422 lumen
2669 4374 2889 4437 captare
2921 4365 3117 4436 parati.

1789 4499 1837 4565 Ο
1872 4467 2133 4522 Desertus
2163 4461 2333 4516 sociis
2363 4459 2483 4514 dira
2512 4460 2649 4514 latro
2672 4458 2918 4529 carpitur
2947 4457 3047 4518 ira,

1869 4561 2130 4631 Clamque
2165 4558 2348 4631 fugam
2380 4555 2736 4629 aggrediens,
2795 4553 2989 4606 urbem
3025 4552 3164 4623 petit
3194 4551 3494 4607 Antioche-

3277 4663 3418 4701 nam.

1875 4726 2133 4782 Audierat
2153 4722 2424 4794 siquidem
2455 4720 2582 4775 fidei
2614 4719 2853 4774 crevisse
2885 4734 3129 4792 vigorem
3257 4647 3271 4717 [

1877 4816 1972 4870 llic
2001 4814 2138 4868 adeo
2171 4820 2229 4867 ut
2262 4809 2456 4865 Christi
2489 4814 2749 4878 caperent
2782 4807 2851 4860 de
2887 4806 3108 4860 nomine
3141 4820 3362 4858 nomen.

1875 4905 2027 4970 Quod
2053 4903 2222 4967 ferus,
2252 4900 2474 4955 invidiae
2517 4898 2730 4953 facibus
2748 4897 3028 4951 ferventer
3045 4896 3309 4969 adustus,

1877 4994 2098 5049 lnsidiis
2123 4991 2394 5061 caecisque
2428 4988 2572 5043 dolis
2602 4987 2904 5058 explodere
2937 4984 3140 5044 nitens,

1879 5087 2110 5146 XEtheris
2141 5086 2405 5140 adversus
2434 5083 2723 5138 Dominum
2757 5091 2964 5134 certare
2994 5077 3222 5136 laborat.

1881 5182 2326 5248 Frustratrusque
2359 5175 2526 5229 miser
2563 5189 2706 5228 saevo
2737 5170 3046 5226 corroditur
3077 5169 3203 5242 igne
3236 5187 3252 5230 ;

1881 5270 2076 5324 Pulsus
2105 5277 2160 5321 et
2183 5283 2213 5320 a
2246 5265 2386 5319 Petri
2413 5262 2602 5327 sociis,
2635 5261 2918 5330 cautisque
2963 5257 3253 5322 ministris,

1882 5361 2140 5417 Prtesidio
2174 5359 2309 5430 petit
2341 5357 2422 5410 ire
2454 5355 2616 5430 fugae,
2647 5367 2994 5423 cernensque
3025 5357 3223 5424 negata

1883 5452 2085 5509 Cuncta
2116 5449 2251 5503 Asiae
2271 5446 2377 5501 sibi
2413 5461 2602 5518 regna,
2628 5443 2758 5516 legit
2790 5449 2941 5495 trans
2961 5456 3186 5512 zequora
3219 5437 3348 5493 ferri
3385 5455 3398 5491 :

1804 5573 1862 5640 D
1886 5543 2148 5614 Falsaque
2177 5537 2524 5608 comperiens
2555 5549 2899 5606 quzecunque
2933 5547 3222 5602 capessere
3256 5531 3506 5594 Romam,

1891 5639 2086 5709 Utpote
2118 5642 2436 5691 cunctorum
2463 5631 2716 5686 violatam
2743 5644 2931 5683 errore
2963 5630 3193 5682 deorum

1892 5731 1964 5784 Ac
1997 5737 2136 5783 tetro
2169 5725 2450 5780 obsessam
2484 5721 2769 5776 dominatu
2802 5720 3221 5782 daemoniorum,

1895 5821 2050 5876 Fisus
2083 5819 2186 5884 eis,
2221 5823 2276 5871 et
2302 5813 2471 5870 abhis
2501 5818 2678 5879 actus,
2709 5811 2817 5865 huc
2838 5810 3067 5882 perfuga
3083 5809 3262 5869 venit;

1781 3129 1830 3196 Β
