3890 6426
359 388 465 445 599

362 514 722 584 lnnitensque
751 526 857 581 0pc
887 510 1195 565 daemonica
1223 511 1327 565 sub
1357 510 1577 566 vincula
1606 509 1811 565 multos

360 606 594 675 Conjicit
624 603 826 659 erroris
853 602 1022 669 cives,
1052 602 1359 674 crescitque
1390 618 1490 673 per
1519 610 1664 656 artes

363 699 547 769 Usque
567 695 707 751 adeo
736 694 996 767 magicas,
1024 693 1161 748 deus
1192 694 1522 749 utdecretus
1543 692 1612 747 ab
1646 692 1782 761 ipsis

362 789 619 853 Polleret,
649 784 931 841 simulacri
968 784 1133 839 etiam
1155 784 1392 839 donatus
1423 786 1658 850 honore,

309 942 317 949 _
362 876 516 943 Quod
545 875 800 950 geminos
829 874 975 929 inter
999 883 1197 945 pontes
1224 874 1482 928 Tiberina
1521 872 1731 927 ﬂuenta

362 969 642 1024 Alluerant
664 966 821 1022 titulo
854 965 1130 1040 insignem
1165 983 1180 1031 ;
1209 965 1308 1019 sed
1327 963 1519 1018 fraude
1546 963 1713 1034 petita

363 1059 515 1113 Haud
546 1058 770 1131 longum
794 1055 971 1109 deitas
999 1054 1221 1121 mansit,
1243 1068 1487 1125 veroque
1515 1050 1732 1107 tenellae

365 1151 712 1221 Rumpuntur
734 1147 1000 1215 tenebrae,
1030 1146 1241 1201 validus
1271 1145 1399 1201 dum
1433 1144 1688 1217 protinus
1718 1142 1811 1198 illo

362 1243 565 1298 Militia;
590 1240 785 1296 Christi
815 1239 985 1296 veluti
1025 1240 1134 1294 dux
1155 1246 1320 1310 atque
1345 1238 1608 1310 magister

358 1335 619 1409 Dirigitur
636 1332 896 1405 princeps
929 1331 1232 1403 primorum
1251 1330 1463 1393 Petrus,
1499 1328 1749 1400 iniquum

361 1426 594 1482 Humani
617 1424 841 1501 generis
871 1429 1061 1478 contra
1084 1420 1421 1496 generaliter
1442 1421 1658 1476 hostem

359 1520 461 1585 Qui
494 1518 703 1590 primus
730 1515 927 1571 vexilla
954 1514 1132 1570 crucis
1162 1514 1291 1569 huic
1318 1512 1520 1585 ingerit
1548 1511 1695 1578 urbi,

363 1609 655 1680 Postquam
689 1605 1065 1677 Cappadoces,
1112 1602 1345 1666 Galatas,
1398 1602 1632 1657 Pontum
1688 1607 1855 1670 atque
1894 1599 1981 1653 Bi-

1692 1694 1912 1766 [thynos

360 1794 537 1850 Armis
562 1794 817 1849 induerat
847 1791 998 1859 ﬁdei,
1033 1792 1208 1863 proba
1231 1790 1421 1845 munia
1451 1790 1692 1852 tradens,

362 1883 583 1939 Divinos
606 1888 820 1937 certare
851 1880 1035 1936 sciens
1074 1880 1334 1935 robustus
1374 1894 1603 1953 agones,

360 1976 628 2031 Virtutum
654 1973 927 2029 scelerum
971 1977 1164 2027 contra
1185 1971 1414 2025 ductare
1451 1970 1727 2037 cohortes,

362 2068 423 2123 Et
451 2067 569 2122 falsi
613 2066 869 2122 tenebras
900 2063 1181 2135 expellere
1213 2062 1425 2118 lumine
1450 2062 1581 2117 veri.

363 2160 458 2215 Hic
487 2159 698 2231 primus
728 2157 881 2213 verbi
908 2155 1170 2228 patefecit
1197 2154 1445 2210 clavibus
1461 2153 1640 2208 aulam
1702 2150 1709 2159 ’

360 2248 610 2304 Caelestis
641 2246 798 2318 regni
829 2244 1169 2301 dominantis
1201 2243 1415 2298 civibus
1435 2241 1590 2298 urbis
1617 2259 1631 2306 ;

360 2337 645 2392 Pelluntur
671 2334 842 2391 radiis
861 2334 1061 2389 Christi
1093 2331 1451 2388 rutilantibus
1480 2331 1690 2386 umbra:
1715 2349 1731 2396 ;

359 2430 477 2485 Jam
510 2435 724 2483 mentes
765 2426 1050 2482 hominum
1076 2424 1292 2496 placido
1320 2422 1631 2478 illustrabat
1656 2436 1875 2477 ammno

361 2526 553 2579 Sermo
571 2518 876 2597 Evangelii,
908 2519 1078 2576 satias
1102 2519 1215 2587 jam
1242 2518 1394 2573 nulla
1424 2518 1649 2573 tenebat

360 2615 522 2670 Verbi
553 2614 860 2675 auditores.
894 2610 1163 2667 miracula
1192 2612 1351 2682 plura
1379 2609 1653 2675 videntes,

363 2705 472 2759 Nec
497 2704 710 2759 ducunt
731 2702 926 2758 audire
953 2702 1087 2756 satis
1117 2701 1250 2773 quin
1279 2700 1531 2771 supplice
1560 2705 1687 2754 voto

364 2795 700 2864 Discipulum
731 2800 969 2864 poscunt
998 2793 1170 2847 sacris
1192 2791 1457 2845 mandare
1485 2789 1683 2845 lituris.

362 2888 547 2943 Audiit
578 2888 669 2943 ille
710 2903 929 2959 preces,
962 2886 1280 2958 chartisque
1308 2892 1555 2955 receptat
1576 2884 1896 2941 habendum

364 2978 506 3033 Petri
547 2978 932 3053 Evangelium,
960 2978 1150 3033 senior
1177 2992 1421 3049 quoque,
1440 2976 1701 3039 ,Flamine
1722 2976 1920 3047 plenus

362 3071 612 3138 Sidereo,
643 3077 937 3142 postquam
969 3069 1193 3136 factum,
1222 3068 1541 3141 furtumque
1582 3067 1744 3123 ﬁdele

363 3162 591 3233 Accipit,
626 3162 847 3228 attollit,
881 3162 1296 3234 delectatusque
1336 3161 1529 3232 rapina

366 3254 531 3309 Marci
563 3253 710 3325 picta
739 3270 905 3310 manu
936 3271 1059 3327 quae
1086 3254 1345 3330 dogmata
1374 3253 1577 3326 pagina
1601 3252 1802 3325 signat,

365 3348 584 3413 Firmat,
614 3352 668 3402 et
685 3346 944 3402 Ecclesiae
966 3346 1131 3402 tradit
1153 3363 1251 3417 per
1285 3348 1446 3402 saecla
1468 3345 1722 3420 legenda.

437 3436 697 3490 Senserat
726 3441 967 3490 actutum
995 3435 1333 3505 respublica,
1358 3435 1532 3491 limite
1564 3435 1617 3489 in
1651 3436 1768 3507 ipso

367 3528 632 3584 lntroitus
654 3528 876 3599 Cephze,
907 3527 1168 3601 suffragia
1190 3529 1334 3584 clara
1354 3530 1546 3585 salutis
1572 3548 1587 3595 ;

366 3621 602 3684 Quartus
629 3618 699 3673 ab
729 3618 974 3690 Augusto
1004 3618 1182 3675 fasces
1208 3637 1333 3675 nam
1347 3620 1606 3676 Claudius
1622 3622 1774 3677 orbis

368 3710 586 3775 Nactus,
619 3709 947 3765 consulibus
976 3710 1203 3765 multam
1235 3710 1597 3783 patribusque
1629 3713 1861 3783 parabat
1893 3732 1907 3780 ;

369 3798 622 3871 Extingui
652 3798 926 3869 siquidem
959 3815 1055 3869 per
1083 3815 1180 3855 eos
1210 3799 1280 3854 de
1305 3800 1577 3875 sanguine
1607 3810 1835 3857 cunctos

370 3887 659 3941 Decretum
690 3886 896 3941 exierat
925 3903 1185 3957 proceres
1216 3888 1309 3959 qui
1341 3887 1567 3943 Caesaris
1598 3890 1720 3945 orti.

370 3974 531 4028 Caius
557 3982 618 4030 ut
656 3974 978 4041 exstinctus,
1001 3977 1272 4031 scelerum
1314 3977 1556 4032 crudelis
1581 3978 1814 4046 amicus,

371 4062 506 4116 Pelli
537 4079 706 4137 regna
730 4063 890 4138 jugo,
922 4064 1186 4139 perfringi
1217 4073 1432 4135 sceptra
1463 4066 1706 4137 revulso,

372 4153 605 4208 Restitui
635 4152 809 4227 leges,
835 4153 904 4207 ad
935 4154 1167 4224 pristina
1191 4154 1317 4224 jura
1343 4157 1542 4212 reverti

373 4241 635 4297 Claudius
667 4248 721 4296 at
755 4256 986 4315 regnum
1008 4248 1300 4313 postquam
1330 4244 1551 4310 solidat,
1586 4244 1704 4302 fera
1734 4245 1913 4302 tendit

372 4332 662 4388 Judicibus
691 4349 851 4388 saevae
880 4334 1066 4388 crudis
1099 4334 1385 4390 molimina
1411 4353 1611 4407 poenae.

376 4428 485 4481 Sed
514 4427 657 4481 Petri
693 4427 749 4481 in
781 4427 1066 4490 auxilium.
1101 4428 1297 4485 divino
1324 4430 1551 4487 nomine
1583 4440 1782 4502 tactus,

376 4516 453 4570 Ne
494 4516 650 4589 nigra
671 4524 973 4588 tempestas
1004 4519 1289 4594 surgentia
1316 4521 1568 4594 gramina
1599 4522 1781 4590 laadat,

379 4604 513 4658 Dum
542 4604 859 4660 conduntur
885 4606 1067 4663 adhuc
1092 4608 1276 4663 scissae
1308 4625 1451 4666 nova
1480 4612 1696 4668 semina
1718 4622 1897 4685 terrae,

380 4695 575 4766 Incipit
605 4695 837 4751 interius
866 4697 1155 4755 advertere
1184 4702 1424 4770 pectoris
1456 4705 1628 4759 antris

379 4786 541 4849 Quas.
566 4784 610 4837 si
630 4791 808 4855 coepta
838 4784 998 4851 foret,
1032 4796 1243 4861 strages
1282 4789 1439 4845 daret
1468 4791 1606 4847 ultio
1636 4792 1773 4848 dura
1803 4813 1821 4861 ;

380 4873 551 4936 Quam
583 4871 762 4926 claros
790 4888 1131 4948 magnosque
1158 4875 1306 4930 viros
1335 4884 1521 4933 actura
1545 4880 1651 4935 sub
1682 4882 1930 4950 umbras,

382 4970 551 5032 Quam
585 4967 886 5022 desolatam
921 4970 1170 5039 patribus
1202 4972 1614 5048 constringeret
1635 4977 1872 5034 urbem:

384 5058 594 5133 Cogitat
628 5059 761 5126 haec,
782 5060 1064 5132 animique
1098 5068 1277 5141 truces
1305 5064 1373 5119 ad
1403 5074 1558 5138 grata
1587 5070 1840 5125 residunt

384 5150 589 5205 Irarum
613 5156 720 5204 tam
756 5158 1029 5208 torvarum
1071 5155 1441 5212 medicamina
1471 5174 1614 5214 curai-

383 5241 622 5313 Equora
641 5250 930 5300 ventorum
959 5247 1129 5302 veluti
1164 5256 1287 5319 post
1327 5248 1475 5306 bella
1505 5252 1820 5324 quiescunt,

386 5327 812 5400 ImmOriturque
833 5333 1050 5389 haerens
1080 5337 1218 5392 velis
1250 5340 1473 5395 tandem
1526 5357 1660 5396 aura
1698 5351 2001 5416 superstes,

384 5419 683 5491 Indulgere
704 5424 861 5480 sedet
890 5427 1025 5485 diris
1044 5432 1335 5487 conatibus
1356 5434 1520 5501 ultro,

382 5512 503 5566 Non
537 5508 730 5598 horum
763 5519 993 5574 memori
1020 5522 1320 5594 quidquam
1350 5527 1583 5583 retinere
1615 5527 1801 5585 furore
1833 5550 1850 5598 ;

381 5599 523 5688 Quin
542 5596 765 5688 veniam
797 5604 978 5671 dictis,
1005 5609 1163 5666 factis
1190 5629 1413 5687 quoque
1443 5620 1621 5675 sancit
1645 5621 1695 5675 in
1714 5596 1914 5688 aevum,

376 5684 624 5740 Tradere
652 5683 882 5745 nefastis
909 5696 1128 5764 apicum
1160 5683 1230 5755 ne
1262 5683 1383 5760 luce
1416 5716 1738 5775 recurrant;

372 5779 463 5834 Sic
483 5776 702 5831 famosa
722 5778 907 5840 nitens
932 5788 1034 5843 sub
1065 5789 1249 5864 Cepha
1271 5800 1543 5857 amnestia
1574 5802 1802 5861 Romam

1119 384 1486 440 FLODOARDI
1529 382 1843 437 CANONICI
1883 379 2214 435 REMENSIS
2251 378 2589 436 OPUSCULA
2629 378 2939 435 METRICA.

2005 1841 2055 1908 Β

3607 383 3725 441 600

2010 517 2057 579 Α
2086 509 2275 578 Sedat,
2307 510 2585 565 Athenaeis
2613 510 2938 565 censoribus
2963 509 3113 566 edita
3139 512 3420 584 quondam
3452 530 3467 579 ;

2083 599 2276 666 Quam,
2307 600 2577 655 suadente
2610 599 2841 671 quidem
2900 600 3109 656 dudum
3148 601 3440 670 Cicerone,
3481 610 3722 657 senatus

2081 687 2336 744 Tentarat
2368 688 2587 760 populis
2613 688 2875 744 inducere
2904 688 3113 746 Caesare
3142 706 3321 757 caeso;

2081 779 2189 833 Sed
2220 786 2368 833 vetat
2396 778 2651 834 infaustis
2677 788 2840 834 utens
2864 780 3136 836 Antonius
3164 782 3352 849 armis,

2080 870 2259 927 Caesar
2276 880 2331 927 et
2355 875 2628 946 Augustus
2647 871 2834 928 furtivi
2866 872 3075 930 funeris
3106 874 3269 930 ultor.

2082 958 2339 1015 Claudius
2362 960 2505 1016 hanc
2534 961 2808 1017 adhibens
2831 963 3064 1032 Barjona
3093 964 3346 1036 principe
3384 965 3602 1032 Romae,

2082 1053 2190 1108 Etsi
2217 1069 2385 1108 causa
2415 1060 2565 1124 petat
2592 1054 2800 1110 trucior
2827 1071 2937 1127 quo
2967 1055 3185 1113 ferveat
3204 1058 3367 1124 ultor,

2082 1144 2289 1216 Sponte
2307 1151 2491 1199 tamen
2523 1145 2738 1200 facinus
2767 1145 2918 1202 nullo
2945 1157 3210 1217 poscente
3251 1149 3504 1205 remittit.

2154 1234 2397 1310 Contigit
2427 1235 2515 1291 hic
2546 1236 2697 1290 aliud
2725 1237 3024 1307 permirum
3058 1240 3324 1310 temporis
3349 1241 3515 1310 hujus

2082 1327 2272 1401 Regna
2293 1344 2493 1402 regens
2523 1329 2783 1400 praecelsa
2814 1330 2908 1385 Dei
2940 1331 3088 1402 quod
3113 1332 3489 1408 gratiagessit.

2084 1415 2361 1471 Dalmatiae
2390 1417 2585 1472 Furius
2615 1418 2830 1492 legatus
2864 1419 3074 1474 honore
3103 1421 3385 1489 Camillus,

2084 1505 2300 1560 Molitus
2320 1506 2479 1561 civile
2508 1506 2685 1573 nefas,
2717 1507 2785 1561 ad
2812 1523 2968 1561 sacra
2997 1516 3217 1563 vocarat

2083 1598 2287 1653 Militiae
2317 1599 2578 1653 mutanda
2604 1615 2802 1653 manus
2841 1599 3120 1672 fortesque
3168 1601 3461 1675 ferasque;

2082 1694 2418 1767 Signataque
2446 1694 2538 1748 die
2568 1711 2677 1765 qua
2707 1711 2797 1749 rex
2827 1702 3097 1751 statuatur
3112 1697 3181 1752 ab
3210 1700 3359 1753 omni

2082 1781 2292 1849 Militia,
2330 1783 2482 1837 nulla
2514 1790 2747 1853 possunt
2773 1783 2989 1839 ratione
3022 1787 3229 1849 moveri

2082 1875 2268 1948 Signa,
2304 1874 2455 1929 velut
2478 1873 2633 1929 firma
2664 1885 2820 1930 terra:
2854 1876 3039 1932 radice
3070 1878 3312 1951 ligentur
3343 1898 3358 1946 ;

2082 1964 2199 2018 Non
2222 1962 2400 2033 aptari
2432 1963 2652 2035 aquilae,
2679 1963 2878 2019 Christi
2906 1966 3108 2021 virtute
3136 1968 3396 2032 subactae,

2083 2053 2235 2108 Miles
2265 2060 2324 2108 ut
2345 2054 2463 2108 haec
2489 2068 2600 2108 non
2627 2054 2746 2109 visa
2777 2056 2929 2126 prius
2958 2057 3225 2114 miracula
3255 2061 3456 2128 cernit,

2086 2145 2325 2201 Paenitet
2352 2146 2582 2217 incmpti
2613 2162 2676 2203 ac
2700 2148 2881 2220 rigido
2912 2149 3039 2205 ferit
3063 2166 3195 2206 ense
3228 2160 3547 2223 tyrannum,

2086 2238 2406 2310 Militizeque
2439 2236 2603 2294 ﬁdem
2632 2247 2823 2296 censet
2845 2257 3065 2298 servare
3093 2244 3277 2314 priori

2089 2328 2149 2384 Et
2179 2330 2314 2401 quid
2346 2330 2610 2397 deterius,
2641 2332 2776 2403 quid
2794 2333 3165 2402 perniciosius
3186 2337 3333 2403 urbi,

2088 2419 2391 2475 Historicus
2416 2421 2667 2492 sequitur
2692 2438 2855 2493 quam
2878 2423 3025 2479 bella
3042 2424 3343 2483 domestica
3362 2429 3569 2491 Romae.

2090 2507 2210 2562 Rite
2242 2515 2408 2581 neget
2432 2525 2681 2580 pressum
2705 2520 2925 2567 teneros
2956 2512 3223 2571 divinitus
3256 2516 3402 2571 istud

2090 2602 2273 2673 Agnos
2290 2607 2597 2675 uttegeret,
2619 2602 2945 2659 fundamina
2976 2605 3132 2662 firma
3165 2608 3372 2665 locaret

2093 2694 2360 2758 Christus,
2391 2696 2495 2751 fixa
2527 2704 2709 2765 tuens,
2742 2699 2789 2753 si
2819 2700 2948 2755 talia
2976 2711 3132 2775 gesta
3159 2704 3377 2773 prioris,

2091 2788 2165 2842 De
2196 2790 2621 2859 compescendis
2647 2807 2891 2862 unquam
2918 2792 3175 2849 civilibus
3204 2797 3391 2863 armis,

2089 2879 2330 2945 Quilibet
2358 2883 2596 2952 exempli
2626 2883 2827 2953 poterit
2856 2885 3070 2940 ratione
3101 2887 3325 2955 docere,

2093 2975 2359 3039 Quattuor
2388 2978 2480 3033 hic
2509 2978 2671 3034 annis
2692 2986 2822 3035 tunc
2862 2981 3048 3051 praelia
3088 2991 3285 3039 cuncta
3314 2994 3549 3053 remota,

2095 3067 2332 3122 lnternis
2363 3067 2750 3136 Dominijussu
2781 3073 3137 3145 externisque
3164 3077 3474 3146 repressis;

2040 3213 2058 3233 ,
2089 3162 2222 3217 Tum
2254 3162 2475 3218 demum
2509 3164 2794 3235 princeps,
2820 3167 3131 3237 torpedinis
3157 3170 3272 3224 otia
3300 3179 3553 3242 questus,

2011 3215 2060 3280 Ο
2089 3254 2293 3318 Quzerit
2320 3215 2536 3326 ubiquer
2554 3215 2773 3321 mantis,
2803 3215 3007 3313 bellium
3028 3259 3180 3315 dolet
3198 3215 3334 3317 essel
3338 3217 3601 3336 negatu’m
3632 3283 3648 3319 :

2087 3342 2255 3416 Signa
2281 3341 2403 3396 sine
2442 3343 2598 3397 hoste
2621 3351 2838 3410 movet;
2874 3347 3065 3402 niveas
3086 3351 3406 3406 transmittit
3433 3362 3495 3407 ut
3533 3355 3729 3425 Alpes,

2088 3432 2291 3489 Gallica
2324 3450 2447 3488 rura
2461 3436 2648 3505 quieta
2680 3435 2898 3503 videns,
2933 3440 3231 3507 pertransit
3260 3442 3328 3496 ad
3360 3458 3573 3515 aequor,

2084 3526 2256 3582 Trans
2287 3544 2438 3583 mare
2462 3530 2809 3600 comperiens
2835 3533 3104 3603 quosdam
3138 3550 3386 3591 mussare
3417 3541 3727 3599 tumultus:

2090 3620 2362 3687 Permeat,
2390 3629 2554 3693 atque
2584 3622 2741 3678 lenes
2770 3624 3022 3694 reprimit
3047 3625 3169 3681 sine
3199 3629 3479 3703 sanguine
3493 3640 3687 3691 motus
3715 3657 3734 3699 ,-

2092 3713 2288 3785 Nilque
2314 3714 2495 3787 egisse
2523 3722 2741 3785 putans.
2777 3716 3083 3773 rimaturin
3114 3736 3337 3791 aequore
3368 3722 3414 3776 si
3447 3740 3589 3794 quas

2094 3801 2289 3857 Obviet
2318 3803 2548 3858 intactas
2581 3803 2828 3861 llomano
2859 3806 3110 3878 principe
3138 3814 3311 3864 terras
3344 3827 3357 3864 :

2095 3891 2349 3962 Quasque
2380 3892 2564 3947 subire
2597 3894 2762 3960 valet,
2787 3896 2955 3951 celeri
2976 3897 3187 3953 ditione
3204 3908 3443 3957 coercet.

2094 3982 2158 4036 At
2185 3998 2422 4053 propero
2443 3999 2697 4039 remeans
2726 4001 2910 4049 cursu,
2942 3996 3213 4060 sextoque
3244 4006 3542 4064 regressus

2098 4071 2281 4127 Mense
2301 4074 2501 4144 pedem
2532 4081 2821 4147 postquam
2842 4075 2973 4131 belli
3005 4079 3271 4148 quaesitor
3300 4082 3508 4151 apertis

2101 4162 2379 4218 Extulerat
2409 4164 2600 4234 portis,
2632 4165 2864 4221 reduces
2884 4167 3007 4223 sine
3023 4169 3180 4224 clade
3203 4170 3440 4234 Quirites

2100 4251 2349 4308 Admittit
2376 4253 2569 4321 caulis,
2603 4271 2742 4326 quas
2770 4256 3100 4312 Jordaueius
3120 4258 3283 4314 heros

2099 4343 2309 4398 Ablutis
2327 4342 2526 4398 ovibus
2558 4343 2681 4399 vitae
2701 4344 2795 4415 pia
2815 4346 3018 4416 pabula
3038 4348 3264 4418 praebet.

2101 4439 2353 4494 Gaudent
2372 4455 2505 4511 pace
2538 4440 2635 4510 pii,
2666 4441 2913 4514 gaudent
2931 4442 3201 4499 solamine
3232 4444 3412 4512 verbi,

2104 4530 2481 4606 Egregiusque
2496 4531 2667 4587 rudes
2694 4542 2852 4603 pater
2871 4534 3059 4589 erudit
3078 4550 3175 4591 ore
3205 4535 3455 4592 clientes.

2104 4626 2167 4682 Et
2196 4626 2319 4698 pius
2342 4634 2401 4682 ut
2437 4635 2627 4683 custos
2646 4629 2817 4684 crudo
2845 4629 3180 4686 defenditab
3209 4633 3368 4688 hoste
3401 4650 3416 4699 ;

2104 4720 2366 4776 Monstrat
2404 4728 2458 4775 et
2478 4728 2781 4794 expugnat,
2817 4722 3077 4794 propellit
3104 4723 3173 4779 ab
3190 4725 3647 4797 urbelatronem,

2104 4813 2279 4883 Atque
2301 4811 2466 4867 fidem
2486 4811 2703 4875 Christi,
2741 4814 2871 4868 dum
2912 4815 3171 4871 Claudius
3200 4816 3439 4888 imperat
3471 4821 3624 4888 orbi,

2105 4900 2206 4955 Ore
2233 4915 2425 4955 serens
2456 4917 2635 4967 sacro,
2668 4902 2845 4976 signis
2868 4903 3262 4959 comitantibus
3283 4916 3467 4980 auget.

2181 4995 2244 5048 At
2276 5004 2563 5067 postquam
2592 4997 2737 5067 turpi
2771 5007 3060 5053 cesserunt
3079 4999 3205 5069 jura
3226 5000 3451 5067 Neroni,

2109 5088 2306 5144 Audito
2336 5088 2601 5159 probrosa
2629 5089 2819 5146 Simon
2848 5108 3043 5149 curare
3074 5102 3390 5164 tyrannum,

2109 5181 2246 5235 Huic
2266 5198 2348 5247 se,
2378 5181 2580 5257 dignus
2608 5199 2675 5239 eo
2708 5190 2907 5248 tutore,
2942 5185 3229 5242 ultroneus
3247 5186 3429 5254 offert,

2105 5270 2349 5326 Moribus
2380 5273 2619 5347 egregiis
2646 5274 2951 5329 doctrinam
2973 5277 3210 5351 jungere
3234 5295 3527 5350 quaarens:

2107 5362 2288 5416 Nexus
2317 5361 2561 5417 amicitia
2590 5364 2833 5419 sociatur
2863 5366 3063 5422 lividus
3091 5378 3230 5435 atro,

2108 5450 2385 5505 Pessimus
2415 5448 2664 5519 infando,
2696 5454 2972 5510 scelerum
2994 5457 3293 5513 sceleratus
3307 5461 3519 5517 amico.

2107 5540 2313 5596 Crescit
2342 5557 2568 5598 enorme
2591 5543 2817 5611 malum,
2852 5544 3005 5600 diras
3033 5546 3258 5619 instigat
3282 5548 3338 5603 in
3374 5558 3528 5607 artes

2108 5632 2404 5688 Perversus
2434 5651 2693 5705 pravum,
2718 5635 2911 5705 probri
2930 5636 3007 5691 nil
3039 5643 3202 5692 restat
3224 5638 3494 5708 inactum,

2107 5718 2298 5775 Omnia
2328 5720 2553 5798 flagitiis
2576 5724 2822 5794 prudens
2850 5741 2943 5781 rex
2976 5732 3147 5782 tentat
3175 5728 3407 5798 apertis.

2105 5811 2196 5866 Sic
2223 5818 2376 5869 tanto
2403 5821 2689 5871 crescente
2720 5816 2886 5885 malo,
2920 5817 3119 5874 solatia
3147 5819 3345 5890 Cephze
