3890 6410
126 424 228 478 601
781 422 864 475 DE
903 421 1161 477 CHRISTI
1201 420 1561 476 TRIUMPHIS
1600 420 1772 474 APUD
1814 415 2081 474 lTALlAM
2123 416 2297 471 LIBRI
2338 415 2470 469 XIV.
2514 445 2573 454 —
2621 412 2743 466 LIB.
2789 413 2830 466 Ι.
3373 409 3478 464 602

123 548 387 604 Providct
412 547 776 618 Omnipotens
790 548 1047 602 comitem
1063 547 1371 621 fortemque
1385 547 1750 618 probumque,
1781 553 1828 616 Α
1856 541 2206 618 Naufragium
2239 539 2443 595 mentis
2469 537 2706 611 fugiunt,
2736 546 3069 608 portumque
3099 533 3474 604 prehendunt.

125 640 259 710 Ejus
289 641 345 693 in
375 639 642 694 auxilium
672 639 924 694 tribuens
953 640 1218 694 accedere
1249 640 1497 710 Paulum,
1855 631 2124 686 lrradiant
2154 629 2326 684 sancti
2360 629 2552 699 plebes
2583 645 2596 692 ;
2631 627 2845 682 fervore
2875 627 3120 680 calentes

124 733 228 797 Qui
271 733 399 787 licet
429 732 676 786 intentus
705 741 874 788 totum
905 732 1169 787 decorare
1198 733 1358 786 beata
1853 722 2115 777 Flaminis
2145 719 2365 776 almifici
2393 720 2610 773 valeant
2649 725 2708 772 ut
2747 718 2998 788 linquere
3024 721 3336 770 monstrant

130 823 386 876 Doctrina
412 821 702 886 mundum,
728 819 868 875 fines
894 821 1194 876 extendere
1215 821 1284 875 ad
1315 837 1491 893 usque
1853 819 2012 873 Vasta
2044 817 2414 880 tenebrarum,
2449 830 2749 885 verumque
2778 827 3082 886 agnoscere
3105 812 3316 875 lumen,

126 911 441 978 Terrarum,
471 920 762 982 postquam
785 927 815 965 a
843 911 1064 966 Solimis
1093 929 1266 983 usque
1300 913 1491 967 intima
1522 913 1663 968 ruris
1853 916 2025 985 Atque
2052 913 2251 967 animae
2275 912 2473 966 sordes
2513 910 2718 964 divinis
2759 924 2966 979 ponere
3009 908 3063 962 in
3097 907 3281 962 undis.

130 1004 332 1076 Illyrici
365 1005 534 1068 vicos,
568 1004 756 1070 urbes,
790 1004 1012 1058 castella
1043 1019 1362 1078 peragrans,
1854 1008 2132 1063 Exsultant
2163 1006 2351 1078 populi
2387 1005 2600 1061 cmlesti
2643 1003 2796 1059 fonte
2831 1002 3017 1076 rigari,
3075 1039 3090 1052 ς

126 1093 326 1148 Omnia
351 1091 620 1147 sanctifici
650 1093 888 1162 replerat
919 1093 1176 1166 dogmate
1217 1094 1395 1159 verbi,
1856 1101 2190 1174 Purgarique
2221 1104 2414 1168 petunt
2442 1097 2638 1152 animm
2669 1095 2922 1167 contagia
2951 1095 3094 1148 laisae
3127 1110 3140 1145 :

133 1185 335 1238 Visere
367 1183 714 1239 commodius
739 1183 1020 1237 dominam
1047 1183 1341 1238 deducitur
1368 1185 1554 1238 orbis:
1856 1192 2184 1247 mandandis
2217 1191 2408 1245 latices
2447 1205 2595 1243 saevo
2627 1188 2858 1243 custode
2889 1192 3180 1258 negantur,

131 1277 345 1344 Nempe
376 1272 462 1327 συί
487 1273 676 1326 mundi
711 1273 916 1343 ΡοΡυῙο
948 1272 1203 1346 ignorare
1232 1272 1423 1327 liceret
1861 1281 2094 1336 Solliciti
2118 1295 2379 1350 proceres
2418 1277 2724 1332 animarum
2759 1292 3009 1330 crescere
3034 1276 3204 1339 lucra,

134 1370 338 1422 Rerum
365 1366 678 1437 suscipiens
709 1366 903 1420 rectrix
925 1366 1072 1436 quod
1099 1366 1267 1420 Roma
1298 1366 1628 1436 probasset?
1863 1375 2064 1445 Regem
2107 1373 2334 1438 adeunt,
2365 1372 2618 1443 caeloque
2642 1387 2836 1442 preces
2865 1369 3151 1441 appellere
3185 1375 3398 1424 curant.

131 1455 504 1526 Concaptivus
536 1455 879 1508 Aristarchus
909 1453 1199 1508 comitatur
1225 1462 1449 1508 euntem
1864 1466 1927 1518 Αι
1958 1465 2223 1519 Dominus
2256 1463 2495 1534 lymphae
2525 1462 2777 1537 legisque
2819 1462 3110 1532 utriusque
3145 1460 3382 1516 tributor

134 1549 211 1600 Ac
238 1545 490 1599 medicus
518 1545 718 1609 carnis,
752 1543 954 1597 mentis
976 1543 1150 1616 magis
1174 1543 1582 1598 Antiochensis.
1865 1556 2130 1619 Christus,
2162 1563 2218 1610 ιιι
2237 1556 2492 1610 ostendat
2515 1571 2574 1609 se
2607 1553 2769 1624 prisci
2789 1553 2931 1622 juris
2962 1553 3268 1617 alumnum,

135 1638 228 1691 His
258 1635 476 1691 vehitur
505 1636 689 1691 socius
721 1652 818 1707 per
847 1652 1058 1690 summa
1091 1634 1344 1706 pericula
1374 1633 1592 1699 Paulus,
1865 1645 1964 1709 Qui
2006 1651 2283 1715 ρηεοεριει
2315 1644 2470 1698 dedit
2499 1644 2692 1714 Moysi,
2727 1649 3001 1714 praecepta
3029 1642 3250 1696 dedisse

130 1726 436 1780 Custodum
464 1741 526 1780 ac
549 1733 756 1791 custos,
779 1725 1066 1779 ductorum
1108 1723 1303 1777 ductor
1326 1724 1577 1778 habetur.
1870 1734 2124 1788 Ecclesue
2159 1732 2432 1796 Patribus,
2454 1733 2547 1804 qui
2579 1749 2758 1802 nuper
2795 1733 2848 1786 in
2883 1731 3034 1786 arida
3066 1731 3212 1786 ruris

135 1822 454 1893 Ingreditur
475 1821 695 1876 tandem
721 1821 969 1892 praecelsi
1003 1819 1262 1875 culminis
1292 1821 1507 1886 urbem,
1786 1874 1830 1896 η
1862 1823 2276 1877 ιίὺεηόὶῐυώξε
2305 1822 2574 1877 solamine
2600 1821 2767 1876 fontis
2791 1821 2996 1896 egenti,

133 1917 456 1970 Vinclorum
490 1925 687 1990 purgat
717 1916 981 1980 maculas,
1012 1922 1065 1970 et
1091 1915 1160 1968 ab
1191 1932 1285 1971 ore
1318 1916 1492 1970 leonis
1786 1874 1835 1940 Β
1864 1915 1935 1968 De
1971 1921 2123 1984 petra
2151 1914 2407 1984 produxit
2439 1929 2609 1985 aquas
2638 1874 2994 1984 queestiisqne
3023 1910 3276 1977 removit,

137 2006 402 2076 Eripitur,
438 2003 750 2076 Christique
782 2005 978 2059 iterum
1011 2005 1099 2076 pia
1131 2003 1276 2060 dona
1308 2010 1590 2077 pr0pagat.
1864 2004 2049 2057 Arenti
2082 2003 2170 2058 hic
2197 2005 2402 2074 populo
2425 2003 2659 2074 cmlique
2688 2003 2895 2057 ﬂuenta
2923 2002 3158 2071 petenti,

207 2099 270 2152 At
299 2097 462 2164 Nero,
481 2097 730 2152 doctrina
750 2105 1023 2153 saturatus
1051 2098 1408 2157 Samaritani.
1875 2098 1996 2152 Haec
2026 2114 2248 2170 quoque
2269 2114 2430 2169 posse
2457 2099 2627 2152 Deum
2648 2115 2758 2153 non
2787 2097 3172 2152 diffidentibus
3200 2095 3382 2161 almis,

132 2187 400 2255 Majorum
428 2186 632 2240 sensim
664 2187 934 2241 scelerum
969 2184 1312 2241 incrementa
1327 2186 1584 2241 subibat:
1875 2188 2076 2261 Largos
2102 2187 2333 2258 Tarpeia
2364 2187 2556 2242 latices
2589 2203 2617 2242 e
2653 2204 2790 2258 rupe
2833 2185 3136 2257 profundit,

134 2281 239 2345 Qui
271 2288 394 2351 post
426 2278 654 2333 infanda
681 2278 736 2332 in
767 2279 1023 2333 miseram
1042 2280 1331 2334 molimina
1360 2287 1610 2346 matrem,
1875 2279 2102 2353 lrrignis
2131 2280 2268 2332 dura
2298 2279 2565 2333 scatebris
2587 2278 2808 2333 incaute
2839 2278 3089 2348 repertis.

140 2373 531 2441 lncestumque
564 2369 649 2424 sui
679 2370 1020 2425 reticendum
1052 2387 1114 2425 ac
1152 2379 1339 2442 stupra
1370 2372 1599 2434 sororis,
1871 2369 2080 2424 Mirifici
2113 2370 2292 2443 gnatis
2321 2371 2509 2424 Patres
2543 2371 2632 2440 pia
2659 2370 2804 2424 dona
2836 2369 3174 2430 ministrant,

133 2465 266 2518 Post
295 2463 493 2517 Urbem
528 2462 835 2527 incensam,
866 2464 1184 2533 spectacula
1223 2463 1344 2516 laeta
1371 2462 1612 2532 tyranni,
1875 2467 2127 2535 Dumque
2160 2462 2524 2516 lavantundis
2557 2462 2744 2517 divino
2775 2476 3004 2515 munere
3029 2459 3151 2513 latis

138 2552 538 2623 llelliquiarum
569 2551 712 2623 ignis
745 2551 919 2604 diram
955 2551 1272 2622 fmdamque
1304 2551 1572 2621 rapinam,
1871 2558 2130 2624 Corpora,
2159 2551 2444 2608 sanctifico
2472 2561 2685 2607 mentes
2715 2553 3038 2625 purgamine
3060 2550 3356 2617 mundam,

136 2649 376 2718 Postque
398 2654 718 2701 senatorum
736 2646 1016 2720 jugulum,
1042 2645 1222 2716 spolia
1241 2645 1424 2716 ampla
1443 2655 1693 2711 senatus,
1873 2646 2133 2701 Flaminis
2159 2662 2222 2700 ac
2249 2645 2358 2699 divi
2390 2644 2628 2699 fecundo
2659 2645 2890 2718 pignore
2910 2644 3085 2698 ditant

135 2739 352 2792 Fenora
372 2745 496 2807 post
526 2736 744 2806 direpta
767 2736 896 2802 fori,
924 2744 1051 2807 post
1082 2737 1248 2790 funus
1278 2737 1552 2808 equestris
1870 2735 2120 2790 Abluitur
2159 2742 2288 2789 tunc
2316 2735 2611 2790 Processus
2642 2750 2764 2788 cum
2795 2732 3140 2796 Martiniano,

137 2830 386 2896 Ordinis,
417 2827 601 2883 affinis
627 2829 852 2882 multam
881 2829 1131 2900 sociique
1153 2827 1365 2882 cruoris
1872 2830 1970 2894 Qui
1995 2839 2365 2900 praeceptores
2393 2828 2651 2883 animaalli
2682 2831 2791 2892 (sic)
2821 2826 3091 2897 principis
3123 2823 3290 2879 undis

143 2918 367 2983 Fratris,
397 2933 696 2992 germana},
727 2917 913 2971 uxoris
940 2917 1268 2988 miseraeque
1301 2918 1566 2987 parentis,
1873 2919 2058 2974 Castra
2087 2926 2280 2990 petunt
2307 2919 2751 2989 contemplantes
2771 2917 3056 2979 miracula,
3089 2930 3324 2989 magnos

141 3009 295 3062 Hanc
325 3009 595 3061 scelerum
629 3006 830 3060 molem
863 3006 1154 3060 cumulans
1184 3023 1386 3080 augere
1405 3007 1624 3080 sategit,
1873 3011 1969 3065 Hic
1995 3027 2117 3082 qua:
2143 3027 2240 3080 per
2273 3026 2532 3081 proceres
2561 3009 2826 3065 Dominus
2858 3007 3153 3079 praestabat
3179 3005 3362 3068 Jesus,

139 3098 219 3151 Ac
250 3096 456 3164 majora
489 3105 704 3166 petens,
736 3095 1018 3149 ccelcstem
1055 3097 1462 3150 tbeomacbiam
1874 3096 2128 3152 lnﬂrmos
2157 3113 2378 3163 curans,
2405 3104 2458 3150 et
2488 3097 2757 3151 diemonis
2787 3112 2938 3149 arma
2973 3094 3338 3163 triumphans.

141 3187 475 3262 Aggreditur
505 3187 713 3257 primus
738 3186 920 3242 Romae
953 3202 1212 3241 exercere
1242 3188 1486 3242 cruentis
1874 3190 1936 3243 At
1967 3189 2112 3243 ferus
2134 3189 2432 3244 obstructis
2453 3188 2548 3258 qui
2581 3187 2824 3243 fontibus
2848 3187 3031 3257 ampla
3057 3185 3290 3256 putabat

143 3279 360 3332 Primus
389 3276 681 3347 suppliciis
713 3276 851 3331 inibi
883 3277 1199 3349 patriasque
1227 3294 1323 3348 per
1342 3294 1539 3332 omnes
1796 3257 1846 3320 (ἶ
1877 3283 2070 3338 Clausa
2097 3282 2301 3337 ﬂuenta
2329 3283 2442 3344 Dei,
2477 3282 2672 3336 ﬂuvios
2704 3282 3002 3352 procedere
3036 3281 3218 3354 largos

144 3369 481 3425 Excrucians
511 3376 730 3424 sanctos
763 3370 961 3423 Christi
991 3370 1196 3439 pietate
1230 3371 1488 3436 nitentes,
1878 3373 2255 3445 Comperiens,
2292 3382 2346 3428 et
2381 3389 2514 3428 oves
2544 3375 2766 3444 lympha
2795 3371 3040 3445 gaudere
3066 3371 3304 3438 salubri,

146 3460 586 3533 Cognomenque
621 3459 771 3529 pium
806 3459 1020 3514 Domini
1044 3460 1112 3513 de
1146 3461 1371 3515 nomine
1403 3467 1683 3532 sumptum
1881 3466 2091 3520 Invidia
2120 3476 2330 3521 cuncta:
2362 3465 2582 3521 fervens
2613 3465 2879 3522 bonitatis
2902 3477 2957 3520 et
2988 3465 3170 3520 omnis

145 3552 462 3623 Exstirpare
492 3569 690 3621 parans
726 3552 966 3623 penitus,
1001 3553 1352 3627 cognominis
1382 3553 1546 3622 hujus
1878 3556 2130 3623 Justiti-.2,
2163 3557 2310 3612 vitiis
2351 3571 2470 3627 quae
2503 3566 2721 3610 severat
2755 3555 3008 3626 improba
3037 3553 3172 3608 diris

149 3643 470 3712 ΡΓὶῐὶοίΡυοδ
500 3641 806 3695 “amarum
837 3641 939 3694 50b
970 3657 1188 3695 carcere
1208 3648 1389 3712 Pmres
1883 3653 2037 3706 Nasci
2074 3658 2260 3706 sancta
2290 3650 2506 3713 videns,
2541 3648 2714 3720 proba
2745 3663 2988 3720 surgere,
3025 3649 3201 3701 fausta
3229 3645 3439 3720 vigere,

145 3733 361 3800 Trudit,
393 3741 447 3788 et
477 3734 534 3787 in
569 3740 740 3788 totum
768 3733 972 3787 crudus
997 3740 1280 3806 grassatur
1310 3733 1476 3787 ovile.

1884 3748 2056 3816 Atque
2075 3745 2260 3799 calens
2291 3751 2406 3797 atro
2439 3741 2632 3796 faculis
2663 3741 2970 3794 Acheronte
3009 3739 3268 3808 perustis,

148 3827 384 3882 Lumina
413 3826 511 3880 scd
543 3827 667 3882 caeli
700 3825 1026 3881 licetabdita
1049 3842 1277 3897 corpore
1309 3825 1514 3890 sidant,
1889 3841 2141 3894 [nsomes
2174 3845 2411 3894 mactare
2438 3852 2637 3911 greges
2669 3841 2722 3890 ει
2751 3833 2958 3905 ubique
2979 3839 3230 3887 catervas

147 3921 270 3974 Non
305 3919 736 3974 valetaethereus
762 3921 1038 3988 compesci
1074 3934 1293 3973 carcere
1324 3917 1502 3988 fulgor
1532 3935 1544 3970 :

1887 3932 2142 3986 Sternere
2162 3931 2479 3996 bacchatur,
2513 3928 2672 3984 caedit
2701 3926 2824 3980 sine
2839 3925 3073 3979 crimine
3093 3924 3294 3990 justos.

148 4013 296 4077 Quin
324 4013 528 4082 pharus
556 4011 852 4085 undivagis
883 4011 1036 4065 littus
1058 4011 1149 4065 dat
1181 4017 1239 4064 ut
1273 4010 1400 4085 igne
1425 4008 1685 4063 Liburnis
1885 4021 2036 4076 Τιιηο
2065 4031 2278 4092 septem
2314 4029 2513 4091 quater
2543 4025 2596 4072 et
2626 4018 2801 4072 denos
2821 4023 3080 4085 expertus
3111 4012 3179 4066 ab
3212 4013 3370 4066 hoste

148 4102 525 4176 Splendificos
556 4102 783 4157 mittunt
831 4103 1036 4166 radios,
1071 4101 1408 4172 ductumque
1465 4099 1786 4154 ministrant
1888 4117 2118 4173 Ablmos
2146 4115 2444 4180 scelerum,
2477 4113 2736 4168 vit-mlum
2763 4110 3020 4181 pmduce
3052 4109 3236 4173 Petro,

154 4197 438 4252 Scandere
457 4211 555 4266 per
585 4195 804 4250 rabidas
834 4202 1052 4266 portum
1087 4193 1449 4249 tendentibus
1483 4193 1682 4260 undas,
1891 4208 1999 4262 Hos
2031 4205 2236 4277 parile,-
2257 4205 2415 4272 jubei
2444 4201 2662 4256 excindi
2710 4218 2723 4266 ;
2757 4198 3038 4254 confessio
3066 4213 3197 4252 vera

155 4285 415 4356 Undique
447 4301 556 4356 qua
582 4291 817 4339 cernunt
847 4283 1124 4355 placidum
1149 4282 1370 4336 rutilare
1393 4297 1713 4351 coruscum,
1893 4298 2040 4362 Quos
2071 4295 2253 4367 iunxit
2281 4294 2432 4361 ﬁdei,
2456 4294 2758 4362 junxerunt
2777 4292 2925 4346 dona
2952 4288 3177 4354 lavacri,

157 4376 570 4447 ApprOperant,
592 4373 889 4429 tenebrosa
929 4373 1028 4427 viri
1055 4371 1357 4444 penetralia
1389 4371 1687 4442 linquunt;
1893 4385 2137 4458 Μαι-ψιῆ
2169 4383 2400 4440 sociavit
2428 4383 2608 4438 honos
2638 4388 2692 4435 ει
2721 4377 2898 4452 gloria
2930 4377 3148 4449 palmae.

1680 4517 1887 4572 CAPUT
1927 4517 1994 4571 ll.

1522 4622 1601 4681 De
1640 4630 1846 4680 sancto
1897 4619 2155 4696 Torpete.

155 4741 351 4794 Clarus
380 4738 437 4792 in
467 4736 655 4792 officio
687 4735 961 4791 renitebat
1001 4737 1212 4791 honore
1241 4734 1455 4806 tyranni
1901 4729 2272 4806 Quadraginta
2304 4725 2506 4800 premit
2536 4743 2551 4790 ;
2595 4723 2767 4795 patris
2796 4729 2920 4794 post
2953 4721 3103 4777 filius
3131 4722 3277 4776 ultor

152 4830 388 4899 Torpes,
425 4842 590 4898 quem
623 4825 815 4880 docuit
844 4825 1031 4880 divina
1061 4825 1332 4879 Antonius
1365 4825 1550 4890 heros,
1899 4824 2100 4880 Victori
2142 4821 2347 4894 insigni
2377 4827 2650 4874 tormenta
2681 4816 2916 4872 rotantia
2937 4814 3114 4886 ponit,

159 4923 333 4977 Fonte
364 4936 590 4974 sacrans
616 4919 762 4982 divo,
796 4918 889 4990 qui
922 4919 1180 4993 dogmate
1215 4918 1504 4989 presbyter
1529 4918 1640 4972 oris
1898 4915 2225 4984 Moliturque
2249 4925 2465 4976 necem,
2490 4906 2778 4978 belvisque
2804 4903 3085 4959 ferocibus
3115 4900 3317 4956 offert:

162 5016 368 5068 Doctus
397 5011 709 5082 apostolici,
745 5011 1013 5065 Christum
1047 5011 1388 5065 memorabat
1419 5016 1627 5080 aperte.
1890 5011 2122 5065 Mitescit
2150 5009 2271 5063 sine
2302 5022 2457 5062 more
2486 5004 2656 5069 furor,
2685 5007 2932 5057 servatur
2960 4999 3167 5053 honore

160 5106 228 5157 At
259 5103 426 5167 Nero,
451 5100 770 5172 percipiens
798 5100 1088 5170 Torpetem
1121 5115 1275 5154 sacra
1305 5099 1545 5166 subisse,
1819 5133 1874 5200 D
1897 5104 2112 5169 Divino,
2141 5102 2532 5172 trepidantque
2563 5097 2688 5151 ferai
2721 5093 3044 5200 contingerre
3075 5089 3239 5189 dente

165 5192 388 5246 Addicit
429 5191 574 5245 lanio
603 5190 914 5264 cogendum
948 5191 1016 5244 ad
1047 5189 1175 5243 fana
1208 5189 1438 5260 profano
1473 5206 1486 5253 ;

1819 5179 1871 5200 ν
1900 5195 2072 5259 Quem
2091 5193 2356 5247 lacerarat
2383 5190 2546 5243 homo
2578 5183 2856 5240 crudelior
2884 5195 2980 5235 ore
2997 5179 3194 5234 ferino.

165 5286 420 5355 Cumque
450 5282 561 5336 fide
592 5281 736 5335 fixus
769 5283 890 5356 cogi
932 5282 998 5336 ad
1033 5283 1304 5336 scelerata
1335 5282 1610 5352 nequiret,
1906 5282 2075 5349 Hujus
2101 5281 2359 5334 virtutem
2392 5275 2698 5346 inspiciens
2721 5269 3110 5326 Evelliusunus

166 5375 421 5445 Praecipit
451 5375 618 5440 hunc,
650 5374 809 5444 alapa
825 5374 1128 5444 crepitante
1161 5373 1418 5427 satellitis
1448 5373 1640 5439 ictum,
1906 5371 2164 5429 Consiliis
2195 5370 2333 5424 dura
2358 5369 2628 5422 fautorum
2661 5363 2783 5435 lege
2813 5358 3066 5425 Neronis,

164 5463 336 5519 Morte
360 5463 552 5518 furens
591 5463 788 5517 vinciri
812 5463 932 5518 altae
967 5472 1245 5535 vastaeque
1276 5463 1572 5529 columnae,
1906 5461 2078 5516 Corde
2107 5458 2272 5513 fidem
2305 5453 2499 5511 Christi
2539 5452 2708 5523 capit,
2732 5467 2796 5506 ac
2821 5447 3155 5520 baptismate
3185 5446 3348 5514 lotus,

163 5552 542 5624 Verberisque
583 5552 752 5626 agitat
786 5552 994 5607 crebris
1024 5570 1038 5619 ;
1069 5553 1199 5606 dum
1230 5567 1461 5622 corpore
1490 5550 1660 5626 guttis
1905 5549 2064 5605 Lucis
2103 5549 2315 5602 honore
2339 5549 2634 5600 coronatur
2664 5554 2776 5595 non
2810 5546 3060 5608 tempore
3087 5535 3274 5610 longo.

164 5650 399 5705 Elicitur
421 5650 674 5722 sanguis,
709 5657 911 5704 terram
943 5648 1127 5720 pluvia
1158 5649 1381 5704 horrida
1415 5648 1575 5723 tingit
1607 5665 1622 5712 ;
1907 5642 2032 5697 Post
2060 5641 2244 5696 Romae
2275 5637 2474 5693 coelum
2507 5632 2688 5706 pretio
2709 5630 2948 5723 cervicis
2965 5628 3200 5723 adeptus

167 5741 398 5812 Expavit
418 5719 647 5796 crudele
678 5741 854 5804 nefas,
885 5719 1181 5812 subitoque
1221 5740 1476 5794 columna
1502 5719 1524 5723 ν
1905 5735 1982 5787 Ad
2005 5739 2250 5788 sanctum
2277 5727 2492 5784 Domini
2515 5725 2806 5796 Torpetem
2821 5720 3023 5812 Silvius
3049 5719 3237 5775 urbem

169 5809 471 5887 Censorem
501 5845 678 5885 szevos
711 5829 915 5900 pariter
946 5809 1171 5902 delapsa
1198 5829 1415 5885 sodales
1902 5823 2056 5878 Extra
2087 5821 2336 5875 Pisanam
2368 5815 2516 5881 duci,
2549 5813 2722 5887 patris
2751 5811 2960 5882 impius
2986 5809 3181 5873 haeres,
