3890 6432
352 386 458 440 603
1122 384 1492 440 FLOZiOARDl
1535 385 1837 441 CANONICI
1883 387 2216 443 REMENSIS
2256 385 2595 442 OPUSCUIA
2636 384 2956 439 METRICA.
3616 389 3734 444 604

357 513 601 586 Detegat,
627 512 858 584 diroque
885 513 1041 581 jubet
1068 527 1331 567 mucrone
1361 513 1510 566 feriri
1546 531 1558 564 :
2009 500 2267 587 A'lncola
2294 529 2420 570 mox
2451 529 2692 585 superae,
2727 511 3004 568 Celeninae
3032 513 3288 584 praecipit
3311 521 3481 586 atque

359 604 598 659 Exsultat
627 612 830 676 martyr
853 606 1048 680 jugulo
1074 606 1380 676 sumpsisse
1409 621 1690 662 coronam.
2084 604 2331 675 Martyris
2362 603 2604 674 inquirat
2624 602 2715 672 pia
2743 601 3015 668 membra,
3040 603 3294 675 levetque
3325 605 3613 676 locetque.

353 694 610 747 Sanctum
636 693 794 747 lictor
819 701 969 748 atrox
997 709 1198 763 corpus
1226 694 1566 765 scelerisque
1599 694 1837 749 ministri
2083 695 2234 761 Quod
2267 695 2433 750 celeri
2457 695 2766 749 accelerare
2797 693 2982 748 studet
3013 695 3266 750 Celerina
3294 698 3558 768 sequela,

356 787 628 841 Naviculre
662 787 936 855 injiciunt,
979 788 1125 842 carie
1157 796 1323 858 atque
1349 788 1596 842 teredine
1629 787 1790 852 tritae,
2084 787 2379 861 Sarcofago
2411 788 2626 842 dedens
2659 803 2862 858 corpus
2891 787 3213 842 venerabile
3244 789 3476 850 mundo,

356 880 485 934 Cum
515 897 651 935 cane
686 880 991 951 parricidali
1020 897 1259 952 cumque
1283 883 1410 936 alite
1435 882 1632 936 dantes
2083 877 2482 947 Basilicamque
2502 891 2674 946 super
2701 874 2849 930 cultu
2880 875 3164 944 componit
3189 891 3432 932 amoeno.

355 972 708 1045 Mergendum
741 973 915 1043 rapidi
948 972 1148 1026 vitreas
1179 973 1281 1027 sub
1313 973 1560 1028 fluminis
1591 973 1789 1028 undas.
2082 965 2231 1020 Felix
2264 964 2512 1019 Nuceriae
2543 964 2707 1018 simul
2739 979 2803 1018 ac
2836 962 3152 1018 Constantia
3180 965 3326 1034 passi

361 1065 618 1120 Matronae
640 1064 768 1120 fidei
799 1066 1131 1120 venerandae
1159 1065 1398 1121 mittitur
1426 1066 1567 1122 θυιτρ
2079 1058 2252 1122 Tunc,
2282 1071 2386 1110 nec
2414 1071 2526 1110 non
2558 1054 2726 1110 variis
2755 1071 2921 1126 quam
2939 1054 3096 1110 multi
3119 1055 3370 1126 partibus
3401 1056 3583 1121 orbis,

1857 1185 2068 1242 CAPUT
2109 1182 2199 1238 lll.

1363 1291 1440 1349 De
1465 1291 1744 1367 passione
1770 1288 2174 1366 apostolorum
2210 1283 2377 1342 Petri
2406 1289 2458 1341 et
2492 1278 2698 1340 Pauli.

357 1402 608 1457 Pluribus
627 1403 882 1457 admissis
920 1403 1185 1459 caelorum
1211 1404 1279 1458 ad
1319 1403 1520 1478 gaudia
1549 1403 1776 1467 sanctis,
2074 1397 2297 1452 Ducitur
2325 1395 2393 1451 ad
2435 1410 2688 1468 regnum,
2732 1401 3022 1465 postquam
3089 1393 3472 1468 Phlegetontis
3515 1395 3572 1448 in
3613 1396 3727 1448 ima

351 1491 788 1565 Agminibusque
818 1493 974 1563 sequi
1000 1494 1112 1561 jam
1153 1493 1305 1568 regia
1319 1493 1478 1566 signa
1506 1493 1732 1564 paratis,
2075 1491 2352 1545 Devictum
2381 1488 2598 1560 penitus
2631 1486 2789 1541 terris
2821 1484 3091 1557 furtisque
3125 1486 3431 1541 minantem

353 1584 554 1640 Castris
581 1586 957 1656 dispositis.et
977 1587 1201 1642 vincere
1224 1586 1370 1642 bella
1392 1587 1568 1641 suetis
1596 1607 1612 1652 ;
2074 1584 2230 1647 Aera,
2267 1578 2536 1634 tentando
2566 1577 2787 1644 coelum,
2817 1577 2986 1632 corda
3011 1577 3358 1643 illicientem,

355 1675 543 1728 Prtelia
574 1685 696 1745 post
730 1675 912 1729 valido
942 1676 1146 1745 passim
1175 1683 1383 1730 certata
1415 1675 1605 1729 labore
1631 1694 1647 1739 ;
2073 1672 2234 1727 Tritis
2263 1671 2481 1725 allisum
2507 1668 2772 1724 membris
2798 1668 3082 1737 dejecerat
3104 1669 3345 1728 hostem,

355 1765 478 1818 Post
511 1763 597 1833 pia
619 1763 859 1818 victricis
889 1764 1182 1836 dignreque
1208 1764 1445 1836 insignia
1488 1764 1680 1834 palmae
1723 1783 1738 1828 ;
2075 1766 2202 1829 Quae
2226 1762 2482 1833 precibus
2514 1769 2770 1816 sternens
2796 1760 3147 1831 genibusque
3176 1759 3233 1813 in
3263 1774 3542 1814 marmore
3569 1758 3726 1821 fixis,

356 1857 481 1910 Post
509 1857 760 1926 populos,
791 1856 974 1920 urbes,
1004 1865 1197 1928 gentes
1227 1863 1280 1910 et
1311 1873 1480 1930 regna
1511 1857 1757 1920 subacta,
2074 1852 2287 1906 zEthere
2310 1850 2530 1920 dejecit,
2564 1849 3004 1919 lapidisignatur
3033 1847 3243 1903 adactae

358 1949 480 2001 Post
505 1949 638 2020 juga
679 1947 949 2002 nobilium
973 1948 1284 2003 cervicibus
1315 1949 1501 2002 addita
1524 1949 1688 2019 Regis
2071 1944 2224 1997 Nunc
2253 1943 2416 1997 etiam
2447 1942 2646 2012 patulae
2675 1942 2835 1994 Petro
2867 1940 3161 1995 incubanle
3194 1955 3445 1993 caverna:

357 2038 615 2106 (Etherei,
660 2039 767 2092 Rex
801 2039 918 2109 ipse
952 2040 1124 2093 duces
1153 2039 1218 2093 ad
1243 2047 1460 2110 sceptra
1491 2039 1742 2104 vocabat,
2075 2033 2202 2097 Quae
2237 2031 2420 2101 pluvia
2446 2030 2683 2101 oppleta:
2717 2035 2900 2100 pestes
2926 2027 3294 2082 medicamine
3331 2029 3572 2097 pellunt,

359 2133 659 2204 Debitaque
681 2134 945 2187 audacem
975 2134 1265 2203 pressabat
1298 2149 1459 2203 pcena
1489 2142 1805 2203 tyrannum.
2077 2124 2442 2194 Jucundoque
2473 2122 2635 2194 aegris
2663 2121 2794 2175 dant
2824 2135 3054 2174 munera
3090 2119 3304 2174 roboris
3343 2119 3566 2172 haustu.

360 2225 688 2278 Mandantur
715 2225 900 2279 Patres
939 2225 1215 2298 ergastula
1243 2225 1496 2296 linquere
1530 2225 1755 2280 tandem
2150 2216 2420 2270 Christum
2456 2223 2630 2268 morte
2656 2221 2948 2267 secuturus
2974 2211 3105 2264 dum
3138 2209 3363 2265 ducitur
3395 2209 3587 2274 heros,

353 2313 632 2382 Jussuque
657 2313 930 2367 immerito
964 2312 1181 2367 funesta
1212 2313 1277 2366 ad
1311 2312 1514 2366 muenia
1542 2311 1688 2377 duci,
2080 2311 2349 2366 Exsiliens
2379 2310 2564 2364 animo
2595 2307 2885 2382 indignum
2919 2312 3150 2360 testatur
3177 2304 3375 2360 eodem

354 2404 560 2458 Titanis
588 2405 778 2458 novies
797 2405 926 2459 dum
951 2405 1062 2472 jam
1099 2406 1412 2475 repleverat
1445 2403 1637 2459 orbem
2079 2401 2147 2454 Se
2174 2399 2460 2454 sublimari
2493 2397 2757 2451 Dominus
2789 2411 2896 2467 quo
2927 2411 3121 2466 passus
3153 2394 3384 2459 honore,

355 2495 565 2548 Limina
594 2493 822 2548 Paulino
856 2501 1146 2565 postquam
1179 2500 1433 2548 servante
1462 2493 1782 2548 manebant.
2079 2494 2178 2560 Qui
2210 2495 2349 2549 cmlo
2370 2492 2672 2548 adveniens
2700 2499 2898 2544 cuncta
2924 2489 2990 2542 ad
3021 2488 3269 2543 etelestia
3302 2487 3494 2551 traxit,

357 2586 624 2641 Custodes
663 2585 845 2656 igitur.
875 2585 1006 2639 visis
1032 2586 1123 2655 qui
1159 2595 1383 2655 pectora
1406 2584 1560 2638 miris
2011 2612 2056 2677 Β
2079 2590 2257 2658 Seque
2298 2587 2418 2640 solo
2447 2585 2695 2659 genitum
2729 2591 3010 2636 terrenum
3037 2580 3195 2634 finxit
3225 2581 3548 2644 alumnum;

358 2679 570 2732 Sancta:
609 2677 970 2731 subdiderant
997 2676 1147 2738 fidei,
1190 2677 1486 2747 cunctique
1513 2675 1733 2730 sodales
2012 2671 2048 2677 ’⁷
2083 2679 2220 2732 Crux
2250 2695 2350 2732 sua
2380 2684 2718 2748 quapropter
2737 2673 2988 2743 eaputad
3023 2671 3306 2726 terrestria
3327 2680 3537 2744 vergat,

359 2766 644 2837 Magniﬁco
663 2765 794 2818 Vilet
824 2771 1144 2837 suggestant
1184 2764 1379 2818 funera
1418 2765 1597 2825 PCtI‘O.
2085 2769 2144 2823 Et
2172 2786 2230 2822 se
2262 2774 2580 2822 terrestrem
2611 2765 2826 2825 doceat,
2847 2762 3164 2832 malumque
3198 2760 3501 2830 petendum

357 2857 538 2925 Seque
569 2855 681 2907 suis
702 2860 883 2907 servet
911 2860 1124 2917 cautus,
1149 2853 1399 2922 liberque
1431 2852 1667 2905 recedat.
2085 2855 2234 2910 Haud
2270 2855 2427 2908 aliter
2445 2853 2500 2906 ni
2546 2852 2796 2920 subjecta
2825 2850 3064 2914 cervice,
3101 2848 3334 2902 revelet.

359 2945 679 3018 Adjungunt
705 2944 960 3014 precibus
995 2943 1280 3013 lacrymaS,
1317 2942 1538 3013 labique
1567 2951 1875 3014 queruntur
2085 2952 2195 3005 Nec
2225 2965 2374 3005 mora
2413 2959 2636 3022 gyralur
2666 2946 2844 3000 crucis
2874 2961 2904 2999 a
2933 2944 3127 2997 lictore
3167 2942 3502 3012 triumphus,

361 3037 528 3092 Morte
561 3035 732 3106 patris
759 3043 976 3109 gnatos,
1010 3035 1086 3088 illi
1125 3042 1343 3105 pastore
1374 3041 1660 3105 perempto
2086 3041 2461 3111 Figunturque
2489 3038 2659 3108 pedes
2684 3051 2871 3106 supra,
2899 3035 3123 3088 caeleste
3156 3040 3408 3102 petentes

361 3128 717 3201 Dispergique
747 3143 964 3199 greges,
998 3133 1052 3181 et
1084 3127 1226 3181 ovile
1261 3126 1536 3181 facessere
1569 3125 1761 3181 fundo.
2086 3132 2242 3186 Lucis
2270 3131 2391 3195 iter,
2427 3129 2732 3198 palmaeque
2762 3125 2930 3178 imum
2966 3131 3236 3194 terrasque
3261 3121 3576 3192 propinQUa

362 3216 605 3271 Fletibus
623 3216 707 3269 his
729 3216 904 3270 victus
936 3216 1184 3270 clemens
1223 3215 1525 3269 inflectitur
1555 3215 1714 3281 altor,

2084 3222 2388 3292 Complexze
2412 3229 2632 3274 terrena
2663 3217 2851 3290 legunt
2891 3230 3060 3285 super
3091 3222 3237 3268 astra
3278 3211 3527 3266 ferenda.

361 3307 533 3374 Cedit,
568 3317 621 3362 el
653 3307 915 3381 effugium
942 3314 1113 3360 ιοηιᾶι
1139 3306 1344 3376 pietate
1372 3313 1631 3368 coactus;
2088 3318 2394 3388 Alloquitur
2415 3317 2484 3369 de
2515 3313 2792 3385 supplicio
2826 3311 3031 3366 circum
3065 3309 3285 3382 agmina
3315 3307 3454 3372 fusa,

357 3400 588 3470 Jamque
627 3399 825 3469 pedem
859 3403 1026 3452 noctu
1054 3397 1266 3453 foribus
1287 3397 1574 3470 digressus
1603 3396 1808 3467 apertis
2090 3406 2370 3460 Flentibus
2397 3411 2449 3457 et
2473 3402 2686 3458 cunctis
2714 3399 2903 3454 hilaris
2931 3398 3140 3452 solatur
3169 3397 3422 3461 anhelos,

362 3491 656 3555 Extulerat,
688 3490 1077 3561 Christumque
1106 3498 1268 3544 tuens
1296 3505 1585 3544 occurrere
1618 3500 1809 3544 contra
2086 3497 2544 3568 Tranquillusun
2576 3502 2731 3549 vocat
2763 3492 2946 3546 divina
2980 3490 3045 3544 ad
3079 3489 3276 3562 gaudia
3306 3489 3513 3553 tristes,

363 3580 630 3644 lntremit,
660 3589 826 3650 atque
852 3581 1098 3633 animum
1139 3595 1404 3633 revocans
1430 3579 1502 3632 ita
1535 3578 1678 3632 fatur
1698 3579 1937 3632 adorans
1971 3596 1982 3631 :
2092 3587 2435 3656 eximiasque
2467 3583 2630 3637 refert
2671 3581 2883 3634 Christo
2913 3595 3007 3651 pro
3040 3593 3267 3632 munere
3297 3575 3474 3647 plebis

366 3692 386 3719 ι
420 3671 556 3736 QUO.
584 3671 836 3736 nomine,
870 3670 1111 3725 intendis
1135 3669 1163 3723 ?
1193 3701 1262 3709 —
1293 3668 1566 3745 Cruciﬁgi,
1619 3669 1817 3740 inquit,
1846 3678 1980 3739 peto
2083 3678 2294 3742 Grates,
2326 3671 2784 3730 cuicommendat
2805 3685 2937 3724 oves
2965 3668 3069 3722 sibi
3092 3674 3216 3721 vota
3237 3665 3481 3720 ferentes
3515 3683 3532 3726 ;

1636 3759 1904 3829 [Romam
2087 3766 2327 3821 Exorans
2357 3763 2492 3833 ipsis
2532 3776 2698 3831 super
2718 3760 2921 3814 aethera
2951 3773 3154 3830 pascua
3183 3756 3372 3820 donet,

359 3848 687 3915 -Ριυΐειιε,
747 3849 842 3914 ait,
899 3847 1107 3919 Paliel‘e
1153 3848 1333 3903 CFUCiS
1383 3854 1677 3913 ῑοΠηθηίει,
1737 3847 1978 3901 Redem'
2084 3863 2234 3916 Tunc
2266 3862 2408 3915 inter
2429 3859 2670 3914 monitus
2697 3857 2954 3928 interque
2979 3852 3234 3908 aﬂ‘amina
3259 3851 3403 3914 vitae,

1742 3936 1908 4006 [Ρῐοῐκ
2005 3979 2054 4043 C
2089 3953 2235 4006 Inter
2265 3958 2389 4004 vota
2420 3961 2744 4017 precesque,
2779 3944 3035 4014 interque
3064 3940 3314 4012 piissima
3339 3938 3533 3998 verba,

361 4061 428 4070 —
456 4029 682 4097 Rursus,
711 4049 741 4079 io
769 4028 954 4098 atille,
986 4028 1097 4101 poli
1128 4036 1388 4099 repetens
1418 4033 1592 4097 super’
1626 4028 1836 4082 aethera
1891 4046 1897 4081 :

1891 4044 1981 4082 59'
2005 4020 2054 4043 υ
2090 4048 2358 4101 lntentam
2391 4043 2547 4099 caelis
2574 4043 2813 4097 animam
2847 4040 2914 4094 ad
2946 4037 3188 4094 caelestia
3215 4034 3395 4089 mittit.

1747 4115 1912 4186 [dem'
2091 4136 2351 4209 Discipuli
2384 4137 2644 4207 civesque
2673 4134 2769 4206 pii,
2804 4133 3089 4202 sanctique
3129 4127 3389 4192 ministri,

2089 4230 2370 4300 Praecipue
2398 4227 2708 4290 Marcellus,
2743 4225 2793 4280 ei
2825 4224 2918 4296 qui
2949 4223 3091 4278 fidus
3120 4220 3404 4285 alumnus,

2088 4326 2163 4379 De
2193 4339 2354 4378 cruce
2386 4321 2641 4392 deposito
2674 4318 2891 4390 pietatis
2921 4313 3112 4369 munia
3133 4311 3302 4376 sufﬁt,

2086 4413 2309 4468 Ordinat
2330 4410 2642 4482 exsequias,
2663 4415 2716 4462 et
2747 4408 2982 4461 honorat
3020 4410 3264 4458 aromate
3299 4399 3493 4454 multo.

358 4209 449 4264 Sic
477 4209 654 4264 oculis
682 4207 872 4263 senior
896 4206 1087 4260 mundi
1117 4207 1171 4260 in
1205 4205 1442 4280 caligine
1471 4205 1594 4260 fixis

359 4301 590 4375 Pellegit
616 4316 811 4355 aereas
840 4299 1042 4353 animis
1063 4297 1409 4352 sectantibus
1439 4314 1624 4358 auras,

360 4392 533 4461 Atque
563 4390 742 4444 alacer
786 4404 974 4442 versus
1027 4404 1040 4440 :
1103 4409 1122 4434 ι
1177 4386 1408 4457 Sequar,
1467 4385 1668 4457 inquit,
1719 4392 1793 4450 te,
1837 4386 1982 4441 bone

1649 4476 1855 4547 [PaSlor
1887 4503 1911 4523 ”
2088 4505 2274 4574 Regna
2304 4476 2714 4571 Trium-phantis
2746 4495 2938 4550 mundi
2972 4493 3132 4548 simul
3165 4489 3352 4546 omnia
3383 4490 3563 4544 Patris

363 4575 713 4649 “egreditur,
747 4581 928 4629 πιπτει
949 4573 1200 4647 gandcns
1231 4588 1295 4626 ex
1325 4571 1520 4627 Ordine
1551 4582 1748 4626 cuneta
1787 4589 1799 4624 ³
2087 4571 2333 4645 Membra
2363 4588 2753 4658 triumphalem
2780 4587 2934 4654 juxta
2958 4580 3302 4636 sanctissima
3333 4577 3534 4632 callem

361 4668 577 4722 Solatur
604 4666 821 4730 socios;
854 4666 1068 4720 cunctis
1096 4663 1506 4736 plangentibus,
1533 4678 1676 4716 unus
2089 4687 2145 4740 ιη
2177 4685 2437 4740 Vaticano
2469 4681 2677 4737 celebri
2707 4680 3042 4736 tumulantur
3073 4677 3306 4730 honore_

364 4759 628 4825 Exsultat,
659 4757 890 4813 comites
917 4772 1175 4811 recreans
1195 4755 1472 4810 solamine
1493 4753 1668 4820 verbi,
2156 4776 2220 4828 Αι
2252 4771 2582 4842 gem-amnes
2612 4770 2822 4833 doctor,
2863 4767 2971 4820 dux
3003 4774 3166 4835 atque
3195 4761 3481 4835 magister,

364 4852 535 4924 Inque
577 4850 683 4906 ﬁde
724 4850 921 4905 Chrisu
952 4849 1131 4903 valido
1156 4847 1459 4902 munimine
1495 4845 1690 4900 ﬁrmat-
2089 4864 2380 4933 Postquam
2409 4875 2721 4915 sermonem
2749 4856 2880 4910 fidei
2913 4859 3257 4924 resperserat
3290 4849 3404 4904 oris

365 4946 614 5016 Dumque
645 4944 753 5015 piis
784 4943 908 5014 pius
931 4949 985 4997 et
1015 4949 1202 5012 pastor
1227 4941 1316 5011 pia
1344 4940 1547 5011 pabula
1579 4939 1806 5010 praebet,

2094 4968 2294 5030 Largus
2323 4954 2377 5008 in
2409 4951 2681 5017 Occiduis,
2715 4949 2966 5003 doctrina
2996 4946 3216 5000 Oriente
3259 4941 3500 5013 repleto,

366 5034 430 5088 Et
449 5033 636 5088 medio
667 5031 878 5102 rapitur
907 5031 1167 5086 comitum
1185 5029 1409 5104 lugente
1439 5036 1678 5092 caterva,
2089 5029 2274 5100 puum
2305 5041 2532 5098 infando
2546 5056 2687 5095 caesa
2726 5035 3185 5104 cervicejubctur

369 5127 621 5183 Etnimio
660 5127 865 5200 gemitu
884 5125 1066 5182 cordis
1094 5131 1325 5180 testante
1365 5124 1636 5186 dolorem,

2086 5135 2127 5188 A
2157 5134 2303 5188 lanio
2335 5150 2348 5197 ;
2383 5131 2747 5202 praehensque
2777 5133 2939 5197 caput
2967 5141 3064 5196 pro
3095 5122 3324 5177 numine
3357 5120 3528 5190 regis,

366 5215 570 5288 Viginti
601 5231 722 5269 cum
741 5215 986 5286 quinque
1009 5214 1125 5288 regi
1157 5213 1249 5285 qui
1282 5213 1528 5285 regmine
1559 5211 1692 5266 tanti

2088 5225 2404 5296 Militizeque
2444 5223 2577 5277 viris
2607 5235 2796 5275 secum
2829 5217 3005 5272 tribus
3034 5214 3227 5269 ultima
3256 5211 3457 5282 passis,

370 5303 550 5358 GaViSi
571 5303 786 5359 fueram
814 5305 986 5359 PalI‘iS
1017 5304 1252 5358 ἴοιίοίῑθῑ·
1283 5303 1473 5368 annis»
2008 5362 2058 5383 η
2089 5315 2246 5371 Orbis
2268 5316 2321 5369 in
2349 5330 2472 5369 arce
2503 5313 2592 5383 pio
2624 5327 2724 5382 pro
2761 5308 2964 5363 lumine
2989 5305 3216 5360 creditur
3241 5300 3421 5365 orbis,

1453 5362 1460 5368 ι
2093 5362 2470 5371 mm--."
2543 5362 2586 5367 _-
2627 5362 2716 5382 Γ--
2791 5362 2796 5363 ,

368 5391 612 5462 Cogitur,
638 5392 920 5461 arguitur;
946 5401 1128 5447 manet
1168 5392 1564 5462 insutierabilis
1594 5391 1704 5457 ille,
2007 5362 2060 5429 D
2089 5408 2278 5462 Fel-lu.-
2299 5407 2348 5462 εί
2379 5362 2574 5480 jugurto
2607 5403 2689 5456 lac
2717 5414 3004 5455 emanasse
3045 5395 3245 5458 reciso,

368 5479 428 5533 Et
458 5476 637 5532 crucis
667 5479 875 5532 extollit
906 5489 1168 5549 praestans
1210 5481 1470 5534 immotus
1502 5480 1765 5534 honorem
2087 5497 2352 5551 Nimirum
2387 5476 2514 5548 ﬁdei
2545 5493 2640 5564 qui
2663 5492 2802 5545 tacte
2830 5487 3128 5543 nutriverat
3159 5497 3354 5557 agnos.

365 5566 636 5652 Omnibus
667 5567 937 5636 impulsus
967 5571 1154 5625 flabris
1178 5583 1238 5626 ut
1266 5579 1474 5642 perstat
1498 5572 1781 5642 Olympus,
2089 5586 2310 5642 Emerui
2339 5598 2555 5638 summo
2587 5594 2846 5652 proceres
2874 5579 2942 5630 de
2963 5573 3204 5630 culmine
3235 5569 3430 5625 mundi

363 5651 712 5724 SUPPliCium
741 5656 916 5709 οῐύοίε
944 5657 1181 5712 ίῐὶνίοῐυδ
1213 5659 1446 5714 ῐοιθτᾶτθ
1471 5659 1699 5726 inbelu“
2087 5679 2329 5733 Sidereae
2365 5676 2570 5747 pariter
2589 5651 2870 5728 tolluntur
2896 5669 2952 5722 in
2977 5667 3146 5721 ardua
3167 5663 3338 5728 sedis,

366 5748 660 5813 Princeps,
691 5750 974 5818 tantopere
994 5749 1153 5818 cujus
1175 5752 1527 5807 commendat
1546 5753 1813 5808 honorem
2090 5774 2151 5828 Ει
2180 5775 2382 5846 Regem
2400 5769 2578 5841 spolia
2607 5775 2733 5823 ante
2762 5781 2923 5821 suum
2942 5761 3184 5834 pretiosa
3202 5764 3508 5828 reportant.
