3890 6396
164 378 275 432 605
814 377 896 430 DE
933 377 1190 433 CHRISTI
1232 378 1596 432 THIUMPHIS
1636 379 1807 433 APUD
1849 380 2115 434 ITALIAM
2158 382 2331 436 LIBRI
2373 383 2504 438 XVI.
2545 413 2612 422 —
2654 383 2757 436 LIB
2823 385 2861 436 ι.
3403 388 3512 442 606

166 507 205 558 A
241 518 352 574 quo
380 502 640 573 perpetui
672 501 841 556 fastus
863 503 1105 577 insignia
1127 512 1366 574 captant.

163 597 421 650 Traditur
457 596 566 651 an
605 597 872 666 quosdam
905 585 1363 671 regione’pctisse

164 687 464 741 Ausoniam
496 685 750 752 comites,
781 687 1106 740 charissima
1145 687 1392 741 membra
1424 689 1649 755 referre,

167 783 231 836 Et
262 798 447 836 curam
481 780 722 851 propriis
751 780 1020 834 adhibere
1052 781 1347 836 tribulibus
1376 791 1578 852 aptam.

167 875 393 929 Munera
424 882 707 943 captantes
732 872 848 927 fere
878 889 978 942 per
1002 873 1112 927 duo
1141 873 1310 927 millia
1339 881 1576 944 raptant,

165 965 408 1028 Quorum
436 978 604 1017 ausus
642 960 1092 1016 Catacumbarum
1114 962 1216 1016 sub
1247 963 1385 1016 calle
1418 963 1683 1029 relidens,

165 1055 359 1129 Arguit
399 1053 656 1108 immensi
697 1054 958 1123 praecelsa
987 1055 1231 1124 potentia
1263 1054 1482 1120 Christi,

165 1151 448 1204 Summam
483 1148 776 1218 praecipuis
805 1148 997 1202 urbem
1031 1147 1296 1202 decorare
1335 1148 1580 1218 patronis

168 1239 487 1304 Instituens,
518 1238 724 1292 ferrent
752 1245 952 1293 cuncto
985 1237 1111 1291 hinc
1133 1237 1384 1291 solamen
1419 1243 1479 1291 ut
1503 1237 1649 1303 orbi,

164 1328 328 1383 Orbis
345 1336 402 1384 et
429 1329 483 1383 in
513 1327 694 1399 capite
724 1333 836 1382 toto
865 1333 1188 1398 peterentur
1218 1326 1287 1380 ab
1319 1326 1470 1382 orbe.

1824 513 1870 576 Α
1897 505 2195 560 Terrentur
2225 507 2457 561 tonitrus
2484 507 2669 562 subito
2701 507 2774 573 vi,
2804 507 3036 581 fulguris
3068 510 3228 584 igne:

1898 598 2260 672 Sparguntur,
2287 600 2417 654 tanti
2443 601 2702 670 linquunt
2724 602 3016 656 conamina
3043 603 3226 673 coepti,

1899 690 2145 744 Romulei
2177 691 2345 754 cives,
2375 691 2468 761 qui
2509 691 2662 761 digni
2697 691 2832 746 forte
2866 693 3101 762 probati,

1894 781 2099 835 Sectari
2132 789 2337 836 tantum
2374 783 2466 853 qui
2510 798 2867 852 promeruere
2898 784 3182 848 decorem,

1894 872 2178 937 Attollunt,
2219 872 2682 941 complectuntur,
2724 873 2827 926 sibi
2863 884 3016 942 rapta
3047 879 3330 943 receptant

1896 962 2142 1035 Pignora.
2192 979 2303 1033 prie
2325 963 2537 1017 cunctis
2564 963 2764 1032 opibus
2797 964 3072 1018 ditissima
3101 964 3315 1018 mundi.

1898 1054 2034 1108 Hinc
2063 1054 2182 1108 loca
2217 1054 2342 1126 quis
2372 1061 2725 1109 servarentur
2757 1071 2854 1126 pro
2883 1056 3024 1110 velle
3056 1065 3372 1126 capessunt,

1897 1147 1953 1200 ln
1985 1148 2186 1218 quibus
2216 1155 2268 1202 et
2306 1155 2419 1203 toto
2447 1159 2776 1203 veneranter
2807 1149 2874 1203 ab
2905 1150 3038 1204 orbe
3071 1158 3367 1219 petuntur;

1897 1237 1997 1300 Qui
2016 1237 2193 1304 juncti
2222 1237 2452 1292 Domino
2482 1238 2606 1292 caeli
2625 1254 2790 1309 super
2811 1248 2952 1293 astra
2979 1239 3236 1293 sedentes

1899 1326 2105 1396 Inclyta
2134 1326 2443 1395 subjectum
2476 1328 2779 1398 disponunt
2800 1328 2924 1398 jura
2955 1345 3050 1399 per
3088 1328 3300 1384 orbem.

1668 1481 1886 1536 CAPUT
1932 1482 2015 1537 IV.

991 1615 1067 1673 De
1093 1617 1318 1674 sanctis
1360 1611 1630 1672 Processo
1671 1623 1722 1672 ct
1754 1615 2131 1673 Martiniano
2164 1624 2344 1690 atque
2376 1615 2658 1674 L-uciana.

163 1757 451 1812 Submotis
482 1757 755 1823 Patribus,
791 1764 903 1812 toto
936 1755 1112 1811 vibrat
1139 1772 1289 1810 arma
1319 1765 1584 1826 tyrannus

163 1852 218 1904 lu
253 1865 426 1923 grege
462 1858 774 1923 gnatorum,
817 1848 1097 1918 fundoque
1123 1847 1338 1902 auferre
1371 1847 1582 1901 laborat

161 1944 274 1997 Hoc
305 1958 503 2014 genus,
533 1959 564 1996 a
591 1943 739 1997 celsa
767 1942 891 1997 οωιὶ
925 1942 1072 2012 quod
1114 1941 1331 2015 origine
1366 1941 1612 2003 ductum,

157 2034 341 2103 Seque
363 2047 606 2102 suosque
632 2032 781 2086 videt
805 2031 979 2085 fasces
1009 2031 1330 2100 pervadere.
1364 2031 1614 2102 Longum

155 2123 418 2176 Truserat
441 2122 495 2176 in
526 2121 724 2176 vinclis
753 2122 1076 2176 Processum
1109 2129 1163 2175 et
1193 2119 1576 2174 Martinianum

156 2213 444 2279 Paulinus,
469 2231 610 2269 vana
637 2215 704 2268 de
737 2213 1022 2269 nobilitate
1053 2211 1361 2283 superbus;
1515 2201 1519 2206 ’

154 2304 486 2376 Auditisque
517 2305 610 2358 Dei
635 2320 835 2358 nomen
871 2320 997 2358 cum
1022 2304 1216 2357 robore
1241 2301 1363 2367 fari,

155 2393 475 2448 Constantis
508 2391 661 2458 fidei,
695 2393 840 2446 saxis
873 2392 1202 2447 contundier
1233 2407 1328 2445 ora

155 2485 434 2549 Iusserat;
463 2488 549 2535 ast
590 2480 668 2534 illi
698 2479 891 2534 laudes
921 2495 1091 2551 super
1122 2481 1328 2533 aéthera
1363 2479 1577 2534 tollunt.

158 2571 400 2626 Affertur
423 2567 699 2640 tripodem
731 2584 898 2638 supra
928 2567 1077 2622 Jovis
1109 2583 1346 2633 aureus;
1379 2567 1462 2620 illi

159 2661 434 2716 Exscrctis
463 2665 732 2731 spargunt
773 2658 1159 2728 tripodemque
1188 2658 1492 2728 Iovemque
1517 2656 1721 2711 salivis.

162 2751 432 2822 Suspensi
464 2750 760 2820 nervisque
789 2750 1004 2804 attracti
1037 2749 1274 2803 fustibus
1306 2749 1478 2802 auctis

163 2839 483 2902 Caeduntur,
517 2837 671 2892 lateri
698 2837 935 2892 flammze
953 2837 1332 2892 accenduntur
1362 2837 1578 2891 edaces.

165 2931 439 2986 Praeclara
471 2930 563 2986 hic
592 2931 777 2984 aderat
811 2929 1010 2984 mulier
1039 2929 1244 2983 Lucina
1268 2930 1500 3000 piosque

159 3022 410 3076 Athletas
438 3019 585 3076 bello
609 3017 821 3074 validos
854 3019 1050 3072 durare
1084 3017 1368 3071 monebat.

161 3116 310 3179 Quos
341 3114 574 3185 posthac
605 3113 800 3168 iterum
834 3127 1111 3183 appensos
1142 3111 1375 3179 divellit,
1408 3112 1583 3166 acutis

163 3207 390 3261 Viscera
421 3205 742 3276 perfodiens
764 3213 1007 3259 armatus
1038 3203 1256 3274 scorpio
1291 3203 1432 3259 telis.

161 3301 393 3354 Carcerc
427 3299 706 3354 contrusis
728 3299 924 3353 iterum
953 3297 1156 3352 Lucina
1186 3297 1480 3352 ministrat.

163 3393 293 3447 Post
327 3391 566 3446 triduum
596 3391 859 3446 Paulinus
882 3391 1055 3445 hebes
1079 3399 1132 3446 et
1155 3391 1409 3446 daemone
1443 3399 1651 3462 raptus,

157 3487 380 3550 Tortus,
411 3495 465 3542 et
493 3485 800 3542 exstinctus
830 3487 1052 3541 Letheis
1091 3487 1363 3560 mergitur
1389 3487 1571 3542 undis.

164 3581 312 3636 Hosti
349 3581 608 3635 virtutum
638 3579 926 3651 praefectus
957 3579 1010 3633 id
1046 3579 1253 3634 indicat
1281 3579 1464 3645 urbis;

163 3669 257 3723 Ille
279 3668 444 3738 jubet
472 3667 605 3723 cleri
637 3675 859 3723 sanctos
889 3667 1134 3742 pugione
1167 3667 1315 3722 feriri
1345 3685 1359 3733 ;

161 3760 408 3831 Suscipit
433 3761 532 3816 hos
555 3761 641 3815 via
667 3775 962 3831 percussos
989 3759 1212 3814 Aurelia
1245 3758 1408 3814 ferro.

162 3857 566 3928 Cunctipotens
598 3857 810 3912 animas
836 3857 960 3914 caeli
984 3857 1282 3928 splendere
1310 3865 1588 3922 venustat,

164 3945 406 4018 Corpora
438 3964 565 4003 rure
596 3963 696 4003 suo
722 3964 945 4014 curans,
972 3955 1027 4004 et
1051 3955 1295 4003 aromata
1325 3949 1586 4014 miscens,

1897 1757 2072 1826 Atque
2101 1755 2190 1824 pio
2218 1771 2489 1810 venerans
2529 1757 2699 1822 cultu,
2735 1757 2936 1811 Lucina
2959 1758 3184 1827 recepit.

1896 1843 2223 1915 Gloriaqum
2256 1853 2475 1898 maneat
2507 1851 2775 1898 testantur
2804 1846 2942 1899 mira
2973 1845 3228 1915 sepultis:

1896 1933 2054 1988 Pcste
2089 1934 2250 1988 levati
2278 1934 2431 2010 aegri,
2455 1935 2683 2005 perjuri,
2716 1937 2965 1991 daemone
2999 1937 3158 2006 rapti,

1849 2077 1864 2106 )
1899 2027 2060 2080 Hoste
2091 2025 2205 2080 fero
2239 2027 2424 2093 vincti,
2457 2035 2770 2082 sanctorum
2805 2029 2924 2082 luce
2957 2028 3160 2093 soluti;

1853 2107 1870 2138 ’
1896 2121 2203 2174 Przesentes
2232 2121 2396 2175 rebus
2436 2138 2557 2176 sese
2585 2122 2963 2194 quaerentibus
2993 2123 3125 2193 ipsis

1895 2213 2168 2278 Pandunt,
2199 2229 2364 2267 car-nc
2393 2214 2511 2268 sitis
2540 2231 2648 2269 non
2674 2231 2955 2285 nunquam
2986 2215 3196 2268 visibus
3223 2214 3442 2268 adsunt.

1897 2305 2045 2358 Dicta
2073 2305 2266 2374 probat
2307 2314 2556 2360 matrona
2587 2307 2705 2377 pias
2737 2307 2976 2360 invisere
3022 2307 3236 2360 tumbas

1896 2401 2096 2465 Sueta;
2129 2402 2426 2474 peregrino
2460 2403 2758 2457 monachos
2789 2403 3043 2457 assistere
3075 2402 3222 2456 cultu

1895 2491 2024 2555 Quae
2058 2508 2310 2558 cernens,
2340 2493 2467 2546 dum
2502 2493 2645 2548 ferre
2679 2503 2851 2565 parat,
2895 2495 3044 2564 capit
3081 2493 3198 2564 ipsa
3235 2492 3515 2553 levamen;

1897 2584 2170 2638 Promisso
2201 2593 2350 2639 certa
2374 2587 2600 2651 auxilio,
2644 2586 2703 2641 fit
2729 2587 2948 2658 dignior
2978 2596 3122 2650 actu,

1897 2674 2048 2730 Scire
2090 2676 2276 2730 datum
2309 2678 2394 2730 cui
2421 2684 2702 2732 venturam
2739 2695 2900 2750 quam
2925 2679 3151 2733 credere
3184 2677 3373 2742 vitam,

1899 2767 2088 2820 Hausit
2115 2767 2444 2837 apostolicas
2465 2769 2744 2823 sitibundo
2769 2770 2890 2824 haec
2921 2769 3123 2823 femina
3140 2769 3307 2823 corde

1900 2855 2208 2918 Doctrinas,
2236 2858 2500 2912 instructa
2537 2858 2739 2929 pioque
2768 2866 2974 2914 sacrata
2997 2859 3234 2924 lavacro,

1898 2945 2175 3000 Justorum
2210 2945 2327 3000 fieri
2351 2963 2578 3002 consors
2609 2948 2839 3002 ardebat
2877 2949 2932 3002 in
2965 2965 3095 3002 usus

1902 3039 2148 3107 Ipsorum
2173 3037 2451 3112 indiguos,
2488 3039 2742 3109 przebens
2770 3039 3011 3094 fomenta
3040 3039 3235 3094 labori.

1899 3127 2108 3182 Vinclis
2137 3129 2563 3200 carceribusque
2596 3129 2736 3184 datis
2771 3137 3040 3184 tormenta
3065 3129 3306 3194 levabat;

1898 3218 2043 3273 More
2075 3219 2386 3290 sepulturas
2412 3219 2618 3274 celebri
2647 3221 2844 3274 devota
2874 3220 3132 3290 gerebat:

1901 3310 2050 3365 Unde
2081 3312 2335 3365 coronari
2369 3311 2578 3365 meritis
2606 3311 2811 3366 sociata
2836 3312 3050 3382 piorum

1899 3401 2223 3468 Promeruit,
2246 3409 2464 3455 sanctos
2495 3402 2736 3471 pretiosa
2761 3411 2934 3456 morte
2957 3409 3163 3467 secuta,

1900 3491 2186 3547 lntroitum
2215 3491 2371 3565 regni
2404 3490 2490 3545 cui
2524 3492 2618 3544 dat
2647 3490 2928 3546 confessio
2963 3491 3156 3546 Christi

1899 3588 2073 3657 Atque
2100 3603 2240 3657 opus
2266 3587 2547 3662 egregium
2576 3585 2706 3641 fidei
2737 3587 2886 3658 quod
2909 3586 3095 3654 junxit
3127 3585 3305 3640 herili.

1900 3674 2098 3746 Crypta
2121 3675 2408 3731 beatorum
2442 3674 2705 3729 membris
2740 3681 3051 3729 constructa
3071 3674 3340 3739 locandis,

1901 3765 2107 3821 Devoto
2139 3781 2237 3837 per
2267 3781 2387 3819 eam
2409 3763 2615 3831 studio,
2650 3763 2814 3818 funus
2844 3763 3130 3833 capitejus

1902 3853 2113 3909 Ornans
2137 3852 2574 3927 pignoribusque
2598 3851 2800 3924 jugans
2821 3866 2973 3906 sacra
2997 3849 3230 3924 pignora
3260 3845 3448 3904 saeris.

1696 4085 1906 4142 CAPUT
1945 4087 2006 4141 V.

1364 4218 1442 4276 De
1483 4220 1708 4278 sanctis
1749 4219 2020 4277 Nazario
2065 4227 2116 4276 et
2158 4219 2339 4277 Celso.

163 4350 424 4404 Traditur
454 4351 569 4406 haec
592 4350 772 4404 rabies
793 4358 1012 4405 sanctos
1048 4365 1270 4421 quoque
1290 4349 1652 4417 Mediolanos,

167 4442 474 4508 Nazarium,
509 4441 926 4508 Christo,claris
955 4441 1301 4516 genitoribus
1341 4448 1544 4507 ortum,

164 4536 237 4585 Ac
269 4547 501 4601 puerum
537 4531 776 4598 Celsum,
810 4531 974 4605 digne
1003 4548 1165 4602 quem
1199 4531 1392 4585 nutriit
1420 4531 1564 4602 ipse,

164 4622 238 4674 De
263 4620 479 4675 feritate
513 4620 666 4674 necis
695 4620 959 4674 ctelorum
991 4620 1059 4674 ad
1090 4636 1259 4694 regna
1291 4621 1501 4675 tulisse.

164 4709 376 4764 Nazarii
404 4717 636 4764 matrem
670 4709 1040 4764 Petrus'almo
1073 4711 1291 4784 gurgite
1320 4711 1479 4766 tinxit

165 4802 520 4872 Perpetuam,
555 4811 746 4856 sancto
779 4801 1029 4874 Clemens
1063 4802 1208 4856 hunc
1241 4801 1390 4856 fonte
1423 4802 1592 4873 piavit

166 4893 340 4957 Quem
370 4900 637 4963 torquens
667 4892 934 4946 Anolinus
965 4900 1140 4960 atrox,
1174 4900 1227 4947 et
1256 4893 1490 4948 carceris
1512 4895 1612 4948 atri

165 4986 297 5038 Cum
331 4991 522 5039 sancto
554 4983 804 5039 afﬁciens
838 4985 1004 5058 longo
1037 4985 1292 5056 squalore
1324 4985 1550 5051 cliente,

163 5080 386 5135 Crudeli
429 5079 654 5134 tandem
683 5079 973 5135 emeritum
998 5095 1260 5135 mucrone
1284 5080 1538 5136 trucidat.

163 5174 404 5227 Membra
435 5172 616 5226 dicata
648 5171 723 5241 pii
766 5171 909 5227 furto
942 5189 1176 5244 rapuere
1199 5171 1371 5238 ﬁdeli,

162 5261 598 5332 Romuleamque
631 5267 785 5314 extra
817 5269 1026 5332 portam
1054 5263 1122 5316 de
1155 5261 1378 5317 nomine
1410 5261 1610 5318 dictam

167 5355 224 5407 In
262 5353 501 5424 prepriis
525 5353 820 5418 tumulant,
851 5353 984 5423 ipsis
1009 5355 1382 5423 hortantibus,
1406 5356 1582 5412 hortis
1605 5373 1618 5409 :

163 5441 472 5495 lllustratur
500 5440 649 5495 enim
690 5441 823 5496 visis
855 5443 1137 5498 Acetarius
1167 5444 1292 5498 altis

160 5529 370 5603 Dignus
401 5528 472 5583 ad
506 5529 558 5584 id
587 5529 762 5597 visus,
795 5531 884 5585 cui
915 5531 1212 5587 Fortunata
1227 5533 1466 5606 jugalis:

167 5621 300 5676 Huic
320 5636 448 5676 mox
477 5620 766 5677 insinuant
795 5622 922 5677 caesi
955 5639 1055 5678 sua
1086 5640 1318 5696 corpora
1348 5632 1538 5687 testes,

165 5712 616 5790 Pmcipiuntque
644 5717 790 5774 levet
825 5720 996 5776 crudo
1026 5721 1354 5776 occultanda
1385 5721 1592 5787 furori;

1900 4350 1991 4404 Sic
2017 4349 2241 4404 latuisse
2273 4350 2451 4420 placet
2477 4350 2657 4404 donec
2673 4347 3023 4403 volventibus
3053 4344 3234 4409 annis,

1895 4439 2128 4493 Arcadio
2159 4447 2448 4513 regnante,
2483 4438 2608 4509 pius
2639 4439 2727 4508 pia
2760 4452 2986 4490 munera
3019 4433 3214 4503 praesul

1895 4527 2238 4594 Ambrosius,
2261 4527 2492 4582 Domino
2517 4527 2632 4580 haec
2647 4526 2869 4580 sibimet
2901 4524 3191 4595 prodente,
3215 4520 3429 4575 levavit.

1899 4617 2050 4671 Tunc
2081 4632 2304 4688 quoque
2330 4617 2542 4671 Nazarii
2573 4623 2696 4686 post
2726 4614 2892 4688 longa
2923 4612 3204 4668 volumina
3233 4609 3401 4696 solis,.

1815 4747 1873 4814 D
1903 4709 1965 4764 L't
1995 4710 2214 4764 tandem
2246 4705 2394 4780 patet
2428 4717 2616 4782 egesta
2647 4708 2839 4762 tellure
2869 4706 3207 4777 sepulcrum,

1900 4802 1991 4856 Sic
2017 4809 2176 4857 tener
2201 4810 2366 4874 atque
2390 4818 2582 4857 recens
2605 4801 2834 4856 recubat
2860 4817 2980 4855 cum
3007 4813 3237 4868 corpore
3267 4795 3516 4870 sanguis,

1900 4892 2007 4946 llac
2028 4893 2283 4966 jugulum
2312 4899 2592 4947 reserante
2622 4891 2710 4945 die
2741 4889 2971 4944 diffusus
3001 4897 3060 4943 ut
3089 4902 3256 4951 ense;

1895 4983 2186 5039 Vermibus
2214 4985 2443 5040 illaesum
2476 4991 2640 5056 caput
2667 4985 3045 5053 intactumque
3077 4984 3349 5050 repertum
3376 4994 3390 5043 ;

1895 5075 2036 5130 Pexa
2068 5077 2262 5132 levatis
2293 5077 2464 5132 barba
2494 5077 2732 5147 lotisque
2763 5075 3000 5145 capillis,

1892 5171 2159 5242 Tempore
2191 5172 2558 5243 compositum
2585 5171 2752 5227 veluti
2783 5170 3046 5224 reniteret
3073 5168 3292 5234 eodem,

1894 5263 2178 5318 Nectarius
2209 5263 2486 5338 fragrabat
2517 5264 2694 5318 honos
2726 5269 2786 5317 ut
2815 5263 3300 5317 vinceretomnem

1901 5356 2093 5410 Messis
2110 5355 2422 5411 aromaticze
2448 5355 2776 5410 cumulatam
2801 5353 3051 5427 germine
3070 5369 3336 5409 massam:

1903 5451 2148 5505 Pandent
2175 5452 2322 5505 hunc
2348 5449 2541 5504 Christi
2571 5449 2875 5520 spiramina
2905 5449 3072 5523 digna
3113 5451 3320 5506 tulisse.

1897 5544 2192 5599 Inveniunt
2215 5553 2378 5598 etiam
2411 5543 2667 5598 comitem
2699 5543 2933 5614 puerilia
2961 5544 3210 5599 membra

1893 5633 2218 5704 Lecticaque
2248 5631 2454 5700 ferunt,
2484 5639 2698 5702 ponunt
2727 5642 3046 5689 reverenter
3072 5635 3125 5688 in
3157 5634 3274 5689 aede

1891 5721 2038 5776 Juris
2079 5721 2366 5792 apostolici
2399 5720 2537 5776 festo
2576 5719 2680 5776 sud
2713 5722 2924 5778 honore
2948 5723 3146 5778 dicata.
