3890 6418
366 408 472 466 607

1129 413 1498 470 FLODOARDl
1541 414 1843 471 CANONlCl
1888 413 2219 469 REMENSIS
2261 411 2598 468 OPUSCULA
2639 411 2946 468 METRICA.

3625 416 3731 471 608

1879 569 2096 624 CAPUT
2137 569 2223 624 Vl.

1431 673 1509 731 De
1538 672 1816 732 vindicta
1847 673 2218 733 Neronianae.
2229 674 2683 749 persecutionis.

375 808 584 876 lnjuste
615 807 854 862 innocuo
883 812 1196 861 sanctorum
1228 806 1497 881 sanguine
1529 805 1670 875 fuso,

373 899 593 953 .ludicio
623 898 810 953 divina
842 913 965 952 reos
993 897 1120 952 ferit
1146 897 1283 952 ultio
1324 897 1528 972 digno;

376 987 486 1042 Nec
516 987 684 1041 dilata
719 986 874 1040 sedet
900 987 1126 1040 tardans
1160 986 1215 1040 in
1238 993 1485 1057 tempora
1514 987 1700 1063 longa,

375 1083 450 1138 Ne
476 1083 639 1152 lupus
669 1083 762 1136 ille
783 1081 931 1136 ferus
962 1088 1186 1137 teneros
1208 1082 1491 1138 exulceret
1523 1099 1719 1158 agnos,

375 1174 437 1228 Et
467 1181 703 1227 vastator
741 1180 894 1226 atrox
917 1173 1150 1228 necdum
1184 1173 1468 1229 molimine
1502 1173 1661 1231 firmo

378 1265 638 1319 Radicum
669 1265 903 1320 solidata
933 1267 1068 1322 satis
1107 1267 1374 1338 plantaria
1402 1269 1588 1324 vellat.

376 1353 588 1409 Sanctis
611 1355 730 1408 luce
759 1355 1035 1410 coronatis
1066 1355 1399 1410 damnantur
1433 1357 1630 1428 iniqui.

380 1443 633 1514 Undique
663 1443 860 1498 oborta
893 1445 1032 1510 lues,
1067 1444 1270 1498 Urbem
1296 1444 1540 1500 vindicta
1579 1445 1793 1519 fatigat,

378 1536 538 1586 Arma
577 1550 819 1605 superna
851 1535 1056 1601 ferens,
1089 1535 1335 1606 liquidus
1365 1537 1737 1606 corrumpitur
1758 1552 1871 1600 aer,

381 1622 631 1677 Exoritur
658 1623 830 1693 pestis
865 1623 1032 1678 nullis
1058 1615 1330 1695 aequanda
1360 1624 1658 1694 chelydris,

380 1718 620 1786 Corpora
650 1715 955 1772 conficiens
985 1718 1135 1772 lento
1179 1716 1475 1788 liquefacta
1502 1733 1719 1772 veneno
1745 1736 1759 1783 ;

382 1803 647 1859 Pestifera
678 1822 810 1860 aura
841 1806 971 1873 ruit,
1005 1807 1298 1878 campique
1340 1816 1399 1862 et
1427 1807 1574 1862 celsa
1605 1806 1902 1880 Cyclopum

378 1897 540 1951 Tecta
567 1898 878 1967 superiecto
909 1897 1235 1953 nebularum
1263 1908 1499 1954 uruntur
1528 1899 1757 1955 amictu.

383 1987 663 2042 Labuntur
692 1989 974 2043 sceleratae
1002 1990 1222 2057 animae,
1254 2006 1404 2046 mors
1433 1990 1605 2046 millia
1634 1991 1806 2046 vincit

385 2076 727 2151 Fungentum
762 2085 846 2133 ter
873 2079 1047 2147 dena;
1079 2079 1183 2134 sibi
1217 2080 1454 2135 Libitina
1487 2081 1691 2136 dicavit

385 2167 626 2239 Oppida:
654 2170 929 2226 Romanas
959 2172 1231 2227 nonnulla
1261 2172 1500 2228 colentia
1531 2173 1684 2248 leges

387 2259 646 2316 Cladibus
671 2277 736 2316 ac
767 2263 939 2318 nimio
965 2264 1132 2319 caedis
1161 2265 1387 2320 horrore
1411 2263 1725 2320 teruntturl

387 2352 610 2421 Magnas
636 2353 906 2407 Armeniae
933 2355 1139 2425 patrias
1169 2355 1484 2426 respublica
1513 2357 1727 2428 perdit;

388 2445 637 2499 Parthica
672 2445 929 2501 Romanae
963 2448 1212 2522 legiones
1233 2448 1336 2502 sub
1359 2449 1492 2523 juga
1531 2449 1734 2513 missae.

389 2533 564 2588 Urbes
589 2536 854 2605 quasdam
889 2537 1025 2591 Asiae
1057 2537 1252 2591 sternit
1275 2539 1568 2593 concussio
1602 2547 1799 2602 terrae;

389 2627 499 2681 Nec
530 2627 759 2681 nimium
783 2629 980 2684 claudo
1004 2628 1315 2700 insequitur
1331 2631 1471 2701 pede
1499 2646 1663 2700 paena
1688 2638 2011 2700 tyrannum:

393 2717 527 2770 llinc
556 2716 810 2787 Hispanis
842 2717 1065 2771 Galbam
1095 2717 1189 2789 qui
1222 2719 1492 2788 comperit
1530 2719 1642 2773 oris

390 2805 592 2859 Militiae
623 2805 926 2876 sumpsisse
954 2805 1087 2859 viris
1117 2806 1425 2861 diademata
1455 2807 1632 2881 regni,

392 2897 626 2965 Sprevit,
655 2904 884 2966 atroque
906 2895 1091 2950 animo
1124 2903 1383 2968 totusque
1413 2896 1480 2951 ad
1506 2898 1725 2952 Tartara
1746 2898 1940 2968 vergit,

394 2986 645 3056 Dumque
677 2984 1058 3039 incredibilem
1094 2985 1256 3040 rebus
1284 2987 1640 3058 patribusque
1669 2988 1896 3042 revolvit

397 3074 578 3128 Exsilii
611 3074 848 3139 cladem,
885 3075 1072 3144 patria:
1105 3075 1451 3129 convincitur
1480 3075 1690 3130 hostis:

394 3161 655 3216 Praedicat
688 3161 741 3214 id
773 3161 988 3236 vulgus,
1020 3163 1225 3236 gaudet
1254 3162 1503 3216 sanxisse
1532 3170 1802 3218 senatum.

393 3252 633 3306 Territus
663 3252 754 3306 ille
777 3260 948 3315 metu,
984 3253 1280 3324 lapsusque
1311 3269 1374 3307 ex
1415 3253 1555 3308 urbe
1587 3255 1870 3325 probrose,

400 3343 641 3415 Cumque
673 3343 976 3417 ignominia
1007 3344 1224 3416 fugiens
1243 3344 1568 3399 deformiter
1597 3347 1724 3408 alta,

400 3435 535 3488 Dum
568 3435 721 3489 timet
755 3437 947 3489 arctari
978 3436 1317 3506 meritasque
1351 3437 1664 3506 expendere
1698 3453 1910 3507 pmnas,

401 3525 556 3590 Quod
588 3528 1127 3596 superestscelerum
1155 3541 1564 3594 consummans,
1591 3527 1880 3582 transfodit
1903 3529 2021 3598 ipse

401 3616 469 3669 Se
503 3615 724 3686 proprio
748 3615 916 3670 lectas
949 3631 1251 3686 properans
1275 3632 1541 3672 mucrone
1571 3618 1674 3672 sub
1707 3619 1951 3686 umbras,

402 3706 770 3777 Caesareaeque
800 3706 1021 3760 labente
1053 3705 1199 3760 labat
1229 3721 1337 3777 quo
1369 3707 1550 3777 gentis
1577 3707 1755 3779 origo.

471 3795 592 3850 Mox
643 3795 808 3849 Galba
848 3795 1170 3860 adveniens,
1230 3803 1511 3865 comperta
1560 3804 1735 3850 morte
1776 3795 2021 3864 nefandi,

405 3887 572 3943 Laedit
601 3888 828 3943 avaritia
855 3905 917 3943 ac
948 3889 1091 3958 turpi
1125 3895 1346 3958 torpore
1378 3887 1619 3952 Quirites

406 3981 531 4036 Post
561 3983 781 4036 demum
813 3981 1027 4053 imperii
1060 3997 1225 4036 senos
1251 3981 1319 4034 ab
1348 3981 1559 4035 Othone
1592 3992 1917 4053 peremptus

403 4069 534 4125 Cum
576 4071 707 4126 Caro
739 4087 959 4125 menses
989 4070 1177 4141 periit,
1201 4067 1400 4123 Pisone
1433 4078 1654 4139 recepto

403 4164 464 4216 1n
495 4163 652 4235 regni
689 4163 955 4237 gnatique
983 4163 1203 4218 throno.
1230 4163 1353 4218 Luit
1381 4163 1550 4235 impia
1571 4163 1750 4219 caedes

2018 792 2068 859 Î‘
2098 789 2389 844 Servorum
2412 787 2610 844 Christi
2631 803 2922 859 procerum
2951 803 3086 843 nece
3120 788 3291 844 Roma
3321 805 3586 846 suorum:

2099 877 2160 932 Et
2199 893 2321 949 quae
2349 877 2610 948 primates
2638 876 2824 947 superi
2854 877 3158 931 saeviSsima
3183 879 3364 934 cultus

2101 967 2376 1031 Punierat,
2411 983 2602 1039 regum
2632 967 2862 1037 punitur
2884 967 3036 1022 caede
3069 982 3334 1023 novorum
3359 985 3373 1023 :

2103 1057 2343 1128 Qumque
2380 1057 2483 1112 sub
2504 1059 2746 1114 adventu
2777 1058 2920 1112 Petri
2952 1058 3216 1114 divinitus
3245 1075 3396 1115 arma

2101 1147 2442 1217 Torpuerant
2475 1146 2638 1202 civile
2667 1146 2824 1202 nefas
2854 1147 3163 1203 minitantia
3195 1165 3408 1220 pressa,

2103 1237 2316 1292 Sanctis
2344 1237 2618 1309 supplicio
2650 1236 2892 1304 afï¬‚ictis,
2927 1237 3288 1310 patribusque
3315 1240 3550 1306 necatis,

2111 1330 2398 1384 Permissis
2428 1330 2614 1400 patulo
2648 1329 2820 1384 frenis
2850 1329 3206 1400 lymphantur
3237 1331 3289 1385 in
3315 1331 3472 1400 orbe,

2111 1421 2347 1475 Diversis
2381 1427 2438 1475 ut
2468 1428 2616 1476 mota
2637 1421 2816 1495 plagis
2855 1421 3031 1475 flabra
3053 1438 3178 1476 aera
3209 1421 3449 1493 pulsant.

2113 1510 2367 1566 Ediderat
2388 1511 2665 1582 siquidem
2693 1511 2984 1566 confestim
3016 1511 3275 1581 Hispania
3303 1512 3562 1576 Galbam;

2111 1605 2225 1670 Quo
2257 1621 2449 1677 presso
2480 1606 2936 1678 consurgitOtho,
2970 1606 3309 1677 Romamque
3341 1615 3635 1674 cruentat;

2112 1696 2411 1749 Germanos
2442 1695 2587 1749 inter
2615 1695 2906 1765 Gallosque
2947 1695 3197 1748 Vitellius
3228 1695 3338 1749 exit
3364 1715 3376 1749 Î¹

2112 1785 2479 1855 Vespasianus
2499 1785 2646 1856 apud
2679 1785 2890 1855 Syriam
2922 1801 3047 1840 mox
3083 1795 3298 1854 sceptra
3331 1786 3599 1857 capessit,

2114 1878 2175 1932 Hi
2205 1877 2369 1932 simul
2402 1876 2649 1949 imperiis
2680 1893 2876 1932 omnes
2908 1877 3247 1933 bacchantur
3277 1885 3331 1932 et
3360 1879 3551 1933 armis.

2113 1971 2359 2024 Romano
2390 1969 2561 2024 luitur
2588 1977 2904 2024 sanctorum
2939 1970 3214 2044 sanguine
3246 1970 3498 2043 sanguis,

2123 2062 2181 2116 Et
2211 2077 2375 2117 cruor
2405 2061 2681 2116 almiï¬‚uus
2711 2069 2996 2136 grassante
3025 2077 3221 2118 cruore
3255 2062 3452 2133 piatur.

2039 2111 2088 2177 Î’
2123 2151 2439 2206 Monstravit
2465 2111 2745 2222 quondm:
2778 2151 3008 2226 {Egypto
3032 2111 3301 2223 pereuntre
3323 2151 3602 2223 profusus,

2123 2242 2179 2295 ld
2211 2241 2439 2314 sanguis
2465 2239 2709 2306 laticum,
2745 2241 2936 2294 teritur
2963 2241 3092 2294 dum
3125 2241 3356 2295 verbere
3379 2241 3562 2311 primo

2122 2339 2179 2391 ln
2213 2339 2476 2409 p0pulum
2521 2337 2818 2392 furibunda
2849 2337 2945 2392 Dei
2980 2339 3336 2409 prmsumptio
3369 2339 3569 2408 prima.

2119 2429 2379 2485 Providet
2408 2437 2463 2486 at
2491 2431 2756 2486 Dominus
2781 2430 2999 2485 famulis
3031 2440 3159 2485 tunc
3181 2431 3403 2486 turbine
3434 2431 3599 2486 tactis

2121 2519 2331 2575 Excidit
2351 2526 2429 2575 tot
2457 2520 2605 2575 bella
2628 2536 2887 2591 promens
2917 2520 3187 2575 solamina
3219 2522 3389 2585 tanti;

2118 2611 2258 2666 Hzec
2279 2629 2463 2684 neque
2493 2629 2591 2682 per
2610 2620 2802 2677 terras,
2825 2628 2922 2682 per
2945 2629 3118 2683 aquas
3141 2612 3400 2667 diuturna
3422 2628 3629 2686 vagare

2119 2703 2371 2770 Dimittit,
2405 2703 2551 2758 facili
2583 2703 2878 2758 moderans
2911 2703 3044 2774 quin
3079 2719 3215 2773 pace
3243 2703 3483 2757 retundi.

2189 2790 2407 2845 Tertius
2439 2789 2655 2859 imperii
2699 2790 2864 2843 linem
2899 2791 2992 2843 dat
3023 2790 3228 2844 mensis
3249 2790 3479 2845 Othoni:

2122 2879 2255 2932 Dum
2277 2876 2424 2933 vinci
2452 2892 2744 2947 Spernens,
2777 2878 3060 2947 proprium
3092 2877 3197 2930 sibi
3228 2877 3504 2952 transï¬git
3538 2893 3743 2934 ensem.

2121 2973 2340 3030 Restitit
2371 2971 2461 3025 hic
2492 2970 2688 3034 victor,
2716 2969 3001 3041 subiitque
3026 2968 3276 3023 Vitellius
3306 2969 3553 3036 Urbem;

2120 3069 2390 3136 Qui,dum
2404 3065 2570 3121 vitam
2603 3063 2886 3119 hominum
2908 3062 3148 3135 ingluvie
3172 3062 3528 3132 pr0priisque
3546 3061 3665 3130 (sic)
3682 3059 3750 3115 fa-

2119 3155 2398 3228 Comperit
2429 3161 2489 3208 ut
2518 3153 2693 3207 fasces
2723 3150 2975 3205 attollere
3001 3150 3421 3220 Vespasianum,
3581 3151 3743 3224 [t.igat,

2122 3251 2332 3305 Ponere
2361 3243 2684 3317 praesumpti
2726 3241 3122 3296 moderaminis
3152 3247 3303 3312 Optat
3334 3241 3611 3296 habenas.

2126 3339 2260 3393 llinc
2285 3336 2558 3392 animatus
2587 3333 2655 3387 ad
2687 3333 2793 3386 hoc
2831 3331 2958 3395 urit,
2994 3329 3327 3402 perimitque
3360 3327 3633 3384 Sabinum

2126 3430 2364 3484 Fratrem
2397 3440 2519 3480 cum
2560 3423 2726 3478 sociis
2765 3421 2818 3476 in
2847 3422 3121 3494 sanguine
3149 3419 3496 3491 Vespasiani,

2125 3523 2270 3588 Quos
2302 3517 2605 3590 Capitolino
2635 3515 2783 3590 cogit
2810 3513 3046 3586 flagrare
3078 3513 3316 3568 camino.

2127 3612 2252 3666 Post
2283 3607 2448 3664 modo
2469 3606 2668 3661 militia
2694 3607 2961 3669 desortus,
2981 3618 3192 3674 speque
3216 3601 3460 3666 relictus,

2127 3707 2388 3762 Claustris
2415 3702 2674 3758 eximitur
2693 3700 2866 3764 cella,
2896 3696 3236 3769 trahiturque
3265 3695 3522 3759 moleste,

2127 3801 2299 3871 lnque
2329 3797 2508 3852 forum
2542 3793 2726 3848 nudus
2755 3808 2876 3846 cum
2910 3790 3170 3846 stercoris
3201 3789 3407 3858 impete
3438 3794 3649 3858 raptus,

2126 3892 2326 3947 Octavo
2358 3903 2588 3960 regnum
2616 3885 2764 3941 vitiis
2793 3901 2916 3940 cum
2949 3899 3142 3938 mense
3175 3889 3443 3956 gravaret,

2130 3985 2334 4040 Ictibus
2365 3981 2572 4037 interiit
2604 3979 2814 4036 crebrls
2831 3975 3270 4040 excarnificatus,

2127 4076 2303 4144 Atque
2332 4087 2476 4126 unco
2509 4077 2712 4125 tractus
2739 4067 3012 4122 Tiberinis
3037 4064 3306 4138 mergitur
3337 4061 3522 4117 undis.

1891 4269 2102 4326 CAPUT
2150 4268 2261 4323 Vll.

1571 4363 1649 4422 De
1677 4363 1929 4440 imperio
1972 4360 2317 4441 Vespasiani
2347 4366 2400 4417 et
2434 4354 2575 4415 Titi.

401 4480 751 4551 Tempestate
782 4487 1136 4550 tyrannorum
1169 4493 1271 4534 ceu
1305 4476 1454 4532 nube
1482 4475 1740 4547 procellae

405 4571 681 4640 Discussa,
711 4572 829 4626 miti
859 4572 962 4626 sub
996 4571 1249 4642 principe
1283 4570 1619 4641 Vespasiano

403 4661 644 4716 Turbine
676 4669 891 4734 pacato,
914 4659 1106 4716 mundi
1136 4660 1352 4715 rediere
1382 4675 1598 4717 serena.

409 4755 642 4810 Sedatur
661 4771 916 4827 regnum,
946 4755 1148 4808 mulcta
1176 4753 1492 4824 plectuntur
1522 4761 1575 4806 et
1602 4750 1766 4820 hujus

411 4847 624 4903 llostes.
669 4846 978 4918 Dispulerat
1003 4845 1190 4916 superi
1223 4845 1318 4915 qui
1346 4843 1589 4897 numinis
1617 4843 1824 4905 hostes,

413 4936 626 5008 Quique
658 4935 754 4990 Dei
787 4934 963 4990 Prolis
994 4950 1090 5006 per
1111 4935 1322 5004 prolem
1350 4932 1497 4986 bella
1521 4931 1812 4992 ministrat,

411 5025 514 5081 Per
533 5025 749 5082 Domini
781 5025 1012 5079 Gnatum
1041 5038 1164 5078 cum
1191 5027 1360 5094 gnato
1400 5036 1570 5094 regna
1591 5019 1920 5090 triumphat;

417 5114 479 5168 Et
505 5113 864 5188 licetignoret
883 5129 981 5184 per
1008 5127 1173 5184 quem
1196 5110 1302 5164 sibi
1324 5109 1452 5163 talia
1483 5109 1684 5163 dentur
1707 5125 1721 5173 ;

382 5195 384 5198 â€™
417 5202 527 5257 Sed
551 5201 703 5257 videt
719 5203 863 5257 haud
895 5202 1016 5256 sine
1037 5200 1088 5255 vi
1119 5215 1320 5272 supera
1335 5197 1445 5253 sibi
1475 5204 1628 5252 tanta
1659 5195 1882 5266 patrari.

371 5297 382 5306 â€˜
417 5295 760 5366 Astipulante
790 5312 890 5351 suo
922 5311 1033 5352 non
1076 5295 1191 5350 haec
1220 5309 1320 5347 sua
1347 5291 1534 5363 praelia
1555 5290 1696 5358 Tito,

419 5384 548 5447 Quae
586 5400 686 5454 per
713 5401 839 5440 eum
872 5386 928 5438 in
971 5385 1238 5455 reprobos
1268 5381 1461 5438 mundi
1493 5382 1769 5455 Regnator
1817 5379 2034 5451 agebat.

2127 4477 2305 4545 Atque
2337 4467 2741 4538 triumphantes
2771 4460 2975 4532 pariter
3002 4458 3318 4514 colerentur
3347 4454 3416 4508 ab
3448 4453 3623 4545 orbe;

2131 4541 2362 4631 Insuper
2389 4555 2669 4612 adduntur
2699 4549 2940 4607 dominis
2969 4548 3249 4604 adduntur
3277 4545 3521 4601 honores
3543 4541 3737 4612 (169');

2127 4657 2298 4711 Janus
2319 4650 2467 4706 enim
2495 4647 2752 4721 geminus
2781 4643 2944 4698 bellis
2969 4641 3263 4696 cohibetur
3280 4636 3511 4702 abactis,

2129 4745 2306 4814 Atque
2336 4741 2410 4794 ita
2437 4756 2542 4810 pax
2571 4744 2686 4792 toto
2725 4750 2850 4790 mox
2881 4731 3263 4807 promulgatur
3293 4727 3347 4782 in
3387 4727 3544 4782 orbe.

2066 4845 2071 4850 '
2133 4834 2198 4888 Ut
2214 4830 2426 4886 Christo
2448 4833 2700 4882 servetur
2719 4825 2898 4879 honos
2924 4822 3091 4886 idem,
3123 4815 3374 4874 hostibus
3399 4815 3536 4878 ulto,

2127 4923 2232 4989 Qui
2265 4923 2482 4977 delatus
2507 4919 2555 4974 ei
2588 4917 2795 4973 dudum
2827 4916 2898 4970 de
2926 4913 3139 4989 virgine
3173 4917 3322 4976 nato,

2133 5018 2321 5073 Gliscit
2352 5016 2408 5071 in
2427 5016 2756 5070 immensum
2789 5010 2921 5065 belli
2951 5009 3073 5062 sine
3101 5006 3323 5062 turbine
3355 5018 3608 5075 regnum.

2139 5108 2272 5163 Cum
2305 5106 2462 5178 Syria
2484 5104 2711 5159 Rhodus
2746 5108 2910 5172 atque
2941 5099 3134 5153 Samos
3163 5101 3217 5150 et
3244 5092 3450 5148 Achaia
3481 5097 3592 5147 tota

2054 5231 2112 5298 D
2139 5199 2388 5265 Thracia,
2421 5197 2812 5270 Commagene,
2840 5191 3096 5264 Byzantia
3123 5204 3248 5243 rura
3277 5185 3504 5241 subacta

2141 5290 2417 5345 Romanos
2447 5285 2590 5341 ultro
2618 5283 2874 5339 dominos
2903 5281 3166 5354 legesque
3196 5280 3511 5347 capessunt.

2139 5380 2425 5447 Paciï¬cus,
2463 5381 2588 5452 pius
2624 5384 2679 5431 et
2718 5375 2866 5429 mitis
2897 5381 3020 5444 post
3048 5367 3444 5440 Vespasianum

419 5472 619 5543 Sicque
676 5466 1068 5543 triumphando
1107 5472 1351 5527 subeunt
1402 5470 1570 5524 decus
1622 5468 1847 5540 auspice
1886 5467 2037 5522 nullo
2141 5473 2311 5531 Filius
2337 5470 2583 5542 ejusdem
2616 5469 2769 5523 Titus
2798 5467 2918 5520 sine
2953 5461 3226 5535 sanguine
3254 5464 3468 5532 regnat.

419 5562 584 5618 Retro
627 5563 892 5618 celebrari
930 5580 1029 5633 per
1071 5565 1276 5619 saecula
1323 5569 1522 5630 cuncta
1557 5558 1820 5631 triumphi
1865 5560 2032 5630 (169),

419 5652 486 5708 Ut
510 5661 668 5725 pater
696 5661 752 5707 et
788 5651 1010 5726 genitus
1046 5667 1208 5708 curru
1238 5652 1572 5708 veherentur
1601 5649 1818 5711 eodem,

494 5804 635 5873 (169)
665 5802 795 5879 Post
832 5807 1198 5879 expugnatam
1219 5799 1664 5879 _ll_i_erosolyrnarn
1698 5799 2034 5879 triumphum

423 5869 656 5950 egerunt
703 5869 1071 5943 Vespasianus
1119 5876 1174 5924 et
1219 5871 1392 5936 Titus,
1448 5869 1596 5940 quod
1653 5876 1817 5923 antea
1867 5869 2030 5925 inau-â€˜

2141 5571 2474 5638 Pacatusque
2498 5565 2637 5619 nitet
2668 5560 2862 5616 Christi
2893 5556 3194 5613 virtutibus
3227 5551 3393 5608 orbis.

2133 5801 2333 5868 ditum.

2209 5869 2492 5941 (l69'*)Sic
2522 5867 2695 5922 codex
2724 5870 2977 5933 uterque.
