3890 6408
209 392 322 446 609
846 395 927 449 DE
966 394 1224 451 CHRISTI
1264 397 1624 454 TRIUMPHIS
1663 402 1835 457 APUD
1877 403 2141 460 lTALlAM
2185 407 2359 463 LIBRI
2401 409 2531 465 XIV.
2575 441 2643 451 —-
2685 412 2807 467 LIB.
2853 415 2892 468 l.

1684 551 1896 608 CAPUT
1945 556 2081 612 VIII.

1588 660 1667 719 De
1710 663 1853 722 Lino
1897 673 1948 723 et
1995 665 2173 726 Cleto.

212 785 469 859 Magnum
502 796 626 858 post
645 788 864 844 Petrum
888 789 1054 845 Linus
1087 791 1342 847 Ecclesia:
1373 795 1730 851 moderamen
1845 795 1849 798 ’
1865 807 1910 872 Α
1940 802 2305 878 Martyrioque
2343 818 2638 867 coronatus
2677 830 2845 887 super
2865 826 3010 875 astra
3042 825 3288 880 recessit.

213 880 467 950 Disponit
496 882 702 949 Romae,
734 899 900 956 quem
943 884 1136 940 Petrus
1164 889 1449 957 apostolus
1471 890 1589 960 ipse

215 970 531 1026 Pontiﬁcem
562 974 770 1043 pariter
785 991 909 1029 cum
940 975 1090 1031 Cleto
1122 977 1226 1032 hoc
1246 979 1372 1046 jure
1399 988 1656 1046 sacrarat,

211 1061 526 1118 Tractarent
555 1065 777 1135 populis
806 1066 947 1120 sacri
987 1074 1047 1122 ut
1085 1070 1347 1138 mysteria
1375 1070 1505 1126 doni
1537 1089 1552 1136 ;

217 1154 340 1224 Ipse
362 1171 563 1210 vacans
595 1156 855 1227 precibus
884 1158 1035 1213 licite
1066 1161 1347 1231 verboque
1378 1162 1573 1218 salutis

214 1241 383 1295 Totus
413 1242 466 1295 in
497 1245 752 1318 augenda
782 1247 1034 1320 vigilaret
1061 1248 1221 1318 plebe
1262 1249 1500 1319 piorum.

215 1336 314 1390 Hic
343 1336 510 1391 Linus
551 1339 848 1394 Ecclesium
884 1341 1164 1398 illustrans
1191 1345 1443 1416 exempla
1472 1353 1694 1401 secutus

216 1428 438 1503 Egregii
468 1429 641 1486 Patris
669 1435 1140 1507 praeceptorisque
1178 1437 1349 1502 beati,
1941 1434 2074 1490 Ossa
2104 1435 2264 1493 beata
2304 1441 2447 1496 Petri
2481 1445 2693 1501 tumulo
2713 1449 2920 1505 sociata
2945 1452 3212 1510 locantur.

1721 1565 1931 1622 CAPUT
1982 1566 2053 1621 IX
2067 1607 2079 1620 .

1055 1667 1134 1727 De
1161 1668 1484 1746 discipulis
1511 1670 1920 1746 apostolorum
1957 1677 2009 1728 et
2037 1669 2108 1729 de
2135 1683 2342 1734 sancto
2372 1677 2744 1754 Apollinare.

217 1798 429 1854 lsthinc
456 1798 605 1856 beati
637 1809 694 1856 et
721 1800 952 1875 gloriosi
974 1803 1257 1876 principes

217 1890 412 1944 Plures
435 1892 694 1966 leguntur
722 1893 1010 1949 ordinasse
1048 1895 1335 1965 praesules,

213 1978 292 2032 Ad
323 1980 678 2050 praedicanda
698 1981 844 2036 clara
873 1981 1070 2037 Christi
1099 1982 1338 2054 insignia

210 2071 435 2126 Diversa
473 2073 666 2127 mundi
691 2074 1053 2129 destinandos
1073 2090 1171 2144 per
1202 2075 1336 2131 loca.

1865 1806 1911 1872 Β
1936 1801 2044 1859 Nec
2086 1804 2230 1862 ferre
2254 1824 2441 1864 curam
2463 1811 2727 1870 diﬁ‘erunt
2743 1815 3042 1874 didascalo.

1943 1892 2048 1948 Sex
2075 1897 2348 1953 mensium
2380 1909 2502 1970 post
2533 1904 2758 1960 evoluto
2790 1907 3019 1962 cardine

1941 1985 2054 2039 Viri
2085 1988 2385 2044 eminentis
2408 1993 2611 2049 nobilis
2650 1996 2941 2065 Bonifacii,

1942 2076 2105 2146 Cujus
2135 2080 2381 2151 leporem
2411 2085 2582 2155 pestis
2610 2103 2753 2162 aegra
2775 2089 3109 2161 dempserat,

1939 893 2001 947 At
2031 894 2122 964 pia
2153 897 2401 952 membra
2431 901 2507 970 pii
2537 905 2803 960 membris
2830 911 3160 978 suntjuncta
3181 915 3449 988 magistri.

1940 984 2123 1041 Cletus
2161 988 2229 1041 ab
2261 989 2388 1044 inde
2419 1008 2663 1065 sequens
2693 996 2891 1054 Christi
2921 1001 3166 1073 disponit
3185 984 3332 1062 ovile

1913 1137 1916 1140 ,
1942 1077 2184 1133 Bissenis
2208 1088 2330 1150 post
2361 1083 2512 1139 hunc
2546 1087 2799 1144 residens
2829 1092 3174 1150 sollemniter
3197 1099 3379 1165 annis,

1935 1165 2070 1220 Dum
2094 1183 2351 1224 crescens
2376 1173 2645 1230 scelerum
2675 1178 2962 1236 molimine
2994 1183 3364 1252 Domitianus,

1940 1255 1997 1308 In
2032 1255 2246 1311 Domini
2275 1267 2456 1314 movet
2486 1278 2637 1319 arma
2663 1283 2886 1342 gregem
2912 1287 3196 1340 parssaeva
3218 1276 3450 1331 Neronis
3474 1295 3488 1342 ;

1940 1343 2194 1414 Martyrio
2225 1346 2447 1403 functus
2470 1352 2573 1405 sub
2602 1370 2710 1424 quo
2739 1361 3015 1414 concessit
3047 1361 3100 1416 in
3125 1365 3377 1420 aethram.

207 2160 451 2224 Quorum
495 2160 724 2231 profecti
758 2169 1079 2233 competunt
1107 2163 1381 2218 hiGallias
1414 2181 1427 2217 :

209 2249 569 2323 Trophimus,
608 2253 962 2321 Sabinianus,
995 2255 1116 2322 ejus
1149 2262 1202 2310 et
1231 2270 1420 2311 comes

207 2343 593 2411 Potentianus,
617 2344 818 2401 Fronto
847 2362 972 2401 cum
1007 2347 1262 2422 Georgio.

205 2439 543 2509 Paulusque,
575 2438 858 2505 Martialis,
884 2447 938 2494 et
968 2441 1240 2508 Valerius,

204 2530 501 2601 Sixtusque
525 2538 732 2598 noster,
767 2532 1076 2598 Memmius,
1110 2533 1372 2589 Sinicius.

209 2620 502 2692 Simulque
533 2621 850 2696 diriguntur
877 2624 946 2677 ad
982 2623 1269 2694 Hispanias

203 2713 514 2786 Torquatus
541 2723 595 2770 et
627 2717 923 2787 Tesrphon,
956 2719 1236 2774 secundus
1269 2719 1545 2788 Esichius,

210 2806 530 2874 lndalicius,
565 2807 924 2880 Catiliusque,
961 2809 1264 2867 Eufrasius.

211 2899 559 2969 Apollinaris,
581 2900 884 2962 Antiochia
913 2903 1005 2973 qui
1040 2902 1264 2959 Petrum

208 2995 371 3051 Venit
395 3004 638 3064 secutus,
679 2999 759 3054 sic
776 2999 1094 3054 Ravennam
1125 2998 1364 3054 mittitur
1393 3017 1408 3064 ;

208 3083 493 3140 Profectus
512 3103 578 3141 ex
596 3087 806 3142 Troade
837 3094 1081 3143 moratur
1107 3088 1314 3144 moenia

209 3172 427 3244 Hospes
456 3173 696 3230 foventis
730 3175 962 3246 Cyrenei
991 3177 1184 3232 militis
1216 3195 1230 3232 :

211 3259 380 3330 Cujus
400 3270 677 3318 carentem
706 3265 921 3320 honore
950 3265 1090 3321 lucis
1121 3265 1296 3322 filium

205 3355 340 3410 Visu
379 3357 684 3413 reformans
714 3375 814 3430 per
851 3361 1032 3416 crucis
1059 3360 1408 3432 signaculum

207 3443 345 3499 Divo
376 3455 634 3516 parentes
659 3446 811 3503 fonte
841 3457 1022 3504 sacrat
1053 3450 1256 3506 elutos.

210 3535 460 3593 Matrona
479 3539 731 3610 quaedam
752 3547 875 3609 post
906 3541 1114 3597 tribuni
1147 3543 1407 3610 militum,

207 3626 306 3682 Cui
335 3629 538 3684 Thecla
567 3645 793 3698 nomen,
820 3631 932 3699 jam
962 3633 1064 3686 sub
1087 3633 1250 3687 annis
1278 3634 1535 3706 pluribus

206 3722 440 3778 Addicta
469 3723 663 3780 morbo
693 3724 980 3781 decubans
1008 3728 1320 3802 aegerrime,

203 3814 342 3869 Iesu
371 3817 647 3874 medentis
677 3818 929 3875 invocato
957 3821 1204 3888 nomine,

206 3909 371 3964 Manu
396 3908 574 3964 levata
588 3908 837 3978 sospitati
866 3908 1117 3965 redditur
1146 3927 1162 3978 ;

205 4001 333 4057 Mox
362 4008 417 4056 et
440 4001 718 4064 tribunus,
754 4017 892 4058 uxor
918 4009 1088 4073 atque
1120 4002 1308 4068 liberi,

211 4091 529 4162 Domusque
567 4098 681 4147 tota
707 4092 860 4163 pacis
879 4091 1028 4146 unda
1059 4091 1294 4167 tingitur
1324 4109 1336 4148 :

208 4177 408 4232 Divina
437 4178 594 4250 cujus
623 4179 679 4234 in
711 4180 876 4235 domo
903 4179 1238 4252 baptismata

211 4269 309 4322 Bis
335 4285 430 4324 sex
453 4286 553 4340 per
579 4286 758 4326 annos
782 4288 908 4326 cum
942 4271 1051 4342 piis
1080 4273 1383 4341 sodalibus,

206 4359 524 4428 Apollinare
555 4359 720 4415 dante
744 4362 868 4416 lotis
891 4362 1145 4433 mystica,

207 4448 498 4504 Missarum
520 4457 587 4507 ,et
612 4450 755 4505 alma
784 4451 1142 4521 percoluntur
1163 4453 1370 4508 munia.

201 4541 358 4596 Tunc
389 4542 605 4598 nobiles
625 4542 718 4597 hic
741 4543 1070 4621 dedicagtur
1106 4561 1400 4616 suppares,

203 4632 501 4688 Calocerus
526 4643 692 4705 atque
719 4635 994 4700 Aderitus,
1017 4637 1161 4690 aucti
1193 4637 1288 4708 qui
1319 4639 1492 4693 sacris

199 4721 443 4794 Uterque
474 4723 617 4778 diva:
648 4722 824 4779 factus
853 4724 992 4779 aulae
1020 4725 1332 4796 presbyter.

200 4815 270 4866 At
298 4811 625 4866 Martianum
655 4828 819 4868 carne
862 4813 1289 4881 nobilissimum,

199 4901 653 4974 Leucadiumque
674 4901 985 4973 disciplinis
1011 4903 1322 4975 praeditum,

200 4991 459 5047 Caelestis
487 5006 596 5046 arae
633 4991 871 5047 collocat
895 4992 1182 5061 diacones,

202 5084 467 5156 Aliosque
497 5085 663 5158 digne
691 5085 892 5155 prwsul
921 5092 1072 5156 aptat
1109 5087 1370 5156 clericos,

204 5177 340 5233 Cum
371 5177 534 5249 queis
561 5177 760 5233 diebus
779 5178 1085 5234 concinens
1112 5188 1168 5234 et
1194 5179 1473 5248 noctibus,

202 5269 433 5340 Hymnis
461 5285 759 5341 supernam
774 5271 1114 5342 personabat
1139 5272 1399 5345 gloriam.

273 5359 400 5414 Hec
422 5359 674 5430 optimati
706 5359 849 5415 fama
877 5361 1084 5431 promit
1102 5360 1309 5430 invida,

200 5453 304 5518 Qui
335 5452 819 5522 comprehendens
847 5453 1016 5520 hunc,
1044 5461 1264 5509 acervat
1295 5453 1569 5512 ﬂamines.

203 5540 447 5612 Piusque
477 5540 637 5595 saevis
664 5540 1036 5596 immolandus
1065 5542 1298 5598 traditur
1338 5561 1354 5610 ;

201 5629 471 5684 Mactatus
496 5628 629 5683 atris
657 5629 956 5686 semivivus
984 5629 1272 5703 linquitur,

203 5720 376 5776 Cibus
405 5720 639 5776 marinis
662 5736 727 5777 ac
755 5721 888 5778 feris
912 5724 1211 5795 exponitur
1236 5745 1254 5792 ,-

204 5811 424 5867 Scholae
448 5811 626 5868 beatae
648 5827 816 5883 quem
855 5812 1046 5885 legunt
1085 5814 1394 5881 domestici,

1947 2172 2080 2227 Dum
2107 2176 2427 2234 redditurus
2456 2179 2626 2236 verba
2665 2186 2930 2254 competit
2961 2187 3211 2255 domum,

1947 2264 2109 2322 Pulso
2139 2270 2340 2339 puella:
2370 2272 2707 2330 datsalutem
2741 2276 3015 2344 daemone,

1940 2355 2167 2428 Orisque
2193 2362 2417 2417 solvens
2445 2364 2581 2419 dura
2612 2373 2764 2422 muto
2791 2368 3035 2437 vincula,

1941 2447 2250 2523 Quingenta
2273 2470 2488 2511 summo
2514 2458 2682 2513 corda
2715 2459 2929 2516 Christo
2962 2471 3254 2533 praeparat.

1943 2539 2066 2594 Post
2099 2548 2318 2614 tempus
2347 2554 2554 2602 arctum
2591 2557 2774 2605 tentus
2801 2552 2928 2607 hinc
2954 2554 3023 2607 ab
3045 2555 3284 2610 ethnicis

1944 2630 2042 2684 Diu
2071 2635 2277 2690 severis
2302 2646 2610 2694 maceratur
2635 2640 2894 2708 fustibus,

1941 2719 2210 2792 Stetitque
2240 2725 2421 2781 nudus
2451 2729 2581 2802 igne
2607 2729 2810 2800 plantis
2836 2732 3059 2790 subdito
3088 2753 3102 2800 ;

1942 2813 2005 2866 At
2042 2814 2173 2869 dum
2203 2832 2306 2871 nec
2332 2816 2460 2889 igne
2492 2834 2596 2874 nec
2624 2820 2857 2894 ﬂagellis
2872 2824 3132 2891 vincitur,

1942 2901 2140 2958 Poenas
2167 2905 2515 2977 triumphans
2531 2908 2708 2965 victor
2737 2910 2876 2965 urbe
2910 2912 3154 2982 pellitur.

1943 2993 2181 3061 Hujusce
2203 3013 2308 3052 nec
2336 3015 2618 3055 murorum
2655 3001 2726 3056 ab
2766 3003 2977 3058 ambitu
3008 3006 3197 3075 procul

1861 3119 1910 3187 Ο
1943 3080 2139 3137 Christi
2176 3085 2455 3158 tugurium
2479 3089 2846 3157 possidebant
2873 3107 3179 3162 pauperes;

1940 3173 2132 3230 Divina
2158 3181 2352 3232 tractat
2390 3178 2480 3234 hic
2513 3195 2670 3235 sacer
2700 3182 2984 3251 mysteria,

1941 3263 2173 3318 Sacrans
2203 3265 2419 3322 lavacro
2449 3277 2600 3323 vasta
2613 3278 2804 3324 sancto
2831 3273 3034 3326 caerula

1939 3353 2034 3408 Pio
2065 3355 2281 3410 Domini
2314 3358 2518 3413 timore
2550 3359 2996 3427 formidantium,

1938 3441 2108 3499 Isthic
2127 3445 2372 3521 benigno
2402 3448 2646 3518 pascitur
2677 3448 2899 3504 solatio.

1938 3532 2232 3606 Postquam
2264 3544 2509 3590 moratur
2542 3535 2632 3590 hic
2655 3551 2755 3606 per
2776 3551 2953 3592 annos
2979 3537 3279 3608 quotlibet,

1940 3629 2256 3684 llluminare
2288 3631 2469 3700 pergit
2497 3629 2784 3694 Emeliam,
2816 3646 3022 3704 gerens

1937 3718 2148 3774 Virtute
2176 3719 2376 3775 Christi
2396 3721 2554 3793 signa
2585 3721 2746 3775 nixus
2776 3721 3036 3791 plurima.

1945 3811 2064 3867 Rufi
2096 3828 2347 3868 reversus
2375 3813 2505 3868 inde
2538 3828 2767 3884 compos
2806 3810 2974 3866 filiam

1943 3905 1983 3958 A
2013 3913 2189 3961 morte
2217 3906 2388 3961 functi
2407 3906 2689 3962 suscitavit
2714 3905 2964 3975 corporis
2997 3922 3011 3970 ;

1939 3995 2152 4050 Prolem
2183 3995 2314 4050 dein
2343 3995 2552 4051 orbatis
2578 3994 2743 4050 refert
2774 3993 3115 4065 parentibus,

1940 4085 2248 4141 Perfectum
2281 4083 2566 4139 alumnum
2598 4083 2854 4140 Veritatis
2873 4098 2934 4137 se
2965 4082 3195 4148 docens,

1938 4178 1980 4232 Α
2007 4186 2182 4233 morte
2215 4177 2401 4247 plures
2426 4175 2683 4232 excitavit
2724 4175 2972 4246 spiritus,

1941 4269 2147 4341 Deique
2180 4268 2308 4324 fecit
2345 4268 2727 4324 consecrando
2757 4265 2903 4322 ﬁlios
2937 4284 2949 4320 :

1940 4357 2072 4411 Nam
2103 4366 2236 4412 tunc
2265 4364 2544 4413 trecentos
2563 4366 2800 4428 quatuor
2822 4353 3126 4426 promiscui

1854 4482 1910 4550 D
1942 4449 2114 4504 Sexus
2136 4449 2351 4520 parenti
2379 4448 2687 4520 procreavit
2717 4447 2932 4503 coelico.

1942 4542 2162 4609 Rufum,
2205 4541 2430 4612 patricia
2462 4540 2729 4613 dignitate
2761 4539 3078 4610 praeditum,

1935 4630 2131 4686 Christi
2163 4629 2364 4684 dicavit
2391 4630 2558 4685 corde
2589 4643 2763 4699 prono
2794 4627 3098 4695 servulum,

1935 4719 2051 4785 Quo
2085 4719 2265 4790 Capua
2295 4719 2451 4774 dives
2483 4717 2657 4773 ditior
2687 4716 2745 4771 fit
2776 4726 3035 4789 martyre.

1926 4810 2149 4865 Matrem
2184 4809 2380 4880 puellae
2412 4808 2562 4864 fonte
2594 4823 2751 4865 sacro
2768 4807 2951 4872 diluit,

1933 4898 2223 4970 Ipsamque
2245 4908 2457 4970 raptam
2482 4897 2739 4954 immanis
2761 4896 2884 4952 Orci
2913 4895 3166 4952 faucibus

1935 4985 2147 5042 Christo
2169 4987 2384 5042 beatam
2416 4985 2694 5042 dedicavit
2721 4985 3022 5059 virginem,

1932 5079 2006 5134 Ac
2037 5079 2314 5135 roboravit
2343 5095 2676 5151 permanere
2708 5077 3073 5134 immobilem.

1933 5171 2340 5227 Annuntiantur
2366 5180 2524 5246 gesta
2555 5169 2675 5226 Rufi
2707 5169 2904 5225 Caesari
2941 5187 2956 5235 ;

1931 5267 1994 5320 At
2021 5267 2140 5338 ipse
2161 5282 2536 5324 successorem
2568 5267 2619 5322 ei
2646 5280 2771 5321 mox
2803 5264 3110 5332 destinans,

1931 5361 2134 5416 Scribit
2149 5359 2399 5431 jubendo
2430 5358 2629 5414 litteris
2648 5357 2854 5414 vicario

1927 5453 2252 5508 Dissuadeat
2288 5459 2382 5507 aut
2411 5451 2803 5522 Apollinarem,
2842 5456 2938 5504 aut
2967 5449 3213 5505 exsulem

1927 5549 2113 5622 Longe
2140 5547 2348 5620 releget
2375 5562 2408 5601 a
2435 5546 2712 5602 Ravenna
2753 5543 2978 5601 finibus.

1931 5638 2102 5703 Quem
2133 5635 2505 5709 praestitutum
2537 5635 2851 5710 interrogat
2873 5632 3133 5697 vicarius,

1929 5727 2198 5800 Minisque
2224 5724 2484 5792 tundens,
2514 5739 2618 5780 nec
2642 5725 2856 5782 moveri
2889 5723 3283 5796 comprobans,

1931 5820 2162 5877 Exutum
2193 5817 2396 5875 amictu
2428 5817 2586 5875 caede
2616 5817 2895 5894 virgarum
2924 5817 3101 5890 quatit
3128 5834 3145 5882 ;

3451 424 3556 479 610
