3890 6404
419 413 517 468 611
1121 401 1489 457 FLODOARDI
1531 396 1836 454 CANONICI
1877 387 2211 448 REMENSIS
2252 388 2588 445 OPUSCULA
2629 391 2936 447 METRICA.

422 541 769 606 Gemensque
801 531 971 588 temni
1002 545 1142 583 saeva
1164 536 1348 582 mente
1373 525 1628 589 verbera,

423 624 710 679 Perfundit
736 625 884 678 unda
918 621 1187 675 bullientc
1218 620 1464 672 vulnera.

427 715 560 769 Hinc
589 719 807 784 torquet
837 726 1142 782 appensum
1173 725 1268 763 ora
1296 707 1533 762 tondens
1555 718 1851 765 marmore,

425 808 865 877 Cravissimoque
895 805 1024 859 ferri
1063 809 1323 858 onustum
1357 801 1624 872 pondere,

429 899 483 952 In
527 899 636 951 ima
666 895 874 951 claudit
903 892 1138 948 carceris
1161 890 1447 954 teterrimi,

425 989 708 1062 Lignoque
741 990 954 1036 tensum
988 981 1107 1054 lege
1139 981 1275 1034 dura
1305 976 1546 1034 conficit.

428 1081 713 1135 lIominum
737 1076 962 1131 relictus
990 1073 1079 1126 hic
1109 1072 1334 1143 quidem
1358 1069 1579 1133 solatio,

422 1172 528 1226 Sed
558 1171 878 1244 angelorum
915 1165 1159 1236 pascitur
1187 1163 1395 1218 cibario
1420 1179 1434 1225 ;

427 1264 487 1316 Et
518 1276 586 1315 ne
627 1266 846 1331 putetur
873 1257 998 1311 vilis
1025 1263 1295 1311 astrorum
1331 1251 1566 1316 Arbitro,

422 1351 584 1404 Pastu
614 1347 819 1418 potitur
847 1345 1170 1419 angelorum
1201 1344 1255 1397 in
1271 1342 1496 1412 publico
1527 1357 1540 1393 :

426 1440 727 1496 Productus
754 1445 871 1493 atro
896 1439 1012 1492 sole
1045 1444 1242 1507 quarto
1272 1448 1490 1489 carcere

421 1533 644 1587 Vinctus
673 1529 884 1586 catenis
915 1530 1224 1583 exsulatum
1256 1527 1494 1581 mittitur
1530 1542 1544 1589 ;

421 1626 550 1680 Tres
572 1631 774 1696 sponte
806 1623 930 1678 navi
961 1639 1020 1676 se
1045 1622 1370 1676 invehentes
1400 1618 1584 1674 clerici

423 1718 592 1787 Opem
621 1715 848 1789 benigni
881 1713 1304 1768 subministrant
1334 1710 1544 1765 ferculi.

423 1811 734 1865 Turbantur
764 1809 1050 1883 indignata
1080 1809 1247 1863 rebus
1273 1821 1496 1878 aequora

426 1901 534 1954 Viri
566 1900 800 1953 moleste
833 1897 1090 1965 injuriam
1125 1896 1379 1961 ferentia,

427 1988 779 2060 Iniquitatem
803 1987 1085 2041 vindicare
1118 1985 1365 2056 parantia
1403 2001 1415 2037 :

428 2082 594 2136 Ferus
633 2079 967 2151 profundum
998 2076 1180 2130 sidera
1212 2081 1410 2145 petens
1427 2071 1654 2127 vertice.

427 2171 651 2241 Imaque
680 2182 884 2241 gurges
907 2164 1170 2236 panditur
1201 2160 1466 2235 voragine
1500 2177 1514 2226 ;

425 2261 578 2315 Nunc
613 2259 817 2331 puppis
849 2258 958 2312 alta
995 2256 1200 2312 scindit
1225 2253 1390 2309 undis
1421 2252 1636 2319 nubila,

427 2357 582 2411 Nunc
618 2355 773 2426 lapsa
802 2355 983 2425 pulsat
1013 2353 1123 2407 ima
1163 2367 1411 2422 praeceps
1453 2363 1726 2403 marmora
1754 2363 1766 2398 :

427 2446 702 2518 Compage
726 2443 880 2497 navis
901 2441 1166 2496 dissoluta
1195 2440 1429 2510 suscipit

429 2538 651 2592 Hostem
673 2552 946 2601 severum,
978 2534 1122 2588 salsa
1151 2533 1385 2588 sorbens
1415 2531 1613 2586 caarula
1638 2547 1652 2594 ;

433 2627 614 2680 Rimas
648 2642 745 2696 per
775 2640 968 2680 omnes
996 2639 1144 2678 mors
1178 2628 1432 2692 penetrat
1463 2619 1695 2680 fervida,

429 2718 614 2770 Saevos
643 2721 1000 2785 sequestrans
1029 2727 1060 2765 a
1091 2711 1306 2781 piorum
1337 2709 1510 2781 gloria
1544 2727 1558 2771 ;

430 2812 577 2872 Quos
606 2805 820 2859 ultione
850 2803 1067 2858 subruit
1099 2801 1447 2874 dignissime,

433 2900 496 2953 Ut
525 2898 662 2951 «Iura
681 2897 904 2950 beatum
936 2909 1121 2949 arcere
1153 2894 1372 2946 Patrem
1405 2891 1600 2962 patriae

428 2990 708 3055 Tendunt,
731 2987 835 3041 soli
869 2994 1161 3041 arceantur
1182 2985 1332 3040 omni
1359 2984 1552 3055 patria.

433 3082 753 3155 Merguntur
793 3079 870 3133 illi
901 3079 1147 3134 devorati
1175 3077 1474 3141 ﬂuctibus;

430 3174 728 3227 Servantur
751 3170 895 3224 arvis
925 3176 980 3223 at
1010 3167 1087 3239 pii
1107 3165 1480 3223 clementibus
1505 3183 1520 3231 ;

431 3265 542 3322 Scit
571 3266 802 3320 liberare
823 3265 1003 3333 justus
1031 3277 1221 3334 zequos
1249 3260 1472 3326 arbiter,

428 3359 694 3429 Justaque
724 3357 826 3411 scit
857 3371 1088 3410 censura
1122 3353 1346 3424 iniquos
1388 3351 1619 3422 perdere
1653 3367 1667 3413 ;

433 3448 497 3502 Ut
525 3446 722 3501 liberat
752 3446 1015 3500 vernulos
1035 3443 1287 3517 ngyptio

429 3538 715 3603 Quondam
741 3538 896 3606 jugo,
930 3553 1030 3606 per
1059 3536 1167 3589 aita
1199 3534 1453 3605 prazbens
1482 3547 1707 3603 aequora

433 3627 681 3698 Profugis
713 3625 970 3687 salutem,
1000 3631 1403 3694 persequentes
1431 3622 1688 3676 obruens.

434 3713 768 3785 Apollinaris
793 3729 917 3768 cum
945 3712 1218 3766 ministris
1249 3711 1557 3766 commodis

441 3802 758 3857 Desiderata
788 3801 972 3855 salvus
998 3800 1165 3854 intrat
1191 3799 1371 3853 littora
1401 3816 1415 3864 ;

440 3899 582 3953 Duos
612 3896 775 3952 saluti
815 3896 953 3950 dans
983 3894 1145 3949 simul
1172 3893 1462 3959 satellites,

439 3990 585 4051 Quos
614 3985 768 4041 vellit
799 3984 964 4039 undis
997 3983 1162 4038 funus
1192 3981 1560 4037 inferentibus

433 4076 695 4146 Lavitque
722 4074 961 4145 lymphis
989 4089 1159 4147 regna
1187 4072 1311 4127 vitae
1350 4072 1626 4126 dantibus.

429 4169 755 4242 PrOgressus
789 4165 918 4220 inde
951 4181 1077 4218 rura
1115 4165 1310 4219 lustrat
1335 4165 1558 4218 Isthmia
1588 4181 1600 4216 :

429 4262 564 4315 Tum
597 4267 723 4331 post
749 4258 1366 4314 Corinthumtransiens
1397 4259 1452 4310 in
1480 4258 1744 4323 Mcesiam,

433 4351 619 4405 Cutem
643 4348 844 4420 leprosi
885 4356 1043 4418 turpe
1078 4361 1262 4402 naevos
1291 4346 1554 4417 squallidi

435 4443 637 4496 Decore
667 4455 915 4505 comens,
951 4439 1242 4493 sanitatem
1267 4438 1544 4504 reddidit;

434 4532 689 4600 Majorem
711 4538 766 4586 et
787 4531 999 4585 addens
1021 4530 1147 4585 huic
1166 4545 1352 4600 opem,
1383 4546 1550 4602 quem
1573 4544 1807 4600 corpore

432 4620 691 4684 Salvavit,
715 4620 880 4675 etiam
912 4628 1097 4675 mente
1124 4621 1297 4675 salvat
1329 4628 1486 4674 eruta

433 4710 512 4762 Ab
545 4709 889 4763 ethnicarum
923 4707 1168 4764 foeditate
1211 4708 1488 4773 sordium,

436 4797 694 4851 Animam
727 4796 960 4852 lavando
985 4796 1266 4851 ablutione
1295 4796 1564 4867 corporis.

436 4886 739 4956 Ripamque
762 4885 828 4939 ad
861 4885 986 4939 lstri
1017 4885 1335 4958 demigrans
1367 4885 1568 4940 multos
1589 4884 1697 4938 sibi

433 4977 724 5032 Connectit
749 4977 891 5031 alma
924 4977 1212 5032 roboratos
1237 4976 1420 5031 infide
1447 4995 1460 5043 ;

434 5070 640 5124 Necare
672 5086 837 5140 quem
871 5070 1002 5124 dum
1031 5069 1592 5143 gestiuntincreduli,

434 5162 620 5215 Partes
657 5163 897 5231 capessit
919 5162 1270 5232 praedicando
1304 5162 1504 5216 hracia:
1536 5179 1548 5214 :

433 5257 730 5310 Terrentur
754 5257 845 5311 hic
872 5272 939 5312 eo
979 5264 1226 5312 morante
1253 5257 1554 5322 daemones,

433 5344 652 5414 Serapis
681 5345 800 5411 ejus
821 5346 1030 5400 obticet
1061 5347 1354 5417 praesentia

436 5435 720 5503 Responsa
758 5434 900 5491 ferre
927 5454 1029 5492 nec
1055 5439 1199 5492 valet
1229 5438 1553 5513 rogantibus
1586 5456 1600 5504 ;

427 5524 671 5580 Tandem
704 5533 928 5583 vocatus
958 5530 1062 5585 hoc
1091 5531 1329 5603 remugit
1354 5530 1582 5600 spiritus
1619 5547 1631 5582 :

437 5641 452 5665 ι‹
491 5615 724 5671 Advenit
756 5615 873 5672 haec
899 5621 954 5674 in
995 5639 1123 5676 arva
1153 5624 1460 5694 discipulus
1491 5625 1634 5679 Petri

433 5705 631 5761 Christi
667 5709 879 5763 catenis
905 5727 990 5766 me
1024 5713 1205 5784 ligans
1233 5717 1469 5785 apostoli
1507 5736 1522 5776 ς

429 5795 582 5850 Ηυηο
615 5787 673 5842 ni
707 5797 896 5856 procul
925 5798 1159 5854 studetis
1181 5801 1311 5857 hinc
1326 5803 1630 5872 depellere,

2073 1838 2124 1905 B

2068 521 2112 586 Α
2142 515 2430 584 Responsa
2457 516 2616 571 vobis
2655 532 2764 571 non
2795 516 3042 571 valemus
3072 515 3322 570 reddere.
3368 537 3396 564 ι)

2144 605 2216 656 Ad
2251 605 2418 680 ﬂagra
2451 614 2671 661 sanctus
2703 605 3030 677 perferenda
3051 607 3353 678 quieritur;

2146 693 2412 764 ltepertus
2442 695 2616 765 aspris
2642 695 2968 750 verberatur
3001 695 3259 750 fustibus.

2147 787 2210 841 Ut
2238 795 2426 842 censet
2455 795 2634 843 autem
2666 789 2912 844 Christus
2942 789 3065 844 urbi
3097 789 3333 844 reddere

2149 877 2302 930 Hunc
2339 877 2631 932 destinate
2661 877 2730 932 ab
2761 877 2993 933 arbitrio
3025 877 3346 948 provinciae,

2146 966 2276 1020 Navi
2307 981 2475 1037 super
2509 968 2718 1037 petenti
2755 967 2962 1022 Italiam
2992 968 3236 1037 ponitur,

2144 1058 2319 1112 Sociis
2343 1059 2583 1133 gregatis
2612 1059 2838 1130 insuper
2865 1059 2970 1113 sibi
3003 1057 3286 1114 omnibus.

2146 1145 2336 1200 Divina
2368 1147 2571 1217 passim
2604 1149 2683 1202 sic
2714 1162 3029 1221 prepagans
3055 1146 3272 1202 semina

2146 1235 2300 1290 Anno
2333 1235 2520 1291 revisit
2549 1243 2662 1290 tum
2695 1238 3006 1292 Ravennam
3041 1235 3224 1290 tertio.

2149 1330 2341 1384 Paucis
2367 1329 2567 1384 diebus
2601 1330 2689 1385 hic
2711 1331 2951 1386 tumultu
2975 1339 3169 1400 postea

2148 1425 2297 1491 Orto,
2340 1425 2587 1496 profanis
2615 1425 2822 1496 impetu
2852 1424 3144 1479 ruentibus

2149 1516 2353 1572 Vinclis
2373 1519 2597 1573 adactus
2628 1519 2684 1572 in
2712 1517 2890 1573 forum
2924 1517 3248 1587 perducitur

2150 1607 2243 1662 Hic
2282 1623 2458 1662 caesus
2485 1613 2538 1662 et
2565 1617 2795 1662 cruenta
2824 1624 3022 1678 passus
3052 1607 3304 1672 vulnera,

2148 1698 2288 1752 Sinit
2313 1699 2541 1770 superbi
2571 1698 2823 1753 flamines
2847 1698 3094 1768 Capitolii

2151 1792 2337 1847 Sacris
2367 1808 2488 1847 cum
2524 1807 2633 1862 quo
2665 1798 2966 1865 suggerant
2996 1791 3265 1862 Apollinis
3299 1809 3313 1850 ς

2154 1880 2266 1936 IIuc
2305 1881 2502 1936 ductus
2531 1890 2776 1935 actutum
2806 1897 3002 1952 preces
3016 1887 3076 1935 ut
3108 1881 3292 1953 erigit,

2153 1969 2458 2024 Simulacra
2489 1969 2679 2024 Phcebi
2703 1969 2974 2024 dissoluta
3014 1967 3204 2036 diruit,

2152 2062 2472 2134 Vanumque
2492 2078 2695 2117 numen
2718 2063 3077 2117 comminutis
3114 2062 3372 2133 exprimit
3405 2079 3419 2126 ;

2156 2156 2216 2209 Et
2246 2171 2315 2209 ne
2347 2155 2556 2210 feratur
2580 2155 2636 2209 id
2668 2172 2885 2226 parum,
2917 2155 3028 2210 fani
3061 2155 3246 2210 omnia

2158 2250 2346 2306 Fundo
2376 2237 2638 2306 fatiscunt
2658 2251 2927 2323 dissipata
2957 2252 3184 2306 moenia.

2160 2343 2350 2398 Istluec
2387 2349 2606 2398 tuentes
2635 2344 2962 2414 obstrepunt
2989 2343 3214 2399 fanatici

2158 2432 2357 2487 Senem
2392 2432 2696 2488 frementes
2725 2433 2921 2508 stragis
2960 2433 3396 2504 hujusimpium,

2159 2523 2329 2586 Quem
2357 2530 2531 2579 morte
2558 2540 2704 2579 saeva
2735 2525 3078 2595 puniendum
3102 2526 3404 2596 postulant,

2158 2615 2513 2687 Traduntque
2545 2616 2719 2672 Tauro
2753 2617 2977 2686 (nomen
3005 2617 3150 2672 istud
3176 2617 3400 2686 judici).

2163 2710 2298 2764 Huic
2320 2725 2496 2765 caecus
2521 2711 2656 2764 olim
2689 2712 2880 2765 matris
2919 2711 3042 2766 alvo
3074 2711 3246 2779 ﬁlius,

2161 2797 2257 2853 Cui
2287 2797 2480 2853 Christi
2511 2799 2848 2869 Apollinaris
2885 2801 2993 2854 alto
3026 2801 3252 2855 nomine

2161 2889 2367 2944 Lumen
2401 2888 2644 2945 refundit
2676 2890 2948 2958 invocato,
2981 2891 3235 2961 plurimis

2160 2980 2394 3050 Stupore
2425 2980 2628 3035 mentis
2655 2996 2769 3034 rem
2801 2995 2998 3036 novam
3026 2981 3376 3036 volventibus
3408 3001 3425 3046 ;

2159 3072 2232 3125 Ac
2257 3070 2471 3125 veritati
2501 3072 2669 3126 corda
2696 3072 3153 3127 submittentibus
3187 3088 3200 3138 ;

2086 3206 2136 3274 Ο
2160 3163 2463 3235 Mansitque
2491 3165 2648 3219 Tauri
2681 3165 2932 3235 praesidis
2953 3165 3036 3220 vir
3053 3166 3262 3236 praedio

2169 3258 2367 3311 Beatus
2390 3257 2548 3311 annis
2578 3273 2731 3312 sacra
2763 3258 2985 3312 tradens
3015 3265 3288 3329 quattuor.

2168 3353 2326 3408 Sexto
2375 3360 2616 3408 remotus
2656 3353 2801 3408 Urbe
2827 3354 3105 3409 milliario.

2117 3493 2124 3496 _
2168 3445 2304 3500 Hinc
2333 3444 2627 3501 Christiani
2660 3453 3036 3501 commeantes
3070 3446 3266 3516 pocula

2165 3538 2297 3591 Vitae
2327 3553 2523 3592 serena
2554 3537 2884 3592 hauriebant
2908 3538 3165 3612 dogmata
3194 3557 3210 3601 ;

2158 3630 2451 3701 Virtusque
2484 3631 2649 3685 tantis
2682 3631 2808 3685 trita
2831 3630 3204 3701 passionibus,

2159 3719 2473 3773 Aromatum
2503 3719 2572 3772 de
2603 3734 2757 3773 more
2786 3718 2870 3773 vel
2903 3718 3356 3784 medicaminum,

2161 3812 2409 3867 Excrevit
2435 3812 2598 3881 hujus
2617 3812 2761 3867 facta
2781 3813 2860 3867 sic
2889 3811 3186 3877 ditissima,

2167 3903 2486 3959 lnﬁrmitate
2518 3920 2628 3976 quo
2653 3905 2943 3960 subactum
2973 3904 3220 3976 qualibet

2166 3994 2392 4049 Ductum
2422 3995 2527 4048 sibi
2563 4011 2689 4050 mox
2717 3994 2938 4050 sanitati
2966 3994 3248 4048 redderet.

2165 4081 2419 4137 Cucurrit
2449 4090 2632 4138 autem
2667 4082 3018 4136 fraudulenta
3050 4082 3244 4136 relatio

2164 4173 2312 4228 Orsis
2344 4174 2692 4229 inimicorum
2725 4174 2792 4228 ad
2825 4174 3005 4243 ipsum
3039 4172 3328 4239 Ctesarem,

2165 4261 2362 4317 Contra
2393 4262 2614 4317 beatum
2643 4262 2778 4316 falsa
2810 4271 3038 4331 portans
3072 4262 3390 4331 praesulem,

2164 4353 2340 4408 Edicit
2365 4353 2458 4407 ille
2488 4353 2574 4408 vel
2603 4353 2724 4408 deis
2751 4352 3050 4408 temerario

2161 4447 2290 4511 Quis
2328 4463 2420 4502 ore
2436 4453 2615 4518 portat
2644 4447 3030 4519 exprobrando
3058 4447 3336 4516 injuriam,

2074 4571 2131 4639 D
2158 4537 2342 4591 Faciat
2373 4537 2528 4604 satis,
2570 4537 2656 4592 vel
2679 4537 2814 4592 urbe
2849 4537 3086 4608 pellatur
3103 4537 3249 4591 data.

2163 4629 2441 4684 Perfertur
2469 4632 2584 4686 meo
2605 4632 2961 4686 Demostheni
2991 4631 3316 4701 praeceptio,

2165 4717 2380 4773 Honore
2412 4718 2594 4773 dictus
2611 4729 2697 4773 est
2726 4719 2884 4774 Pater
2914 4720 3008 4790 qui
3035 4719 3237 4774 civium

2161 4805 2491 4861 Crudelitate
2528 4815 2848 4878 persecutor
2875 4807 3091 4862 mitium
3131 4826 3144 4860 :

2161 4895 2528 4964 Apollinarem
2559 4897 2646 4952 hic
2672 4897 2923 4951 exhiberi
2968 4896 3235 4967 praecipit,

2161 4986 2464 5058 Validoque
2490 4987 2657 5043 fixum
2685 5004 2872 5045 amore
2915 4987 3129 5044 Christo
3161 4987 3429 5052 sentiens,

2161 5080 2296 5134 Dum
2321 5081 2525 5154 cogitat
2554 5097 2663 5151 quo
2694 5082 2886 5151 perdat
2915 5090 3097 5136 actum
3128 5081 3388 5146 tormine,

2159 5171 2268 5225 Viri
2297 5172 2478 5226 fidelis
2509 5174 2789 5244 mancipat
2819 5173 3088 5228 custodia;
3120 5191 3134 5240 ;

2155 5263 2265 5318 Nec
2288 5262 2655 5319 Christianum
2689 5265 3003 5336 suspicatus
3035 5267 3184 5320 hunc
3212 5265 3349 5325 fore.

2156 5356 2326 5419 Quem
2359 5357 2537 5412 noctis
2567 5357 2912 5429 intempesta
2930 5358 2974 5412 is
3004 5359 3060 5412 in
3085 5357 3306 5412 silentio

2159 5447 2237 5500 Ad
2266 5447 2612 5503 edocendum
2637 5455 2792 5521 gesta
2812 5447 3011 5502 Christi
3044 5447 3304 5522 insignia,

2161 5537 2454 5602 Permittit,
2491 5539 2600 5595 imo
2630 5541 2800 5613 cogit,
2833 5539 2912 5594 ire
2947 5539 3201 5594 liberum.

2160 5632 2222 5683 At
2245 5630 2375 5684 dum
2405 5639 2705 5687 retractans
2732 5632 2878 5686 bella
2906 5631 3066 5686 miles
3089 5639 3284 5686 caetera

2166 5719 2442 5789 Requirat,
2461 5736 2531 5774 an
2563 5723 2918 5792 tropzea,jam
2949 5737 3097 5776 nunc
3117 5721 3352 5792 eXpleat,
3405 5725 3408 5728 ’

2162 5808 2453 5866 Cunctatur
2495 5812 2654 5868 horas
2685 5812 3024 5884 implicando
3083 5821 3430 5887 transagens,

3673 395 3769 448 612
