3890 6398
154 397 264 450 613
790 394 871 449 DE
912 393 1176 449 CHRISTI
1214 394 1578 450 TRIUMPHIS
1617 396 1791 452 APUD
1833 396 2101 469 ITALIAM
2141 398 2318 455 LIBRI
2359 398 2490 456 XIV.
2534 430 2591 440 -—
2640 401 2767 456 LIB.
2808 402 2877 461 II.
3399 409 3503 464 614

160 518 391 592 Fugisse
431 518 595 573 deses
627 534 697 573 ne
729 526 956 589 putetur
986 519 1195 590 praelia,
1807 530 1864 597 Α
1893 524 2134 581 Ventura
2162 525 2307 582 bella
2332 526 2419 581 vel
2450 527 2760 599 triumphos
2783 544 3154 600 praemonens,

156 608 369 662 Tenent
396 616 705 661 morantem
736 618 1148 679 consequentes
1178 610 1409 676 ethnici,
1889 612 2223 684 Apollinaris
2256 615 2365 670 line
2398 616 2545 671 claro
2587 616 2854 691 fungitur.

160 698 543 768 Prensumque
580 696 803 751 caedunt
841 707 1188 779 macerantes
1219 701 1470 756 verbere.
1891 707 2143 779 Capessit
2168 709 2374 764 almum
2406 719 2552 765 terra
2581 726 2803 781 corpus,
2835 729 2996 767 saxea

161 786 298 840 Dum
329 791 519 840 rentur
549 784 697 840 inter
722 786 896 858 ﬂagra
922 787 1063 842 dura
1095 796 1395 857 mortuum,
1891 798 2141 855 Clausum
2169 799 2272 854 sub
2307 816 2457 868 arca,
2489 809 2641 856 extra
2673 803 2945 859 Ravennae
2977 806 3204 873 moenia,

162 876 462 949 Linquuut,
487 877 723 933 latenter
747 895 914 950 quem
944 880 1184 936 ministri
1211 882 1502 956 colligunt,
1890 890 2061 954 Quam
2086 897 2225 947 rexit
2245 890 2440 946 urbem
2473 892 2676 948 missus
2707 894 2815 948 huc
2840 910 2873 949 a
2904 895 3157 968 principe

158 970 489 1042 Tolluntque
520 970 763 1042 quodam
794 972 1172 1029 subvehentes
1201 976 1440 1045 praedio;
1890 985 2276 1054 Apostolorum
2305 985 2374 1039 ab
2400 986 2537 1041 urbe
2569 986 2737 1042 Roma
2770 988 3038 1058 pontifex.

163 1064 505 1138 Septemque
535 1066 629 1137 qui
662 1077 954 1137 superstes
983 1068 1190 1124 advivit
1210 1069 1351 1136 dies,
1877 1074 1989 1130 ,Bis
2018 1082 2255 1146 quatuor
2292 1076 2485 1131 decem
2520 1093 2620 1147 per
2641 1093 2817 1133 annos
2850 1080 3157 1150 praesidens

160 1155 379 1230 Jugiter
406 1155 602 1211 ﬁdeles
630 1172 701 1212 ne
732 1156 842 1212 fide
872 1159 1229 1215 discederent
1896 1156 2235 1233 vespasiano
2262 1180 2392 1238 rege
2421 1181 2636 1236 passus,
2665 1166 2856 1221 ultima

162 1246 414 1315 Monens,
444 1247 673 1319 profatis
705 1248 930 1305 instruit
959 1251 1282 1307 coelestibus
1312 1270 1327 1319 ;
1896 1254 1999 1311 Pro
2027 1256 2276 1312 veritatis
2306 1257 2469 1312 laude
2498 1258 2717 1313 scandit
2737 1259 2962 1314 aethera.

161 1336 253 1393 Sic
272 1337 552 1411 gloriosus
584 1338 747 1395 laude
779 1340 975 1396 Christi
1008 1343 1294 1412 praeditus,

1217 1463 1552 1519 INCIPIUNT
1596 1465 1919 1523 CAPITULA
1949 1467 2127 1523 LIBRI
2159 1468 2465 1525 SECUNDI.

162 1554 292 1609 CAP.
327 1555 368 1609 I.
401 1584 472 1594 —
499 1557 773 1611 Desancto
800 1557 1080 1611 Clemente.

331 1624 397 1698 Il.
430 1656 500 1665 —
524 1629 598 1681 De
623 1634 809 1683 sancto
842 1631 1046 1683 Joanne
1061 1631 1304 1698 apostolo

328 1697 422 1771 Ill.
454 1727 526 1737 —
556 1702 632 1754 De
668 1701 996 1767 confessione
1018 1697 1455 1771 propinquorum
1486 1703 1694 1759 Christi
1721 1720 1900 1759 coram
1932 1706 2259 1761 Domitiano.

328 1767 413 1841 ly.
446 1798 519 1807 ——
545 1773 622 1825 De
648 1771 853 1825 ultione
880 1767 1558 1841 secundm—persecutionis.

331 1838 395 1913 Y_.
424 1870 490 1878 —
518 1843 593 1895 De
620 1842 802 1896 reditu
827 1845 1005 1897 sancti
1030 1838 1261 1898 Joannis
1287 1848 1652 1913 evangelista.

332 1910 417 1964 Vl.
451 1941 521 1951 —-
548 1915 622 1967 De
649 1915 842 1968 exsilio
870 1919 1183 1969 sanctorum
1224 1917 1387 1973 Nerei
1420 1910 1468 1970 et
1500 1917 1750 1970 Achillei.

332 1981 441 2035 Vll.
466 2013 536 2023 —
555 1985 766 2041 Relatio
787 1987 966 2040 sancti
990 1987 1237 2041 Marcelli
1257 1988 1323 2042 de
1350 1989 1640 2044 miraculis
1669 1991 1851 2045 sancti
1873 1990 2020 2044 Petri

332 2051 469 2107 VIII.
503 2084 574 2093 —
604 2059 679 2110 De
707 2062 899 2111 sancta
924 2058 1244 2112 Petronilla.

340 2124 403 2177 Ix
454 2155 525 2165 —
553 2128 630 2180 De
654 2132 847 2182 sancta
872 2128 1129 2182 Felicula.

343 2194 402 2249 X.
437 2227 503 2237 —
536 2199 610 2251 De
647 2203 833 2253 sancto
861 2200 1163 2256 Nicomede.

331 2264 419 2339 διε
455 2297 523 2306 -
549 2271 624 2322 De
646 2272 914 2339 martyrio
931 2276 1251 2326 sanctorum
1275 2272 1512 2327 Nerei’et
1532 2272 1788 2327 Achillei.

331 2336 443 2393 XII.
475 2368 546 2377 —
572 2342 649 2393 De
676 2336 879 2395 sanctis
907 2344 1117 2407 Eutice,
1154 2342 1435 2397 Victurnio
1471 2347 1521 2397 et
1552 2344 1821 2398 Seuerino.

496 2413 657 2487 —-I_)e
693 2417 886 2487 sancta
902 2414 1491 2487 Domitilla,_Marcello
1521 2430 1750 2483 quoque,
1790 2419 1840 2468 et
1878 2415 2403 2487 Apuleio,:Sulpitio
2433 2423 2482 2472 et
2513 2420 2835 2475 Serviliam.

326 2478 454 2533 XIV.
486 2512 552 2520 —
584 2485 659 2536 De
687 2483 959 2551 doctrina,
989 2485 1273 2540 miraculis
1300 2492 1350 2540 et
1376 2478 1656 2554 passi—07w-
1675 2478 1853 2539 sancti
1883 2478 2183 2542 Clementis.

1054 2625 1503 2715 INCIPIT
1570 2626 1924 2713 LIBER
1989 2629 2626 2719 SECUNDUS.

1584 2776 1792 2834 CAPUT
1838 2777 2121 2835 PRIMUM.

1504 2881 1584 2941 De
1624 2889 1831 2941 sancto
1864 2880 2184 2942 Clemente.

163 3006 389 3062 Janitor
416 3006 712 3072 aethereus,
737 3007 865 3063 divo
886 3008 1267 3065 moderamine
1301 3008 1495 3075 fretus,
1828 3014 1879 3082 Β
1906 3011 2025 3067 Νοη
2049 3012 2105 3066 in
2132 3012 2416 3081 subjectos
2446 3013 2620 3070 belva;
2652 3014 2869 3071 feritate
2899 3016 3129 3071 moveri.
3172 3037 3197 3068 ii

168 3094 352 3150 Firma
381 3095 571 3181 locans
588 3095 728 3151 aulae
757 3103 951 3151 cautus
981 3095 1304 3153 fundamina
1329 3098 1492 3154 celsae
1529 3098 1696 3170 (I70),
1906 3104 2037 3159 Tam
2068 3105 2332 3176 praecelsa
2355 3121 2562 3176 pavens
2589 3106 2710 3175 ejus
2734 3108 2965 3181 vestigia
2997 3105 3251 3163 Clemens

168 3186 237 3242 Ut
262 3186 370 3241 sibi
389 3180 673 3258 'persentit
700 3191 1046 3244 contermina
1072 3196 1325 3261 tempora
1354 3198 1517 3245 metae
1904 3193 2148 3264 Appetit,
2173 3210 2445 3250 excusans
2466 3195 2603 3249 tanti
2635 3211 2694 3249 se
2724 3180 2971 3265 pondere
2999 3196 3246 3252 honoris.

168 3278 527 3351 Sidereteque
555 3278 764 3335 instare
792 3281 916 3349 viae,
949 3280 1266 3353 caelumque
1306 3288 1517 3353 patere,
1906 3282 2001 3338 Cui
2030 3284 2243 3339 senior:
2291 3305 2312 3334 ι
2356 3284 2433 3339 Ne
2464 3300 2555 3338 me
2584 3299 2754 3354 super
2780 3284 2868 3337 his
2889 3285 3155 3352 oraveris,
3184 3285 3385 3357 inquit,

171 3368 233 3422 In
262 3368 453 3423 medio
492 3368 630 3423 situs
658 3369 935 3437 Ecclesiae,
968 3370 1210 3441 stipante
1240 3377 1479 3436 caterva,
1905 3372 2034 3438 Quae
2065 3373 2289 3428 decreta
2318 3373 2394 3428 ita
2422 3381 2573 3439 sunt,
2606 3373 2905 3445 potiusque
2934 3374 3195 3429 videbere
3227 3375 3427 3450 dignus

168 3460 592 3531 Clementisque
616 3476 783 3515 manu
816 3477 1020 3533 prensa
1046 3461 1128 3517 sic
1155 3462 1377 3518 inchoat
1399 3477 1563 3518 orsa:
1904 3462 2021 3527 Quo
2046 3460 2218 3517 vitare
2247 3461 2440 3532 cupis;
2469 3476 2572 3516 nec
2598 3460 2747 3516 enim
2769 3461 2874 3517 ista
2901 3463 3163 3518 cathedra
3191 3465 3424 3535 requirit

175 3574 203 3599 κ
248 3549 512 3609 Conservi
540 3551 849 3623 fratresque
889 3551 1021 3618 mei,
1051 3568 1176 3607 mea
1204 3552 1406 3608 sumite
1428 3552 1624 3608 verba:
1905 3549 2078 3619 Ultro,
2096 3551 2236 3621 petit
2255 3550 2414 3622 sequi
2440 3549 2761 3618 abdentem,
2786 3552 2921 3622 quin
2937 3552 3191 3607 moribus
3216 3570 3455 3626 aequum.

167 3641 537 3697 Praemonitus
566 3642 829 3715 quoniam
862 3643 1102 3715 propriae
1136 3644 1251 3713 jam
1289 3650 1511 3716 tempus
1537 3646 1733 3701 adesse
1904 3643 2059 3710 Quod
2089 3642 2135 3697 si
2165 3649 2363 3713 praesto
2384 3641 2518 3696 mihi
2548 3641 2747 3697 melior
2767 3650 2821 3697 te
2852 3642 3111 3714 praeferet
3132 3646 3291 3713 alter,

165 3734 441 3791 Mercedis
460 3734 647 3799 video,
682 3734 895 3791 Christo
929 3742 1271 3791 monstrante
1300 3738 1587 3811 magistro,
1904 3735 1959 3790 Si
1990 3735 2116 3807 quis
2147 3741 2201 3789 et
2226 3734 2448 3806 adjutor
2472 3742 2579 3788 tam
2611 3734 2842 3788 sedulus
2870 3742 3038 3805 atque
3066 3736 3350 3801 minister;

167 3825 500 3883 Pontiﬁcem
539 3826 701 3883 vobis
734 3826 1071 3883 Clementem
1099 3828 1251 3885 hunc
1280 3830 1479 3885 ordine
1502 3846 1801 3896 summum,
1903 3830 1959 3885 Si
1980 3830 2109 3901 quis
2140 3839 2247 3884 tam
2279 3829 2414 3885 celsi
2448 3828 2713 3883 subiisset
2745 3828 3022 3903 dogmatis
3048 3846 3255 3898 arcem,

167 3915 305 3971 Huic
334 3930 521 3971 coram
553 3914 765 3986 positus
794 3916 1065 3972 doctrinae
1094 3917 1249 3972 trado
1281 3919 1623 3986 cathedram,
1776 3958 1786 3965 .
1905 3925 2167 3981 Ecclesia;
2195 3924 2478 3996 specimen
2507 3923 2649 3979 serie
2681 3923 2977 3995 disponere
3009 3940 3249 3980 noscens

164 4006 272 4072 Qui
303 4006 439 4060 mihi
463 4006 736 4078 principio
763 4022 951 4062 comes
987 4007 1251 4063 omnibus
1288 4008 1497 4064 exstitit
1526 4010 1684 4077 actis,
1903 4012 2033 4069 Tam
2064 4020 2227 4071 recta.
2261 4022 2316 4068 te
2349 4028 2457 4068 non
2490 4028 2709 4088 agerem
2741 4012 2849 4069 hoc
2876 4013 3182 4084 sumpsisse
3207 4023 3432 4079 coacte;

165 4096 385 4169 Quique
412 4094 547 4151 boni
580 4094 778 4151 docilis
803 4111 929 4151 mea
960 4095 1219 4167 dogmata
1250 4096 1401 4168 cepit
1429 4097 1498 4152 ad
1522 4113 1701 4173 ungue

1785 4116 1800 4165 ς
1904 4106 2156 4171 Quaerere
2184 4123 2422 4179 namque
2450 4106 2617 4161 alium
2640 4122 2786 4162 cura?
2824 4114 3111 4177 reputatur
3140 4105 3313 4173 inani,

169 4188 364 4244 Omnis
395 4187 720 4259 participem
750 4187 887 4242 mihi
916 4203 1083 4260 quem
1123 4188 1357 4246 tentatio
1388 4189 1587 4259 sensit,
1906 4195 2041 4252 Cum
2076 4206 2128 4252 te
2155 4196 2428 4269 primitias
2460 4197 2626 4266 hujus
2651 4202 2708 4251 et
2735 4197 2918 4271 gentis
2941 4204 2995 4252 et
3020 4196 3174 4251 urbis

171 4280 349 4345 Quem
406 4278 667 4335 stabilem
726 4279 937 4348 inveni,
1001 4278 1308 4354 ﬁdumque,
1369 4282 1656 4355 Deumque
1707 4297 1806 4339 co-
1832 4337 1876 4361 η
1906 4288 2209 4345 Obtulerim
2239 4290 2510 4356 Domino;
2543 4288 2679 4361 quin
2703 4289 2978 4360 perspice,
2999 4288 3155 4343 frena
3184 4288 3368 4345 subire

1484 4337 1730 4446 ﬂentem,
1829 4337 1879 4406 Ο
1906 4378 2006 4443 Qui
2034 4377 2179 4454 fugis
2200 4379 2477 4447 Ecclesiae,
2496 4337 2652 4435 velut
2677 4337 2788 4433 alta
2818 4337 3061 4450 pericula
3093 4379 3316 4451 puppis,

171 4460 292 4515 Prae
330 4458 562 4532 reliquis
587 4458 785 4515 fratres
801 4460 985 4516 studio
1017 4459 1240 4533 pietatis
1267 4468 1570 4531 amantem,
1906 4465 2097 4522 Certus
2138 4467 2361 4536 majoris
2388 4466 2489 4522 tibi
2529 4475 2675 4521 stare
2706 4467 2952 4537 pericula
2982 4467 3139 4533 lethi,

172 4549 398 4605 Discere
425 4550 753 4616 lerventem,
777 4559 1124 4622 castumque,
1149 4550 1436 4623 piumque,
1466 4553 1802 4622 modestum,
1905 4557 2007 4621 Qui
2034 4557 2242 4628 populo
2275 4555 2493 4612 Domini
2526 4556 2709 4626 posito
2738 4555 2895 4626 quasi
2926 4554 3193 4610 fluctibus
3213 4555 3337 4611 altis

165 4645 389 4701 Justitia
427 4651 637 4700 rectum
693 4644 968 4716 patienter
996 4645 1141 4702 ferre
1172 4647 1442 4703 scientem
1904 4647 2034 4704 Cum
2066 4648 2247 4719 possis
2277 4648 2564 4719 prodesse,
2596 4644 2764 4721 fugis,
2797 4656 2890 4702 tua
2920 4647 3213 4703 commoda
3243 4652 3455 4702 tantum

166 4737 397 4793 Garrula
421 4737 713 4791 stultorum
736 4736 899 4792 fatuae
922 4737 1293 4793 blateramina
1321 4738 1547 4815 linguae,
1904 4736 2186 4792 Sollicitus
2215 4750 2491 4809 quaerens,
2519 4749 2764 4790 renuens
2803 4750 3099 4790 commune
3123 4736 3385 4804 juvamen
3402 4754 3419 4801 ;

165 4829 460 4900 Cordaque
476 4828 789 4884 discentum
813 4828 984 4904 digno
1000 4845 1338 4901 componere
1351 4831 1513 4900 jure:
1901 4828 1957 4883 Si
1988 4834 2171 4883 certus
2198 4826 2379 4898 plebis
2409 4825 2509 4881 tibi
2536 4841 2737 4899 magna
2763 4842 2990 4882 manere
3016 4825 3245 4897 pericla,

168 4924 310 4979 Huic
332 4923 620 4979 committo
640 4930 993 4994 potestatem,
1018 4941 1186 4997 quam
1214 4928 1487 4998 prompsit
1505 4927 1576 4983 ab
1608 4928 1733 5001 ipso
1902 4920 2015 4976 Nec
2034 4919 2257 4976 dubites
2279 4928 2482 4976 memet
2499 4935 2597 4992 pro
2622 4930 2674 4976 te
2697 4927 2909 4975 certare
2937 4915 3244 4991 precando;

168 5016 432 5076 Collatam
458 5014 693 5072 Domino
710 5016 963 5074 solvendi
987 5017 1106 5073 sive
1137 5017 1372 5093 ligandi.
1903 5009 2067 5066 Ocius
2092 5026 2157 5066 ac
2178 5019 2389 5082 quanto
2417 5010 2553 5065 mihi
2578 5008 2876 5066 connivere
2908 5006 3148 5080 parabis,

166 5106 452 5165 Iudicium
474 5105 675 5161 stabile
704 5106 882 5177 ipsius
900 5123 1070 5178 super
1088 5114 1238 5163 astra
1275 5107 1516 5176 residat;
1903 5104 2077 5160 Tanta
2114 5119 2205 5159 me
2234 5103 2397 5159 citius
2427 5118 2559 5158 cura
2589 5117 2653 5156 ac
2680 5116 2888 5174 angore
2914 5098 3141 5154 Ievabis.

169 5202 472 5259 lnnodabit
507 5204 655 5259 enim
696 5205 846 5277 quod
886 5213 1140 5278 oporteat
1169 5223 1293 5263 esse
1332 5207 1587 5283 ligatum,

1903 5193 2039 5251 Novi
2070 5201 2124 5249 te
2162 5194 2368 5250 taedere
2389 5192 2616 5265 quidem
2644 5190 2888 5262 perferre
2920 5189 3161 5260 superba

168 5295 233 5351 Et
262 5295 429 5351 simul
462 5295 716 5353 absolvet
743 5299 891 5369 quod
916 5305 1186 5374 congruet
1209 5315 1328 5356 esse
1356 5280 1620 5369 solutum,

1904 5285 2175 5358 Obloquia
2200 5285 2438 5340 indoctae
2468 5282 2671 5355 plebis,
2703 5282 2858 5337 rudis
2887 5296 2983 5337 ora
3011 5280 3246 5353 pOpelli,

164 5383 430 5441 Ecclesia:
451 5384 623 5441 veluti
663 5385 878 5458 liquido
899 5387 989 5442 cui
1021 5388 1212 5462 regula
1233 5394 1382 5445 nota.
1898 5382 2026 5447 Quae
2055 5388 2108 5436 te
2136 5379 2276 5436 ferre
2300 5386 2485 5435 tamen
2513 5384 2832 5434 constanter
2857 5383 2911 5432 et
2939 5379 3147 5447 optime
3174 5379 3325 5443 novi,

163 5473 367 5530 Audite
396 5489 531 5548 ergo
564 5474 747 5546 ipsum
782 5473 993 5531 Christo
1019 5492 1251 5547 peccare
1282 5478 1580 5546 timentes;
1899 5472 2222 5530 Cernentem
2253 5472 2355 5527 tibi
2380 5486 2502 5543 qua:
2532 5470 2797 5542 patientia
2823 5484 3054 5524 munera
3085 5475 3291 5536 servet,

162 5568 389 5624 Doctori
419 5582 549 5623 vero
590 5567 754 5624 fuerit
781 5569 1101 5642 quicunque
1131 5572 1421 5639 molestus,
1898 5568 1962 5621 At
1991 5566 2118 5621 volo
2139 5572 2191 5621 te
2216 5565 2365 5634 justa
2391 5578 2613 5618 mecum
2639 5562 2854 5618 ratione
2894 5561 3097 5615 librare

163 5660 303 5716 Inde
325 5666 478 5716 caret
492 5660 605 5715 vita
629 5660 846 5716 Patrem
878 5662 1008 5733 quia
1038 5662 1192 5734 pacis
1226 5662 1473 5720 acerbat.
1898 5661 2125 5727 Quando
2152 5659 2341 5715 labore
2373 5665 2466 5713 tuo
2492 5673 2652 5731 mage
2675 5655 2925 5712 Christus
2953 5671 3120 5731 egere
3137 5654 3383 5711 videtur.

162 5752 230 5807 At
257 5757 661 5823 praeceptorem
691 5750 895 5807 medici
925 5753 1044 5809 vice
1074 5752 1280 5828 degere
1306 5759 1549 5826 praestat,
1900 5751 2058 5807 Nunc
2080 5749 2202 5819 ejus
2229 5762 2494 5820 sponsam
2524 5745 2674 5802 bello
2706 5746 2838 5802 dum
2862 5754 3129 5818 provocat
3147 5742 3354 5810 hostis,

243 5878 393 5949 (I70)
420 5876 623 5955 versus
649 5885 951 5948 sequentes
980 5895 1159 5951 usque
1188 5880 1258 5937 ad
1287 5882 1428 5940 Novi
1448 5885 1497 5935 te
1522 5879 1735 5949 ledere,
1758 5885 1891 5948 etc.,
1922 5876 2129 5936 omittit
2147 5875 2321 5933 codex
2350 5874 2407 5931 S.
2436 5871 2749 5932 Genovefaa.
