3890 6400
397 385 504 441 615
1164 382 1530 437 FLODOARDI
1563 380 1870 437 CANONICI
1911 378 2242 435 REMENSIS
2282 378 2619 434 OPUSCULA
2659 376 2966 434 METRICA.
3637 377 3748 431 616

389 518 500 574 Aut
527 515 622 570 ubi
648 515 928 570 victricem
949 513 1106 570 soliis
1129 515 1414 570 admiserit
1437 515 1588 582 altis,
2049 519 2099 585 A
2129 513 2220 566 His
2251 513 2476 568 sordere
2507 510 2723 566 inhibet
2743 509 2935 565 divino
2965 507 3117 563 fonte
3147 507 3347 578 piatos,

402 610 629 674 Quando
659 608 1019 679 triumphanti
1048 609 1207 663 cedet
1228 608 1384 663 labor
1408 609 1589 664 omnis
1609 615 1662 662 et
1689 607 1880 670 hostis,
2128 602 2329 657 Omnes
2359 601 2583 656 assidue
2615 614 2910 671 properare
2931 597 2999 652 ad
3029 603 3221 651 sancta
3248 595 3535 661 monebat,

403 701 534 766 Quis
564 700 767 755 modici
799 701 989 754 saltem
1023 716 1222 754 sensus
1251 700 1416 755 modo
1448 699 1661 754 nesciat
1692 715 1815 753 esse
2129 695 2398 749 Absentes
2425 693 2666 763 scriptis,
2697 701 3002 763 praesentes
3020 690 3222 744 famine
3249 690 3512 744 formans.

401 793 659 864 Tempus,
692 809 802 864 quo
843 793 1107 847 Dominus
1132 793 1435 847 certamina
1464 799 1652 848 sancta
1680 789 1958 865 requirit?
2130 787 2384 843 Doctrina
2413 800 2544 860 ergo
2575 785 2755 840 nitens
2783 783 2899 846 tali,
2924 782 3240 854 populoque
3269 783 3499 852 Deoque

405 887 583 941 Mente
607 887 773 960 igitur
794 895 908 941 tota
934 887 1218 959 surgentia
1246 887 1479 958 concipe
1501 888 1700 962 bella,»
2131 880 2326 934 Gratus
2354 885 2501 943 erat;
2533 877 2630 932 sed
2662 893 2773 931 non
2809 874 3044 929 humiles
3075 875 3283 928 haerere
3314 873 3578 944 superbis

404 975 575 1044 Atque
604 989 772 1044 opera
802 991 1014 1028 summa
1055 976 1348 1044 praesentia
1377 976 1522 1030 seria
1550 963 1744 1043 tracta,
2132 971 2492 1045 Sacrilegisve
2520 970 2739 1040 placere
2761 968 2836 1038 pii
2863 966 3160 1022 dulcedine
3191 971 3438 1038 possunt.

404 1067 673 1120 Auxilium
707 1074 965 1140 satagens
1003 1067 1342 1123 certantibus
1371 1068 1576 1123 addere
1609 1076 1946 1139 promptum,
2133 1061 2248 1115 Stal
2276 1060 2479 1114 mentis
2509 1066 2693 1114 tamen
2725 1057 3036 1128 intrepidus
3064 1057 3237 1126 Vigor,
3271 1063 3435 1128 atque
3468 1056 3616 1111 beali

405 1155 632 1209 Praemia
651 1171 851 1228 magna
881 1164 1207 1225 recepturus
1238 1167 1363 1228 post
1385 1159 1528 1212 bella
1559 1158 1933 1228 triumphans:
2132 1153 2392 1207 Terrorcs
2420 1151 2655 1206 trucium
2685 1150 2803 1204 miti
2826 1150 3029 1220 pietate
3058 1148 3324 1203 refutans.

404 1241 651 1297 Officium
685 1259 816 1317 ergo
848 1243 1028 1298 libens
1061 1261 1210 1299 nunc
1243 1247 1464 1316 suscipe
1491 1245 1844 1317 pontificatus
2139 1243 2482 1314 Hincjmundi
2515 1242 2733 1297 culmen
2760 1240 2974 1295 Domini
3008 1239 3289 1310 postponit
3313 1237 3511 1294 honori

405 1331 514 1386 Pro
546 1348 654 1396 me,
689 1331 969 1402 praecipue
1001 1333 1217 1396 doctus,
1249 1334 1418 1389 decus
1439 1335 1650 1390 ordinis
1679 1336 1866 1404 hujus,
2137 1335 2412 1401 Clemens,
2448 1335 2541 1405 qui
2566 1334 2716 1388 celso
2748 1332 3080 1388 Domitillam
3114 1331 3386 1406 sanguine
3415 1329 3623 1384 claram

411 1423 473 1477 Ut
501 1423 652 1478 nullo
680 1429 886 1478 terrore
917 1424 1064 1478 salus
1099 1425 1318 1498 plebeia
1344 1426 1581 1490 vacillet,
2135 1427 2376 1484 Sacravit
2415 1427 2654 1493 Christo,
2689 1441 2898 1497 sponso
2925 1425 3048 1479 tulit
3073 1423 3390 1478 Aureliano.

407 1519 507 1573 Per
532 1525 584 1573 te
620 1518 849 1573 firmatis
878 1535 1018 1590 qnos
1050 1519 1424 1575 lucrifecimus
1454 1521 1611 1594 agnis
1679 1544 1704 1570 υ
2139 1521 2373 1597 Virginis
2411 1519 2650 1575 eunuchi
2681 1518 2959 1589 siquidem
2991 1517 3197 1571 Nereus
3225 1523 3280 1571 et
3320 1514 3628 1580 Achilleus,

417 1607 772 1678 Prosequitur
800 1607 999 1662 seriem
1029 1625 1136 1679 qua
1167 1609 1511 1680 dispensatio
1542 1617 1752 1664 cunctae
2141 1611 2407 1681 Discipuli
2440 1610 2583 1665 Petri
2613 1609 2924 1680 Christique
2956 1624 3059 1679 per
3085 1608 3270 1664 omnia
3297 1607 3463 1670 servi,

407 1696 614 1752 Clareat
649 1697 906 1752 Ecclesiae
932 1697 1155 1767 praesul,
1197 1715 1360 1770 quam
1395 1706 1553 1754 cauta
1583 1706 1876 1771 sequatur;
2141 1700 2479 1756 Clementem
2500 1716 2668 1770 super
2697 1699 2786 1753 his
2816 1699 3042 1764 adeunt,
3071 1698 3158 1754 cui
3185 1698 3314 1752 talia
3344 1696 3563 1760 fantur;

409 1789 592 1843 Rebus
631 1795 690 1843 ut
721 1788 961 1843 externis
992 1789 1214 1859 penitus
1245 1807 1304 1845 se
1337 1790 1642 1856 subtrahat,
1673 1791 1825 1846 omni
2069 1816 2119 1883 Β
2149 1814 2169 1842 ι
2217 1791 2398 1847 Gloria
2429 1798 2541 1846 tota
2582 1799 2686 1845 tuae
2717 1791 2951 1846 Domino
2984 1789 3133 1861 quod
3165 1789 3395 1862 praedita
3424 1788 3633 1842 mentis

408 1879 478 1934 Se
500 1879 711 1935 dedens
737 1881 920 1935 studio
949 1881 1153 1935 mentis
1169 1882 1453 1954 verboque
1484 1883 1705 1938 salutis:
2072 1879 2108 1883 ’ί
2147 1884 2436 1949 Discimus,
2479 1900 2583 1939 nec
2603 1892 2656 1939 te
2687 1883 2756 1938 de
2778 1883 3070 1938 nobilitate
3103 1889 3410 1954 parentum,

410 1971 716 2041 Presbyteri
747 1971 879 2042 quid
912 1978 1102 2045 agant,
1127 1973 1359 2046 vigilent
1385 1980 1444 2028 ut
1476 1990 1664 2029 amore
1698 1982 1948 2044 paterno,
2145 1979 2285 2043 Quin
2313 1979 2384 2033 de
2413 1977 2652 2034 calestis
2677 1976 2921 2050 gaudere
2950 1976 3257 2049 prOpagine
3290 1973 3482 2029 Patris.

411 2068 485 2120 Ac
515 2067 775 2121 studeant
809 2067 1013 2121 salvam
1055 2067 1211 2122 caelis
1254 2065 1516 2120 inducere
1548 2066 1799 2136 plebem;
2146 2067 2374 2122 Patruus
2397 2068 2515 2138 ipse
2537 2073 2663 2121 tuus
2685 2065 2956 2132 Clemens,
2991 2065 3118 2120 licet
3149 2064 3345 2119 ordine
3376 2062 3596 2124 consul,

410 2157 548 2222 Quid
581 2159 760 2213 clerus
790 2164 974 2213 servet
1005 2157 1270 2229 reliquus,
1297 2158 1586 2228 sanctique
1616 2157 1878 2226 ministri,
2145 2159 2321 2228 Atque
2349 2157 2425 2212 tui
2459 2156 2621 2211 fuerit
2651 2172 2948 2231 germanus
2973 2156 3188 2230 origine
3219 2155 3408 2227 patris.

416 2244 598 2301 Coetus
630 2246 780 2316 quod
814 2247 1010 2314 laicus,
1034 2247 1118 2301 vel
1150 2247 1298 2318 quod
1330 2247 1662 2320 generaliter
1681 2262 1894 2302 omnes.
2147 2250 2320 2318 Hujus
2347 2265 2449 2305 nos
2479 2257 2720 2304 mercata
2748 2264 2903 2304 soror
2928 2247 3304 2303 subeuntibus
3324 2246 3489 2300 annis

485 2336 575 2389 His
607 2335 680 2389 ita
711 2335 1024 2406 dispositis,
1054 2343 1208 2390 tanto
1225 2336 1605 2390 moderamine
1635 2335 1863 2410 dignum
2143 2338 2335 2394 {Elatis
2363 2354 2561 2409 parvos
2587 2345 2794 2394 tenera:
2836 2337 3087 2392 Plautilla
3115 2336 3337 2392 coemit.

420 2423 743 2480 Pontilicem
777 2423 1055 2494 impositis
1081 2423 1338 2478 manibus
1367 2425 1663 2495 statuitque
1691 2425 1970 2496 dicatque,
2145 2432 2487 2504 Quandoque
2521 2431 2836 2504 percipiens
2864 2431 3030 2485 vitam
3061 2430 3363 2485 tribuentia
3392 2428 3563 2484 verba

414 2513 680 2567 Omnibus
711 2520 878 2583 atque
907 2512 1084 2582 palam
1115 2512 1390 2567 cathedrae
1425 2512 1680 2567 rubidum
1705 2529 1800 2569 ora
1835 2514 2045 2585 pudore
2149 2522 2393 2578 Credidit
2420 2539 2515 2579 ore
2550 2523 2715 2589 Petri,
2747 2537 3017 2593 sacroque
3049 2528 3132 2575 est
3163 2521 3329 2574 tincta
3355 2518 3605 2578 lavacro;

415 2604 560 2658 Indit
581 2604 920 2673 apostolicae,
949 2604 1210 2675 cogitqne
1235 2604 1431 2658 sedere
1461 2613 1762 2674 sacratum,

2174 2613 2256 2667 los
2287 2614 2451 2668 simul
2480 2621 2645 2684 atque
2676 2613 2797 2680 ejus
2831 2610 3058 2665 soboles
3089 2608 3364 2664 Domitilla
3393 2623 3710 2660 sacramur:

414 2692 669 2748 Testibus
700 2693 829 2747 hinc
855 2693 1074 2762 p0pulis
1106 2709 1262 2763 papae
1292 2693 1649 2764 mandatque,
1684 2701 1974 2768 rogatque,
2153 2701 2260 2757 Hoc
2289 2717 2436 2758 anno
2467 2711 2521 2756 et
2551 2701 2810 2756 dominus
2853 2699 3042 2754 Petrus
3071 2699 3220 2754 subit
3246 2699 3451 2753 aethera
3474 2705 3709 2767 martyr,

418 2782 540 2835 Haec
568 2781 773 2836 Jacobo
805 2780 1067 2835 Solimam
1110 2781 1336 2836 mittens
1365 2782 1644 2853 descripta
1675 2783 1905 2849 revelet,
2150 2792 2211 2846 Et
2240 2792 2493 2847 Plautina
2519 2790 2610 2861 pio
2651 2797 2810 2861 pacto
2843 2798 3065 2844 terrena
3095 2789 3321 2860 reliquit

412 2877 606 2932 Debita
625 2893 684 2930 se
717 2883 1006 2946 postquam
1031 2875 1156 2930 vita:
1175 2876 1386 2945 jactura
1419 2878 1680 2944 resolvet,
2144 2885 2209 2935 At
2238 2880 2534 2945 Domitilla,
2568 2878 2667 2934 viri
2703 2877 2834 2932 clari
2869 2892 3073 2948 sponsa
3111 2876 3418 2942 Aureliani,

414 2969 704 3022 lnsinuans
734 2967 976 3023 breviter
1013 2968 1177 3022 vitam
1208 2978 1265 3022 ut
1293 2970 1603 3039 perceperit
1634 2969 1754 3038 ejus
2144 2974 2244 3028 Ore
2265 2978 2436 3027 satam
2459 2971 2656 3042 Cephaa
2685 2975 2872 3024 nostro
2899 2969 3073 3023 audiit
3102 2983 3197 3023 ore
3226 2967 3489 3034 salutem,

413 3059 536 3125 Ore,
565 3073 752 3113 comes
775 3056 880 3111 sibi
906 3057 1001 3128 qui
1031 3055 1214 3124 fuerit,
1249 3074 1372 3128 quae
1395 3058 1652 3130 dogmata
1677 3057 1746 3112 ab
1776 3056 1897 3129 ipso
2142 3062 2304 3136 Virgo
2335 3063 2430 3116 Dei
2458 3060 2608 3133 quod
2630 3074 2816 3115 amore
2849 3074 3080 3113 manens
3119 3063 3399 3112 mereatur
3427 3057 3603 3127 apisci

414 3150 683 3217 Hauserit,
716 3156 770 3203 et
797 3147 890 3220 qui
916 3164 976 3202 se
1007 3146 1137 3203 ﬁnis
1157 3148 1516 3220 deprenderit
1536 3150 1677 3216 illic;
2061 3187 2109 3255 C
2142 3153 2426 3207 leestem
2456 3166 2724 3222 sponsum
2753 3148 3131 3204 dominantem
3165 3148 3221 3201 in
3247 3147 3447 3202 saecula
3479 3145 3786 3231 Christum,

415 3242 706 3297 Afﬁrmans
737 3241 851 3296 fore
883 3241 934 3295 ei
965 3240 1236 3296 solamina
1265 3242 1504 3298 maxima
1523 3243 1725 3298 mentis
2064 3240 2109 3255 ν
2141 3244 2274 3301 Cum
2295 3262 2402 3318 quo
2431 3243 2649 3301 deliciis
2679 3245 2918 3315 divoque
2948 3242 3158 3296 fruatur
3180 3242 3414 3310 honore,

414 3337 636 3392 Noverit
665 3345 724 3391 ut
745 3337 991 3404 doctum,
1021 3336 1195 3392 sancti
1223 3351 1326 3390 nec
1351 3336 1496 3404 juris
1528 3350 1789 3409 egenum,
2145 3337 2237 3391 His
2263 3337 2500 3409 aliisque
2531 3336 2773 3390 animata
2803 3331 2899 3388 Dei
2930 3331 3000 3386 de
3024 3346 3256 3385 munere
3287 3330 3471 3396 dictis,

413 3429 662 3485 Doctoris
687 3428 922 3483 subiisse
960 3429 1138 3484 locum
1174 3427 1432 3499 Pctrique
1461 3429 1799 3482 cathedram.
2145 3428 2250 3482 Per
2276 3435 2350 3493 te,
2379 3427 2558 3500 virgo,
2591 3426 2740 3498 cupit
2761 3422 3037 3480 velamina
3068 3436 3289 3476 sumere
3313 3421 3448 3475 voti.
3496 3443 3520 3464 »

415 3521 507 3574 Cui
542 3536 743 3592 parens
775 3519 1126 3592 implensque
1156 3519 1291 3574 boni
1332 3529 1607 3590 prmeepta
1628 3519 1899 3594 magistri,
2147 3519 2346 3574 Reddit
2376 3518 2444 3574 ad
2467 3518 2586 3572 haec
2616 3517 2903 3572 Clemens:
2947 3534 2978 3563 ιι
3019 3512 3094 3566 En
3123 3510 3308 3564 debita
3335 3515 3587 3578 tempora
3609 3523 3780 3562 cerno

414 3612 638 3685 Delegat
669 3611 886 3665 Domini
906 3610 1055 3666 fratri
1089 3626 1210 3683 qua
1233 3611 1386 3680 iussa
1414 3610 1661 3683 benigna
2149 3631 2176 3656 ιι
2218 3606 2453 3679 Martyrii
2484 3606 2722 3678 palmam
2757 3601 3020 3673 quoniam
3052 3599 3266 3656 vocatio
3294 3597 3519 3662 tendat;

414 3700 687 3775 Magniﬁci
711 3700 947 3756 altisono
983 3700 1127 3755 Petri
1161 3707 1483 3770 susceperat
1512 3715 1644 3765 ore;
2149 3726 2172 3749 «
2222 3704 2335 3757 Hac
2374 3715 2609 3773 pensare
2639 3698 2747 3765 via,
2789 3695 3086 3759 Domitilla,
3122 3696 3297 3748 nitere
3329 3707 3555 3747 corona.

412 3791 855 3861 Consectansque
897 3789 1068 3844 Patris
1100 3805 1348 3843 normam
1381 3787 1529 3842 docti
1573 3794 1744 3858 atque
1778 3786 2036 3851 modesti,
2151 3819 2176 3849 α
2214 3797 2319 3852 sed
2351 3795 2481 3867 quia
2511 3793 2769 3848 mandato
2798 3798 3156 3847 contemnere
3188 3786 3592 3844 mortificantes

414 3878 514 3943 Qui
542 3878 648 3932 sibi
673 3887 987 3933 consortem
1014 3877 1203 3932 scribit
1231 3875 1496 3947 coelisque
1516 3879 1786 3939 notatum,

2147 3917 2170 3940 κ
2215 3888 2568 3960 Przecipimur
2597 3885 2840 3954 Domini,
2873 3893 3186 3939 temnamus
3216 3888 3393 3938 morte
3424 3880 3668 3944 feroces,

413 3971 682 4026 omnibus
712 3971 895 4026 omnis
927 3969 1009 4036 δι’
1041 3969 1224 4024 Salvos
1255 3976 1314 4023 ιη
1346 3968 1587 4039 P”abeat
1615 3980 1834 4031 omnes:
2146 4005 2170 4028 ιι
2215 3980 2400 4036 Mortis
2425 3985 2479 4032 et
2499 3977 2555 4032 in
2588 3975 2758 4030 simili
2785 3981 2986 4030 nostra:
3014 3973 3226 4028 ditione
3259 3972 3534 4041 jacentes,

413 4063 654 4118 Gentiles
685 4062 965 4134 siquidem
997 4061 1207 4132 liquida
1238 4060 1448 4115 ratione
1480 4058 1738 4124 docebat,
2153 4093 2167 4118 .
2216 4069 2503 4139 perpetua;
2533 4066 2658 4121 vitae
2698 4064 2834 4137 Regi
2867 4064 3074 4120 servire
3107 4061 3301 4133 parati.
3346 4081 3370 4111 υ

411 4153 476 4208 Ut
508 4153 698 4224 P0P“li
729 4151 892 4206 fana"
933 4151 1185 4205 divorum
1228 4148 1513 4220 ίιτθρδθΐίι
1543 4163 1718 4214 error:
2146 4160 2256 4214 Hoc
2280 4157 2444 4231 igitur
2466 4155 2718 4211 Clemens
2747 4153 2933 4209 animo
2965 4153 3224 4208 robustus
3250 4156 3304 4206 et
3333 4154 3456 4204 actu

412 4245 564 4300 unde
593 4260 772 4318 genus
789 4243 1074 4298 hominum
1098 4256 1340 4313 quonam
1375 4237 1642 4294 defecerit
1662 4244 1804 4306 θείαν
2142 4246 2398 4304 Primatis
2419 4260 2681 4318 sponsam
2703 4242 2836 4317 Regi
2869 4241 3181 4312 despondet
3212 4236 3549 4298 habendam,

411 4334 654 4404 "ille"?a3
687 4333 894 4387 frandis
925 4346 1247 4403 Persuasum
1282 4330 1588 4384 haerescere
1617 4328 1797 4396 "anis;
2142 4341 2436 4397 Consecrat
2466 4345 2628 4410 atque
2661 4336 2750 4407 pio
2795 4342 2990 4390 tactam
3019 4340 3184 4404 caput
3210 4338 3366 4387 ornat
3395 4329 3623 4383 amictu.

410 4427 683 4480 Attestans
712 4425 864 4496 ipsos
893 4425 1056 4480 venia
1083 4431 1305 4495 v1taque
1334 4421 1622 4490 levandos,
2141 4430 2409 4501 Sponsus,
2443 4442 2632 4484 amore
2657 4425 2860 4500 gravis,
2891 4425 3191 4479 thalamum
3226 4421 3330 4476 sibi
3348 4419 3585 4492 virginis
3613 4426 3735 4474 orat
3760 4435 3772 4470 :

412 4515 564 4570 ldola
585 4515 904 4586 linquentes
937 4514 1148 4570 Christo
1176 4513 1223 4567 si
1254 4512 1422 4567 corda
1444 4510 1706 4582 pararint.
2054 4565 2112 4593 η
2141 4522 2384 4593 ορερίοίι
2412 4521 2504 4577 ina
2536 4537 2750 4592 preces,
2778 4519 2962 4575 animo
2987 4516 3321 4590 rigidissima
3351 4515 3531 4578 durat,

410 4565 621 4659 3
1096 4565 1195 4674 pro
1209 4565 1381 4657 laude
1406 4565 1679 4671 placebat,

2145 4565 2384 4593 .m.,......
2412 4565 2504 4577 .....
2536 4565 2750 4592 ,ηνννη
2778 4565 2959 4575 ..,...-.-
2987 4565 3321 4590 ..ην----η
3357 4565 3470 4568 πη

2054 4565 2113 4634 D
2140 4616 2336 4672 Tendit
2373 4617 2467 4671 hic
2495 4615 2714 4671 insidiis
2744 4620 2947 4670 castam
2979 4627 3176 4667 vexare
3210 4608 3477 4681 puellam;

411 4697 678 4752 Αῐῑοηθηε
701 4696 875 4769 legem
899 4711 1108 4752 Sacram
1132 4701 1428 4767 Patresque
1457 4693 1668 4758 beatos:
2141 4711 2409 4766 Nobilitas
2436 4709 2546 4765 vim
2575 4709 2719 4764 ferre
2744 4714 2912 4774 vetat,
2943 4713 3057 4761 tum
3085 4701 3352 4776 principis
3372 4714 3538 4754 aures

411 4792 568 4862 lP505
599 4798 914 4846 sancmrum
932 4807 1131 4864 genus,
1154 4806 1279 4845 arce
1310 4788 1510 4843 sedilia
1540 4787 1664 4844 0C9“
2143 4802 2480 4874 lnterpellat,
2515 4802 2570 4855 in
2603 4801 2711 4856 hoc
2737 4815 2808 4855 ne
2826 4798 3080 4870 principe
3110 4796 3350 4852 vincitur
3367 4793 3480 4847 illa.

410 4883 593 4938 Prima
620 4884 826 4938 docens
853 4889 1196 4952 accepturos,
1224 4881 1390 4935 modo
1421 4896 1576 4934 sacra
1606 4879 1822 4950 piorum

1800 4895 1822 4930 ³
2139 4896 2380 4971 Virginis
2410 4893 2662 4950 exsilium
2696 4891 2947 4946 decernit
2977 4889 3336 4945 Domitianus.

412 4976 561 5030 Dicta
591 4976 981 5046 prophetarum
1014 4973 1068 5027 in
1109 4971 1320 5026 Christo
1351 4970 1628 5040 completa
1660 4975 1935 5024 tenerent.
2141 4970 2372 5060 Spr’ems
2397 4986 2465 5042 ab
2489 4987 2612 5052 hac,
2641 5000 2798 5042 sacra
2828 4982 3112 5056 praecipue
3146 4980 3294 5052 quod
3325 4983 3539 5033 temnat
3569 4977 3774 5030 abhor-

414 5069 656 5122 Dilectus
680 5082 838 5141 mage
868 5064 1223 5131 Christicolis,
1256 5070 1310 5118 et
1335 5063 1589 5117 amabilis
1628 5069 1751 5116 actu
3542 5070 3703 5138 [rens

411 5159 678 5215 Omnibus
705 5157 1005 5224 exstiterat,
1049 5155 1472 5226 conscriptaque
1514 5153 1740 5209 nomina
1779 5159 2036 5228 egentum
2141 5169 2340 5224 sancto
2361 5184 2391 5223 ε
2419 5166 2708 5239 proposito
2731 5164 2973 5222 revocari
2999 5162 3240 5218 creditur
3268 5157 3459 5220 exsul;

412 5247 693 5314 ser'abat,
716 5248 840 5302 νίῐδε
871 5248 1120 5303 tribuens
1151 5261 1249 5317 1)Γο
1278 5262 1442 5318 Ροεεθ
1477 5245 1750 5310 levamen:
2141 5257 2343 5313 Exsilio
2365 5256 2524 5325 cujus
2555 5256 2680 5311 data
2710 5254 2903 5309 Pontia
2942 5251 3273 5306 nobilitatur

413 5339 709 5404 Quesitum
733 5353 836 5393 nec
875 5339 1028 5394 abire
1059 5339 1251 5394 sinens
1281 5354 1379 5410 per
1411 5337 1630 5409 publica
1657 5337 1858 5391 victum

2143 5350 2392 5407 Eunuchi
2425 5351 2671 5426 insignes
2700 5349 2980 5406 dominam
2999 5346 3330 5403 comitantur
3360 5348 3610 5397 euntem.

415 5429 665 5500 Compita
692 5428 922 5486 Judaico
954 5439 1049 5486 aut
1079 5430 1276 5505 gentili
1304 5445 1536 5486 munere
1569 5429 1735 5502 pasti.

1941 5529 2148 5585 CAPUT
2191 5529 2256 5583 ll.

1594 5635 1673 5692 De
1700 5641 1908 5694 sancto
1935 5632 2172 5692 Joanne
2202 5631 2598 5704 evangelista.

415 5741 605 5795 Plures
632 5737 769 5808 quin
797 5737 961 5791 etiam
992 5737 1212 5791 diversa
1233 5756 1333 5808 per
1359 5740 1546 5795 abdita
1573 5740 1733 5794 trusit
2141 5735 2414 5810 Turgidus
2454 5735 2542 5789 hic
2570 5733 2831 5804 princeps
2859 5729 3138 5784 discussos
3165 5725 3354 5794 judice
3388 5726 3560 5778 nullo.

416 5830 680 5906 Egregios
708 5826 996 5897 ClaI‘OSque
1024 5825 1192 5893 Vil‘OS,
1225 5831 1526 5902 gladioque
1557 5831 1792 5900 peremit
2146 5830 2378 5898 Insuper
2408 5825 2730 5900 aggreditur
2760 5821 3016 5878 scelerati
3055 5821 3295 5888 incmpla
3327 5817 3564 5871 Neronis
