3890 6400
122 386 223 441 617

127 510 350 566 lnfanda
389 513 619 568 sceleris
659 530 948 570 successor
971 517 1396 581 theomachiam,

125 601 272 656 Bella
312 602 422 673 poli
455 603 687 659 Domino
719 604 993 672 indicens,
1011 613 1342 679 sanctosque
1367 610 1668 678 trucidans,

126 692 556 766 Disquirensque
589 695 692 766 piae
723 705 984 766 patronos
1017 698 1216 769 plebis,
1250 708 1310 755 ut
1339 703 1494 757 audit

128 781 254 836 Post
285 782 527 854 reliquos
567 785 815 855 regimen
847 786 977 842 fidei
1020 789 1523 856 mansisseJoanni,

131 870 281 925 Hunc
309 871 734 928 velutEcclesiae
766 875 1024 932 columen
1058 879 1191 948 petit
1231 879 1516 950 improbus
1552 897 1744 948 unum,

130 959 402 1031 Principis
426 970 485 1016 ut
525 965 696 1019 multa
720 967 932 1021 socium
966 969 1314 1039 disperderet
1345 988 1566 1046 agmen.

132 1051 499 1126 Duciturergo
528 1051 744 1123 Epheso
765 1055 1014 1124 Romam,
1044 1067 1098 1114 et
1127 1070 1413 1130 spectante
1435 1065 1640 1119 Senatu

127 1141 379 1196 Induitur
404 1143 576 1212 pleno
604 1143 869 1200 ferventis
891 1146 1041 1202 dolio
1074 1149 1200 1203 olivi
1235 1168 1249 1215 ;

127 1232 342 1305 Integer
372 1239 426 1286 at
455 1234 630 1299 testis,
665 1236 868 1305 prodit,
901 1236 1015 1303 jam
1050 1237 1189 1291 liber
1219 1240 1286 1292 ab
1308 1239 1456 1313 igne.

121 1320 290 1382 Quam
324 1321 491 1376 nituit
530 1323 728 1377 caelebs
759 1326 1050 1396 omnisque
1084 1327 1333 1382 libidinis
1363 1346 1577 1401 expers.

128 1413 257 1485 Igne
282 1413 645 1486 triumphato,
673 1417 836 1472 terris
863 1418 1192 1489 prepellitur
1217 1422 1390 1488 exsul,

743 390 824 442 DE
867 391 1127 444 CHRISTI
1171 392 1540 447 TRIUMPHIS
1581 393 1754 447 APUD
1796 392 2065 447 ITALIAM
2105 391 2281 446 LIBRI
2323 391 2458 445 XIV.
2500 419 2569 430 —
2609 390 2740 443 LIB.
2785 390 2851 443 II.

3367 392 3471 445 618

1773 522 1818 587 Α
1847 516 2277 587 Expositumque
2306 515 2421 569 salo
2453 515 2711 568 Pathmos
2728 513 2878 582 capit
2902 512 3086 566 insula
3121 511 3298 566 sablo.

1846 607 1943 662 Hic
1961 606 2252 680 profugum
2275 605 2483 660 mundo
2514 604 2707 658 mundi
2749 619 2852 658 nec
2892 602 3099 657 deserit
3125 611 3337 668 auctor,

1845 699 2039 754 Visitat
2063 707 2360 764 extorrem,
2394 697 2630 767 caelique
2659 710 2860 749 arcana
2891 694 3128 749 recludit
3154 711 3168 758 ;

1849 790 2103 846 Oromate
2135 788 2332 843 illustri
2368 788 2585 859 pulsum
2618 786 2830 841 solatur
2847 785 3111 851 amicum,

1851 879 2110 933 Ecclesiae
2138 878 2366 952 signans
2397 883 2541 930 tecto
2580 875 2684 929 sub
2727 874 3006 946 enigmato
3041 889 3279 945 pugnas,

1850 970 2026 1040 Atque
2060 969 2466 1039 triumphorum
2488 975 2707 1021 secreto
2737 967 3018 1020 schemate
3043 965 3270 1034 palmas.

1855 1064 2000 1128 Post,
2033 1063 2102 1116 ad
2129 1063 2496 1132 apostolicum
2532 1059 2987 1115 fideiconstantis
3015 1059 3306 1125 honorem,

1857 1155 1952 1210 Hic
1982 1155 2078 1209 ubi
2119 1155 2412 1210 candentis
2437 1154 2568 1209 vicit
2591 1153 2950 1225 pingnedinis
2989 1152 3168 1225 ignes,

1853 1244 2140 1298 Basilicam
2171 1252 2421 1298 struxere
2453 1243 2527 1312 pii
2558 1251 2772 1313 portam
2798 1250 2925 1296 ante
2945 1241 3214 1306 Latinam,

1853 1337 2020 1401 Quam
2055 1337 2263 1392 clarum
2287 1337 2570 1392 redimivit
2600 1353 2740 1406 Opus
2769 1335 3058 1408 generatio
3091 1334 3276 1388 Sancti
3312 1351 3326 1398 ;

1853 1430 1991 1486 Hinc
2020 1447 2246 1503 quoque
2277 1431 2413 1486 festa
2445 1431 2565 1486 dies
2595 1430 2765 1504 digno
2797 1429 3138 1484 instauratur
3177 1428 3411 1492 honore,

1631 1547 1842 1604 CAPUT
1890 1551 1982 1605 Ill.

833 1643 912 1702 De
946 1645 1357 1723 confessionne
1389 1651 1874 1726 propinquorum
1907 1653 2136 1712 Christi
2166 1671 2370 1712 coram
2399 1653 2763 1713 Domitia-no.

137 1755 390 1810 Erectum
423 1755 568 1810 ultra
589 1755 870 1812 hominem
928 1761 1204 1817 meditans
1243 1762 1358 1817 fera
1388 1764 1573 1820 bellua
1596 1783 1754 1821 man-

1856 1769 2019 1823 Audit
2048 1785 2106 1823 re
2137 1775 2332 1823 tenues
2363 1785 2376 1822 :
2410 1769 2608 1823 Christi
2642 1768 2956 1840 quam‘ditia
2972 1785 3143 1841 regna
3167 1769 3194 1820 ἲ)

1572 1855 1681 1924 [dat
1781 1869 1828 1937 ις
1859 1859 2001 1928 Ipse,
2035 1858 2158 1928 quis
2183 1857 2433 1928 inquirit,
2457 1857 2542 1911 vel
2573 1858 2819 1929 quando,
2852 1857 2938 1912 vel
2971 1857 3120 1911 unde
3142 1857 3360 1912 futurus
3389 1856 3415 1908 Ῥ

135 1932 199 1987 Ut
226 1932 639 2004 Dominumque
681 1934 966 2007 Deumque
996 1938 1102 1993 coli
1127 1956 1185 1994 se
1218 1941 1583 2009 Domitianus,

130 2025 347 2080 Invidia
385 2024 518 2080 furit
549 2025 605 2080 in
639 2026 934 2094 Christum,
957 2028 1279 2098 sanctisque
1311 2030 1596 2100 prophetis

132 2117 401 2173 Credulus
420 2125 498 2182 ut,
522 2119 833 2190 metuitque
865 2121 1168 2174 etiamnum
1189 2121 1360 2191 stirpe
1380 2123 1679 2178 creandum

132 2209 400 2272 Davitica,
425 2210 519 2280 qui
547 2217 764 2281 sceptra
796 2221 947 2284 regat
972 2231 986 2277 ;
1019 2213 1252 2285 vestigat
1276 2215 1474 2268 acerbe

135 2303 359 2358 Davidis
387 2319 586 2377 genus,
616 2312 672 2358 et
702 2312 974 2360 tormenta
1001 2322 1100 2376 per
1131 2307 1301 2377 impia
1325 2309 1496 2379 quaeri

137 2395 498 2467 lnterimique
521 2395 720 2463 jubet;
755 2397 814 2450 tit
843 2399 1073 2468 quaestio
1105 2399 1276 2453 cruda
1307 2400 1543 2470 tyranni.

137 2488 514 2543 Restituerant
538 2488 762 2558 quidam
793 2488 948 2544 Iudae
979 2497 1110 2544 tunc
1127 2490 1264 2545 forte
1288 2499 1545 2561 nepotes,

139 2579 196 2633 Ili
225 2594 452 2650 quoque
483 2579 672 2643 delati,
701 2579 908 2635 Christo
941 2581 1096 2651 quasi
1129 2598 1293 2637 carne
1315 2583 1635 2655 propinqui,

137 2670 434 2726 Ducuntur
463 2670 579 2744 regi
615 2688 630 2735 ;
663 2671 863 2745 rogitat
893 2672 1004 2726 sint
1033 2675 1306 2746 sanguine
1334 2675 1470 2730 creti

141 2759 433 2816 Davitico?
473 2761 778 2825 Promunt;
813 2768 970 2836 rogat
1032 2764 1120 2818 his
1149 2781 1313 2836 quam
1364 2782 1563 2840 magna
1594 2765 1769 2822 facul-

1513 2856 1614 2926 [tas
1640 2859 1668 2911 ?

1857 1946 1920 1999 Ili
1952 1945 2196 2000 referunt
2227 1946 2392 2014 hujus
2419 1946 2630 2000 Christo
2661 1963 2768 2001 non
2800 1945 3048 2000 culmina
3086 1947 3240 2020 regni

1856 2040 2081 2096 Terreni
2116 2041 2384 2111 rapienda
2411 2057 2534 2109 suo,
2566 2041 2814 2097 coelestia
2834 2057 3053 2096 summo

1860 2134 2087 2203 Sceptra
2117 2150 2344 2187 manere
2369 2134 2478 2188 l)eo
2509 2152 2525 2198 ;
2555 2134 2836 2207 angelicos
2859 2149 3053 2204 parcre
3085 2132 3392 2200 ministros,

1863 2219 1956 2275 Cui
1981 2228 2196 2276 constet
2227 2237 2571 2294 regnumque
2603 2237 2814 2292 parare,
2860 2221 2917 2274 in
2953 2220 3144 2274 limine
3177 2220 3347 2282 saecli,

1863 2315 1998 2367 Dum
2028 2314 2214 2369 veniet
2235 2313 2407 2381 judex
2438 2313 2628 2368 divino
2660 2313 2828 2368 fultus
2859 2313 3094 2376 honore,

1863 2405 2082 2460 Judicet
2112 2414 2172 2459 ut
2205 2404 2382 2470 vivos,
2406 2405 2599 2462 mortis
2622 2420 2846 2476 qqune
2869 2404 2991 2476 lege
3019 2403 3300 2469 subactos,

1866 2494 1967 2549 Pro
1999 2493 2212 2548 meritis
2241 2501 2295 2548 et
2321 2494 2524 2565 cuique
2547 2494 2663 2548 suis
2695 2501 2752 2548 ut
2781 2494 2950 2567 digna
2980 2493 3269 2563 rependat.

1867 2585 2093 2656 Despuit
2115 2585 2336 2641 inflatus
2359 2601 2630 2656 personas
2660 2585 2906 2660 tegmine
2936 2585 3075 2640 viles
3109 2603 3124 2650 ;

1872 2679 1982 2732 Nec
2008 2677 2244 2752 dignans
2273 2679 2492 2748 punire,
2525 2693 2655 2732 suos
2681 2677 2917 2732 dimittit
2946 2676 3102 2732 abire
3127 2694 3140 2730 :

1873 2766 2022 2821 Missi
2055 2767 2436 2841 magnanimes
2462 2768 2744 2838 praeconia
2773 2767 2921 2822 celsa
2940 2766 3202 2832 fatentur,

1877 2856 2246 2927 Ecclesiaeque
2273 2857 2444 2912 duces
2470 2857 2622 2927 pacis
2654 2865 2778 2927 post
2803 2865 3051 2928 tempore
3082 2855 3292 2911 vivunt.

1641 2987 1852 3042 CAPUT
1894 2988 1977 3042 IV.

1243 3087 1319 3146 De
1354 3085 1586 3149 ultione
1628 3089 1900 3148 secundae
1925 3089 2381 3164 persecutionis.

156 3190 500 3246 Domitianus
539 3189 632 3262 qui
665 3191 852 3261 plures
881 3198 1158 3245 exemerat
1183 3191 1330 3246 arvis

149 3280 505 3336 Christicolas
532 3281 789 3351 propriis,
820 3281 873 3334 in
907 3280 1149 3334 fautores
1181 3279 1294 3336 fera
1325 3282 1490 3336 vertit

145 3371 347 3426 Judicii
377 3371 602 3425 decreta
618 3371 790 3424 trucis
829 3388 844 3434 ;
882 3371 1164 3440 pelluntur
1191 3369 1259 3422 ab
1284 3370 1423 3440 ipsis

149 3462 433 3526 Militibus,
466 3461 593 3533 quis
622 3468 957 3517 consuerant
987 3461 1108 3515 caeli
1144 3460 1364 3535 agmina
1393 3461 1559 3531 pelli:

153 3551 427 3621 lrreptant
440 3557 845 3620 penetrantque
858 3549 1074 3614 domos,
1091 3548 1462 3619 dominosque
1476 3548 1774 3614 lacessunt,

149 3647 564 3719 Exturbantque
586 3647 702 3702 suis
730 3647 942 3702 similes
973 3646 1352 3717 penetralibus
1389 3645 1519 3701 olim

150 3740 366 3813 XEgypti
399 3740 545 3796 ranis
572 3739 839 3812 populum
880 3756 1003 3812 quae
1025 3748 1207 3813 strage
1238 3739 1485 3796 secunda

1799 3198 1848 3265 (ζ
1878 3192 2090 3246 Elatum
2122 3191 2376 3262 proprias
2408 3189 2897 3260 perscrutabantur
2929 3190 2984 3244 in
3017 3189 3186 3258 aedes,

1877 3283 2151 3337 Pellentes
2175 3282 2374 3336 misera
2396 3281 2654 3336 vindictae
2685 3281 2808 3354 lege
2835 3288 3126 3352 protervos
3163 3299 3175 3334 :

1877 3371 2142 3426 Omnibus
2168 3367 2418 3424 infensus
2444 3368 2559 3422 fera
2579 3368 2821 3438 pessima
2846 3367 3210 3428 Domitianus.

1877 3463 1918 3516 A
1949 3461 2192 3532 prOpriis
2223 3459 2443 3515 famulis
2473 3459 2710 3530 fidisque
2743 3468 3064 3531 peremptus
3094 3459 3332 3514 alumnis

1879 3556 2072 3611 Omnia
2095 3556 2339 3612 crudelis
2369 3556 2672 3612 crudeliter
2695 3556 3075 3622 exanimetur;

1887 3645 2183 3718 Sandapila
2205 3653 2426 3702 evectus
2448 3661 2668 3718 quoque
2699 3645 3123 3717 vespillonibus,
3147 3651 3307 3699 antro

1886 3739 2144 3813 Turpiter
2174 3740 2707 3817 ingestus,populari
2740 3738 3011 3813 mergitur
3029 3755 3189 3796 urna.

1681 3874 1892 3929 CAPUT
1930 3876 1990 3932 V.

1283 3983 1362 4042 De
1393 3982 1598 4041 reditu
1623 3985 1822 4043 sancti
1848 3982 2107 4044 Joannis
2132 3985 2404 4060 apostoli.

160 4095 284 4150 Post
303 4109 467 4164 quem
492 4093 666 4148 Nerva
684 4108 855 4147 senex
885 4092 1180 4161 Trajanum
1213 4090 1390 4146 lectus
1429 4091 1676 4164 adoptat,

159 4184 614 4255 Participemque‘
636 4181 764 4237 facit
794 4182 963 4237 fastus
995 4199 1009 4248 ;
1044 4187 1330 4236 cassantur
1368 4188 1424 4237 et
1452 4185 1604 4235 actus

157 4275 610 4341 Prmdecessoris,
643 4273 860 4348 profugi
895 4279 1240 4341 revocantur,
1267 4288 1445 4345 eaque

1891 4093 2054 4148 Liber
2081 4093 2149 4148 ab
2169 4093 2362 4150 exsilio
2396 4094 2542 4164 (I71)
2567 4106 2801 4166 magnus
2819 4090 3028 4162 pietate
3053 4087 3296 4143 Joannes
3361 4087 3364 4090 ’

1889 4183 2217 4257 ltegreditur
2247 4183 2511 4240 doctrinae
2536 4181 2810 4252 Ephesum
2845 4177 3148 4251 repetendo
3169 4175 3509 4231 cathedram.

1665 4344 1876 4400 CAPUT
1914 4346 2002 4401 VI.

1205 4449 1281 4507 De
1309 4447 1498 4509 exilio
1529 4457 1879 4509 sanctorum
1908 4451 2089 4510 Nerei
2118 4458 2168 4509 et
2200 4449 2475 4508 Achillei.

163 4563 392 4619 Athletae
421 4561 642 4630 Christi,
674 4561 967 4618 Domitillae
993 4561 1062 4617 ad
1082 4560 1226 4616 bella
1257 4560 1526 4635 magistri,

161 4655 358 4711 Pontia
378 4654 473 4709 dat
501 4653 705 4726 quibus
736 4653 1061 4724 hospitium,
1103 4653 1235 4708 dum
1270 4668 1502 4708 noscere
1531 4659 1724 4708 curant

165 4744 354 4810 Qualis
391 4744 614 4812 humus,
638 4744 797 4812 cujus
816 4743 946 4798 fidei
981 4743 1242 4814 qualesve
1273 4742 1478 4808 coloni,

169 4842 321 4896 Bella
343 4840 478 4895 viris
505 4841 789 4896 tractanda
821 4839 928 4910 piis
957 4846 1102 4894 terra
1133 4837 1355 4909 hospita
1388 4843 1589 4907 portat.

168 4931 380 5002 Nempe
401 4931 606 4986 scholae
632 4931 874 4986 Simonis
896 4929 1122 5001 quidam
1156 4927 1518 4984 inveniuntur
1561 4925 1796 4982 alumni.

170 5027 394 5083 Artibus
419 5027 713 5099 indigenas
741 5025 855 5081 fere
877 5025 1218 5081 subvertisse
1248 5022 1515 5095 profanis,

174 5121 328 5176 Falsa
357 5137 459 5192 per
484 5123 719 5180 atracias
750 5123 866 5188 (sic)
886 5126 1258 5174 monstrantes
1287 5117 1444 5190 signa
1467 5114 1694 5189 ﬁguras.

174 5213 559 5285 Pallentesque
588 5214 702 5268 Deo
720 5212 969 5287 genitum
992 5211 1242 5286 genitore
1275 5208 1620 5283 magistrum.

175 5304 388 5376 Proque
414 5305 511 5360 Dei
532 5305 704 5360 Gnato
734 5304 1015 5360 Simonem
1041 5317 1269 5358 suasere
1302 5299 1620 5365 colendum,

171 5393 278 5449 Hos
303 5395 435 5450 dum
467 5394 764 5464 praevalida
792 5393 967 5449 sancti
995 5392 1196 5448 virtute
1231 5389 1494 5455 refutant,

174 5483 418 5540 Cmtibus
446 5483 681 5552 effultus,
718 5485 984 5556 pupulum
1013 5483 1283 5538 scitantur
1317 5483 1373 5536 in
1417 5481 1558 5535 ista:

185 5603 206 5631 (ι
235 5581 555 5637 Marcellum
585 5581 764 5638 Marco
795 5580 1049 5652 nunquid
1076 5577 1414 5654 cognoscitis
1437 5575 1592 5631 Urbis

255 5721 400 5789 (I71)
435 5717 565 5775 Cod.
602 5719 776 5790 prima
799 5735 966 5774 manu
995 5720 1320 5789 gentilium;
1357 5731 1495 5771 corr.
1534 5714 1603 5768 ab
1641 5713 1858 5768 emsilio.

513 5848 790 5910 PATROL.
842 5845 1168 5910 CXXXV.

1811 4560 2413 4636 DPraefectogenitum
2448 4558 2475 4612 ?
2501 4593 2524 4599 φ
2549 4558 2680 4624 Quis
2724 4559 2872 4612 hunc
2905 4555 2994 4610 hic
3025 4553 3236 4609 nesciat
3269 4552 3282 4607 l
3319 4574 3344 4606 »
3381 4551 3461 4606 Illi
3501 4571 3512 4606 :

1897 4675 1925 4705 (ι
1958 4653 2266 4709 Attribuitis
2296 4652 2421 4706 eine
2454 4651 2617 4707 fidem
2651 4651 2794 4706 Petri
2815 4648 3123 4703 Simonisve

1898 4749 2077 4804 Laude
2107 4763 2276 4820 super
2307 4745 2336 4800 ‘?
2357 4779 2416 4785 -
2441 4746 2681 4800 Nimium
2711 4743 2923 4818 rigidus
2943 4741 3283 4814 quicredere
3312 4749 3517 4793 lcmnat

1899 4839 2173 4900 Personae,
2201 4835 2467 4902 referunt,
2495 4840 2680 4902 tantae,
2715 4841 2822 4889 tam
2855 4830 3125 4905 sanguine
3155 4829 3336 4892 clarae,

1902 4931 1963 4985 Et
1978 4927 2154 4984 sancti
2177 4945 2189 4982 :
2214 4955 2232 4973 κ
2266 4926 2494 4980 Tantum
2524 4925 2578 4979 id
2610 4925 2845 4997 propriae
2885 4928 3140 4994 praestate
3170 4919 3353 4984 saluti,

1901 5020 1943 5072 A
1973 5016 2134 5072 nobis
2161 5015 2349 5088 apices
2378 5015 2558 5069 donec
2583 5014 2876 5084 capiatque
2909 5011 3175 5080 feratque,

1905 5109 1998 5164 llis
2029 5125 2196 5180 super
2227 5109 2454 5163 istorum
2487 5106 2739 5161 doctrina
2770 5103 2999 5159 avertite
3039 5106 3271 5158 mentes.

1905 5200 2080 5270 Atque
2104 5197 2257 5268 prius
2287 5195 2454 5251 nostri
2489 5194 2750 5248 recitetur
2782 5190 3019 5262 epistola
3040 5187 3216 5254 vobis,

1903 5289 2159 5355 Quolibet
2190 5289 2322 5342 hinc
2350 5286 2442 5340 illa
2471 5292 2707 5340 vestram
2741 5289 2996 5354 gestante
3026 5279 3249 5336 feratur.

1904 5382 2084 5453 Ipsius
2113 5396 2176 5435 ac
2201 5387 2410 5434 vestras
2447 5375 2696 5432 consulta
2727 5374 2983 5448 legantur
3006 5372 3059 5426 in
3095 5387 3276 5427 aures.
3315 5397 3337 5417 ιι

1905 5473 2172 5530 Omnibus
2203 5471 2258 5526 id
2290 5469 2588 5541 placitum;
2621 5467 2875 5522 scribunt
2904 5482 3026 5521 mox
3061 5465 3192 5520 talia
3229 5466 3427 5519 sancti.

1911 5599 1931 5618 σι
1969 5571 2075 5627 Nos
2096 5567 2240 5624 servi
2266 5565 2462 5621 Christi
2502 5565 2630 5620 Jesu
2659 5563 2867 5619 Nereus
2896 5570 2951 5618 et
2972 5562 3250 5618 Achilleus

3127 5827 3206 5888 20
