3890 6408
451 378 557 431 619
1173 380 1540 436 FLODOARDI
1584 382 1884 437 CANONICI
1930 383 2261 441 REMENSIS
2301 390 2635 448 OPUSCULA
2678 395 2986 452 METRICA.
3712 406 3824 462 620

452 504 709 560 Marcello
738 504 1119 600 condiscipulo
1161 521 1260 575 pcr
1288 506 1451 561 saecla
1472 507 1724 563 salutem.
2105 517 2153 582 Α
2181 514 2423 588 Cumque
2454 535 2896 592 repugnaremus
2915 522 2999 576 eis
3030 539 3101 579 ne
3126 526 3381 583 crederet
3404 529 3580 600 ullus,

453 599 673 653 Pontica
705 597 998 669 propulsos
1023 614 1146 653 cum
1181 614 1282 653 nos
1304 601 1582 672 ergastula
1612 609 1885 671 pressent,

2169 607 2404 682 Dignum
2437 609 2564 663 hinc
2596 620 2649 665 te
2679 610 2847 665 certis
2866 612 3202 668 astruximus
3228 630 3351 671 esse
3373 597 3588 687 relatis,

452 689 683 745 Nomine
712 706 809 761 pro
843 690 1055 746 Domini
1083 690 1389 762 gaudemus
1429 694 1557 747 talia
1576 692 1743 762 passi.
2171 700 2469 756 lnformare
2497 701 2606 755 tuis
2644 703 2823 773 possis
2847 704 2940 775 qui
2976 704 3181 761 fatibus
3203 707 3347 773 illos,

448 786 712 857 Discipuli
739 787 985 841 Simonis
1015 788 1112 842 sed
1134 788 1337 860 gaudia
1367 796 1551 844 nostra
1571 787 1822 863 fatigant.
2170 789 2296 858 Ejus
2325 806 2448 845 cum
2471 790 2637 845 vitam
2670 792 2977 849 discussius
3009 793 3129 865 ipse
3162 798 3437 867 probaris,

451 874 641 929 Furius
661 885 714 929 et
741 875 958 930 Priscus
986 875 1203 950 profugi
1236 892 1336 948 pro
1361 877 1552 932 fraude
1586 876 1831 952 magistri
1867 893 1882 940 ;
2170 878 2484 950 Discipulus
2516 880 2708 947 fueris,
2743 889 2974 938 cunctos
3002 886 3296 957 agnoveris
3315 896 3473 944 actus
3507 907 3523 955 ;

447 967 725 1019 assertant
752 966 1282 1022 eteniminnocuum
1306 968 1508 1023 vixisse
1542 968 1849 1033 Simonem,
2167 971 2243 1025 Nc
2283 971 2487 1046 pigeat,
2523 973 2783 1044 petimus,
2818 975 2903 1029 his
2933 977 3201 1046 scribere,
3243 994 3500 1049 promere
3533 998 3740 1037 verum

450 1059 713 1131 lluncque
754 1063 898 1116 odiis
926 1063 1227 1118 insectatus
1263 1062 1336 1117 sit
1378 1063 1573 1118 Petrus
1604 1062 1851 1133 iniquis;
2168 1061 2420 1117 lnsontes
2445 1062 2582 1118 solvi
2614 1070 2674 1119 ut
2702 1064 2923 1120 valeant
2952 1067 3240 1123 erroribus
3268 1070 3491 1125 horum.
3521 1094 3547 1116 ιι

1941 1175 2146 1231 CAPUT
2185 1177 2295 1232 Vll.

1398 1290 1627 1347 llelatio
1660 1286 1931 1346 Marcelli
1958 1284 2028 1343 de
2054 1284 2377 1345 miraculis
2403 1289 2602 1347 sancti
2634 1282 2823 1346 Petri.

445 1392 564 1446 Hch
595 1408 816 1464 quoquc
850 1395 1289 1450 rescribitsolers
1305 1394 1590 1449 Marcellus
1615 1393 1682 1448 ad
1718 1393 1851 1447 ista:
2169 1412 2189 1438 ε
2218 1390 2315 1455 Qui
2345 1408 2470 1447 cum
2500 1392 2659 1448 Patre
2687 1400 2778 1450 tuo
2802 1394 3016 1462 vivens,
3056 1402 3112 1451 et
3141 1396 3384 1452 Flamine
3410 1407 3637 1465 sancto,

443 1505 465 1530 α
498 1483 731 1537 Almitici
763 1483 977 1538 Domini
1007 1484 1133 1537 Jesu
1153 1484 1242 1554 pia
1273 1483 1446 1554 gratia
1475 1490 1676 1536 tecum.
2163 1504 2187 1526 α
2222 1480 2352 1535 Vitae
2384 1497 2553 1555 regna
2584 1488 2760 1551 tenes,
2783 1491 2839 1538 et
2869 1483 2922 1537 in
2944 1485 3131 1540 omnia
3156 1487 3358 1542 saecula
3391 1504 3620 1563 regnas.
3668 1510 3691 1536 r-

442 1570 727 1625 Marcellus
752 1587 925 1642 prono
949 1571 1145 1625 Christi
1162 1570 1447 1625 molimine
1469 1585 1666 1623 servus
2162 1568 2284 1624 Haec
2307 1570 2376 1624 ad
2404 1579 2527 1626 vota
2556 1571 2714 1646 niger
2736 1572 2938 1647 Stygiis
2963 1574 3258 1629 adducitur
3277 1576 3489 1631 umbris

443 1663 615 1718 Nereo
647 1672 701 1717 et
737 1663 981 1718 Achilleo
1014 1662 1360 1734 praaconibns
1388 1661 1547 1715 almis
2163 1657 2582 1732 Exsurgensquc
2613 1661 2755 1716 Petri
2781 1663 3014 1738 vestigia
3038 1679 3245 1734 pronus
3261 1664 3453 1720 adorat
3484 1682 3499 1719 :

439 1751 845 1808 Grammatibus
868 1751 1065 1807 vestris
1092 1751 1184 1822 pia
1200 1751 1416 1825 gaudeo
1443 1750 1646 1825 gaudia
1675 1748 1857 1814 lectis,
2087 1784 2137 1851 Β
2167 1779 2190 1800 ιι
2225 1754 2365 1817 Vidi,
2399 1755 2576 1823 aiens,
2607 1756 2897 1811 Dominum
2923 1758 3111 1813 Jesum
3141 1759 3404 1813 mandare
3434 1758 3722 1814 ministris

443 1844 767 1899 Constantes
805 1842 1082 1915 siquidem
1112 1859 1211 1898 vos
1240 1859 1470 1913 corpore
1501 1842 1683 1898 sentio
1715 1848 1768 1895 et
1798 1856 1914 1904 ore,
2087 1842 2134 1851 “’
2168 1871 2189 1891 ..
2230 1847 2304 1902 De
2327 1863 2415 1902 me
2446 1848 2731 1915 caelicolis,
2764 1864 2828 1903 ac
2856 1848 2983 1903 talia
3000 1850 3157 1919 jussa
3177 1849 3446 1906 ferentem
3481 1866 3496 1905 ε

442 1936 800 2007 Solliciteque
833 1936 1006 2007 proba
1039 1952 1137 2007 pro
1164 1951 1295 1991 vero
1327 1935 1583 1990 insistere
1614 1950 1799 2008 pugna
1832 1951 1846 1987 :
2171 1957 2192 1985 α
2229 1936 2330 1991 Pro
2360 1937 2504 1992 votis
2533 1937 2698 2004 Petri,
2728 1938 2901 1993 nostri
2922 1939 3226 1994 constantis
3255 1939 3439 2005 amici,

441 2030 726 2100 Objectum
755 2032 853 2086 sed
883 2031 1033 2087 enim
1068 2032 1363 2087 innocuum
1396 2031 1525 2102 quia
1555 2029 1694 2085 forte
1712 2028 1993 2083 Simonem
2170 2054 2193 2074 κ
2227 2029 2505 2084 Reddatur
2533 2031 2691 2085 matri
2718 2030 2900 2085 vidua;
2928 2047 3069 2102 puer
3093 2032 3292 2087 unicus
3320 2031 3441 2086 iste.
3482 2052 3507 2081 η

444 2123 721 2191 Promitis,
758 2125 888 2180 hinc
916 2124 1104 2195 aliqua
1132 2124 1385 2195 qua2dam
1418 2138 1518 2194 pro
1547 2128 1697 2193 parte
1730 2120 1961 2179 fatebor.
2170 2118 2211 2171 lt
2238 2117 2372 2172 coelo
2393 2118 2607 2173 sonitus
2636 2118 2995 2183 clamantum,
3018 2135 3084 2174 ac
3122 2135 3257 2176 voce
3282 2120 3525 2175 virorum
3561 2136 3577 2173 :

444 2215 479 2268 Ε
513 2216 704 2286 paucis
735 2232 964 2286 pensare
997 2215 1104 2270 cati
1135 2231 1246 2287 quo
1274 2214 1511 2286 plurima
1532 2212 1738 2269 norint.
2176 2227 2198 2256 α
2232 2207 2325 2262 Hic
2353 2208 2497 2262 Deus
2524 2215 2609 2263 est
2635 2209 2788 2265 solus
2819 2209 2962 2265 Petri
2984 2226 3150 2281 quem
3175 2210 3434 2281 praedicat
3459 2216 3645 2265 actus.
3672 2232 3700 2259 ι)

446 2310 626 2380 Ipsius
654 2312 921 2365 asseclam
948 2311 1063 2366 fore
1087 2324 1175 2366 me
1198 2327 1321 2365 nam
1345 2309 1579 2382 contigit
1604 2308 1761 2366 olim,
2167 2297 2402 2369 Angitur
2426 2299 2642 2354 illector
2669 2308 2835 2370 caput
2859 2300 3196 2373 indutusque
3228 2301 3455 2356 molossi

442 2406 613 2469 Quem
647 2405 778 2459 dum
808 2404 1055 2461 fictorem
1105 2414 1273 2476 atque
1324 2421 1567 2479 magum,
1627 2417 1837 2475 perque
1880 2416 1978 2456 om‘

1975 2399 2069 2454 nia
2169 2390 2391 2461 Appetit
2419 2390 2707 2457 effugium,
2739 2393 2989 2463 sequitur
3009 2392 3248 2448 clamore
3269 2402 3508 2459 caterva,

1719 2492 1996 2563 [nequam,
2170 2486 2445 2541 Arctatum
2474 2493 2645 2552 tenet,
2676 2487 2909 2542 ultorem
2932 2502 3156 2558 quoque
3179 2495 3452 2558 praeparat
3479 2487 3699 2560 ignem.

443 2581 831 2656 lnfantumque
863 2595 1200 2652 necatorem,
1233 2584 1525 2655 dirumque
1552 2583 1896 2655 probassem,
2171 2578 2516 2645 ApprOperat
2535 2575 2749 2647 Cephas
2779 2592 2961 2631 acrem
2991 2576 3187 2631 sedare
3214 2577 3506 2631 tumultum

443 2676 693 2744 Deserui,
727 2677 996 2749 Petroque
1028 2678 1168 2733 viam
1201 2678 1528 2749 complexus
1558 2676 1788 2731 adhaesi.
2175 2669 2572 2725 lliecinhibens
2604 2679 2663 2726 et
2691 2670 2784 2724 tali
2809 2671 3027 2725 animos
3052 2669 3311 2725 affamine
3341 2670 3600 2726 mulcens
3644 2689 3661 2724 :

444 2764 596 2820 Hunc
624 2766 1001 2821 Zoroastreum
1033 2776 1302 2822 memorat
1328 2767 1457 2822 dum
1488 2766 1887 2830 Samaritanus,
2175 2784 2194 2802 ο·
2234 2759 2429 2815 Noster
2452 2773 2554 2814 nos
2583 2759 2773 2814 docuit
2798 2758 3071 2828 patientes
3102 2758 3287 2813 vivere
3303 2758 3501 2813 doctor

445 2857 617 2927 Inque
656 2857 849 2912 odium
885 2858 1074 2929 populi
1114 2860 1329 2913 mentes
1359 2858 1687 2914 accenderet
1715 2858 1859 2926 ejus,
2174 2873 2192 2898 α
2226 2852 2338 2908 Nec
2360 2851 2661 2906 malaferre
2677 2853 2852 2916 malis,
2874 2852 3007 2923 quin
3034 2852 3798 2924 blandarependereszevis.»

446 2944 583 2999 Ecce
612 2953 840 3015 repente
863 2946 957 3000 ubi
984 2947 1264 3002 sincerum
1295 2947 1556 3017 carpebat
1579 2946 1820 3018 iniquus,
2169 2943 2279 2999 Hoc
2307 2943 2423 2997 sale
2446 2944 2681 3013 respersi
2719 2943 2897 2998 dirum
2932 2944 3133 2999 misere
3163 2945 3453 3013 caninum,

444 3034 625 3089 Turba
647 3034 828 3104 ampla
859 3035 1096 3105 stipante
1114 3036 1311 3102 virum,
1343 3034 1612 3091 transibat
1634 3034 1834 3089 amaris
2167 3032 2263 3097 Qui
2296 3032 2541 3087 bonitate
2573 3032 2713 3087 Petri
2747 3032 2910 3099 liber,
2950 3033 3046 3087 sed
3079 3033 3334 3089 daemone
3366 3036 3611 3103 vinctus,

446 3122 779 3177 Lamentans
800 3123 1059 3195 lacrymis
1088 3123 1279 3178 orbata
1305 3131 1365 3178 ut
1395 3122 1623 3189 femina,
1655 3123 1813 3194 cujus
2090 3150 2140 3217 Ο
2169 3121 2247 3176 Me
2279 3121 2434 3193 petit,
2462 3121 2719 3194 ignorare
2752 3131 2949 3191 putans
2976 3138 3098 3192 quae
3126 3129 3283 3197 gesta
3312 3123 3605 3195 patebant,

444 3212 644 3268 Unicus
671 3214 947 3269 occiderat
973 3222 1195 3289 gnatus,
1230 3230 1548 3286 nomenque
1580 3213 1825 3285 parentis
2099 3209 2139 3217 “’
2170 3212 2581 3281 lmmanemque
2610 3226 2802 3265 canem
2834 3210 2920 3264 vix
2951 3209 3128 3264 ferrea
3159 3210 3336 3265 vincla
3364 3222 3703 3284 sequentem

440 3305 752 3360 Abstulerat
780 3307 979 3371 viduae,
1012 3308 1238 3381 gemino
1267 3324 1388 3379 qua:
1422 3306 1697 3379 squallida
1736 3306 1915 3359 busto.
2168 3308 2344 3363 Vincit
2376 3307 2431 3361 in
2463 3306 2719 3379 ingressu
2753 3324 2766 3360 :
2815 3327 2835 3354 σ
2870 3306 3166 3361 Videamus
3191 3307 3238 3361 si
3261 3306 3473 3372 Petrus,
3506 3307 3694 3375 aiens,

442 3396 537 3451 llic
569 3397 779 3467 Cephas
810 3398 1019 3453 Simoni
1052 3409 1306 3453 assuetos
1326 3398 1522 3453 affatur
1544 3398 1754 3453 amicos
1785 3413 1799 3450 :
2170 3422 2193 3450 α
2222 3399 2335 3455 Huc
2362 3409 2416 3454 te
2437 3399 2731 3456 sollicitare
2761 3399 2948 3453 solens
2978 3399 3179 3453 intrare
3209 3399 3435 3454 valebit.
3471 3420 3495 3449 ι

442 3512 465 3540 α
502 3492 601 3556 lte,
630 3491 757 3559 viri,
784 3507 1027 3562 praesens
1049 3491 1249 3547 feretro
1277 3491 1481 3547 nudate
1503 3492 1760 3559 cadaver,
2170 3496 2233 3547 At
2260 3490 2454 3546 Petrus
2480 3490 2803 3555 adveniens,
2828 3489 3053 3565 longum
3084 3506 3267 3562 neque
3295 3491 3499 3546 deinde
3521 3501 3795 3559 moratus,

446 3608 469 3626 η
505 3580 705 3653 Sicque
736 3581 961 3651 probate
992 3580 1157 3636 fidem
1194 3599 1207 3636 :
1240 3582 1330 3637 cui
1361 3598 1531 3649 mors,
1559 3582 1748 3637 audire
1782 3589 1990 3654 parata,
2166 3584 2363 3640 Ferrea
2402 3601 2542 3640 nexa
2573 3585 2699 3640 ferae
2729 3585 2907 3640 crucis
2938 3586 3006 3640 ad
3035 3586 3321 3659 signacula
3352 3586 3539 3653 solvit,

446 3698 468 3718 α
500 3673 820 3728 Reddidcrit
850 3675 1115 3746 praedam,
1145 3675 1442 3748 invitisque
1472 3676 1749 3732 remiserit
1777 3677 1972 3732 antris.
2011 3702 2035 3723 »ι
2168 3673 2520 3746 lnjungitque
2538 3674 2659 3729 cani
2691 3673 2947 3729 mandata
2974 3672 3202 3729 ferenda
3231 3675 3457 3740 canino,

443 3766 559 3830 Quo
598 3767 747 3822 dicto
770 3767 997 3843 Magnus
1017 3769 1271 3844 erigitur,
1306 3770 1654 3842 nimiumque
1676 3771 1918 3842 superbe
1948 3788 1962 3825 :
2166 3762 2231 3817 υι
2259 3778 2427 3818 sensu
2447 3770 2666 3833 captum
2695 3763 2872 3818 valeat
2904 3762 3374 3834 quibusincrepct
3402 3765 3565 3821 orsis.

445 3886 465 3900 η
505 3857 669 3911 [stum
702 3874 805 3931 ego
835 3858 878 3912 si
910 3859 1152 3914 functum
1183 3860 1383 3915 vinclis
1412 3859 1701 3914 absolvero
1731 3859 1889 3926 Iethi,
2164 3856 2309 3911 Vade
2340 3856 2559 3919 lubens,
2589 3856 2798 3911 Simoni
2825 3855 3023 3911 furiato
3054 3855 3182 3911 talia
3220 3856 3404 3926 perfer
3435 3874 3449 3910 :

444 3980 464 3997 ι-
507 3952 659 4007 Hunc
681 3953 896 4009 Petrum
921 3963 1241 4009 nostrumne
1264 3954 1531 4010 necabitis
1552 3954 1580 4009 τ
1602 3954 1752 4010 ilicet
1774 3955 1987 4009 hostem
2168 3970 2191 3996 α
2222 3948 2421 4003 Desine
2438 3947 2743 4003 daemonica
2772 3949 3033 4019 papulum
3061 3947 3330 4003 seducere
3357 3947 3575 4017 fraude,

441 4071 464 4096 α
502 4048 694 4103 Vivum
728 4048 903 4118 (turba
929 4049 1135 4118 fremit)
1167 4049 1403 4103 ﬂammis
1444 4040 1776 4105 torrebimus
1807 4049 1946 4104 atris
1976 4060 1977 4063 ‘

2172 4065 2190 4090 ι
2226 4040 2436 4096 Viviﬁci
2467 4056 2565 4111 pro
2603 4056 2711 4111 quo
2743 4039 2937 4095 Christi
2978 4039 3105 4095 data
3127 4039 3415 4115 sanguinis
3446 4042 3621 4096 unda.
3660 4064 3680 4092 ι

444 4140 664 4195 lnvocat
692 4140 883 4195 illusos
912 4141 1176 4195 callentes
1205 4140 1398 4196 fraude
1418 4140 1719 4207 ministros,
2166 4130 2522 4202 Conspiciens
2548 4146 2651 4204 ego
2674 4135 2822 4185 tanto
2854 4127 2949 4184 Dei
2982 4129 3264 4195 miracula.
3288 4145 3468 4195 curm.

441 4235 766 4305 Αιιοειείοίμιε
795 4232 1101 4289 ministerio
1131 4242 1312 4288 motus
1337 4241 1516 4304 quam
1541 4240 1692 4288 artus
1723 4249 1738 4299 ;
2164 4226 2535 4292 Asternorqne
2565 4219 2706 4275 Petri
2735 4219 2995 4291 pedibus,
3028 4218 3376 4293 genibusque
3408 4220 3651 4278 volutor.

439 4326 556 4389 Quo
577 4324 694 4379 viso
725 4322 916 4395 populi
948 4323 1165 4378 laudem
1183 4321 1393 4390 jactare
1424 4322 1686 4388 Simonis,
2169 4310 2748 4383 Excipiensquedomo
2780 4309 3105 4381 probrosum
3137 4309 3362 4364 elimino
3389 4319 3722 4367 monstrum.

440 4414 745 4471 Perniciem
786 4413 927 4468 Petri
961 4412 1164 4469 stolido
1194 4414 1387 4467 saevire
1428 4413 1686 4468 tumultu.
2168 4405 2230 4458 At
2260 4404 2415 4459 canis
2445 4402 2674 4458 effectus
2691 4402 2903 4457 cunctis
2919 4401 3267 4467 mitissimus,
3289 4416 3459 4455 unum

442 4510 506 4563 Αι
531 4508 720 4563 senior
746 4514 1028 4575 constans,
1058 4507 1215 4562 turba
1244 4522 1331 4560 νιχ
1372 4501 1662 4575 paciﬁca“
1694 4521 1707 4557 ε
2084 4542 2140 4610 D
2168 4491 2803 4565 lnsequiturSimonem,
2823 4489 3175 4561 pedibusque
3195 4488 3569 4610 suibopprimit
3586 4501 3785 4546 actum.

504 4595 554 4610 η·
668 4596 680 4610 .
764 4594 774 4606 .
807 4596 827 4610 ,.
1113 4595 1124 4610 .
1172 4603 1181 4610 ,
1282 4594 1291 4604 .
1339 4594 1371 4610 ..
1471 4607 1482 4610 _
1543 4593 1586 4610 ι,
1611 4598 1797 4610 μυιηλ,
2175 4585 2582 4610 Δηη..--,...ιυ...η
2616 4581 2704 4610 ηζη
2729 4582 3026 4610 ...ιηηιρηκηι
3050 4586 3242 4610 nuncin
3270 4595 3331 4610 ..ο
3361 4593 3457 4610 Ann
3484 4595 3498 4608 ο

442 4621 468 4646 ‹‹
503 4595 557 4651 Si
588 4594 776 4651 reduci
805 4596 1016 4651 fervore
1046 4595 1209 4662 calet,
1244 4594 1512 4666 vivitque,
1543 4593 1820 4664 loquatur,
1852 4611 1877 4643 η
2084 4579 2140 4610 υ
2164 4585 2583 4654 Accurrensquc
2616 4581 2705 4652 pio
2729 4582 3029 4652 proclamat
3049 4579 3333 4651 apostolus
3360 4593 3457 4633 ore
3484 4595 3498 4632 :

441 4688 626 4761 lnquit
653 4714 675 4735 ι
710 4696 766 4743 et
797 4687 1037 4754 incedat,
1073 4686 1351 4751 comedat,
1384 4700 1482 4738 sua
1514 4690 1655 4739 tecta
1684 4683 1883 4738 revisat
1919 4699 1934 4749 ;

2167 4694 2192 4718 α
2228 4671 2457 4727 Nomine
2488 4670 2751 4741 praecipio
2779 4669 2976 4724 Christi
3000 4684 3067 4723 ne
3089 4669 3302 4723 viscera
3326 4683 3514 4723 morsu

444 4802 468 4832 α
502 4781 556 4835 Si
580 4796 710 4836 vero
743 4779 845 4834 ista
875 4779 1092 4851 nequit,
1127 4778 1238 4832 falli
1267 4796 1365 4835 vos
1390 4789 1505 4834 arte
1534 4778 1765 4850 probate
1798 4796 1811 4831 :
1837 4800 1857 4827 ι

2172 4799 2189 4807 ς-
2230 4763 2554 4836 Contigeris,
2577 4763 2793 4818 lanians
2823 4780 2932 4818 neu
2965 4762 3149 4819 ﬂxeris
3178 4761 3404 4817 artubus
3432 4777 3642 4818 armaa

437 4873 715 4927 Acclamat
742 4872 940 4946 vulgus
968 4869 1274 4925 connivens
1296 4876 1479 4923 mente
1506 4878 1748 4939 recepta,

2249 4858 2263 4911 i
2292 4863 2568 4928 praecepta
2581 4871 2840 4926 sequens,
2870 4854 3481 4926 vitansqueirrumpere
3514 4855 3782 4920 membra,

436 4969 532 5023 Sin
563 4983 724 5021 secus
744 4943 889 5020 hunc
917 4963 1199 5017 Simonem
1231 4962 1375 5017 Petri
1412 4969 1685 5017 tormenta
1702 4961 1952 5036 fatigent.

1888 4971 1952 5017 πί,
2165 4946 2436 5002 Dilacerat
2456 4954 2691 5011 vestem,
2707 4944 2857 4999 nulla
2887 4943 3152 5015 permittit
3176 4951 3424 5013 opertam

442 5063 578 5117 Iram
614 5063 699 5116 l'ur
728 5059 1000 5114 simulans
1018 5057 1156 5129 petit
1185 5062 1513 5131 argumenta
1542 5054 1772 5110 latendi.
1803 5030 1832 5036 η

2167 5036 2324 5090 Parte
2358 5049 2582 5088 manere
2604 5043 2808 5099 cutem,
2841 5032 3016 5103 carpit
3045 5031 3353 5106 retegitque
3383 5030 3657 5087 latronem

441 5156 545 5208 Sec
583 5153 869 5223 edensque
902 5126 1054 5225 fuga,
1087 5126 1321 5219 capitur,
1347 5147 1607 5219 foedeque
1639 5154 1880 5212 tenetur,

2240 5149 2317 5187 nc
2348 5130 2588 5202 populus
2609 5136 2924 5201 nostraeque
2950 5129 3148 5184 domus
3176 5142 3278 5198 per
3305 5126 3550 5197 compita
3574 5142 3776 5192 verme,

437 5247 808 5317 Servaturque
832 5260 1065 5317 pavens,
1107 5242 1289 5298 donec
1320 5242 1513 5297 Petrus
1542 5240 1644 5295 ista
1674 5249 1915 5311 perorat,

2163 5226 2292 5281 Cum
2322 5240 2459 5279 cane
2491 5228 2822 5295 procurrunt
2851 5222 3064 5275 Satanae
3097 5227 3352 5291 portenta
3376 5218 3656 5291 fugantes,

440 5308 871 5409 Expansisecelb
901 5335 1160 5391 manibus
1191 5351 1205 5389 ε
1237 5355 1257 5383 ι
1284 5333 1605 5390 Dominator
1630 5308 1772 5397 lesu,
2162 5319 2337 5388 Atque
2366 5316 2553 5385 lupum
2587 5312 2787 5411 ιηξθηῑίδ
2814 5310 3088 5411 Ρεξυθηίθθ
3112 5309 3392 5411 mani?“
3416 5308 3629 5411 “'1’in

442 5454 458 5477 ο
498 5401 666 5484 Nobis
691 5428 978 5498 discipulis
1011 5426 1247 5498 propriis
1276 5426 1371 5500 qui
1404 5427 1519 5481 haec
1551 5427 1705 5494 jussa
1731 5425 1929 5480 dedisti
1968 5443 1978 5478 :

2160 5406 2447 5482 Opprobrii
2491 5422 2601 5461 non
2635 5405 2778 5459 ferre
2808 5402 2998 5457 valens
3026 5411 3135 5455 tam
3164 5401 3411 5472 pondera
3442 5401 3653 5474 magni,

436 5546 462 5570 (ι
490 5518 723 5576 Nomine
752 5520 898 5574 abite
921 5535 1066 5586 meo,
1098 5520 1310 5574 Satanae
1340 5518 1601 5589 depellite
1633 5517 1873 5583 fraudes,

2156 5502 2387 5557 Abditas
2413 5499 2504 5554 hic
2533 5504 2649 5552 toto
2682 5510 2953 5566 nusquam
2975 5499 3285 5564 comparuit
3313 5508 3480 5548 anno.

440 5633 465 5656 η
497 5609 697 5662 Curate
731 5603 998 5668 inﬁrmos,
1030 5614 1283 5661 revocate
1308 5587 1577 5662 cadavera
1602 5606 1748 5670 vitae,
2159 5596 2415 5669 Hcppetit
2437 5594 2566 5648 inde
2596 5599 2803 5654 tamen,
2837 5589 2932 5661 qui
2960 5605 3023 5645 se
3039 5588 3374 5644 insinuando
3400 5587 3606 5644 Neroni

438 5721 461 5743 «ι
500 5694 656 5750 Hunc
684 5689 846 5745 nobis
877 5690 1109 5744 redhibe
1136 5709 1389 5763 puerum,
1412 5700 1709 5768 cognoscat
1729 5693 1980 5748 utomnis
2159 5689 2510 5761 Suggereret,
2535 5698 2773 5754 nequam
2802 5694 2992 5751 pravo,
3019 5695 3199 5768 saevus
3228 5678 3500 5735 scelerato

440 5810 458 5827 ιο
496 5782 597 5838 llic
626 5778 865 5849 populus
891 5776 1067 5833 solum
1098 5786 1268 5837 temet
1298 5764 1699 5853 Dominumque
1728 5782 2011 5854 Deumque
2037 5801 2055 5848 ;
2158 5771 2643 5832 Nectitamicitiam
2679 5785 2694 5835 ;
2723 5767 2783 5823 ﬁt
2807 5767 3008 5841 copula
3033 5764 3153 5823 dira
3174 5766 3454 5824 nefandis.
