  <div class='ocr_page' id='page_1' title='image "/cluster/home/n/w/nwhite01/storage/ocr_20150623/134-135/uc1.31175013627537/831.png"; bbox 0 0 3890 6420; ppageno 0'>
   <div class='ocr_carea' id='block_1_1' title="bbox 455 423 3799 482">
    <p class='ocr_par' dir='ltr' id='par_1_1' title="bbox 455 423 3799 482">
     <span class='ocr_line' id='line_1_1' title="bbox 455 423 3799 482; baseline 0.001 -8"><span class='ocrx_word' id='word_1_1' title='bbox 455 423 561 478; x_wconf 70' lang='grc'><strong>623</strong></span> <span class='ocrx_word' id='word_1_2' title='bbox 1224 423 1595 480; x_wconf 74' lang='lat' dir='ltr'><strong>FLODDARDI</strong></span> <span class='ocrx_word' id='word_1_3' title='bbox 1639 426 1942 482; x_wconf 84' lang='lat' dir='ltr'><strong>CANONICI</strong></span> <span class='ocrx_word' id='word_1_4' title='bbox 1987 424 2316 481; x_wconf 75' lang='lat' dir='ltr'><strong>REMENSIS</strong></span> <span class='ocrx_word' id='word_1_5' title='bbox 2355 423 2692 479; x_wconf 86' lang='lat' dir='ltr'><strong>OPUSCULA</strong></span> <span class='ocrx_word' id='word_1_6' title='bbox 2734 423 3044 478; x_wconf 83' lang='lat' dir='ltr'><strong>METRICA.</strong></span> <span class='ocrx_word' id='word_1_7' title='bbox 3698 427 3799 479; x_wconf 60' lang='lat'><strong>6‘24</strong></span> 
     </span>
    </p>
   </div>
   <div class='ocr_carea' id='block_1_2' title="bbox 452 551 3364 627">
    <p class='ocr_par' dir='ltr' id='par_1_2' title="bbox 452 551 3364 627">
     <span class='ocr_line' id='line_1_2' title="bbox 452 551 3364 627; baseline 0 -21"><span class='ocrx_word' id='word_1_8' title='bbox 452 551 637 606; x_wconf 85' lang='lat' dir='ltr'><strong>Evolat</strong></span> <span class='ocrx_word' id='word_1_9' title='bbox 666 551 733 605; x_wconf 90' lang='lat' dir='ltr'><strong>ad</strong></span> <span class='ocrx_word' id='word_1_10' title='bbox 752 551 1070 615; x_wconf 91' lang='lat' dir='ltr'><strong>Dominum;</strong></span> <span class='ocrx_word' id='word_1_11' title='bbox 1102 551 1284 606; x_wconf 85' lang='lat' dir='ltr'><strong>Tiberi</strong></span> <span class='ocrx_word' id='word_1_12' title='bbox 1318 553 1410 624; x_wconf 91' lang='lat' dir='ltr'><strong>pia</strong></span> <span class='ocrx_word' id='word_1_13' title='bbox 1441 556 1691 610; x_wconf 86' lang='lat' dir='ltr'><strong>membra</strong></span> <span class='ocrx_word' id='word_1_14' title='bbox 1720 557 1990 612; x_wconf 82' lang='lat' dir='ltr'><strong>feruntur.</strong></span> <span class='ocrx_word' id='word_1_15' title='bbox 2096 563 2142 627; x_wconf 77' lang='grc' dir='ltr'>Α</span> <span class='ocrx_word' id='word_1_16' title='bbox 2171 554 2340 625; x_wconf 86' lang='lat' dir='ltr'><strong>lnque</strong></span> <span class='ocrx_word' id='word_1_17' title='bbox 2373 553 2460 607; x_wconf 89' lang='lat' dir='ltr'><strong>via</strong></span> <span class='ocrx_word' id='word_1_18' title='bbox 2475 553 2815 608; x_wconf 87' lang='lat' dir='ltr'><strong>Nomentana</strong></span> <span class='ocrx_word' id='word_1_19' title='bbox 2847 554 2988 608; x_wconf 84' lang='lat' dir='ltr'><strong>locat</strong></span> <span class='ocrx_word' id='word_1_20' title='bbox 3016 568 3140 608; x_wconf 88' lang='lat' dir='ltr'><strong>ossa</strong></span> <span class='ocrx_word' id='word_1_21' title='bbox 3169 553 3364 615; x_wconf 87' lang='lat' dir='ltr'><strong>beata;</strong></span> 
     </span>
    </p>
   </div>
   <div class='ocr_carea' id='block_1_3' title="bbox 449 642 3768 723">
    <p class='ocr_par' dir='ltr' id='par_1_3' title="bbox 449 642 3768 723">
     <span class='ocr_line' id='line_1_3' title="bbox 449 642 3768 723; baseline 0.002 -26"><span class='ocrx_word' id='word_1_22' title='bbox 449 644 691 697; x_wconf 83' lang='lat' dir='ltr'><strong>Clericus</strong></span> <span class='ocrx_word' id='word_1_23' title='bbox 718 642 895 713; x_wconf 87' lang='lat' dir='ltr'><strong>ipsius</strong></span> <span class='ocrx_word' id='word_1_24' title='bbox 918 643 1074 696; x_wconf 81' lang='lat' dir='ltr'><strong>factis</strong></span> <span class='ocrx_word' id='word_1_25' title='bbox 1105 650 1159 696; x_wconf 90' lang='lat' dir='ltr'><strong>et</strong></span> <span class='ocrx_word' id='word_1_26' title='bbox 1183 644 1407 698; x_wconf 82' lang='lat' dir='ltr'><strong>nomine</strong></span> <span class='ocrx_word' id='word_1_27' title='bbox 1429 646 1614 713; x_wconf 87' lang='lat' dir='ltr'><strong>justus</strong></span> <span class='ocrx_word' id='word_1_28' title='bbox 2173 649 2380 720; x_wconf 82' lang='lat' dir='ltr'><strong>Hicque</strong></span> <span class='ocrx_word' id='word_1_29' title='bbox 2420 650 2592 703; x_wconf 88' lang='lat' dir='ltr'><strong>Deum</strong></span> <span class='ocrx_word' id='word_1_30' title='bbox 2618 658 2840 704; x_wconf 77' lang='lat' dir='ltr'><strong>orantes</strong></span> <span class='ocrx_word' id='word_1_31' title='bbox 2872 657 3108 720; x_wconf 90' lang='lat' dir='ltr'><strong>poscunt</strong></span> <span class='ocrx_word' id='word_1_32' title='bbox 3129 667 3252 721; x_wconf 77' lang='lat' dir='ltr'><strong>quae</strong></span> <span class='ocrx_word' id='word_1_33' title='bbox 3280 649 3447 723; x_wconf 84' lang='lat' dir='ltr'><strong>digna</strong></span> <span class='ocrx_word' id='word_1_34' title='bbox 3479 657 3768 703; x_wconf 85' lang='lat' dir='ltr'><strong>merentur</strong></span> 
     </span>
    </p>
   </div>
   <div class='ocr_carea' id='block_1_4' title="bbox 452 732 3485 815">
    <p class='ocr_par' dir='ltr' id='par_1_4' title="bbox 452 732 3485 815">
     <span class='ocr_line' id='line_1_4' title="bbox 452 732 3485 815; baseline 0.004 -31"><span class='ocrx_word' id='word_1_35' title='bbox 452 732 620 785; x_wconf 88' lang='lat' dir='ltr'><strong>Undis</strong></span> <span class='ocrx_word' id='word_1_36' title='bbox 649 732 892 801; x_wconf 89' lang='lat' dir='ltr'><strong>eripiens</strong></span> <span class='ocrx_word' id='word_1_37' title='bbox 920 747 1120 800; x_wconf 90' lang='lat' dir='ltr'><strong>corpus</strong></span> <span class='ocrx_word' id='word_1_38' title='bbox 1151 733 1403 801; x_wconf 87' lang='lat' dir='ltr'><strong>producit</strong></span> <span class='ocrx_word' id='word_1_39' title='bbox 1432 735 1499 787; x_wconf 89' lang='lat' dir='ltr'><strong>ad</strong></span> <span class='ocrx_word' id='word_1_40' title='bbox 1541 735 1759 789; x_wconf 86' lang='lat' dir='ltr'><strong>hortum</strong></span> <span class='ocrx_word' id='word_1_41' title='bbox 2169 743 2420 813; x_wconf 82' lang='lat' dir='ltr'><strong>Martyris</strong></span> <span class='ocrx_word' id='word_1_42' title='bbox 2441 743 2674 798; x_wconf 89' lang='lat' dir='ltr'><strong>obtentu</strong></span> <span class='ocrx_word' id='word_1_43' title='bbox 2706 744 2850 815; x_wconf 86' lang='lat' dir='ltr'><strong>passi</strong></span> <span class='ocrx_word' id='word_1_44' title='bbox 2885 759 2984 815; x_wconf 90' lang='lat' dir='ltr'><strong>pro</strong></span> <span class='ocrx_word' id='word_1_45' title='bbox 3013 743 3235 799; x_wconf 88' lang='lat' dir='ltr'><strong>nomine</strong></span> <span class='ocrx_word' id='word_1_46' title='bbox 3269 743 3485 798; x_wconf 84' lang='lat' dir='ltr'><strong>Christi.</strong></span> 
     </span>
    </p>
   </div>
   <div class='ocr_carea' id='block_1_5' title="bbox 450 825 3792 908">
    <p class='ocr_par' dir='ltr' id='par_1_5' title="bbox 450 825 3792 908">
     <span class='ocr_line' id='line_1_5' title="bbox 450 825 3792 908; baseline 0.003 -30"><span class='ocrx_word' id='word_1_47' title='bbox 450 826 507 878; x_wconf 86' lang='lat' dir='ltr'><strong>lu</strong></span> <span class='ocrx_word' id='word_1_48' title='bbox 539 825 720 881; x_wconf 89' lang='lat' dir='ltr'><strong>biroto</strong></span> <span class='ocrx_word' id='word_1_49' title='bbox 750 825 1058 896; x_wconf 90' lang='lat' dir='ltr'><strong>pr0prium,</strong></span> <span class='ocrx_word' id='word_1_50' title='bbox 1093 833 1147 880; x_wconf 92' lang='lat' dir='ltr'><strong>et</strong></span> <span class='ocrx_word' id='word_1_51' title='bbox 1169 827 1380 882; x_wconf 90' lang='lat' dir='ltr'><strong>tumulo</strong></span> <span class='ocrx_word' id='word_1_52' title='bbox 1412 844 1587 899; x_wconf 85' lang='lat' dir='ltr'><strong>prOpe</strong></span> <span class='ocrx_word' id='word_1_53' title='bbox 1615 830 1821 884; x_wconf 83' lang='lat' dir='ltr'><strong>moenia</strong></span> <span class='ocrx_word' id='word_1_54' title='bbox 1852 831 2062 898; x_wconf 81' lang='lat' dir='ltr'><strong>condit,</strong></span> <span class='ocrx_word' id='word_1_55' title='bbox 2170 833 2300 888; x_wconf 88' lang='lat' dir='ltr'><strong>Cum</strong></span> <span class='ocrx_word' id='word_1_56' title='bbox 2333 834 2491 890; x_wconf 88' lang='lat' dir='ltr'><strong>Patre</strong></span> <span class='ocrx_word' id='word_1_57' title='bbox 2516 835 2612 908; x_wconf 87' lang='lat' dir='ltr'><strong>qui</strong></span> <span class='ocrx_word' id='word_1_58' title='bbox 2633 850 2855 907; x_wconf 88' lang='lat' dir='ltr'><strong>semper</strong></span> <span class='ocrx_word' id='word_1_59' title='bbox 2869 842 3060 891; x_wconf 86' lang='lat' dir='ltr'><strong>sancto</strong></span> <span class='ocrx_word' id='word_1_60' title='bbox 3090 842 3144 891; x_wconf 89' lang='lat' dir='ltr'><strong>et</strong></span> <span class='ocrx_word' id='word_1_61' title='bbox 3173 835 3486 907; x_wconf 91' lang='lat' dir='ltr'><strong>Spiramine</strong></span> <span class='ocrx_word' id='word_1_62' title='bbox 3517 841 3740 907; x_wconf 84' lang='lat' dir='ltr'><strong>regnat.</strong></span> 
     </span>
    </p>
   </div>
   <div class='ocr_carea' id='block_1_6' title="bbox 1969 964 2284 1022">
    <p class='ocr_par' dir='ltr' id='par_1_6' title="bbox 1969 964 2284 1022">
     <span class='ocr_line' id='line_1_6' title="bbox 1969 964 2284 1022; baseline 0.006 -2"><span class='ocrx_word' id='word_1_63' title='bbox 1969 964 2178 1021; x_wconf 81' lang='lat' dir='ltr'><strong>CAPUT</strong></span> <span class='ocrx_word' id='word_1_64' title='bbox 2218 968 2284 1022; x_wconf 83' lang='lat' dir='ltr'><strong>Xl</strong></span> 
     </span>
    </p>
   </div>
   <div class='ocr_carea' id='block_1_7' title="bbox 1429 1065 2818 1142">
    <p class='ocr_par' dir='ltr' id='par_1_7' title="bbox 1429 1065 2818 1142">
     <span class='ocr_line' id='line_1_7' title="bbox 1429 1065 2818 1142; baseline 0.003 -18"><span class='ocrx_word' id='word_1_65' title='bbox 1429 1065 1507 1125; x_wconf 84' lang='lat' dir='ltr'><strong>De</strong></span> <span class='ocrx_word' id='word_1_66' title='bbox 1535 1068 1834 1142; x_wconf 78' lang='lat' dir='ltr'><strong>martyrio</strong></span> <span class='ocrx_word' id='word_1_67' title='bbox 1869 1075 2220 1127; x_wconf 83' lang='lat' dir='ltr'><strong>sanctorum</strong></span> <span class='ocrx_word' id='word_1_68' title='bbox 2251 1071 2430 1128; x_wconf 73' lang='lat' dir='ltr'><strong>Nerei</strong></span> <span class='ocrx_word' id='word_1_69' title='bbox 2456 1078 2508 1129; x_wconf 88' lang='lat' dir='ltr'><strong>et</strong></span> <span class='ocrx_word' id='word_1_70' title='bbox 2538 1071 2818 1131; x_wconf 80' lang='lat' dir='ltr'><strong>Achillei.</strong></span> 
     </span>
    </p>
   </div>
   <div class='ocr_carea' id='block_1_8' title="bbox 450 1177 3623 1259">
    <p class='ocr_par' dir='ltr' id='par_1_8' title="bbox 450 1177 3623 1259">
     <span class='ocr_line' id='line_1_8' title="bbox 450 1177 3623 1259; baseline 0.003 -29"><span class='ocrx_word' id='word_1_71' title='bbox 450 1177 539 1231; x_wconf 78' lang='lat' dir='ltr'><strong>itis</strong></span> <span class='ocrx_word' id='word_1_72' title='bbox 569 1177 642 1232; x_wconf 91' lang='lat' dir='ltr'><strong>ita</strong></span> <span class='ocrx_word' id='word_1_73' title='bbox 671 1177 942 1242; x_wconf 88' lang='lat' dir='ltr'><strong>decursis,</strong></span> <span class='ocrx_word' id='word_1_74' title='bbox 983 1179 1100 1234; x_wconf 68' lang='lat' dir='ltr'><strong>haec</strong></span> <span class='ocrx_word' id='word_1_75' title='bbox 1133 1180 1515 1236; x_wconf 90' lang='lat' dir='ltr'><strong>rescribuntur</strong></span> <span class='ocrx_word' id='word_1_76' title='bbox 1541 1181 1610 1235; x_wconf 88' lang='lat' dir='ltr'><strong>ad</strong></span> <span class='ocrx_word' id='word_1_77' title='bbox 1646 1182 1781 1236; x_wconf 90' lang='lat' dir='ltr'><strong>ista:</strong></span> <span class='ocrx_word' id='word_1_78' title='bbox 2170 1183 2473 1255; x_wconf 89' lang='lat' dir='ltr'><strong>Suppliciis</strong></span> <span class='ocrx_word' id='word_1_79' title='bbox 2498 1185 2726 1250; x_wconf 87' lang='lat' dir='ltr'><strong>dantur;</strong></span> <span class='ocrx_word' id='word_1_80' title='bbox 2761 1201 2901 1256; x_wconf 91' lang='lat' dir='ltr'><strong>quos</strong></span> <span class='ocrx_word' id='word_1_81' title='bbox 2935 1185 3109 1240; x_wconf 84' lang='lat' dir='ltr'><strong>Rufus</strong></span> <span class='ocrx_word' id='word_1_82' title='bbox 3327 1186 3623 1259; x_wconf 76' lang='lat' dir='ltr'><strong>igne(172)</strong></span> 
     </span>
    </p>
   </div>
   <div class='ocr_carea' id='block_1_9' title="bbox 446 1270 3464 1356">
    <p class='ocr_par' dir='ltr' id='par_1_9' title="bbox 446 1270 3464 1356">
     <span class='ocr_line' id='line_1_9' title="bbox 446 1270 3464 1356; baseline 0.005 -36"><span class='ocrx_word' id='word_1_83' title='bbox 446 1270 678 1340; x_wconf 77' lang='lat' dir='ltr'><strong>l-lntyces</strong></span> <span class='ocrx_word' id='word_1_84' title='bbox 698 1270 1009 1325; x_wconf 83' lang='lat' dir='ltr'><strong>Victorinus</strong></span> <span class='ocrx_word' id='word_1_85' title='bbox 1043 1273 1216 1327; x_wconf 67' lang='lat' dir='ltr'><strong>Marco</strong></span> <span class='ocrx_word' id='word_1_86' title='bbox 1235 1273 1303 1327; x_wconf 89' lang='lat' dir='ltr'><strong>ad</strong></span> <span class='ocrx_word' id='word_1_87' title='bbox 1336 1273 1521 1328; x_wconf 88' lang='lat' dir='ltr'><strong>omnia</strong></span> <span class='ocrx_word' id='word_1_88' title='bbox 1541 1273 1705 1327; x_wconf 85' lang='lat' dir='ltr'><strong>servi.</strong></span> <span class='ocrx_word' id='word_1_89' title='bbox 2171 1280 2459 1351; x_wconf 90' lang='lat' dir='ltr'><strong>Appensos</strong></span> <span class='ocrx_word' id='word_1_90' title='bbox 2489 1281 2745 1337; x_wconf 91' lang='lat' dir='ltr'><strong>crucians</strong></span> <span class='ocrx_word' id='word_1_91' title='bbox 2775 1282 3001 1337; x_wconf 90' lang='lat' dir='ltr'><strong>molitur</strong></span> <span class='ocrx_word' id='word_1_92' title='bbox 3029 1298 3229 1356; x_wconf 82' lang='lat' dir='ltr'><strong>cogere</strong></span> <span class='ocrx_word' id='word_1_93' title='bbox 3259 1283 3464 1347; x_wconf 90' lang='lat' dir='ltr'><strong>sacris;</strong></span> 
     </span>
    </p>
   </div>
   <div class='ocr_carea' id='block_1_10' title="bbox 445 1359 3549 1446">
    <p class='ocr_par' dir='ltr' id='par_1_10' title="bbox 445 1359 3549 1446">
     <span class='ocr_line' id='line_1_10' title="bbox 445 1359 3549 1446; baseline 0.001 -22"><span class='ocrx_word' id='word_1_94' title='bbox 445 1359 550 1424; x_wconf 60' lang='lat' dir='ltr'><strong>Qui</strong></span> <span class='ocrx_word' id='word_1_95' title='bbox 579 1360 792 1414; x_wconf 84' lang='lat' dir='ltr'><strong>Domini</strong></span> <span class='ocrx_word' id='word_1_96' title='bbox 813 1361 944 1415; x_wconf 83' lang='lat' dir='ltr'><strong>Jesu</strong></span> <span class='ocrx_word' id='word_1_97' title='bbox 975 1362 1229 1417; x_wconf 75' lang='lat' dir='ltr'><strong>Marcello</strong></span> <span class='ocrx_word' id='word_1_98' title='bbox 1265 1372 1568 1434; x_wconf 82' lang='lat' dir='ltr'><strong>grammata</strong></span> <span class='ocrx_word' id='word_1_99' title='bbox 1589 1363 1756 1416; x_wconf 81' lang='lat' dir='ltr'><strong>missa</strong></span> <span class='ocrx_word' id='word_1_100' title='bbox 2170 1371 2418 1444; x_wconf 88' lang='lat' dir='ltr'><strong>Dumque</strong></span> <span class='ocrx_word' id='word_1_101' title='bbox 2446 1372 2684 1428; x_wconf 78' lang='lat' dir='ltr'><strong>fatentur</strong></span> <span class='ocrx_word' id='word_1_102' title='bbox 2703 1374 3008 1445; x_wconf 91' lang='lat' dir='ltr'><strong>apostolico</strong></span> <span class='ocrx_word' id='word_1_103' title='bbox 3038 1374 3370 1446; x_wconf 79' lang='lat' dir='ltr'><strong>baptismate</strong></span> <span class='ocrx_word' id='word_1_104' title='bbox 3403 1375 3549 1429; x_wconf 90' lang='lat' dir='ltr'><strong>lotos</strong></span> 
     </span>
    </p>
   </div>
   <div class='ocr_carea' id='block_1_11' title="bbox 445 1451 3534 1533">
    <p class='ocr_par' dir='ltr' id='par_1_11' title="bbox 445 1451 3534 1533">
     <span class='ocr_line' id='line_1_11' title="bbox 445 1451 3534 1533; baseline 0.006 -33"><span class='ocrx_word' id='word_1_105' title='bbox 445 1451 646 1505; x_wconf 69' lang='lat' dir='ltr'><strong>Sictua</strong></span> <span class='ocrx_word' id='word_1_106' title='bbox 672 1460 944 1506; x_wconf 91' lang='lat' dir='ltr'><strong>venerunt</strong></span> <span class='ocrx_word' id='word_1_107' title='bbox 977 1452 1212 1518; x_wconf 81' lang='lat' dir='ltr'><strong>sanctis;</strong></span> <span class='ocrx_word' id='word_1_108' title='bbox 1256 1453 1482 1526; x_wconf 82' lang='lat' dir='ltr'><strong>triginta</strong></span> <span class='ocrx_word' id='word_1_109' title='bbox 1521 1453 1642 1507; x_wconf 89' lang='lat' dir='ltr'><strong>dies</strong></span> <span class='ocrx_word' id='word_1_110' title='bbox 1671 1453 1778 1519; x_wconf 78' lang='lat' dir='ltr'><strong>iam</strong></span> <span class='ocrx_word' id='word_1_111' title='bbox 2171 1460 2328 1516; x_wconf 86' lang='lat' dir='ltr'><strong>Nulla</strong></span> <span class='ocrx_word' id='word_1_112' title='bbox 2351 1479 2594 1533; x_wconf 85' lang='lat' dir='ltr'><strong>unquam</strong></span> <span class='ocrx_word' id='word_1_113' title='bbox 2628 1479 2688 1517; x_wconf 89' lang='lat' dir='ltr'><strong>se</strong></span> <span class='ocrx_word' id='word_1_114' title='bbox 2727 1463 3084 1533; x_wconf 89' lang='lat' dir='ltr'><strong>sculptilibus</strong></span> <span class='ocrx_word' id='word_1_115' title='bbox 3115 1464 3328 1518; x_wconf 90' lang='lat' dir='ltr'><strong>ratione</strong></span> <span class='ocrx_word' id='word_1_116' title='bbox 3354 1463 3534 1527; x_wconf 89' lang='lat' dir='ltr'><strong>litare,</strong></span> 
     </span>
    </p>
   </div>
   <div class='ocr_carea' id='block_1_12' title="bbox 442 1539 3509 1623">
    <p class='ocr_par' dir='ltr' id='par_1_12' title="bbox 442 1539 3509 1623">
     <span class='ocr_line' id='line_1_12' title="bbox 442 1539 3509 1623; baseline 0.002 -32"><span class='ocrx_word' id='word_1_117' title='bbox 442 1539 794 1594; x_wconf 86' lang='lat' dir='ltr'><strong>Transierant</strong></span> <span class='ocrx_word' id='word_1_118' title='bbox 825 1548 1114 1613; x_wconf 89' lang='lat' dir='ltr'><strong>postquam</strong></span> <span class='ocrx_word' id='word_1_119' title='bbox 1151 1541 1219 1596; x_wconf 88' lang='lat' dir='ltr'><strong>ad</strong></span> <span class='ocrx_word' id='word_1_120' title='bbox 1253 1545 1501 1596; x_wconf 88' lang='lat' dir='ltr'><strong>meritam</strong></span> <span class='ocrx_word' id='word_1_121' title='bbox 1533 1558 1738 1596; x_wconf 84' lang='lat' dir='ltr'><strong>venere</strong></span> <span class='ocrx_word' id='word_1_122' title='bbox 1778 1557 2062 1596; x_wconf 88' lang='lat' dir='ltr'><strong>coronam.</strong></span> <span class='ocrx_word' id='word_1_123' title='bbox 2169 1549 2349 1604; x_wconf 80' lang='lat' dir='ltr'><strong>Puniti</strong></span> <span class='ocrx_word' id='word_1_124' title='bbox 2372 1551 2575 1606; x_wconf 70' lang='lat' dir='ltr'><strong>mulcta</strong></span> <span class='ocrx_word' id='word_1_125' title='bbox 2604 1552 2803 1623; x_wconf 68' lang='lat' dir='ltr'><strong>capitis</strong></span> <span class='ocrx_word' id='word_1_126' title='bbox 2843 1568 3012 1622; x_wconf 71' lang='lat' dir='ltr'><strong>super</strong></span> <span class='ocrx_word' id='word_1_127' title='bbox 3043 1558 3188 1606; x_wconf 71' lang='lat' dir='ltr'><strong>astra</strong></span> <span class='ocrx_word' id='word_1_128' title='bbox 3221 1552 3509 1605; x_wconf 74' lang='lat' dir='ltr'><strong>recedunt,</strong></span> 
     </span>
    </p>
   </div>
   <div class='ocr_carea' id='block_1_13' title="bbox 444 1634 3624 1712">
    <p class='ocr_par' dir='ltr' id='par_1_13' title="bbox 444 1634 3624 1712">
     <span class='ocr_line' id='line_1_13' title="bbox 444 1634 3624 1712; baseline 0.002 -25"><span class='ocrx_word' id='word_1_129' title='bbox 444 1635 624 1689; x_wconf 64' lang='lat' dir='ltr'><strong>i’iavia</strong></span> <span class='ocrx_word' id='word_1_130' title='bbox 656 1634 917 1705; x_wconf 58' lang='lat' dir='ltr'><strong>praeclara</strong></span> <span class='ocrx_word' id='word_1_131' title='bbox 946 1643 999 1691; x_wconf 89' lang='lat' dir='ltr'><strong>et</strong></span> <span class='ocrx_word' id='word_1_132' title='bbox 1031 1636 1244 1691; x_wconf 88' lang='lat' dir='ltr'><strong>Christo</strong></span> <span class='ocrx_word' id='word_1_133' title='bbox 1276 1637 1622 1691; x_wconf 84' lang='lat' dir='ltr'><strong>vinctissima</strong></span> <span class='ocrx_word' id='word_1_134' title='bbox 1647 1637 1824 1709; x_wconf 89' lang='lat' dir='ltr'><strong>virgo,</strong></span> <span class='ocrx_word' id='word_1_135' title='bbox 2174 1641 2466 1710; x_wconf 81' lang='lat' dir='ltr'><strong>Auspicius</strong></span> <span class='ocrx_word' id='word_1_136' title='bbox 2497 1657 2730 1712; x_wconf 90' lang='lat' dir='ltr'><strong>quorum</strong></span> <span class='ocrx_word' id='word_1_137' title='bbox 2764 1641 2945 1712; x_wconf 84' lang='lat' dir='ltr'><strong>rapuit</strong></span> <span class='ocrx_word' id='word_1_138' title='bbox 2976 1657 3132 1696; x_wconf 88' lang='lat' dir='ltr'><strong>sacra</strong></span> <span class='ocrx_word' id='word_1_139' title='bbox 3166 1656 3396 1710; x_wconf 90' lang='lat' dir='ltr'><strong>corpora</strong></span> <span class='ocrx_word' id='word_1_140' title='bbox 3429 1647 3624 1705; x_wconf 89' lang='lat' dir='ltr'><strong>noctu,</strong></span> 
     </span>
    </p>
   </div>
   <div class='ocr_carea' id='block_1_14' title="bbox 447 1725 3502 1802">
    <p class='ocr_par' dir='ltr' id='par_1_14' title="bbox 447 1725 3502 1802">
     <span class='ocr_line' id='line_1_14' title="bbox 447 1725 3502 1802; baseline 0.003 -24"><span class='ocrx_word' id='word_1_141' title='bbox 447 1725 613 1779; x_wconf 88' lang='lat' dir='ltr'><strong>Docta</strong></span> <span class='ocrx_word' id='word_1_142' title='bbox 645 1741 742 1795; x_wconf 90' lang='lat' dir='ltr'><strong>per</strong></span> <span class='ocrx_word' id='word_1_143' title='bbox 762 1725 1049 1780; x_wconf 88' lang='lat' dir='ltr'><strong>eunuchos</strong></span> <span class='ocrx_word' id='word_1_144' title='bbox 1070 1726 1243 1780; x_wconf 89' lang='lat' dir='ltr'><strong>Nerea</strong></span> <span class='ocrx_word' id='word_1_145' title='bbox 1282 1735 1335 1780; x_wconf 92' lang='lat' dir='ltr'><strong>et</strong></span> <span class='ocrx_word' id='word_1_146' title='bbox 1365 1726 1622 1780; x_wconf 84' lang='lat' dir='ltr'><strong>Achillea</strong></span> <span class='ocrx_word' id='word_1_147' title='bbox 1653 1727 1831 1781; x_wconf 87' lang='lat' dir='ltr'><strong>claros</strong></span> <span class='ocrx_word' id='word_1_148' title='bbox 2174 1729 2489 1800; x_wconf 91' lang='lat' dir='ltr'><strong>Discipulus</strong></span> <span class='ocrx_word' id='word_1_149' title='bbox 2512 1731 2661 1798; x_wconf 83' lang='lat' dir='ltr'><strong>felix,</strong></span> <span class='ocrx_word' id='word_1_150' title='bbox 2695 1747 2805 1802; x_wconf 91' lang='lat' dir='ltr'><strong>quo</strong></span> <span class='ocrx_word' id='word_1_151' title='bbox 2839 1731 3019 1786; x_wconf 86' lang='lat' dir='ltr'><strong>Flavia</strong></span> <span class='ocrx_word' id='word_1_152' title='bbox 3047 1731 3219 1786; x_wconf 91' lang='lat' dir='ltr'><strong>crevit</strong></span> <span class='ocrx_word' id='word_1_153' title='bbox 3257 1732 3502 1786; x_wconf 91' lang='lat' dir='ltr'><strong>alumno.</strong></span> 
     </span>
    </p>
   </div>
   <div class='ocr_carea' id='block_1_15' title="bbox 447 1817 3631 1894">
    <p class='ocr_par' dir='ltr' id='par_1_15' title="bbox 447 1817 3631 1894">
     <span class='ocr_line' id='line_1_15' title="bbox 447 1817 3631 1894; baseline 0.003 -26"><span class='ocrx_word' id='word_1_154' title='bbox 447 1817 611 1889; x_wconf 84' lang='lat' dir='ltr'><strong>Virgo</strong></span> <span class='ocrx_word' id='word_1_155' title='bbox 641 1833 886 1884; x_wconf 89' lang='lat' dir='ltr'><strong>manere,</strong></span> <span class='ocrx_word' id='word_1_156' title='bbox 923 1818 1030 1872; x_wconf 89' lang='lat' dir='ltr'><strong>Deo</strong></span> <span class='ocrx_word' id='word_1_157' title='bbox 1057 1834 1319 1888; x_wconf 90' lang='lat' dir='ltr'><strong>supremo</strong></span> <span class='ocrx_word' id='word_1_158' title='bbox 1345 1819 1573 1873; x_wconf 89' lang='lat' dir='ltr'><strong>credere</strong></span> <span class='ocrx_word' id='word_1_159' title='bbox 1603 1818 1819 1873; x_wconf 88' lang='lat' dir='ltr'><strong>Christo</strong></span> <span class='ocrx_word' id='word_1_160' title='bbox 2175 1820 2549 1894; x_wconf 84' lang='lat' dir='ltr'><strong>Naviculaque</strong></span> <span class='ocrx_word' id='word_1_161' title='bbox 2581 1823 2792 1878; x_wconf 89' lang='lat' dir='ltr'><strong>vehens</strong></span> <span class='ocrx_word' id='word_1_162' title='bbox 2823 1823 3113 1878; x_wconf 65' lang='lat' dir='ltr'><strong>Domitillae</strong></span> <span class='ocrx_word' id='word_1_163' title='bbox 3141 1823 3196 1876; x_wconf 93' lang='lat' dir='ltr'><strong>in</strong></span> <span class='ocrx_word' id='word_1_164' title='bbox 3228 1823 3631 1894; x_wconf 73' lang='lat' dir='ltr'><strong>pnediaduxit,</strong></span> 
     </span>
    </p>
   </div>
   <div class='ocr_carea' id='block_1_16' title="bbox 445 1905 3438 1981">
    <p class='ocr_par' dir='ltr' id='par_1_16' title="bbox 445 1905 3438 1981">
     <span class='ocr_line' id='line_1_16' title="bbox 445 1905 3438 1981; baseline 0.003 -25"><span class='ocrx_word' id='word_1_165' title='bbox 445 1905 670 1972; x_wconf 86' lang='lat' dir='ltr'><strong>Ubjecto</strong></span> <span class='ocrx_word' id='word_1_166' title='bbox 699 1906 830 1960; x_wconf 87' lang='lat' dir='ltr'><strong>Jesu</strong></span> <span class='ocrx_word' id='word_1_167' title='bbox 865 1907 1025 1962; x_wconf 92' lang='lat' dir='ltr'><strong>titulo</strong></span> <span class='ocrx_word' id='word_1_168' title='bbox 1059 1908 1163 1960; x_wconf 84' lang='lat' dir='ltr'><strong>sibi</strong></span> <span class='ocrx_word' id='word_1_169' title='bbox 1199 1907 1464 1974; x_wconf 84' lang='lat' dir='ltr'><strong>nominis,</strong></span> <span class='ocrx_word' id='word_1_170' title='bbox 1497 1907 1674 1962; x_wconf 89' lang='lat' dir='ltr'><strong>isthuc</strong></span> <span class='ocrx_word' id='word_1_171' title='bbox 2173 1912 2247 1965; x_wconf 89' lang='lat' dir='ltr'><strong>Ac</strong></span> <span class='ocrx_word' id='word_1_172' title='bbox 2277 1921 2482 1967; x_wconf 63' lang='lat' dir='ltr'><strong>sanctae</strong></span> <span class='ocrx_word' id='word_1_173' title='bbox 2507 1913 2662 1981; x_wconf 88' lang='lat' dir='ltr'><strong>juxta</strong></span> <span class='ocrx_word' id='word_1_174' title='bbox 2680 1913 2992 1968; x_wconf 69' lang='lat' dir='ltr'><strong>Petronillze</strong></span> <span class='ocrx_word' id='word_1_175' title='bbox 3024 1913 3186 1968; x_wconf 89' lang='lat' dir='ltr'><strong>busta</strong></span> <span class='ocrx_word' id='word_1_176' title='bbox 3217 1912 3438 1978; x_wconf 80' lang='lat' dir='ltr'><strong>locavit,</strong></span> 
     </span>
    </p>
   </div>
   <div class='ocr_carea' id='block_1_17' title="bbox 443 1998 3518 2105">
    <p class='ocr_par' dir='ltr' id='par_1_17' title="bbox 443 1998 3518 2105">
     <span class='ocr_line' id='line_1_17' title="bbox 443 1998 3518 2105; baseline 0.002 -54"><span class='ocrx_word' id='word_1_177' title='bbox 443 1999 707 2052; x_wconf 82' lang='lat' dir='ltr'><strong>Truditur</strong></span> <span class='ocrx_word' id='word_1_178' title='bbox 735 1998 804 2052; x_wconf 88' lang='lat' dir='ltr'><strong>ab</strong></span> <span class='ocrx_word' id='word_1_179' title='bbox 837 2014 1064 2069; x_wconf 90' lang='lat' dir='ltr'><strong>sponso,</strong></span> <span class='ocrx_word' id='word_1_180' title='bbox 1099 2003 1262 2070; x_wconf 81' lang='lat' dir='ltr'><strong>quem</strong></span> <span class='ocrx_word' id='word_1_181' title='bbox 1287 2007 1608 2070; x_wconf 88' lang='lat' dir='ltr'><strong>tempserat,</strong></span> <span class='ocrx_word' id='word_1_182' title='bbox 1642 2000 1964 2063; x_wconf 79' lang='lat' dir='ltr'><strong>Aureliano;</strong></span> <span class='ocrx_word' id='word_1_183' title='bbox 2106 2037 2154 2105; x_wconf 80' lang='grc' dir='ltr'>Β</span> <span class='ocrx_word' id='word_1_184' title='bbox 2176 2001 2320 2056; x_wconf 88' lang='lat' dir='ltr'><strong>Mille</strong></span> <span class='ocrx_word' id='word_1_185' title='bbox 2354 2010 2408 2056; x_wconf 88' lang='lat' dir='ltr'><strong>et</strong></span> <span class='ocrx_word' id='word_1_186' title='bbox 2431 2002 2750 2075; x_wconf 86' lang='lat' dir='ltr'><strong>quingentis</strong></span> <span class='ocrx_word' id='word_1_187' title='bbox 2775 2003 3037 2057; x_wconf 89' lang='lat' dir='ltr'><strong>distantia</strong></span> <span class='ocrx_word' id='word_1_188' title='bbox 3066 2001 3322 2073; x_wconf 88' lang='lat' dir='ltr'><strong>passibus</strong></span> <span class='ocrx_word' id='word_1_189' title='bbox 3352 2003 3518 2067; x_wconf 90' lang='lat' dir='ltr'><strong>Urbe,</strong></span> 
     </span>
    </p>
   </div>
   <div class='ocr_carea' id='block_1_18' title="bbox 446 2090 3589 2164">
    <p class='ocr_par' dir='ltr' id='par_1_18' title="bbox 446 2090 3589 2164">
     <span class='ocr_line' id='line_1_18' title="bbox 446 2090 3589 2164; baseline 0.002 -23"><span class='ocrx_word' id='word_1_190' title='bbox 446 2090 661 2161; x_wconf 84' lang='lat' dir='ltr'><strong>Quique</strong></span> <span class='ocrx_word' id='word_1_191' title='bbox 684 2106 925 2161; x_wconf 77' lang='lat' dir='ltr'><strong>sequens</strong></span> <span class='ocrx_word' id='word_1_192' title='bbox 955 2093 1337 2145; x_wconf 84' lang='lat' dir='ltr'><strong>eunuchorum</strong></span> <span class='ocrx_word' id='word_1_193' title='bbox 1372 2098 1584 2145; x_wconf 90' lang='lat' dir='ltr'><strong>tentare</strong></span> <span class='ocrx_word' id='word_1_194' title='bbox 1616 2091 1834 2161; x_wconf 89' lang='lat' dir='ltr'><strong>piorum</strong></span> <span class='ocrx_word' id='word_1_195' title='bbox 2106 2090 2153 2105; x_wconf 67' lang='grc' dir='ltr'>ν</span> <span class='ocrx_word' id='word_1_196' title='bbox 2179 2091 2308 2156; x_wconf 59' lang='lat' dir='ltr'><strong>Quae</strong></span> <span class='ocrx_word' id='word_1_197' title='bbox 2341 2109 2460 2158; x_wconf 90' lang='lat' dir='ltr'><strong>nos,</strong></span> <span class='ocrx_word' id='word_1_198' title='bbox 2495 2094 2750 2164; x_wconf 84' lang='lat' dir='ltr'><strong>Auspicio</strong></span> <span class='ocrx_word' id='word_1_199' title='bbox 2783 2099 3061 2159; x_wconf 89' lang='lat' dir='ltr'><strong>narrante,</strong></span> <span class='ocrx_word' id='word_1_200' title='bbox 3096 2093 3415 2162; x_wconf 88' lang='lat' dir='ltr'><strong>accepimus</strong></span> <span class='ocrx_word' id='word_1_201' title='bbox 3446 2100 3589 2147; x_wconf 87' lang='lat' dir='ltr'><strong>acta.</strong></span> 
     </span>
    </p>
   </div>
   <div class='ocr_carea' id='block_1_19' title="bbox 451 2185 3336 2261">
    <p class='ocr_par' dir='ltr' id='par_1_19' title="bbox 451 2185 3336 2261">
     <span class='ocr_line' id='line_1_19' title="bbox 451 2185 3336 2261; baseline 0.002 -26"><span class='ocrx_word' id='word_1_202' title='bbox 451 2185 780 2256; x_wconf 70' lang='lat' dir='ltr'><strong>Aggreditur</strong></span> <span class='ocrx_word' id='word_1_203' title='bbox 805 2192 1070 2252; x_wconf 88' lang='lat' dir='ltr'><strong>mentem,</strong></span> <span class='ocrx_word' id='word_1_204' title='bbox 1103 2202 1202 2256; x_wconf 90' lang='lat' dir='ltr'><strong>per</strong></span> <span class='ocrx_word' id='word_1_205' title='bbox 1226 2202 1324 2240; x_wconf 92' lang='lat' dir='ltr'><strong>eos</strong></span> <span class='ocrx_word' id='word_1_206' title='bbox 1354 2186 1457 2240; x_wconf 85' lang='lat' dir='ltr'><strong>sibi</strong></span> <span class='ocrx_word' id='word_1_207' title='bbox 1492 2186 1724 2260; x_wconf 78' lang='lat' dir='ltr'><strong>virginis</strong></span> <span class='ocrx_word' id='word_1_208' title='bbox 1751 2195 1948 2257; x_wconf 87' lang='lat' dir='ltr'><strong>Optans</strong></span> <span class='ocrx_word' id='word_1_209' title='bbox 2181 2187 2393 2240; x_wconf 86' lang='lat' dir='ltr'><strong>Floreat</strong></span> <span class='ocrx_word' id='word_1_210' title='bbox 2423 2202 2554 2261; x_wconf 88' lang='lat' dir='ltr'><strong>ergo</strong></span> <span class='ocrx_word' id='word_1_211' title='bbox 2578 2194 2685 2241; x_wconf 67' lang='lat' dir='ltr'><strong>tute</strong></span> <span class='ocrx_word' id='word_1_212' title='bbox 2717 2186 2881 2242; x_wconf 89' lang='lat' dir='ltr'><strong>nobis</strong></span> <span class='ocrx_word' id='word_1_213' title='bbox 2908 2187 3136 2241; x_wconf 89' lang='lat' dir='ltr'><strong>dilectio</strong></span> <span class='ocrx_word' id='word_1_214' title='bbox 3168 2202 3336 2251; x_wconf 49' lang='lat' dir='ltr'><strong>cura),</strong></span> 
     </span>
    </p>
   </div>
   <div class='ocr_carea' id='block_1_20' title="bbox 449 2276 3612 2350">
    <p class='ocr_par' dir='ltr' id='par_1_20' title="bbox 449 2276 3612 2350">
     <span class='ocr_line' id='line_1_20' title="bbox 449 2276 3612 2350; baseline 0.003 -26"><span class='ocrx_word' id='word_1_215' title='bbox 449 2276 754 2330; x_wconf 66' lang='lat' dir='ltr'><strong>tionciliare</strong></span> <span class='ocrx_word' id='word_1_216' title='bbox 773 2276 1058 2330; x_wconf 87' lang='lat' dir='ltr'><strong>animum:</strong></span> <span class='ocrx_word' id='word_1_217' title='bbox 1091 2285 1424 2347; x_wconf 89' lang='lat' dir='ltr'><strong>spernentes</strong></span> <span class='ocrx_word' id='word_1_218' title='bbox 1455 2294 1685 2332; x_wconf 90' lang='lat' dir='ltr'><strong>munera</strong></span> <span class='ocrx_word' id='word_1_219' title='bbox 1716 2279 1888 2333; x_wconf 88' lang='lat' dir='ltr'><strong>sancti</strong></span> <span class='ocrx_word' id='word_1_220' title='bbox 2180 2277 2510 2350; x_wconf 84' lang='lat' dir='ltr'><strong>Mittereque</strong></span> <span class='ocrx_word' id='word_1_221' title='bbox 2551 2279 2826 2334; x_wconf 87' lang='lat' dir='ltr'><strong>acceleres</strong></span> <span class='ocrx_word' id='word_1_222' title='bbox 2853 2279 2947 2350; x_wconf 92' lang='lat' dir='ltr'><strong>qui</strong></span> <span class='ocrx_word' id='word_1_223' title='bbox 2983 2278 3146 2334; x_wconf 91' lang='lat' dir='ltr'><strong>nobis</strong></span> <span class='ocrx_word' id='word_1_224' title='bbox 3165 2286 3346 2333; x_wconf 89' lang='lat' dir='ltr'><strong>vestra</strong></span> <span class='ocrx_word' id='word_1_225' title='bbox 3379 2278 3612 2343; x_wconf 85' lang='lat' dir='ltr'><strong>revolet,</strong></span> 
     </span>
    </p>
   </div>
   <div class='ocr_carea' id='block_1_21' title="bbox 450 2366 3565 2440">
    <p class='ocr_par' dir='ltr' id='par_1_21' title="bbox 450 2366 3565 2440">
     <span class='ocr_line' id='line_1_21' title="bbox 450 2366 3565 2440; baseline 0 -21"><span class='ocrx_word' id='word_1_226' title='bbox 450 2369 504 2419; x_wconf 83' lang='lat' dir='ltr'><strong>In</strong></span> <span class='ocrx_word' id='word_1_227' title='bbox 538 2366 750 2421; x_wconf 89' lang='lat' dir='ltr'><strong>Christo</strong></span> <span class='ocrx_word' id='word_1_228' title='bbox 781 2367 998 2421; x_wconf 73' lang='lat' dir='ltr'><strong>firmare</strong></span> <span class='ocrx_word' id='word_1_229' title='bbox 1031 2367 1194 2422; x_wconf 83' lang='lat' dir='ltr'><strong>ﬁdem</strong></span> <span class='ocrx_word' id='word_1_230' title='bbox 1227 2369 1493 2424; x_wconf 90' lang='lat' dir='ltr'><strong>studuerc</strong></span> <span class='ocrx_word' id='word_1_231' title='bbox 1525 2369 1760 2440; x_wconf 63' lang='lat' dir='ltr'><strong>puellae,-</strong></span> <span class='ocrx_word' id='word_1_232' title='bbox 2185 2367 2378 2421; x_wconf 88' lang='lat' dir='ltr'><strong>Nostra</strong></span> <span class='ocrx_word' id='word_1_233' title='bbox 2405 2367 2530 2430; x_wconf 89' lang='lat' dir='ltr'><strong>tibi,</strong></span> <span class='ocrx_word' id='word_1_234' title='bbox 2562 2367 2801 2422; x_wconf 86' lang='lat' dir='ltr'><strong>fraterna</strong></span> <span class='ocrx_word' id='word_1_235' title='bbox 2831 2369 2979 2423; x_wconf 89' lang='lat' dir='ltr'><strong>salus</strong></span> <span class='ocrx_word' id='word_1_236' title='bbox 3010 2368 3249 2422; x_wconf 85' lang='lat' dir='ltr'><strong>illustret</strong></span> <span class='ocrx_word' id='word_1_237' title='bbox 3280 2377 3565 2437; x_wconf 89' lang='lat' dir='ltr'><strong>utrosque,</strong></span> 
     </span>
    </p>
   </div>
   <div class='ocr_carea' id='block_1_22' title="bbox 451 2454 3407 2529">
    <p class='ocr_par' dir='ltr' id='par_1_22' title="bbox 451 2454 3407 2529">
     <span class='ocr_line' id='line_1_22' title="bbox 451 2454 3407 2529; baseline 0 -21"><span class='ocrx_word' id='word_1_238' title='bbox 451 2455 602 2509; x_wconf 78' lang='lat' dir='ltr'><strong>Unde</strong></span> <span class='ocrx_word' id='word_1_239' title='bbox 628 2455 899 2510; x_wconf 89' lang='lat' dir='ltr'><strong>attrectati</strong></span> <span class='ocrx_word' id='word_1_240' title='bbox 933 2473 1033 2526; x_wconf 90' lang='lat' dir='ltr'><strong>per</strong></span> <span class='ocrx_word' id='word_1_241' title='bbox 1061 2471 1327 2526; x_wconf 89' lang='lat' dir='ltr'><strong>sponsum</strong></span> <span class='ocrx_word' id='word_1_242' title='bbox 1370 2457 1604 2512; x_wconf 85' lang='lat' dir='ltr'><strong>verbere</strong></span> <span class='ocrx_word' id='word_1_243' title='bbox 1637 2457 1758 2511; x_wconf 90' lang='lat' dir='ltr'><strong>diro</strong></span> <span class='ocrx_word' id='word_1_244' title='bbox 2188 2454 2388 2511; x_wconf 64' lang='lat' dir='ltr'><strong>Laetior</strong></span> <span class='ocrx_word' id='word_1_245' title='bbox 2426 2455 2653 2512; x_wconf 85' lang='lat' dir='ltr'><strong>affectus</strong></span> <span class='ocrx_word' id='word_1_246' title='bbox 2679 2457 2964 2529; x_wconf 89' lang='lat' dir='ltr'><strong>tripotenti</strong></span> <span class='ocrx_word' id='word_1_247' title='bbox 2989 2457 3110 2511; x_wconf 91' lang='lat' dir='ltr'><strong>luce</strong></span> <span class='ocrx_word' id='word_1_248' title='bbox 3139 2462 3407 2510; x_wconf 89' lang='lat' dir='ltr'><strong>coruscet.</strong></span> 
     </span>
    </p>
   </div>
   <div class='ocr_carea' id='block_1_23' title="bbox 453 2547 1652 2618">
    <p class='ocr_par' dir='ltr' id='par_1_23' title="bbox 453 2547 1652 2618">
     <span class='ocr_line' id='line_1_23' title="bbox 453 2547 1652 2618; baseline 0.001 -19"><span class='ocrx_word' id='word_1_249' title='bbox 453 2547 694 2616; x_wconf 74' lang='lat' dir='ltr'><strong>liepositi</strong></span> <span class='ocrx_word' id='word_1_250' title='bbox 722 2547 1096 2612; x_wconf 81' lang='lat' dir='ltr'><strong>Terracinam,</strong></span> <span class='ocrx_word' id='word_1_251' title='bbox 1133 2547 1383 2618; x_wconf 84' lang='lat' dir='ltr'><strong>Rufoque</strong></span> <span class='ocrx_word' id='word_1_252' title='bbox 1417 2547 1652 2602; x_wconf 88' lang='lat' dir='ltr'><strong>necandi</strong></span> 
     </span>
    </p>
   </div>
   <div class='ocr_carea' id='block_1_24' title="bbox 1963 2619 2325 2674">
    <p class='ocr_par' dir='ltr' id='par_1_24' title="bbox 1963 2619 2325 2674">
     <span class='ocr_line' id='line_1_24' title="bbox 1963 2619 2325 2674; baseline 0.003 -2"><span class='ocrx_word' id='word_1_253' title='bbox 1963 2619 2172 2674; x_wconf 84' lang='lat' dir='ltr'><strong>CAPUT</strong></span> <span class='ocrx_word' id='word_1_254' title='bbox 2214 2619 2325 2673; x_wconf 85' lang='lat' dir='ltr'><strong>Xll.</strong></span> 
     </span>
    </p>
   </div>
   <div class='ocr_carea' id='block_1_25' title="bbox 1418 2719 2827 2795">
    <p class='ocr_par' dir='ltr' id='par_1_25' title="bbox 1418 2719 2827 2795">
     <span class='ocr_line' id='line_1_25' title="bbox 1418 2719 2827 2795; baseline 0.004 -19"><span class='ocrx_word' id='word_1_255' title='bbox 1418 2719 1494 2777; x_wconf 80' lang='lat' dir='ltr'><strong>De</strong></span> <span class='ocrx_word' id='word_1_256' title='bbox 1519 2722 1748 2778; x_wconf 76' lang='lat' dir='ltr'><strong>sanctis</strong></span> <span class='ocrx_word' id='word_1_257' title='bbox 1777 2719 2061 2795; x_wconf 59' lang='lat' dir='ltr'><strong>Eutyche,</strong></span> <span class='ocrx_word' id='word_1_258' title='bbox 2112 2721 2408 2780; x_wconf 82' lang='lat' dir='ltr'><strong>Victorino</strong></span> <span class='ocrx_word' id='word_1_259' title='bbox 2439 2730 2490 2780; x_wconf 86' lang='lat' dir='ltr'><strong>et</strong></span> <span class='ocrx_word' id='word_1_260' title='bbox 2520 2722 2827 2782; x_wconf 85' lang='lat' dir='ltr'><strong>Severi-no.</strong></span> 
     </span>
    </p>
   </div>
   <div class='ocr_carea' id='block_1_26' title="bbox 457 2830 3524 2908">
    <p class='ocr_par' dir='ltr' id='par_1_26' title="bbox 457 2830 3524 2908">
     <span class='ocr_line' id='line_1_26' title="bbox 457 2830 3524 2908; baseline 0.001 -22"><span class='ocrx_word' id='word_1_261' title='bbox 457 2831 710 2887; x_wconf 90' lang='lat' dir='ltr'><strong>lndiculo</strong></span> <span class='ocrx_word' id='word_1_262' title='bbox 739 2831 842 2887; x_wconf 91' lang='lat' dir='ltr'><strong>hoc</strong></span> <span class='ocrx_word' id='word_1_263' title='bbox 873 2837 1118 2900; x_wconf 90' lang='lat' dir='ltr'><strong>sumpto,</strong></span> <span class='ocrx_word' id='word_1_264' title='bbox 1151 2831 1386 2884; x_wconf 90' lang='lat' dir='ltr'><strong>Marcum</strong></span> <span class='ocrx_word' id='word_1_265' title='bbox 1416 2830 1703 2886; x_wconf 83' lang='lat' dir='ltr'><strong>Marcellus</strong></span> <span class='ocrx_word' id='word_1_266' title='bbox 1735 2832 1800 2886; x_wconf 91' lang='lat' dir='ltr'><strong>ad</strong></span> <span class='ocrx_word' id='word_1_267' title='bbox 1835 2833 1985 2903; x_wconf 89' lang='lat' dir='ltr'><strong>ipsos</strong></span> <span class='ocrx_word' id='word_1_268' title='bbox 2189 2833 2412 2888; x_wconf 83' lang='lat' dir='ltr'><strong>Invidus</strong></span> <span class='ocrx_word' id='word_1_269' title='bbox 2432 2850 2564 2908; x_wconf 81' lang='lat' dir='ltr'><strong>ergo</strong></span> <span class='ocrx_word' id='word_1_270' title='bbox 2590 2835 2722 2890; x_wconf 90' lang='lat' dir='ltr'><strong>boni</strong></span> <span class='ocrx_word' id='word_1_271' title='bbox 2743 2842 2982 2890; x_wconf 90' lang='lat' dir='ltr'><strong>mentem</strong></span> <span class='ocrx_word' id='word_1_272' title='bbox 3014 2837 3187 2906; x_wconf 87' lang='lat' dir='ltr'><strong>replet</strong></span> <span class='ocrx_word' id='word_1_273' title='bbox 3207 2836 3524 2900; x_wconf 86' lang='lat' dir='ltr'><strong>Aureliani;</strong></span> 
     </span>
    </p>
   </div>
   <div class='ocr_carea' id='block_1_27' title="bbox 453 2922 3482 2999">
    <p class='ocr_par' dir='ltr' id='par_1_27' title="bbox 453 2922 3482 2999">
     <span class='ocr_line' id='line_1_27' title="bbox 453 2922 3482 2999; baseline 0.002 -25"><span class='ocrx_word' id='word_1_274' title='bbox 453 2925 785 2978; x_wconf 81' lang='lat' dir='ltr'><strong>Germanum</strong></span> <span class='ocrx_word' id='word_1_275' title='bbox 803 2922 969 2977; x_wconf 90' lang='lat' dir='ltr'><strong>mittit</strong></span> <span class='ocrx_word' id='word_1_276' title='bbox 999 2922 1116 2993; x_wconf 92' lang='lat' dir='ltr'><strong>qui,</strong></span> <span class='ocrx_word' id='word_1_277' title='bbox 1150 2922 1566 2978; x_wconf 90' lang='lat' dir='ltr'><strong>confessoribus</strong></span> <span class='ocrx_word' id='word_1_278' title='bbox 1592 2939 1738 2979; x_wconf 92' lang='lat' dir='ltr'><strong>anno</strong></span> <span class='ocrx_word' id='word_1_279' title='bbox 2189 2924 2452 2999; x_wconf 84' lang='lat' dir='ltr'><strong>Erigitira</strong></span> <span class='ocrx_word' id='word_1_280' title='bbox 2483 2927 2719 2991; x_wconf 92' lang='lat' dir='ltr'><strong>animos,</strong></span> <span class='ocrx_word' id='word_1_281' title='bbox 2750 2934 2983 2981; x_wconf 89' lang='lat' dir='ltr'><strong>tortores</strong></span> <span class='ocrx_word' id='word_1_282' title='bbox 3013 2926 3230 2981; x_wconf 90' lang='lat' dir='ltr'><strong>mittere</strong></span> <span class='ocrx_word' id='word_1_283' title='bbox 3261 2928 3482 2994; x_wconf 87' lang='lat' dir='ltr'><strong>suadet,</strong></span> 
     </span>
    </p>
   </div>
   <div class='ocr_carea' id='block_1_28' title="bbox 454 3013 3364 3090">
    <p class='ocr_par' dir='ltr' id='par_1_28' title="bbox 454 3013 3364 3090">
     <span class='ocr_line' id='line_1_28' title="bbox 454 3013 3364 3090; baseline 0.001 -22"><span class='ocrx_word' id='word_1_284' title='bbox 454 3017 582 3069; x_wconf 84' lang='lat' dir='ltr'><strong>Cum</strong></span> <span class='ocrx_word' id='word_1_285' title='bbox 614 3015 819 3070; x_wconf 92' lang='lat' dir='ltr'><strong>sanctis</strong></span> <span class='ocrx_word' id='word_1_286' title='bbox 851 3013 1064 3082; x_wconf 88' lang='lat' dir='ltr'><strong>habito,</strong></span> <span class='ocrx_word' id='word_1_287' title='bbox 1093 3013 1335 3081; x_wconf 90' lang='lat' dir='ltr'><strong>rediens,</strong></span> <span class='ocrx_word' id='word_1_288' title='bbox 1366 3014 1466 3070; x_wconf 91' lang='lat' dir='ltr'><strong>hos</strong></span> <span class='ocrx_word' id='word_1_289' title='bbox 1487 3016 1733 3087; x_wconf 88' lang='lat' dir='ltr'><strong>prodidit</strong></span> <span class='ocrx_word' id='word_1_290' title='bbox 1764 3023 1938 3071; x_wconf 89' lang='lat' dir='ltr'><strong>actus.</strong></span> <span class='ocrx_word' id='word_1_291' title='bbox 2190 3017 2463 3090; x_wconf 84' lang='lat' dir='ltr'><strong>Legantur</strong></span> <span class='ocrx_word' id='word_1_292' title='bbox 2491 3017 2622 3072; x_wconf 87' lang='lat' dir='ltr'><strong>lanii</strong></span> <span class='ocrx_word' id='word_1_293' title='bbox 2657 3017 2834 3073; x_wconf 87' lang='lat' dir='ltr'><strong>varias</strong></span> <span class='ocrx_word' id='word_1_294' title='bbox 2867 3018 3117 3090; x_wconf 86' lang='lat' dir='ltr'><strong>inﬂigere</strong></span> <span class='ocrx_word' id='word_1_295' title='bbox 3144 3035 3364 3090; x_wconf 77' lang='lat' dir='ltr'><strong>poenas;</strong></span> 
     </span>
    </p>
   </div>
   <div class='ocr_carea' id='block_1_29' title="bbox 453 3107 3428 3182">
    <p class='ocr_par' dir='ltr' id='par_1_29' title="bbox 453 3107 3428 3182">
     <span class='ocr_line' id='line_1_29' title="bbox 453 3107 3428 3182; baseline -0 -17"><span class='ocrx_word' id='word_1_296' title='bbox 453 3112 590 3165; x_wconf 88' lang='lat' dir='ltr'><strong>Dum</strong></span> <span class='ocrx_word' id='word_1_297' title='bbox 614 3118 737 3180; x_wconf 90' lang='lat' dir='ltr'><strong>post</strong></span> <span class='ocrx_word' id='word_1_298' title='bbox 767 3108 1088 3180; x_wconf 87' lang='lat' dir='ltr'><strong>martyrium</strong></span> <span class='ocrx_word' id='word_1_299' title='bbox 1131 3109 1292 3164; x_wconf 86' lang='lat' dir='ltr'><strong>Nerei</strong></span> <span class='ocrx_word' id='word_1_300' title='bbox 1323 3110 1619 3182; x_wconf 87' lang='lat' dir='ltr'><strong>fratrisque</strong></span> <span class='ocrx_word' id='word_1_301' title='bbox 1652 3119 1938 3182; x_wconf 87' lang='lat' dir='ltr'><strong>peractum</strong></span> <span class='ocrx_word' id='word_1_302' title='bbox 2189 3107 2430 3163; x_wconf 75' lang='lat' dir='ltr'><strong>Caeditur</strong></span> <span class='ocrx_word' id='word_1_303' title='bbox 2461 3109 2736 3180; x_wconf 84' lang='lat' dir='ltr'><strong>Eutyches</strong></span> <span class='ocrx_word' id='word_1_304' title='bbox 2765 3118 2877 3165; x_wconf 89' lang='lat' dir='ltr'><strong>tota</strong></span> <span class='ocrx_word' id='word_1_305' title='bbox 2908 3117 3195 3180; x_wconf 90' lang='lat' dir='ltr'><strong>spectante</strong></span> <span class='ocrx_word' id='word_1_306' title='bbox 3225 3109 3428 3180; x_wconf 87' lang='lat' dir='ltr'><strong>platea.</strong></span> 
     </span>
    </p>
   </div>
   <div class='ocr_carea' id='block_1_30' title="bbox 456 3195 3815 3294">
    <p class='ocr_par' dir='ltr' id='par_1_30' title="bbox 456 3195 3815 3294">
     <span class='ocr_line' id='line_1_30' title="bbox 456 3195 3815 3294; baseline -0 -42"><span class='ocrx_word' id='word_1_307' title='bbox 456 3199 782 3254; x_wconf 87' lang='lat' dir='ltr'><strong>Aurelianus</strong></span> <span class='ocrx_word' id='word_1_308' title='bbox 808 3199 920 3271; x_wconf 86' lang='lat' dir='ltr'><strong>agit</strong></span> <span class='ocrx_word' id='word_1_309' title='bbox 951 3197 1243 3254; x_wconf 64' lang='lat' dir='ltr'><strong>Domitillm</strong></span> <span class='ocrx_word' id='word_1_310' title='bbox 1278 3213 1506 3253; x_wconf 87' lang='lat' dir='ltr'><strong>assensa</strong></span> <span class='ocrx_word' id='word_1_311' title='bbox 1545 3199 1762 3266; x_wconf 90' lang='lat' dir='ltr'><strong>subire;</strong></span> <span class='ocrx_word' id='word_1_312' title='bbox 2119 3229 2167 3294; x_wconf 57' lang='grc' dir='ltr'><strong>η</strong></span> <span class='ocrx_word' id='word_1_313' title='bbox 2189 3196 2325 3252; x_wconf 90' lang='lat' dir='ltr'><strong>Dum</strong></span> <span class='ocrx_word' id='word_1_314' title='bbox 2356 3199 2495 3270; x_wconf 89' lang='lat' dir='ltr'><strong>petit</strong></span> <span class='ocrx_word' id='word_1_315' title='bbox 2525 3199 2821 3254; x_wconf 73' lang='lat' dir='ltr'><strong>aetheream</strong></span> <span class='ocrx_word' id='word_1_316' title='bbox 2852 3213 3008 3252; x_wconf 89' lang='lat' dir='ltr'><strong>mens</strong></span> <span class='ocrx_word' id='word_1_317' title='bbox 3035 3197 3223 3252; x_wconf 90' lang='lat' dir='ltr'><strong>sedem</strong></span> <span class='ocrx_word' id='word_1_318' title='bbox 3243 3196 3416 3270; x_wconf 85' lang='lat' dir='ltr'><strong>flagra</strong></span> <span class='ocrx_word' id='word_1_319' title='bbox 3440 3195 3815 3268; x_wconf 76' lang='lat' dir='ltr'><strong>triumphans.</strong></span> 
     </span>
    </p>
   </div>
   <div class='ocr_carea' id='block_1_31' title="bbox 456 3289 3529 3362">
    <p class='ocr_par' dir='ltr' id='par_1_31' title="bbox 456 3289 3529 3362">
     <span class='ocr_line' id='line_1_31' title="bbox 456 3289 3529 3362; baseline -0 -18"><span class='ocrx_word' id='word_1_320' title='bbox 456 3290 642 3346; x_wconf 79' lang='lat' dir='ltr'><strong>Audiit</strong></span> <span class='ocrx_word' id='word_1_321' title='bbox 673 3292 814 3345; x_wconf 89' lang='lat' dir='ltr'><strong>hanc</strong></span> <span class='ocrx_word' id='word_1_322' title='bbox 845 3291 1041 3346; x_wconf 90' lang='lat' dir='ltr'><strong>eadem</strong></span> <span class='ocrx_word' id='word_1_323' title='bbox 1075 3289 1238 3344; x_wconf 89' lang='lat' dir='ltr'><strong>dictis</strong></span> <span class='ocrx_word' id='word_1_324' title='bbox 1269 3291 1547 3345; x_wconf 86' lang='lat' dir='ltr'><strong>consortia</strong></span> <span class='ocrx_word' id='word_1_325' title='bbox 1579 3291 1808 3355; x_wconf 90' lang='lat' dir='ltr'><strong>sanctis,</strong></span> <span class='ocrx_word' id='word_1_326' title='bbox 2191 3290 2425 3345; x_wconf 86' lang='lat' dir='ltr'><strong>Devotus</strong></span> <span class='ocrx_word' id='word_1_327' title='bbox 2451 3291 2622 3362; x_wconf 84' lang='lat' dir='ltr'><strong>digno</strong></span> <span class='ocrx_word' id='word_1_328' title='bbox 2655 3289 2958 3346; x_wconf 89' lang='lat' dir='ltr'><strong>temnentia</strong></span> <span class='ocrx_word' id='word_1_329' title='bbox 2997 3290 3248 3344; x_wconf 85' lang='lat' dir='ltr'><strong>membra</strong></span> <span class='ocrx_word' id='word_1_330' title='bbox 3274 3290 3529 3344; x_wconf 83' lang='lat' dir='ltr'><strong>lanistam</strong></span> 
     </span>
    </p>
   </div>
   <div class='ocr_carea' id='block_1_32' title="bbox 457 3378 3560 3454">
    <p class='ocr_par' dir='ltr' id='par_1_32' title="bbox 457 3378 3560 3454">
     <span class='ocr_line' id='line_1_32' title="bbox 457 3378 3560 3454; baseline -0.001 -21"><span class='ocrx_word' id='word_1_331' title='bbox 457 3381 719 3454; x_wconf 85' lang='lat' dir='ltr'><strong>Jungere.</strong></span> <span class='ocrx_word' id='word_1_332' title='bbox 754 3388 994 3434; x_wconf 90' lang='lat' dir='ltr'><strong>sacrarat</strong></span> <span class='ocrx_word' id='word_1_333' title='bbox 1019 3395 1143 3450; x_wconf 59' lang='lat' dir='ltr'><strong>qua!</strong></span> <span class='ocrx_word' id='word_1_334' title='bbox 1179 3380 1613 3450; x_wconf 67' lang='lat' dir='ltr'><strong>praeceptoribus</strong></span> <span class='ocrx_word' id='word_1_335' title='bbox 1642 3382 1796 3446; x_wconf 91' lang='lat' dir='ltr'><strong>olim,</strong></span> <span class='ocrx_word' id='word_1_336' title='bbox 2189 3378 2437 3449; x_wconf 88' lang='lat' dir='ltr'><strong>Eripiens</strong></span> <span class='ocrx_word' id='word_1_337' title='bbox 2466 3380 2707 3450; x_wconf 91' lang='lat' dir='ltr'><strong>populus</strong></span> <span class='ocrx_word' id='word_1_338' title='bbox 2734 3387 2993 3450; x_wconf 86' lang='lat' dir='ltr'><strong>preperat</strong></span> <span class='ocrx_word' id='word_1_339' title='bbox 3019 3379 3304 3432; x_wconf 90' lang='lat' dir='ltr'><strong>cumulare</strong></span> <span class='ocrx_word' id='word_1_340' title='bbox 3335 3378 3560 3440; x_wconf 88' lang='lat' dir='ltr'><strong>decore,</strong></span> 
     </span>
    </p>
   </div>
   <div class='ocr_carea' id='block_1_33' title="bbox 463 3467 3713 3544">
    <p class='ocr_par' dir='ltr' id='par_1_33' title="bbox 463 3467 3713 3544">
     <span class='ocr_line' id='line_1_33' title="bbox 463 3467 3713 3544; baseline 0.001 -22"><span class='ocrx_word' id='word_1_341' title='bbox 463 3470 771 3541; x_wconf 88' lang='lat' dir='ltr'><strong>Donarique</strong></span> <span class='ocrx_word' id='word_1_342' title='bbox 804 3470 940 3540; x_wconf 89' lang='lat' dir='ltr'><strong>petit</strong></span> <span class='ocrx_word' id='word_1_343' title='bbox 970 3469 1075 3523; x_wconf 89' lang='lat' dir='ltr'><strong>sibi</strong></span> <span class='ocrx_word' id='word_1_344' title='bbox 1103 3485 1242 3540; x_wconf 92' lang='lat' dir='ltr'><strong>quos</strong></span> <span class='ocrx_word' id='word_1_345' title='bbox 1268 3487 1298 3524; x_wconf 92' lang='lat' dir='ltr'><strong>a</strong></span> <span class='ocrx_word' id='word_1_346' title='bbox 1333 3471 1581 3541; x_wconf 90' lang='lat' dir='ltr'><strong>principe</strong></span> <span class='ocrx_word' id='word_1_347' title='bbox 1603 3472 1796 3538; x_wconf 88' lang='lat' dir='ltr'><strong>Nerva,</strong></span> <span class='ocrx_word' id='word_1_348' title='bbox 2187 3471 2583 3544; x_wconf 86' lang='lat' dir='ltr'><strong>Sacratumque</strong></span> <span class='ocrx_word' id='word_1_349' title='bbox 2607 3488 2776 3542; x_wconf 90' lang='lat' dir='ltr'><strong>super</strong></span> <span class='ocrx_word' id='word_1_350' title='bbox 2797 3471 3008 3525; x_wconf 87' lang='lat' dir='ltr'><strong>Christo</strong></span> <span class='ocrx_word' id='word_1_351' title='bbox 3029 3478 3182 3540; x_wconf 89' lang='lat' dir='ltr'><strong>parat</strong></span> <span class='ocrx_word' id='word_1_352' title='bbox 3213 3471 3379 3524; x_wconf 89' lang='lat' dir='ltr'><strong>edere</strong></span> <span class='ocrx_word' id='word_1_353' title='bbox 3411 3467 3713 3540; x_wconf 88' lang='lat' dir='ltr'><strong>templum.</strong></span> 
     </span>
    </p>
   </div>
   <div class='ocr_carea' id='block_1_34' title="bbox 461 3561 3501 3637">
    <p class='ocr_par' dir='ltr' id='par_1_34' title="bbox 461 3561 3501 3637">
     <span class='ocr_line' id='line_1_34' title="bbox 461 3561 3501 3637; baseline 0.001 -24"><span class='ocrx_word' id='word_1_354' title='bbox 461 3561 643 3616; x_wconf 85' lang='lat' dir='ltr'><strong>Sacris</strong></span> <span class='ocrx_word' id='word_1_355' title='bbox 662 3562 707 3615; x_wconf 91' lang='lat' dir='ltr'><strong>si</strong></span> <span class='ocrx_word' id='word_1_356' title='bbox 739 3561 993 3636; x_wconf 81' lang='lat' dir='ltr'><strong>fugerent</strong></span> <span class='ocrx_word' id='word_1_357' title='bbox 1024 3562 1334 3617; x_wconf 88' lang='lat' dir='ltr'><strong>simulacris</strong></span> <span class='ocrx_word' id='word_1_358' title='bbox 1363 3563 1697 3619; x_wconf 86' lang='lat' dir='ltr'><strong>sacriﬁcare.</strong></span> <span class='ocrx_word' id='word_1_359' title='bbox 2188 3563 2417 3618; x_wconf 88' lang='lat' dir='ltr'><strong>Mittitur</strong></span> <span class='ocrx_word' id='word_1_360' title='bbox 2445 3580 2771 3636; x_wconf 86' lang='lat' dir='ltr'><strong>Oppressum</strong></span> <span class='ocrx_word' id='word_1_361' title='bbox 2802 3580 2948 3618; x_wconf 62' lang='lat' dir='ltr'><strong>saevo</strong></span> <span class='ocrx_word' id='word_1_362' title='bbox 2974 3571 3196 3637; x_wconf 86' lang='lat' dir='ltr'><strong>turgere</strong></span> <span class='ocrx_word' id='word_1_363' title='bbox 3225 3563 3501 3617; x_wconf 83' lang='lat' dir='ltr'><strong>Maronem</strong></span> 
     </span>
    </p>
   </div>
   <div class='ocr_carea' id='block_1_35' title="bbox 461 3654 3484 3729">
    <p class='ocr_par' dir='ltr' id='par_1_35' title="bbox 461 3654 3484 3729">
     <span class='ocr_line' id='line_1_35' title="bbox 461 3654 3484 3729; baseline 0 -23"><span class='ocrx_word' id='word_1_364' title='bbox 461 3654 586 3718; x_wconf 80' lang='lat' dir='ltr'><strong>llos,</strong></span> <span class='ocrx_word' id='word_1_365' title='bbox 621 3655 750 3708; x_wconf 92' lang='lat' dir='ltr'><strong>dum</strong></span> <span class='ocrx_word' id='word_1_366' title='bbox 776 3655 1076 3725; x_wconf 88' lang='lat' dir='ltr'><strong>persistunt</strong></span> <span class='ocrx_word' id='word_1_367' title='bbox 1105 3655 1289 3710; x_wconf 91' lang='lat' dir='ltr'><strong>animo</strong></span> <span class='ocrx_word' id='word_1_368' title='bbox 1313 3656 1514 3711; x_wconf 88' lang='lat' dir='ltr'><strong>durare</strong></span> <span class='ocrx_word' id='word_1_369' title='bbox 1545 3657 1714 3722; x_wconf 83' lang='lat' dir='ltr'><strong>virili,</strong></span> <span class='ocrx_word' id='word_1_370' title='bbox 2186 3655 2418 3729; x_wconf 87' lang='lat' dir='ltr'><strong>Turgius</strong></span> <span class='ocrx_word' id='word_1_371' title='bbox 2463 3657 2704 3722; x_wconf 86' lang='lat' dir='ltr'><strong>inflatus,</strong></span> <span class='ocrx_word' id='word_1_372' title='bbox 2734 3672 2865 3711; x_wconf 86' lang='lat' dir='ltr'><strong>saxo</strong></span> <span class='ocrx_word' id='word_1_373' title='bbox 2895 3656 2988 3726; x_wconf 91' lang='lat' dir='ltr'><strong>qui</strong></span> <span class='ocrx_word' id='word_1_374' title='bbox 3021 3665 3268 3709; x_wconf 77' lang='lat' dir='ltr'><strong>sternere</strong></span> <span class='ocrx_word' id='word_1_375' title='bbox 3303 3654 3484 3707; x_wconf 89' lang='lat' dir='ltr'><strong>nitens</strong></span> 
     </span>
    </p>
   </div>
   <div class='ocr_carea' id='block_1_36' title="bbox 457 3746 3701 3821">
    <p class='ocr_par' dir='ltr' id='par_1_36' title="bbox 457 3746 3701 3821">
     <span class='ocr_line' id='line_1_36' title="bbox 457 3746 3701 3821; baseline -0.001 -19"><span class='ocrx_word' id='word_1_376' title='bbox 457 3748 850 3820; x_wconf 76' lang='lat' dir='ltr'><strong>Carnificisque</strong></span> <span class='ocrx_word' id='word_1_377' title='bbox 884 3750 1059 3803; x_wconf 88' lang='lat' dir='ltr'><strong>minas</strong></span> <span class='ocrx_word' id='word_1_378' title='bbox 1087 3758 1215 3806; x_wconf 87' lang='lat' dir='ltr'><strong>voto</strong></span> <span class='ocrx_word' id='word_1_379' title='bbox 1246 3751 1459 3806; x_wconf 89' lang='lat' dir='ltr'><strong>calcare</strong></span> <span class='ocrx_word' id='word_1_380' title='bbox 1487 3751 1659 3818; x_wconf 78' lang='lat' dir='ltr'><strong>fideli,</strong></span> <span class='ocrx_word' id='word_1_381' title='bbox 2187 3748 2357 3814; x_wconf 83' lang='lat' dir='ltr'><strong>Quem</strong></span> <span class='ocrx_word' id='word_1_382' title='bbox 2391 3758 2598 3804; x_wconf 90' lang='lat' dir='ltr'><strong>terrore</strong></span> <span class='ocrx_word' id='word_1_383' title='bbox 2627 3749 2848 3820; x_wconf 90' lang='lat' dir='ltr'><strong>nequit;</strong></span> <span class='ocrx_word' id='word_1_384' title='bbox 2886 3746 3198 3821; x_wconf 62' lang='lat' dir='ltr'><strong>praegrandi</strong></span> <span class='ocrx_word' id='word_1_385' title='bbox 3227 3746 3472 3816; x_wconf 88' lang='lat' dir='ltr'><strong>pondere</strong></span> <span class='ocrx_word' id='word_1_386' title='bbox 3501 3761 3701 3816; x_wconf 86' lang='lat' dir='ltr'><strong>rupem</strong></span> 
     </span>
    </p>
   </div>
   <div class='ocr_carea' id='block_1_37' title="bbox 456 3835 3547 3911">
    <p class='ocr_par' dir='ltr' id='par_1_37' title="bbox 456 3835 3547 3911">
     <span class='ocr_line' id='line_1_37' title="bbox 456 3835 3547 3911; baseline 0 -21"><span class='ocrx_word' id='word_1_387' title='bbox 456 3837 558 3891; x_wconf 88' lang='lat' dir='ltr'><strong>Per</strong></span> <span class='ocrx_word' id='word_1_388' title='bbox 585 3853 686 3891; x_wconf 89' lang='lat' dir='ltr'><strong>sua</strong></span> <span class='ocrx_word' id='word_1_389' title='bbox 708 3838 989 3908; x_wconf 87' lang='lat' dir='ltr'><strong>depositos</strong></span> <span class='ocrx_word' id='word_1_390' title='bbox 1020 3839 1129 3892; x_wconf 89' lang='lat' dir='ltr'><strong>alto</strong></span> <span class='ocrx_word' id='word_1_391' title='bbox 1161 3837 1311 3893; x_wconf 90' lang='lat' dir='ltr'><strong>ferus</strong></span> <span class='ocrx_word' id='word_1_392' title='bbox 1342 3855 1469 3893; x_wconf 89' lang='lat' dir='ltr'><strong>arva</strong></span> <span class='ocrx_word' id='word_1_393' title='bbox 1495 3847 1840 3911; x_wconf 86' lang='lat' dir='ltr'><strong>sequestrat;</strong></span> <span class='ocrx_word' id='word_1_394' title='bbox 2185 3837 2465 3892; x_wconf 87' lang='lat' dir='ltr'><strong>Trochleis</strong></span> <span class='ocrx_word' id='word_1_395' title='bbox 2495 3839 2698 3893; x_wconf 84' lang='lat' dir='ltr'><strong>librare</strong></span> <span class='ocrx_word' id='word_1_396' title='bbox 2714 3837 2968 3892; x_wconf 89' lang='lat' dir='ltr'><strong>homines</strong></span> <span class='ocrx_word' id='word_1_397' title='bbox 2998 3853 3162 3908; x_wconf 89' lang='lat' dir='ltr'><strong>quam</strong></span> <span class='ocrx_word' id='word_1_398' title='bbox 3198 3835 3547 3906; x_wconf 79' lang='lat' dir='ltr'><strong>septuaginta</strong></span> 
     </span>
    </p>
   </div>
   <div class='ocr_carea' id='block_1_38' title="bbox 457 3927 3697 4004">
    <p class='ocr_par' dir='ltr' id='par_1_38' title="bbox 457 3927 3697 4004">
     <span class='ocr_line' id='line_1_38' title="bbox 457 3927 3697 4004; baseline -0.002 -20"><span class='ocrx_word' id='word_1_399' title='bbox 457 3930 751 4003; x_wconf 80' lang='lat' dir='ltr'><strong>Eutychem</strong></span> <span class='ocrx_word' id='word_1_400' title='bbox 781 3947 875 3985; x_wconf 88' lang='lat' dir='ltr'><strong>sex</strong></span> <span class='ocrx_word' id='word_1_401' title='bbox 907 3939 1068 4004; x_wconf 87' lang='lat' dir='ltr'><strong>atque</strong></span> <span class='ocrx_word' id='word_1_402' title='bbox 1097 3933 1286 3986; x_wconf 88' lang='lat' dir='ltr'><strong>decem</strong></span> <span class='ocrx_word' id='word_1_403' title='bbox 1324 3933 1411 3986; x_wconf 85' lang='lat' dir='ltr'><strong>via</strong></span> <span class='ocrx_word' id='word_1_404' title='bbox 1433 3932 1678 3988; x_wconf 92' lang='lat' dir='ltr'><strong>millibus</strong></span> <span class='ocrx_word' id='word_1_405' title='bbox 1703 3933 1845 3989; x_wconf 88' lang='lat' dir='ltr'><strong>Urbe</strong></span> <span class='ocrx_word' id='word_1_406' title='bbox 2185 3929 2279 3983; x_wconf 83' lang='lat' dir='ltr'><strong>Vix</strong></span> <span class='ocrx_word' id='word_1_407' title='bbox 2303 3929 2560 4001; x_wconf 90' lang='lat' dir='ltr'><strong>quibant,</strong></span> <span class='ocrx_word' id='word_1_408' title='bbox 2587 3929 2747 4000; x_wconf 89' lang='lat' dir='ltr'><strong>jubet</strong></span> <span class='ocrx_word' id='word_1_409' title='bbox 2772 3927 3012 3995; x_wconf 84' lang='lat' dir='ltr'><strong>advolvi,</strong></span> <span class='ocrx_word' id='word_1_410' title='bbox 3041 3936 3407 3997; x_wconf 89' lang='lat' dir='ltr'><strong>sanctumque</strong></span> <span class='ocrx_word' id='word_1_411' title='bbox 3436 3927 3697 3993; x_wconf 85' lang='lat' dir='ltr'><strong>onerari;</strong></span> 
     </span>
    </p>
   </div>
   <div class='ocr_carea' id='block_1_39' title="bbox 458 4017 3593 4096">
    <p class='ocr_par' dir='ltr' id='par_1_39' title="bbox 458 4017 3593 4096">
     <span class='ocr_line' id='line_1_39' title="bbox 458 4017 3593 4096; baseline -0.001 -22"><span class='ocrx_word' id='word_1_412' title='bbox 458 4022 797 4077; x_wconf 84' lang='lat' dir='ltr'><strong>Nomentana</strong></span> <span class='ocrx_word' id='word_1_413' title='bbox 826 4023 1040 4093; x_wconf 83' lang='lat' dir='ltr'><strong>procul,</strong></span> <span class='ocrx_word' id='word_1_414' title='bbox 1072 4023 1521 4096; x_wconf 83' lang='lat' dir='ltr'><strong>Victorinumque</strong></span> <span class='ocrx_word' id='word_1_415' title='bbox 1552 4025 1727 4079; x_wconf 75' lang='lat' dir='ltr'><strong>galina</strong></span> <span class='ocrx_word' id='word_1_416' title='bbox 2188 4017 2402 4089; x_wconf 85' lang='lat' dir='ltr'><strong>Quique</strong></span> <span class='ocrx_word' id='word_1_417' title='bbox 2431 4019 2581 4074; x_wconf 91' lang='lat' dir='ltr'><strong>leves</strong></span> <span class='ocrx_word' id='word_1_418' title='bbox 2616 4019 2801 4089; x_wconf 88' lang='lat' dir='ltr'><strong>paleas</strong></span> <span class='ocrx_word' id='word_1_419' title='bbox 2823 4036 2926 4075; x_wconf 93' lang='lat' dir='ltr'><strong>ceu</strong></span> <span class='ocrx_word' id='word_1_420' title='bbox 2955 4035 3053 4090; x_wconf 89' lang='lat' dir='ltr'><strong>per</strong></span> <span class='ocrx_word' id='word_1_421' title='bbox 3083 4019 3194 4072; x_wconf 91' lang='lat' dir='ltr'><strong>duo</strong></span> <span class='ocrx_word' id='word_1_422' title='bbox 3227 4017 3401 4071; x_wconf 89' lang='lat' dir='ltr'><strong>millia</strong></span> <span class='ocrx_word' id='word_1_423' title='bbox 3433 4017 3593 4071; x_wconf 66' lang='lat' dir='ltr'><strong>laetus</strong></span> 
     </span>
    </p>
   </div>
   <div class='ocr_carea' id='block_1_40' title="bbox 458 4107 3548 4187">
    <p class='ocr_par' dir='ltr' id='par_1_40' title="bbox 458 4107 3548 4187">
     <span class='ocr_line' id='line_1_40' title="bbox 458 4107 3548 4187; baseline -0.002 -21"><span class='ocrx_word' id='word_1_424' title='bbox 458 4115 751 4186; x_wconf 80' lang='lat' dir='ltr'><strong>Sexaginta</strong></span> <span class='ocrx_word' id='word_1_425' title='bbox 782 4115 929 4185; x_wconf 85' lang='lat' dir='ltr'><strong>capit</strong></span> <span class='ocrx_word' id='word_1_426' title='bbox 960 4114 1248 4181; x_wconf 79' lang='lat' dir='ltr'><strong>dirimens,</strong></span> <span class='ocrx_word' id='word_1_427' title='bbox 1282 4117 1401 4171; x_wconf 61' lang='lat' dir='ltr'><strong>hmo</strong></span> <span class='ocrx_word' id='word_1_428' title='bbox 1435 4117 1552 4187; x_wconf 73' lang='lat' dir='ltr'><strong>ipsa</strong></span> <span class='ocrx_word' id='word_1_429' title='bbox 1578 4117 1854 4172; x_wconf 75' lang='lat' dir='ltr'><strong>Maronem</strong></span> <span class='ocrx_word' id='word_1_430' title='bbox 2189 4107 2395 4174; x_wconf 85' lang='lat' dir='ltr'><strong>Gestat,</strong></span> <span class='ocrx_word' id='word_1_431' title='bbox 2425 4125 2606 4180; x_wconf 91' lang='lat' dir='ltr'><strong>eoque</strong></span> <span class='ocrx_word' id='word_1_432' title='bbox 2639 4108 2762 4164; x_wconf 90' lang='lat' dir='ltr'><strong>loco</strong></span> <span class='ocrx_word' id='word_1_433' title='bbox 2795 4109 2990 4164; x_wconf 90' lang='lat' dir='ltr'><strong>solitus</strong></span> <span class='ocrx_word' id='word_1_434' title='bbox 3021 4123 3130 4179; x_wconf 92' lang='lat' dir='ltr'><strong>quo</strong></span> <span class='ocrx_word' id='word_1_435' title='bbox 3163 4107 3394 4161; x_wconf 86' lang='lat' dir='ltr'><strong>fundere</strong></span> <span class='ocrx_word' id='word_1_436' title='bbox 3422 4114 3548 4160; x_wconf 88' lang='lat' dir='ltr'><strong>vota</strong></span> 
     </span>
    </p>
   </div>
   <div class='ocr_carea' id='block_1_41' title="bbox 462 4197 3819 4277">
    <p class='ocr_par' dir='ltr' id='par_1_41' title="bbox 462 4197 3819 4277">
     <span class='ocr_line' id='line_1_41' title="bbox 462 4197 3819 4277; baseline 0.001 -20"><span class='ocrx_word' id='word_1_437' title='bbox 462 4203 734 4258; x_wconf 69' lang='lat' dir='ltr'><strong>Mmuibus</strong></span> <span class='ocrx_word' id='word_1_438' title='bbox 763 4203 817 4256; x_wconf 91' lang='lat' dir='ltr'><strong>in</strong></span> <span class='ocrx_word' id='word_1_439' title='bbox 859 4210 1079 4257; x_wconf 82' lang='lat' dir='ltr'><strong>centum</strong></span> <span class='ocrx_word' id='word_1_440' title='bbox 1108 4204 1442 4277; x_wconf 79' lang='lat' dir='ltr'><strong>trigintaque</strong></span> <span class='ocrx_word' id='word_1_441' title='bbox 1472 4205 1720 4261; x_wconf 86' lang='lat' dir='ltr'><strong>millibus</strong></span> <span class='ocrx_word' id='word_1_442' title='bbox 1741 4207 1938 4264; x_wconf 88' lang='lat' dir='ltr'><strong>aufert.</strong></span> <span class='ocrx_word' id='word_1_443' title='bbox 2188 4199 2600 4273; x_wconf 82' lang='lat' dir='ltr'><strong>Sarcophagum</strong></span> <span class='ocrx_word' id='word_1_444' title='bbox 2641 4198 2802 4263; x_wconf 77' lang='lat' dir='ltr'><strong>locat.</strong></span> <span class='ocrx_word' id='word_1_445' title='bbox 2844 4198 3031 4253; x_wconf 52' lang='lat' dir='ltr'><strong>ilaisus</strong></span> <span class='ocrx_word' id='word_1_446' title='bbox 3057 4213 3279 4270; x_wconf 85' lang='lat' dir='ltr'><strong>quoque</strong></span> <span class='ocrx_word' id='word_1_447' title='bbox 3312 4197 3561 4267; x_wconf 81' lang='lat' dir='ltr'><strong>pondere</strong></span> <span class='ocrx_word' id='word_1_448' title='bbox 3597 4205 3819 4269; x_wconf 75' lang='lat' dir='ltr'><strong>perstat.</strong></span> 
     </span>
    </p>
   </div>
   <div class='ocr_carea' id='block_1_42' title="bbox 464 4289 3396 4370">
    <p class='ocr_par' dir='ltr' id='par_1_42' title="bbox 464 4289 3396 4370">
     <span class='ocr_line' id='line_1_42' title="bbox 464 4289 3396 4370; baseline 0.002 -23"><span class='ocrx_word' id='word_1_449' title='bbox 464 4295 564 4348; x_wconf 81' lang='lat' dir='ltr'><strong>Per</strong></span> <span class='ocrx_word' id='word_1_450' title='bbox 597 4305 771 4350; x_wconf 90' lang='lat' dir='ltr'><strong>totum</strong></span> <span class='ocrx_word' id='word_1_451' title='bbox 805 4310 936 4370; x_wconf 87' lang='lat' dir='ltr'><strong>ergo</strong></span> <span class='ocrx_word' id='word_1_452' title='bbox 964 4295 1109 4349; x_wconf 90' lang='lat' dir='ltr'><strong>diem</strong></span> <span class='ocrx_word' id='word_1_453' title='bbox 1145 4296 1333 4350; x_wconf 88' lang='lat' dir='ltr'><strong>rastris</strong></span> <span class='ocrx_word' id='word_1_454' title='bbox 1367 4297 1622 4351; x_wconf 87' lang='lat' dir='ltr'><strong>insistere</strong></span> <span class='ocrx_word' id='word_1_455' title='bbox 1655 4298 1879 4353; x_wconf 89' lang='lat' dir='ltr'><strong>mandat</strong></span> <span class='ocrx_word' id='word_1_456' title='bbox 2194 4291 2437 4363; x_wconf 88' lang='lat' dir='ltr'><strong>Totaque</strong></span> <span class='ocrx_word' id='word_1_457' title='bbox 2462 4291 2708 4362; x_wconf 87' lang='lat' dir='ltr'><strong>repletur</strong></span> <span class='ocrx_word' id='word_1_458' title='bbox 2735 4291 2875 4345; x_wconf 91' lang='lat' dir='ltr'><strong>miro</strong></span> <span class='ocrx_word' id='word_1_459' title='bbox 2907 4291 3187 4361; x_wconf 87' lang='lat' dir='ltr'><strong>provincia</strong></span> <span class='ocrx_word' id='word_1_460' title='bbox 3218 4289 3396 4353; x_wconf 72' lang='lat' dir='ltr'><strong>facio;</strong></span> 
     </span>
    </p>
   </div>
   <div class='ocr_carea' id='block_1_43' title="bbox 460 4382 3757 4462">
    <p class='ocr_par' dir='ltr' id='par_1_43' title="bbox 460 4382 3757 4462">
     <span class='ocr_line' id='line_1_43' title="bbox 460 4382 3757 4462; baseline -0.001 -21"><span class='ocrx_word' id='word_1_461' title='bbox 460 4389 688 4442; x_wconf 83' lang='lat' dir='ltr'><strong>Sanctos</strong></span> <span class='ocrx_word' id='word_1_462' title='bbox 716 4403 914 4442; x_wconf 89' lang='lat' dir='ltr'><strong>censor</strong></span> <span class='ocrx_word' id='word_1_463' title='bbox 953 4394 1128 4454; x_wconf 74' lang='lat' dir='ltr'><strong>atrox,</strong></span> <span class='ocrx_word' id='word_1_464' title='bbox 1177 4395 1231 4442; x_wconf 92' lang='lat' dir='ltr'><strong>et</strong></span> <span class='ocrx_word' id='word_1_465' title='bbox 1260 4388 1484 4443; x_wconf 88' lang='lat' dir='ltr'><strong>catabra</strong></span> <span class='ocrx_word' id='word_1_466' title='bbox 1517 4389 1632 4458; x_wconf 78' lang='lat' dir='ltr'><strong>(sic)</strong></span> <span class='ocrx_word' id='word_1_467' title='bbox 1667 4406 1899 4460; x_wconf 89' lang='lat' dir='ltr'><strong>vespere</strong></span> <span class='ocrx_word' id='word_1_468' title='bbox 1948 4407 2094 4462; x_wconf 70' lang='lat' dir='ltr'><strong>prae-</strong></span> <span class='ocrx_word' id='word_1_469' title='bbox 2195 4387 2518 4441; x_wconf 85' lang='lat' dir='ltr'><strong>Accelerant</strong></span> <span class='ocrx_word' id='word_1_470' title='bbox 2549 4386 2772 4459; x_wconf 82' lang='lat' dir='ltr'><strong>purgari</strong></span> <span class='ocrx_word' id='word_1_471' title='bbox 2813 4387 3034 4453; x_wconf 64' lang='lat' dir='ltr'><strong>animae,</strong></span> <span class='ocrx_word' id='word_1_472' title='bbox 3067 4395 3432 4455; x_wconf 88' lang='lat' dir='ltr'><strong>sanctumque</strong></span> <span class='ocrx_word' id='word_1_473' title='bbox 3473 4382 3757 4440; x_wconf 87' lang='lat' dir='ltr'><strong>lavacrum</strong></span> 
     </span>
    </p>
   </div>
   <div class='ocr_carea' id='block_1_44' title="bbox 1884 4478 3579 4556">
    <p class='ocr_par' dir='ltr' id='par_1_44' title="bbox 1884 4478 3579 4556">
     <span class='ocr_line' id='line_1_44' title="bbox 1884 4478 3579 4556; baseline -0.004 -19"><span class='ocrx_word' id='word_1_474' title='bbox 1884 4484 2016 4556; x_wconf 92' lang='lat' dir='ltr'><strong>[bet.</strong></span> <span class='ocrx_word' id='word_1_475' title='bbox 2194 4479 2467 4536; x_wconf 80' lang='lat' dir='ltr'><strong>Aﬂ&#39;ectans</strong></span> <span class='ocrx_word' id='word_1_476' title='bbox 2497 4480 2757 4552; x_wconf 87' lang='lat' dir='ltr'><strong>populus,</strong></span> <span class='ocrx_word' id='word_1_477' title='bbox 2781 4480 3052 4535; x_wconf 88' lang='lat' dir='ltr'><strong>larvarum</strong></span> <span class='ocrx_word' id='word_1_478' title='bbox 3083 4478 3409 4533; x_wconf 87' lang='lat' dir='ltr'><strong>exterminat</strong></span> <span class='ocrx_word' id='word_1_479' title='bbox 3437 4493 3579 4533; x_wconf 87' lang='lat' dir='ltr'><strong>aras.</strong></span> 
     </span>
    </p>
   </div>
   <div class='ocr_carea' id='block_1_45' title="bbox 465 4570 3268 4666">
    <p class='ocr_par' dir='ltr' id='par_1_45' title="bbox 465 4570 3268 4666">
     <span class='ocr_line' id='line_1_45' title="bbox 465 4570 3268 4666; baseline 0 -42"><span class='ocrx_word' id='word_1_480' title='bbox 465 4572 571 4626; x_wconf 83' lang='lat' dir='ltr'><strong>Sed</strong></span> <span class='ocrx_word' id='word_1_481' title='bbox 606 4572 784 4626; x_wconf 87' lang='lat' dir='ltr'><strong>honus</strong></span> <span class='ocrx_word' id='word_1_482' title='bbox 816 4571 905 4626; x_wconf 89' lang='lat' dir='ltr'><strong>hic</strong></span> <span class='ocrx_word' id='word_1_483' title='bbox 944 4572 1209 4628; x_wconf 91' lang='lat' dir='ltr'><strong>Dominus</strong></span> <span class='ocrx_word' id='word_1_484' title='bbox 1241 4574 1496 4644; x_wconf 87' lang='lat' dir='ltr'><strong>preprios</strong></span> <span class='ocrx_word' id='word_1_485' title='bbox 1540 4590 1650 4630; x_wconf 91' lang='lat' dir='ltr'><strong>non</strong></span> <span class='ocrx_word' id='word_1_486' title='bbox 1683 4574 1884 4646; x_wconf 88' lang='lat' dir='ltr'><strong>linquit</strong></span> <span class='ocrx_word' id='word_1_487' title='bbox 1913 4574 2170 4666; x_wconf 84' lang='lat' dir='ltr'><strong>alum-D</strong></span> <span class='ocrx_word' id='word_1_488' title='bbox 2195 4573 2322 4626; x_wconf 90' lang='lat' dir='ltr'><strong>Acta</strong></span> <span class='ocrx_word' id='word_1_489' title='bbox 2356 4572 2430 4643; x_wconf 91' lang='lat' dir='ltr'><strong>pii</strong></span> <span class='ocrx_word' id='word_1_490' title='bbox 2452 4572 2622 4641; x_wconf 81' lang='lat' dir='ltr'><strong>judex</strong></span> <span class='ocrx_word' id='word_1_491' title='bbox 2645 4572 2935 4626; x_wconf 88' lang='lat' dir='ltr'><strong>annuntiat</strong></span> <span class='ocrx_word' id='word_1_492' title='bbox 2955 4570 3268 4636; x_wconf 87' lang='lat' dir='ltr'><strong>Aureliano,</strong></span> 
     </span>
    </p>
   </div>
   <div class='ocr_carea' id='block_1_46' title="bbox 1877 4661 3720 4736">
    <p class='ocr_par' dir='ltr' id='par_1_46' title="bbox 1877 4661 3720 4736">
     <span class='ocr_line' id='line_1_46' title="bbox 1877 4661 3720 4736; baseline -0.002 -19"><span class='ocrx_word' id='word_1_493' title='bbox 1877 4665 2018 4736; x_wconf 81' lang='lat' dir='ltr'><strong>[nos,</strong></span> <span class='ocrx_word' id='word_1_494' title='bbox 2112 4661 2153 4666; x_wconf 66' lang='grc'><em>”</em></span> <span class='ocrx_word' id='word_1_495' title='bbox 2199 4663 2638 4733; x_wconf 87' lang='lat' dir='ltr'><strong>Concessamque</strong></span> <span class='ocrx_word' id='word_1_496' title='bbox 2673 4661 2788 4717; x_wconf 88' lang='lat' dir='ltr'><strong>fero</strong></span> <span class='ocrx_word' id='word_1_497' title='bbox 2818 4661 3060 4733; x_wconf 65' lang='lat' dir='ltr'><strong>praedam</strong></span> <span class='ocrx_word' id='word_1_498' title='bbox 3088 4668 3327 4714; x_wconf 89' lang='lat' dir='ltr'><strong>mactare</strong></span> <span class='ocrx_word' id='word_1_499' title='bbox 3361 4662 3720 4732; x_wconf 87' lang='lat' dir='ltr'><strong>propinquat.</strong></span> 
     </span>
    </p>
   </div>
   <div class='ocr_carea' id='block_1_47' title="bbox 469 4751 3598 4831">
    <p class='ocr_par' dir='ltr' id='par_1_47' title="bbox 469 4751 3598 4831">
     <span class='ocr_line' id='line_1_47' title="bbox 469 4751 3598 4831; baseline -0.001 -22"><span class='ocrx_word' id='word_1_500' title='bbox 469 4757 710 4811; x_wconf 73' lang='lat' dir='ltr'><strong>nuribus</strong></span> <span class='ocrx_word' id='word_1_501' title='bbox 741 4756 907 4828; x_wconf 91' lang='lat' dir='ltr'><strong>inque</strong></span> <span class='ocrx_word' id='word_1_502' title='bbox 939 4757 1248 4830; x_wconf 82' lang='lat' dir='ltr'><strong>peregrinis</strong></span> <span class='ocrx_word' id='word_1_503' title='bbox 1279 4758 1403 4813; x_wconf 91' lang='lat' dir='ltr'><strong>data</strong></span> <span class='ocrx_word' id='word_1_504' title='bbox 1434 4759 1609 4831; x_wconf 86' lang='lat' dir='ltr'><strong>gratia</strong></span> <span class='ocrx_word' id='word_1_505' title='bbox 1634 4759 1818 4827; x_wconf 90' lang='lat' dir='ltr'><strong>justis.</strong></span> <span class='ocrx_word' id='word_1_506' title='bbox 2201 4753 2498 4808; x_wconf 88' lang='lat' dir='ltr'><strong>Credentes</strong></span> <span class='ocrx_word' id='word_1_507' title='bbox 2524 4753 2766 4824; x_wconf 90' lang='lat' dir='ltr'><strong>lapidem</strong></span> <span class='ocrx_word' id='word_1_508' title='bbox 2799 4753 3010 4824; x_wconf 89' lang='lat' dir='ltr'><strong>populi,</strong></span> <span class='ocrx_word' id='word_1_509' title='bbox 3046 4753 3134 4822; x_wconf 90' lang='lat' dir='ltr'><strong>pia</strong></span> <span class='ocrx_word' id='word_1_510' title='bbox 3165 4751 3432 4822; x_wconf 88' lang='lat' dir='ltr'><strong>pondera,</strong></span> <span class='ocrx_word' id='word_1_511' title='bbox 3459 4753 3598 4820; x_wconf 91' lang='lat' dir='ltr'><strong>justi</strong></span> 
     </span>
    </p>
   </div>
   <div class='ocr_carea' id='block_1_48' title="bbox 469 4845 3688 4923">
    <p class='ocr_par' dir='ltr' id='par_1_48' title="bbox 469 4845 3688 4923">
     <span class='ocr_line' id='line_1_48' title="bbox 469 4845 3688 4923; baseline -0.001 -21"><span class='ocrx_word' id='word_1_512' title='bbox 469 4848 738 4920; x_wconf 86' lang='lat' dir='ltr'><strong>Entyches</strong></span> <span class='ocrx_word' id='word_1_513' title='bbox 769 4848 979 4919; x_wconf 86' lang='lat' dir='ltr'><strong>prolem</strong></span> <span class='ocrx_word' id='word_1_514' title='bbox 1012 4866 1135 4902; x_wconf 86' lang='lat' dir='ltr'><strong>nam</strong></span> <span class='ocrx_word' id='word_1_515' title='bbox 1165 4849 1522 4904; x_wconf 87' lang='lat' dir='ltr'><strong>conductoris</strong></span> <span class='ocrx_word' id='word_1_516' title='bbox 1548 4851 1735 4923; x_wconf 87' lang='lat' dir='ltr'><strong>agelli,</strong></span> <span class='ocrx_word' id='word_1_517' title='bbox 2198 4849 2311 4903; x_wconf 84' lang='lat' dir='ltr'><strong>Hoc</strong></span> <span class='ocrx_word' id='word_1_518' title='bbox 2334 4847 2454 4918; x_wconf 91' lang='lat' dir='ltr'><strong>ipso</strong></span> <span class='ocrx_word' id='word_1_519' title='bbox 2476 4846 2668 4920; x_wconf 88' lang='lat' dir='ltr'><strong>gerula</strong></span> <span class='ocrx_word' id='word_1_520' title='bbox 2691 4863 2815 4902; x_wconf 91' lang='lat' dir='ltr'><strong>ossa</strong></span> <span class='ocrx_word' id='word_1_521' title='bbox 2844 4847 3026 4902; x_wconf 89' lang='lat' dir='ltr'><strong>locant</strong></span> <span class='ocrx_word' id='word_1_522' title='bbox 3056 4845 3442 4917; x_wconf 89' lang='lat' dir='ltr'><strong>tumulantque</strong></span> <span class='ocrx_word' id='word_1_523' title='bbox 3470 4853 3688 4908; x_wconf 84' lang='lat' dir='ltr'><strong>cavato,</strong></span> 
     </span>
    </p>
   </div>
   <div class='ocr_carea' id='block_1_49' title="bbox 468 4935 3504 5012">
    <p class='ocr_par' dir='ltr' id='par_1_49' title="bbox 468 4935 3504 5012">
     <span class='ocr_line' id='line_1_49' title="bbox 468 4935 3504 5012; baseline -0.002 -19"><span class='ocrx_word' id='word_1_524' title='bbox 468 4940 729 4994; x_wconf 77' lang='lat' dir='ltr'><strong>Dzemone</strong></span> <span class='ocrx_word' id='word_1_525' title='bbox 760 4939 1014 5010; x_wconf 85' lang='lat' dir='ltr'><strong>depulso,</strong></span> <span class='ocrx_word' id='word_1_526' title='bbox 1040 4941 1293 5011; x_wconf 90' lang='lat' dir='ltr'><strong>patrique</strong></span> <span class='ocrx_word' id='word_1_527' title='bbox 1312 4940 1529 5012; x_wconf 87' lang='lat' dir='ltr'><strong>sibique</strong></span> <span class='ocrx_word' id='word_1_528' title='bbox 1563 4941 1803 5012; x_wconf 84' lang='lat' dir='ltr'><strong>reponit.</strong></span> <span class='ocrx_word' id='word_1_529' title='bbox 2095 4961 2103 4970; x_wconf 69' lang='grc' dir='ltr'><em>υ</em></span> <span class='ocrx_word' id='word_1_530' title='bbox 2198 4937 2450 5007; x_wconf 91' lang='lat' dir='ltr'><strong>Desuper</strong></span> <span class='ocrx_word' id='word_1_531' title='bbox 2477 4935 2681 4991; x_wconf 81' lang='lat' dir='ltr'><strong>excelsi</strong></span> <span class='ocrx_word' id='word_1_532' title='bbox 2714 4936 3020 4991; x_wconf 89' lang='lat' dir='ltr'><strong>condentes</strong></span> <span class='ocrx_word' id='word_1_533' title='bbox 3049 4936 3295 4990; x_wconf 90' lang='lat' dir='ltr'><strong>muneris</strong></span> <span class='ocrx_word' id='word_1_534' title='bbox 3323 4935 3504 4989; x_wconf 89' lang='lat' dir='ltr'><strong>aulam</strong></span> 
     </span>
    </p>
   </div>
   <div class='ocr_carea' id='block_1_50' title="bbox 468 5027 3575 5102">
    <p class='ocr_par' dir='ltr' id='par_1_50' title="bbox 468 5027 3575 5102">
     <span class='ocr_line' id='line_1_50' title="bbox 468 5027 3575 5102; baseline -0.002 -18"><span class='ocrx_word' id='word_1_535' title='bbox 468 5032 531 5085; x_wconf 89' lang='lat' dir='ltr'><strong>At</strong></span> <span class='ocrx_word' id='word_1_536' title='bbox 557 5029 868 5084; x_wconf 90' lang='lat' dir='ltr'><strong>Victorinus</strong></span> <span class='ocrx_word' id='word_1_537' title='bbox 894 5029 1104 5084; x_wconf 91' lang='lat' dir='ltr'><strong>domini</strong></span> <span class='ocrx_word' id='word_1_538' title='bbox 1135 5029 1252 5084; x_wconf 88' lang='lat' dir='ltr'><strong>vice</strong></span> <span class='ocrx_word' id='word_1_539' title='bbox 1285 5046 1408 5084; x_wconf 91' lang='lat' dir='ltr'><strong>rura</strong></span> <span class='ocrx_word' id='word_1_540' title='bbox 1442 5041 1746 5102; x_wconf 85' lang='lat' dir='ltr'><strong>regentem,</strong></span> <span class='ocrx_word' id='word_1_541' title='bbox 2197 5027 2257 5082; x_wconf 85' lang='lat' dir='ltr'><strong>In</strong></span> <span class='ocrx_word' id='word_1_542' title='bbox 2291 5045 2400 5100; x_wconf 88' lang='lat' dir='ltr'><strong>qua</strong></span> <span class='ocrx_word' id='word_1_543' title='bbox 2431 5027 2576 5082; x_wconf 90' lang='lat' dir='ltr'><strong>dona</strong></span> <span class='ocrx_word' id='word_1_544' title='bbox 2608 5027 2701 5082; x_wconf 87' lang='lat' dir='ltr'><strong>Dei</strong></span> <span class='ocrx_word' id='word_1_545' title='bbox 2727 5027 2940 5082; x_wconf 91' lang='lat' dir='ltr'><strong>meritis</strong></span> <span class='ocrx_word' id='word_1_546' title='bbox 2981 5034 3314 5098; x_wconf 67' lang='lat' dir='ltr'><strong>praestantur</strong></span> <span class='ocrx_word' id='word_1_547' title='bbox 3342 5028 3575 5081; x_wconf 91' lang='lat' dir='ltr'><strong>alumni.</strong></span> 
     </span>
    </p>
   </div>
   <div class='ocr_carea' id='block_1_51' title="bbox 468 5118 3521 5192">
    <p class='ocr_par' dir='ltr' id='par_1_51' title="bbox 468 5118 3521 5192">
     <span class='ocr_line' id='line_1_51' title="bbox 468 5118 3521 5192; baseline -0.001 -17"><span class='ocrx_word' id='word_1_548' title='bbox 468 5123 710 5192; x_wconf 83' lang='lat' dir='ltr'><strong>Tresque</strong></span> <span class='ocrx_word' id='word_1_549' title='bbox 740 5138 915 5176; x_wconf 89' lang='lat' dir='ltr'><strong>annos</strong></span> <span class='ocrx_word' id='word_1_550' title='bbox 939 5122 1080 5176; x_wconf 90' lang='lat' dir='ltr'><strong>lecto</strong></span> <span class='ocrx_word' id='word_1_551' title='bbox 1115 5121 1410 5192; x_wconf 83' lang='lat' dir='ltr'><strong>paralytica</strong></span> <span class='ocrx_word' id='word_1_552' title='bbox 1437 5121 1683 5177; x_wconf 88' lang='lat' dir='ltr'><strong>membra</strong></span> <span class='ocrx_word' id='word_1_553' title='bbox 1710 5122 1987 5178; x_wconf 84' lang='lat' dir='ltr'><strong>foventem</strong></span> <span class='ocrx_word' id='word_1_554' title='bbox 2272 5119 2362 5174; x_wconf 87' lang='lat' dir='ltr'><strong>Est</strong></span> <span class='ocrx_word' id='word_1_555' title='bbox 2389 5120 2540 5174; x_wconf 90' lang='lat' dir='ltr'><strong>locus</strong></span> <span class='ocrx_word' id='word_1_556' title='bbox 2560 5118 2747 5173; x_wconf 88' lang='lat' dir='ltr'><strong>lances</strong></span> <span class='ocrx_word' id='word_1_557' title='bbox 2769 5119 2990 5173; x_wconf 90' lang='lat' dir='ltr'><strong>mittens</strong></span> <span class='ocrx_word' id='word_1_558' title='bbox 3019 5119 3321 5189; x_wconf 89' lang='lat' dir='ltr'><strong>spiramine</strong></span> <span class='ocrx_word' id='word_1_559' title='bbox 3351 5125 3521 5172; x_wconf 88' lang='lat' dir='ltr'><strong>tetros</strong></span> 
     </span>
    </p>
   </div>
   <div class='ocr_carea' id='block_1_52' title="bbox 469 5206 3488 5284">
    <p class='ocr_par' dir='ltr' id='par_1_52' title="bbox 469 5206 3488 5284">
     <span class='ocr_line' id='line_1_52' title="bbox 469 5206 3488 5284; baseline -0.001 -21"><span class='ocrx_word' id='word_1_560' title='bbox 469 5211 783 5265; x_wconf 88' lang='lat' dir='ltr'><strong>lncolumen</strong></span> <span class='ocrx_word' id='word_1_561' title='bbox 815 5210 967 5265; x_wconf 90' lang='lat' dir='ltr'><strong>dedit</strong></span> <span class='ocrx_word' id='word_1_562' title='bbox 999 5211 1228 5273; x_wconf 89' lang='lat' dir='ltr'><strong>orando,</strong></span> <span class='ocrx_word' id='word_1_563' title='bbox 1265 5211 1557 5282; x_wconf 86' lang='lat' dir='ltr'><strong>rapuitque</strong></span> <span class='ocrx_word' id='word_1_564' title='bbox 1587 5211 1840 5284; x_wconf 87' lang='lat' dir='ltr'><strong>grabato.</strong></span> <span class='ocrx_word' id='word_1_565' title='bbox 2199 5209 2532 5280; x_wconf 91' lang='lat' dir='ltr'><strong>Sulphureo,</strong></span> <span class='ocrx_word' id='word_1_566' title='bbox 2565 5209 2756 5264; x_wconf 89' lang='lat' dir='ltr'><strong>latices</strong></span> <span class='ocrx_word' id='word_1_567' title='bbox 2780 5217 2998 5263; x_wconf 86' lang='lat' dir='ltr'><strong>veteres</strong></span> <span class='ocrx_word' id='word_1_568' title='bbox 3025 5207 3211 5261; x_wconf 86' lang='lat' dir='ltr'><strong>dixere</strong></span> <span class='ocrx_word' id='word_1_569' title='bbox 3246 5206 3488 5262; x_wconf 82' lang='lat' dir='ltr'><strong>cotillas:</strong></span> 
     </span>
    </p>
   </div>
   <div class='ocr_carea' id='block_1_53' title="bbox 472 5299 3502 5374">
    <p class='ocr_par' dir='ltr' id='par_1_53' title="bbox 472 5299 3502 5374">
     <span class='ocr_line' id='line_1_53' title="bbox 472 5299 3502 5374; baseline -0.001 -21"><span class='ocrx_word' id='word_1_570' title='bbox 472 5301 786 5355; x_wconf 87' lang='lat' dir='ltr'><strong>Curatorem</strong></span> <span class='ocrx_word' id='word_1_571' title='bbox 818 5301 972 5356; x_wconf 89' lang='lat' dir='ltr'><strong>urbis</strong></span> <span class='ocrx_word' id='word_1_572' title='bbox 993 5302 1186 5357; x_wconf 86' lang='lat' dir='ltr'><strong>morbo</strong></span> <span class='ocrx_word' id='word_1_573' title='bbox 1210 5301 1357 5357; x_wconf 85' lang='lat' dir='ltr'><strong>Maro</strong></span> <span class='ocrx_word' id='word_1_574' title='bbox 1388 5303 1551 5358; x_wconf 89' lang='lat' dir='ltr'><strong>solvit</strong></span> <span class='ocrx_word' id='word_1_575' title='bbox 1573 5303 1860 5374; x_wconf 86' lang='lat' dir='ltr'><strong>hydrOpis,</strong></span> <span class='ocrx_word' id='word_1_576' title='bbox 2203 5302 2298 5357; x_wconf 84' lang='lat' dir='ltr'><strong>Hic</strong></span> <span class='ocrx_word' id='word_1_577' title='bbox 2327 5301 2690 5367; x_wconf 87' lang='lat' dir='ltr'><strong>Victorinum,</strong></span> <span class='ocrx_word' id='word_1_578' title='bbox 2723 5300 2988 5371; x_wconf 91' lang='lat' dir='ltr'><strong>resupino</strong></span> <span class='ocrx_word' id='word_1_579' title='bbox 3012 5299 3214 5354; x_wconf 88' lang='lat' dir='ltr'><strong>vertice</strong></span> <span class='ocrx_word' id='word_1_580' title='bbox 3247 5314 3502 5368; x_wconf 91' lang='lat' dir='ltr'><strong>pensum,</strong></span> 
     </span>
    </p>
   </div>
   <div class='ocr_carea' id='block_1_54' title="bbox 473 5391 3518 5470">
    <p class='ocr_par' dir='ltr' id='par_1_54' title="bbox 473 5391 3518 5470">
     <span class='ocr_line' id='line_1_54' title="bbox 473 5391 3518 5470; baseline -0.001 -24"><span class='ocrx_word' id='word_1_581' title='bbox 473 5393 644 5447; x_wconf 89' lang='lat' dir='ltr'><strong>Annis</strong></span> <span class='ocrx_word' id='word_1_582' title='bbox 686 5410 795 5463; x_wconf 91' lang='lat' dir='ltr'><strong>quo</strong></span> <span class='ocrx_word' id='word_1_583' title='bbox 825 5403 1039 5466; x_wconf 77' lang='lat' dir='ltr'><strong>septem</strong></span> <span class='ocrx_word' id='word_1_584' title='bbox 1070 5397 1303 5451; x_wconf 90' lang='lat' dir='ltr'><strong>undarat</strong></span> <span class='ocrx_word' id='word_1_585' title='bbox 1334 5397 1652 5468; x_wconf 88' lang='lat' dir='ltr'><strong>lymphante</strong></span> <span class='ocrx_word' id='word_1_586' title='bbox 1677 5398 1914 5470; x_wconf 88' lang='lat' dir='ltr'><strong>liquore.</strong></span> <span class='ocrx_word' id='word_1_587' title='bbox 2203 5391 2468 5448; x_wconf 79' lang='lat' dir='ltr'><strong>Horriﬁco</strong></span> <span class='ocrx_word' id='word_1_588' title='bbox 2500 5393 2697 5464; x_wconf 90' lang='lat' dir='ltr'><strong>perimi</strong></span> <span class='ocrx_word' id='word_1_589' title='bbox 2731 5393 2955 5446; x_wconf 89' lang='lat' dir='ltr'><strong>mandat</strong></span> <span class='ocrx_word' id='word_1_590' title='bbox 2978 5392 3199 5462; x_wconf 69' lang='lat' dir='ltr'><strong>ptedore</strong></span> <span class='ocrx_word' id='word_1_591' title='bbox 3232 5399 3518 5460; x_wconf 84' lang='lat' dir='ltr'><strong>tyrannus.</strong></span> 
     </span>
    </p>
   </div>
   <div class='ocr_carea' id='block_1_55' title="bbox 477 5478 3623 5556">
    <p class='ocr_par' dir='ltr' id='par_1_55' title="bbox 477 5478 3623 5556">
     <span class='ocr_line' id='line_1_55' title="bbox 477 5478 3623 5556; baseline 0.001 -26"><span class='ocrx_word' id='word_1_592' title='bbox 477 5478 726 5546; x_wconf 88' lang='lat' dir='ltr'><strong>Denique</strong></span> <span class='ocrx_word' id='word_1_593' title='bbox 757 5479 1054 5540; x_wconf 88' lang='lat' dir='ltr'><strong>formantes</strong></span> <span class='ocrx_word' id='word_1_594' title='bbox 1078 5485 1315 5556; x_wconf 88' lang='lat' dir='ltr'><strong>populos</strong></span> <span class='ocrx_word' id='word_1_595' title='bbox 1345 5484 1602 5541; x_wconf 76' lang='lat' dir='ltr'><strong>affamine</strong></span> <span class='ocrx_word' id='word_1_596' title='bbox 1634 5496 1806 5554; x_wconf 87' lang='lat' dir='ltr'><strong>casto,</strong></span> <span class='ocrx_word' id='word_1_597' title='bbox 2198 5485 2324 5539; x_wconf 66' lang='lat' dir='ltr'><strong>Hazc</strong></span> <span class='ocrx_word' id='word_1_598' title='bbox 2354 5483 2532 5539; x_wconf 89' lang='lat' dir='ltr'><strong>tribus</strong></span> <span class='ocrx_word' id='word_1_599' title='bbox 2553 5491 2613 5538; x_wconf 91' lang='lat' dir='ltr'><strong>ut</strong></span> <span class='ocrx_word' id='word_1_600' title='bbox 2638 5499 2829 5554; x_wconf 88' lang='lat' dir='ltr'><strong>passus</strong></span> <span class='ocrx_word' id='word_1_601' title='bbox 2854 5490 3056 5554; x_wconf 90' lang='lat' dir='ltr'><strong>martyr</strong></span> <span class='ocrx_word' id='word_1_602' title='bbox 3089 5480 3385 5535; x_wconf 87' lang='lat' dir='ltr'><strong>furibunda</strong></span> <span class='ocrx_word' id='word_1_603' title='bbox 3417 5479 3623 5534; x_wconf 85' lang='lat' dir='ltr'><strong>diebus</strong></span> 
     </span>
    </p>
   </div>
   <div class='ocr_carea' id='block_1_56' title="bbox 477 5566 3421 5647">
    <p class='ocr_par' dir='ltr' id='par_1_56' title="bbox 477 5566 3421 5647">
     <span class='ocr_line' id='line_1_56' title="bbox 477 5566 3421 5647; baseline 0.001 -31"><span class='ocrx_word' id='word_1_604' title='bbox 477 5566 786 5620; x_wconf 86' lang='lat' dir='ltr'><strong>lnstruxere</strong></span> <span class='ocrx_word' id='word_1_605' title='bbox 809 5569 915 5624; x_wconf 80' lang='lat' dir='ltr'><strong>tide</strong></span> <span class='ocrx_word' id='word_1_606' title='bbox 948 5573 1150 5628; x_wconf 87' lang='lat' dir='ltr'><strong>multos</strong></span> <span class='ocrx_word' id='word_1_607' title='bbox 1170 5575 1452 5647; x_wconf 86' lang='lat' dir='ltr'><strong>regnantis</strong></span> <span class='ocrx_word' id='word_1_608' title='bbox 1483 5577 1630 5643; x_wconf 84' lang='lat' dir='ltr'><strong>Iesu,</strong></span> <span class='ocrx_word' id='word_1_609' title='bbox 2198 5575 2426 5629; x_wconf 89' lang='lat' dir='ltr'><strong>Nectare</strong></span> <span class='ocrx_word' id='word_1_610' title='bbox 2451 5573 2642 5629; x_wconf 89' lang='lat' dir='ltr'><strong>divino</strong></span> <span class='ocrx_word' id='word_1_611' title='bbox 2673 5572 2912 5644; x_wconf 78' lang='lat' dir='ltr'><strong>coelique</strong></span> <span class='ocrx_word' id='word_1_612' title='bbox 2937 5571 3151 5627; x_wconf 81' lang='lat' dir='ltr'><strong>fovetur</strong></span> <span class='ocrx_word' id='word_1_613' title='bbox 3183 5584 3421 5623; x_wconf 65' lang='lat' dir='ltr'><strong>amoeno.</strong></span> 
     </span>
    </p>
   </div>
   <div class='ocr_carea' id='block_1_57' title="bbox 477 5647 3690 5736">
    <p class='ocr_par' dir='ltr' id='par_1_57' title="bbox 477 5647 3690 5736">
     <span class='ocr_line' id='line_1_57' title="bbox 477 5647 3690 5736; baseline 0.005 -34"><span class='ocrx_word' id='word_1_614' title='bbox 477 5647 896 5724; x_wconf 88' lang='lat' dir='ltr'><strong>Presbyterique</strong></span> <span class='ocrx_word' id='word_1_615' title='bbox 918 5658 1028 5711; x_wconf 89' lang='lat' dir='ltr'><strong>dati</strong></span> <span class='ocrx_word' id='word_1_616' title='bbox 1053 5659 1272 5728; x_wconf 90' lang='lat' dir='ltr'><strong>plebem</strong></span> <span class='ocrx_word' id='word_1_617' title='bbox 1303 5665 1713 5736; x_wconf 89' lang='lat' dir='ltr'><strong>augmentando</strong></span> <span class='ocrx_word' id='word_1_618' title='bbox 1736 5665 2018 5722; x_wconf 86' lang='lat' dir='ltr'><strong>creabant.</strong></span> <span class='ocrx_word' id='word_1_619' title='bbox 2197 5668 2546 5736; x_wconf 89' lang='lat' dir='ltr'><strong>Aurelianus,</strong></span> <span class='ocrx_word' id='word_1_620' title='bbox 2599 5667 2780 5722; x_wconf 90' lang='lat' dir='ltr'><strong>adhuc</strong></span> <span class='ocrx_word' id='word_1_621' title='bbox 2810 5665 3071 5721; x_wconf 85' lang='lat' dir='ltr'><strong>defuncto</strong></span> <span class='ocrx_word' id='word_1_622' title='bbox 3102 5666 3155 5718; x_wconf 92' lang='lat' dir='ltr'><strong>in</strong></span> <span class='ocrx_word' id='word_1_623' title='bbox 3189 5673 3429 5733; x_wconf 88' lang='lat' dir='ltr'><strong>martyre</strong></span> <span class='ocrx_word' id='word_1_624' title='bbox 3459 5664 3690 5730; x_wconf 89' lang='lat' dir='ltr'><strong>crudus,</strong></span> 
     </span>
    </p>
   </div>
   <div class='ocr_carea' id='block_1_58' title="bbox 548 5773 3450 5864">
    <p class='ocr_par' dir='ltr' id='par_1_58' title="bbox 548 5773 3450 5864">
     <span class='ocr_line' id='line_1_58' title="bbox 548 5773 3450 5864; baseline 0.006 -36"><span class='ocrx_word' id='word_1_625' title='bbox 548 5773 690 5839; x_wconf 76' lang='lat' dir='ltr'><strong>(l72l</strong></span> <span class='ocrx_word' id='word_1_626' title='bbox 719 5776 852 5834; x_wconf 88' lang='lat' dir='ltr'><strong>Cod.</strong></span> <span class='ocrx_word' id='word_1_627' title='bbox 887 5783 911 5836; x_wconf 79' lang='grc'><strong>1</strong></span> <span class='ocrx_word' id='word_1_628' title='bbox 947 5787 1122 5850; x_wconf 80' lang='lat' dir='ltr'><strong>Rufus</strong></span> <span class='ocrx_word' id='word_1_629' title='bbox 1340 5793 1486 5860; x_wconf 75' lang='lat' dir='ltr'><strong>igne,</strong></span> <span class='ocrx_word' id='word_1_630' title='bbox 1509 5792 1702 5848; x_wconf 89' lang='lat' dir='ltr'><strong>relicto</strong></span> <span class='ocrx_word' id='word_1_631' title='bbox 1731 5795 1911 5864; x_wconf 90' lang='lat' dir='ltr'><strong>spatio</strong></span> <span class='ocrx_word' id='word_1_632' title='bbox 1941 5796 2108 5852; x_wconf 87' lang='lat' dir='ltr'><strong>unius</strong></span> <span class='ocrx_word' id='word_1_633' title='bbox 2137 5796 2292 5853; x_wconf 89' lang='lat' dir='ltr'><strong>vocis</strong></span> <span class='ocrx_word' id='word_1_634' title='bbox 2315 5811 2511 5852; x_wconf 89' lang='lat' dir='ltr'><strong>vacuo.</strong></span> <span class='ocrx_word' id='word_1_635' title='bbox 2541 5795 2675 5852; x_wconf 90' lang='lat' dir='ltr'><strong>Cod.</strong></span> <span class='ocrx_word' id='word_1_636' title='bbox 2705 5795 2761 5863; x_wconf 74' lang='lat'><strong>2,</strong></span> <span class='ocrx_word' id='word_1_637' title='bbox 2792 5797 2969 5862; x_wconf 80' lang='lat' dir='ltr'><strong>Rufus</strong></span> <span class='ocrx_word' id='word_1_638' title='bbox 3000 5811 3056 5848; x_wconf 68' lang='grc' dir='ltr'><strong>οη</strong></span> <span class='ocrx_word' id='word_1_639' title='bbox 3130 5795 3270 5848; x_wconf 83' lang='lat' dir='ltr'><strong>mius</strong></span> <span class='ocrx_word' id='word_1_640' title='bbox 3306 5794 3450 5858; x_wconf 82' lang='lat' dir='ltr'><strong>igne.</strong></span> 
     </span>
    </p>
   </div>
  </div>
