3890 6402
66 399 176 454 625

64 523 280 594 Corpus
297 510 478 578 .humo
507 522 786 594 prohibet,
818 531 1019 578 terram
1048 530 1193 578 vetat
1231 525 1433 581 abdere
1484 533 1639 582 terra:
1671 543 1684 579 ε

68 616 159 669 Ast
178 615 276 669 ubi
307 615 550 668 membra
572 615 760 683 jaceat
787 613 1089 682 incondita,
1122 615 1240 670 sole
1267 626 1506 684 meante,

66 705 800 772 AcceduntAmiternenses,
837 706 1167 777 rapiuntque
1195 707 1340 762 beati

67 796 323 851 Praesulis
362 811 485 850 ossa
525 795 634 863 sui,
685 795 952 861 referunt,
1014 798 1374 869 conduntque
1402 799 1685 854 decenter.

63 889 398 944 Exstiteraut
426 888 685 960 equidem
717 888 850 944 bino
889 888 1158 944 solamine
1191 889 1401 956 fratres,

66 986 178 1039 Iste
209 984 473 1041 Severino
503 983 820 1040 Victorinus
851 985 1026 1059 magis
1057 993 1268 1051 auctus,

66 1075 252 1130 Munia
283 1081 407 1146 post
434 1075 648 1131 obitum
675 1076 871 1131 dantes
896 1078 1106 1131 alterna
1139 1083 1453 1148 parentum,

63 1168 504 1238 Prmbentesque
533 1167 638 1222 sibi
664 1168 901 1240 geminae
928 1167 1185 1242 suffragia
1222 1185 1404 1234 curae;

62 1259 288 1313 Alterno
317 1258 710 1314 submittentes
735 1274 794 1314 se
825 1259 1177 1330 discipulatu,

62 1352 404 1423 Alteruoque
436 1352 754 1426 magisterio
783 1352 890 1407 sibi
907 1353 1033 1421 jura
1063 1353 1343 1410 ferentes:

64 1443 277 1498 Aimula
308 1443 519 1498 servitii
549 1443 820 1500 dedentes
846 1460 1076 1499 munera
1106 1445 1261 1519 digni
1295 1463 1311 1510 ;

62 1532 203 1584 Vera
231 1530 620 1601 probabilibus
642 1531 864 1586 dilectio
888 1542 1136 1587 creverat
1163 1534 1320 1599 actis,

59 1619 502 1690 Obtulerantque
532 1620 645 1674 Deo
683 1628 857 1674 semet
883 1620 1004 1675 viva
1047 1621 1225 1676 hostia
1265 1623 1390 1676 facti
1428 1641 1442 1688 ;

59 1711 488 1782 Perfectumque
516 1721 712 1782 petens
740 1713 912 1768 virtus
942 1730 1210 1786 germana
1238 1714 1426 1768 subire

60 1802 261 1857 Tendit
289 1802 346 1856 in
370 1802 425 1856 id
447 1818 545 1857 sua
575 1803 722 1874 quod
753 1804 949 1858 dantes
971 1804 1081 1858 sint
1105 1807 1268 1859 rebus
1290 1805 1473 1876 egeni.

64 1895 330 1949 Ubertate
359 1892 470 1963 poli
502 1893 668 1959 dites,
702 1892 905 1964 quibus
935 1896 1121 1950 omnia
1152 1895 1399 1950 Christus
1426 1915 1440 1961 ;

60 1984 311 2037 Libertas
332 1982 550 2049 eadem,
571 1981 718 2053 impe
731 1983 893 2050 rium,
925 1992 1114 2056 gratus
1138 1983 1456 2050 famulatus,

60 2073 149 2128 Nil
173 2074 387 2139 deerat,
418 2089 543 2128 cum
561 2073 636 2127 nil
667 2073 858 2128 mundi
884 2075 1158 2144 pompalis
1193 2076 1481 2130 haberent.

61 2172 126 2225 At
148 2169 462 2225 Victorinus
491 2185 591 2240 spe
621 2171 886 2226 scandere
919 2172 1119 2226 celsius
1150 2172 1373 2240 ardens,

63 2266 137 2317 Ac
167 2269 434 2333 reputans
447 2263 828 2333 imperfectum
857 2279 1051 2333 parere
1082 2265 1349 2330 vicissim,

59 2355 174 2408 Nec
203 2351 341 2407 satis
365 2368 486 2408 esse
517 2360 715 2408 tenens
740 2353 847 2408 utri
879 2353 1156 2409 deserviat
1181 2355 1340 2421 alter,

54 2449 106 2501 Si
145 2448 279 2520 quid
311 2448 365 2502 in
395 2448 661 2503 alterutro
689 2447 854 2503 liceat
884 2456 1212 2518 praestanter
1241 2451 1482 2522 utrique,

55 2537 404 2610 Aggredicns
433 2552 700 2602 eremum,
722 2537 882 2591 celsae
910 2537 1046 2607 petit
1084 2537 1258 2592 ardua
1297 2539 1470 2609 rupis,

50 2625 383 2696 Spelaaoque
413 2625 572 2680 sedet
590 2625 692 2679 sub
723 2641 832 2697 quo
874 2625 1221 2696 praeterﬂuus
1254 2627 1432 2681 amnis

52 2717 364 2786 Abruptum
393 2714 548 2770 bifidi
575 2716 759 2772 lateris
784 2716 1030 2791 signarat
1069 2717 1308 2789 utrique,

50 2808 154 2862 Vix
186 2807 282 2862 uni
307 2807 606 2877 hospitium
639 2815 804 2878 queat
845 2815 902 2863 ut
923 2808 1168 2863 dormire
1206 2809 1455 2864 sedendo
1489 2827 1502 2863 :

49 2897 109 2950 Si
141 2895 356 2950 socium
382 2895 585 2964 capiat,
613 2895 848 2970 vigilans
879 2896 1059 2951 orabit
1088 2903 1143 2951 et
1176 2905 1367 2952 astans
1397 2915 1411 2961 ;

51 2984 244 3039 Edidit
271 2982 530 3039 ostiolum
562 2983 715 3038 lento
745 2984 886 3039 dans
913 2984 1118 3040 vimine
1149 2985 1475 3053 claustrum,

49 3078 321 3134 Assiduus
343 3078 506 3145 lectu,
534 3079 899 3150 precibusque
937 3079 1166 3134 vacabat
1192 3080 1454 3135 anhelus.

50 3172 171 3226 Non
202 3170 327 3225 tulit
354 3170 475 3225 haec
500 3185 736 3225 cernens
765 3170 986 3240 pietatis
1019 3170 1221 3226 lividus
1254 3171 1429 3226 hostis
1458 3189 1473 3237 ;

50 3260 456 3333 Afﬁngensque
486 3260 696 3328 dolum,
731 3262 1135 3317 tenerzeinduit
1163 3277 1262 3317 ora
1297 3262 1519 3332 puellae,

51 3357 192 3411 Ante
225 3355 484 3426 foresque
515 3355 612 3410 viti
643 3355 995 3428 ingeminans
1021 3355 1288 3410 ululantia
1326 3355 1496 3410 verba
1526 3373 1539 3409 :

57 3472 80 3499 α
117 3449 235 3504 Heu
265 3463 355 3502 me
384 3446 396 3502 l
439 3446 581 3514 inﬁt,
613 3447 892 3513 miseram,
922 3447 1095 3512 silvis,
1129 3463 1337 3513 errore,
1365 3447 1618 3502 tenebris

51 3543 388 3614 Solivagam,
429 3541 790 3616 ignaramque
829 3541 934 3596 loci
960 3541 1226 3612 callisque
1263 3542 1473 3616 negati,

53 3631 321 3702 Quisquis
348 3629 578 3684 esistius
610 3629 948 3685 venerabilis
976 3630 1157 3685 incola
1198 3631 1393 3697 saltus,

52 3724 327 3777 Virtutum
361 3721 558 3776 famam
584 3721 744 3792 polus
764 3722 1032 3793 undique,
1066 3728 1121 3776 et
1152 3721 1402 3794 undique
1433 3722 1610 3790 silvae,

54 3815 442 3885 Eximiumque
479 3814 781 3885 loquuntur
805 3829 968 3885 Opus,
993 3814 1376 3870 frendentibus
1397 3816 1541 3887 apris

53 3904 222 3972 Eripe
253 3917 366 3968 me,
394 3901 756 3972 trucibusque
787 3902 931 3972 lupis
958 3910 1011 3957 et
1033 3903 1315 3958 hiantibus
1335 3905 1479 3958 ursis
1509 3922 1523 3969 ;

48 3993 210 4059 Quod
232 3991 463 4057 victura,
486 3999 638 4046 tuum
666 3991 871 4046 moriar
899 3993 944 4046 si
975 3993 1237 4064 denique,
1272 3993 1325 4047 id
1351 3994 1529 4064 ipsum
1559 4013 1574 4061 ;

52 4089 266 4156 Satque
296 4085 407 4158 tegi
428 4084 574 4145 mihi
605 4083 842 4140 sufficiet
860 4087 942 4140 vel
974 4086 1165 4140 limine
1194 4087 1323 4141 tecti
1360 4105 1373 4141 :

51 4179 173 4231 Non
204 4174 468 4230 diuturna
501 4182 624 4244 peto
644 4175 945 4237 consortia,
979 4176 1157 4230 noctis
1188 4175 1376 4230 haberi

55 4267 276 4336 llospes
306 4271 363 4318 et
389 4263 574 4318 unius.
610 4287 635 4310 ιο
664 4264 862 4318 Pandit
901 4264 1219 4330 miseratus,
1250 4273 1303 4318 et
1346 4264 1561 4320 hostem

53 4352 418 4423 Compatiens
437 4353 623 4406 dirum
645 4352 812 4423 capit,
835 4352 1184 4423 admittitque
1218 4352 1488 4407 latronem
1505 4392 1518 4406 .

53 4446 233 4500 Unius
252 4444 492 4515 spatium
521 4443 608 4498 vix
637 4445 1027 4500 intercesserat
1054 4445 1222 4517 hora},

57 4538 196 4588 Dum
224 4533 403 4588 crebri
425 4532 796 4587 membrorum
822 4533 964 4587 inter
984 4532 1270 4588 molimina
1300 4543 1518 4607 gestus,

53 4626 227 4681 lllicis
257 4623 475 4696 efﬁgies
504 4625 731 4679 monstri
762 4625 902 4695 pede
923 4625 1155 4699 contigit
1181 4625 1408 4692 almum,

55 4721 293 4789 Moxque
317 4716 625 4787 Cupidinea
654 4715 924 4792 transﬁgit
948 4716 1117 4772 corda
1157 4716 1356 4789 sagitta
1387 4735 1402 4782 ;

57 4805 269 4860 Blanda
295 4805 485 4859 dolum
516 4805 820 4870 cumulant,
854 4805 1010 4877 ignes
1030 4802 1288 4858 affamina
1318 4805 1563 4872 sufflant,

60 4897 185 4952 Urix
211 4902 406 4970 pectus
436 4910 612 4962 amor,
641 4893 856 4950 facinus
887 4895 1008 4951 loca
1025 4896 1144 4950 sola
1182 4896 1454 4962 suadent;

704 397 787 450 DE
827 395 1083 452 CHRISTI
1122 397 1484 453 TRIUMPHIS
1524 399 1698 454 APUD
1739 399 2007 456 ITALIAM
2050 400 2225 456 LlBlll
2268 402 2396 456 XIV.
2437 432 2508 442 —
2547 401 2673 458 LIB.
2717 403 2784 456 ll.

3310 404 3414 459 626

1716 536 1760 597 Α
1792 529 1855 582 At
1878 528 2024 582 velut
2055 529 2284 601 antiquo
2313 529 2635 598 praecellens
2665 530 2862 585 robore
2888 547 3150 602 quercus,

1789 628 1962 695 Atque
1993 625 2168 678 solum
2203 624 2374 679 firmis
2406 633 2702 694 penetrans
2730 626 3006 681 radicibus
3035 626 3226 693 altum,

1791 715 2081 790 )Iontivagi
2112 733 2379 770 succensa
2411 716 2534 771 loco
2567 718 2843 788 pecudum
2878 717 3056 784 ducis,
3091 728 3218 789 apta

1791 805 2014 878 Ignibus
2044 814 2128 860 est
2158 807 2381 861 inventa
2405 807 2633 878 quidem
2667 809 2711 862 si
2742 807 2882 863 forte
2913 825 3172 876 caverna,

1795 899 2012 952 lnterno
2045 896 2284 952 ﬂammis
2306 906 2637 968 consumpto
2679 899 2880 954 robore
2906 898 3068 962 victa,

1793 987 2034 1052 Labitur,
2064 993 2230 1058 atque
2261 987 2354 1042 diu
2380 988 2538 1042 tectis
2568 989 2767 1043 ccelum
2797 989 3039 1059 applicat
3067 989 3237 1049 arvis.

1793 1075 1910 1129 Alta
1935 1075 2192 1129 columna
2219 1075 2348 1142 ruit,
2382 1091 2560 1132 cmcus
2579 1078 2765 1132 scelus
2793 1075 2964 1132 efﬁcit
2991 1078 3158 1134 ardor
3185 1096 3198 1132 :

1798 1169 2068 1223 Exclamat
2098 1168 2379 1223 victoriam
2404 1170 2520 1239 jam
2550 1186 2687 1226 voce
2719 1171 2976 1226 inimicus
3007 1181 3196 1241 aperta
3225 1190 3240 1228 :

1797 1280 1822 1310 α
1868 1260 2050 1315 Heus!
2081 1260 2214 1331 quid
2244 1261 2380 1334 agis,
2412 1260 2546 1331 quid
2573 1263 2712 1334 agis,
2731 1263 2812 1318 vir
2829 1262 3228 1333 perfectissime
3247 1263 3276 1316 ?
3291 1265 3416 1319 Fra-

3245 1355 3350 1427 [ter

1797 1446 1891 1501 Cui
1922 1445 2105 1519 gravis
2136 1446 2442 1512 exstiterat,
2474 1445 2772 1518 peregrino
2797 1445 3052 1519 jungeris
3076 1445 3105 1500 γ
3137 1448 3294 1514 Ecce,

1799 1538 2052 1592 Germani
2085 1538 2250 1591 odisti
2281 1538 2376 1608 qui
2407 1537 2772 1592 contubernia
2801 1537 3013 1595 ferre...

1797 1634 1873 1688 En
1907 1632 2040 1704 quid
2063 1633 2182 1704 agis
2204 1633 2297 1703 qui
2326 1633 2528 1706 degma
2565 1648 2764 1688 novum
2793 1633 2948 1687 silvis
2977 1634 3335 1706 scopulisque

1798 1721 2166 1785 Constituens,
2200 1737 2366 1792 rupes
2393 1722 2770 1777 moderamina
2800 1729 2949 1777 casta
2988 1723 3228 1778 docebas
3256 1724 3350 1780 τ...
3388 1749 3414 1772 n

1797 1810 1921 1864 Haec
1951 1811 2236 1864 insultanti
2262 1810 2523 1878 jactando
2553 1810 2809 1866 diabolus
2835 1827 2950 1878 ore,

1720 1895 1773 1962 Β
1797 1899 2019 1968 Decepti
2051 1915 2116 1952 ex
2145 1899 2322 1954 oculis
2339 1899 2476 1954 abiit
2513 1915 2615 1953 ceu
2647 1898 2832 1953 fumus
2865 1900 2917 1954 in
2947 1916 3126 1955 auras.

1791 1992 1856 2045 At
1885 1991 1978 2062 qui
2005 1999 2307 2054 corruerat,
2341 1991 2508 2044 tacuit
2535 1991 2691 2062 quasi
2725 1991 2978 2064 Gorgone
2999 1992 3115 2046 visa

1791 2080 2025 2133 Artubus
2058 2079 2371 2152 exsanguis,
2412 2079 2517 2133 sibi
2547 2079 2642 2149 qui
2676 2080 3010 2150 quandoque
3044 2097 3317 2148 reversus,

1793 2169 2078 2242 Egreditur
2107 2168 2280 2233 silvis,
2307 2177 2564 2238 repetens
2583 2168 2777 2223 solatia
2809 2167 2990 2224 fratris
3019 2186 3033 2234 ;

1798 2257 2063 2328 Huicque,
2098 2257 2310 2326 pudore
2339 2256 2435 2310 diu
2462 2273 2757 2327 suppressa
2786 2273 2940 2323 voce,
2970 2259 3202 2312 silenter

1800 2348 2093 2413 Assistens,
2117 2363 2338 2402 causam
2372 2347 2594 2417 stupido
2617 2348 2839 2402 tandem
2879 2349 3076 2404 ordine
3111 2349 3341 2418 pandit;

1798 2444 1918 2512 Ipse
1941 2441 2044 2494 sibi
2079 2457 2298 2511 poenam
2327 2447 2598 2507 statuens,
2641 2458 2880 2512 namque
2901 2442 3097 2496 arbore
3120 2443 3312 2508 scissa,

1797 2533 2002 2606 Ingerit
2043 2532 2380 2603 insertatque
2405 2549 2617 2598 manus,
2647 2535 2951 2604 cuneisque
2975 2534 3200 2589 cicatrix

1789 2625 2108 2698 Stringitur,
2141 2624 2387 2679 arboreas
2419 2631 2621 2678 coeunt
2671 2625 2844 2699 plagae
2888 2626 3154 2697 undique.
3189 2627 3414 2682 Summo

1791 2716 2042 2773 Pontifici
2075 2717 2241 2771 frater
2263 2715 2445 2770 fratris
2477 2723 2686 2786 patrata
2717 2716 2960 2781 revelat;

1791 2809 1892 2873 Qui
1923 2808 2154 2862 veniens
2183 2807 2357 2877 primo
2390 2814 2621 2861 conatur
2637 2807 2850 2862 solvere
2881 2824 3080 2862 nexum
3118 2825 3131 2862 :

1794 2902 1971 2973 thue
2001 2901 2360 2956 reluctantem
2393 2900 2594 2966 cernit,
2626 2899 2934 2967 benedicit,
2974 2908 3029 2956 et
3059 2917 3225 2957 orans

1798 2995 2155 3066 Compatitur,
2187 2994 2432 3060 refovet;
2466 2994 2668 3061 munit,
2697 2995 2906 3050 solatur
2941 2995 3190 3066 abitque.

1796 3088 1959 3144 Atvir
1989 3085 2323 3158 pervalidus,
2363 3092 2515 3141 tanto
2545 3085 2842 3140 vincimine
2865 3084 3025 3152 fixus,

1796 3177 1960 3232 Fanis
1989 3176 2254 3230 duntaxat
2270 3173 2547 3228 modicum
2579 3172 2928 3243 lymphaeque
2946 3174 3216 3245 liquorem

1722 3221 1770 3290 Ο
1797 3261 2150 3319 Hebdomade
2183 3261 2360 3331 prima
2391 3230 2666 3329 capiebat,
2695 3221 2866 3314 lfratris
2887 3221 3132 3329 coagtus,

1791 3356 1889 3420 Qui
1931 3355 2077 3410 victu
2107 3352 2276 3406 simili
2310 3351 2526 3420 jejunia
2554 3351 2720 3426 longa
2742 3350 2980 3415 levabat,

1790 3449 1894 3503 Pro
1923 3446 2104 3502 fratris
2127 3445 2283 3515 lapsu
2312 3443 2470 3514 parili
2503 3458 2667 3497 cruce
2706 3450 2883 3498 semet
2900 3443 3197 3519 adurgens.

1790 3537 2082 3592 Volventes
2120 3533 2331 3588 hiemes
2358 3531 2522 3598 hujus
2544 3540 2655 3585 tres
2677 3531 2922 3601 pondere
2953 3534 3142 3588 multae

1788 3626 1923 3680 Hinc
1952 3622 2212 3679 Victorini
2241 3621 2373 3676 dum
2399 3621 2512 3691 jam
2546 3620 2809 3689 patientia
2841 3629 3074 3676 cunctos

1787 3715 2050 3780 luﬂectit,
2077 3714 2300 3768 rediens
2331 3710 2530 3784 praesul
2551 3710 2630 3764 vix
2666 3726 2867 3786 cogere
2893 3711 3066 3790 vincit

1791 3805 2058 3860 Carnibus
2095 3802 2406 3874 absumptis
2434 3801 2581 3856 sinat
2610 3808 2670 3856 ut
2701 3809 2973 3856 tormenta
3001 3803 3202 3858 resolvi

1792 3898 1921 3962 Quis
1951 3895 2224 3964 sejudicii
2257 3895 2488 3950 dederat
2512 3909 2726 3949 memor
2755 3893 2873 3964 ipse
2905 3895 3198 3951 tremendi.

1793 3989 1843 4042 Is
1870 4003 2033 4059 quam
2066 3991 2192 4056 post
2207 3991 2431 4038 sanctus
2457 3982 2640 4049 nituit,
2665 3999 2829 4054 quam
2856 3983 2991 4038 mira
3013 3991 3271 4054 potenter

1792 4078 2000 4153 Egerit,
2034 4077 2287 4131 humanae
2309 4089 2420 4130 non
2460 4081 2543 4128 est
2574 4074 2816 4145 expletio
2847 4074 3050 4147 linguae
3084 4092 3098 4140 ;

1792 4170 2004 4240 Quique
2033 4165 2387 4222 Amiterninaa
2415 4171 2612 4220 cuncto
2645 4165 2892 4221 delectus
2924 4165 2993 4219 ab
3011 4164 3162 4220 urbis

1689 4285 1691 4287 ί
1794 4259 2035 4334 Erigitur
2066 4256 2262 4327 praesul
2298 4255 2526 4326 populo,
2559 4271 2669 4326 quo
2693 4263 2930 4328 martyre
2959 4256 3177 4310 florent.

1790 4353 2038 4407 Frateret
2055 4349 2174 4419 ipse
2213 4348 2530 4413 Severinus,
2559 4348 2862 4403 commilito
2881 4347 3061 4402 fratris

1791 4444 2148 4512 Sectatorque
2174 4456 2364 4514 sagax,
2397 4447 2522 4512 post
2542 4439 2778 4509 plurima
2799 4439 2935 4492 mira
2965 4438 3214 4494 datarum

1793 4534 2090 4596 Virtutum,
2112 4538 2301 4586 sancta
2328 4528 2572 4600 locuples
2602 4528 2806 4598 pietate
2833 4527 3042 4599 quievit

1798 4621 2112 4686 Confessor,
2145 4619 2478 4689 functusque
2509 4616 2630 4672 loco
2662 4617 2873 4688 legatur
2903 4618 3099 4675 eodem

1795 4717 1910 4781 Quo
1941 4713 2106 4768 vitam
2137 4709 2275 4765 mire
2306 4709 2516 4783 degens
2546 4707 2852 4762 abstemius
2874 4707 2987 4782 egit

1794 4809 1938 4863 Luce
1971 4806 2124 4878 prius
2152 4804 2353 4876 praesul
2385 4817 2548 4873 quam
2569 4800 2982 4874 praaeligeretur
3006 4802 3241 4856 honesta
3268 4820 3284 4867 ;

1794 4900 1965 4962 Quem
2006 4896 2108 4950 ritu
2144 4891 2338 4948 recolit
2364 4890 2640 4961 Campana
2672 4890 2930 4961 Neapolis
2961 4891 3126 4946 almo.

1543 5007 1750 5063 CAPUT
1797 5007 1942 5061 Xlll.

523 5111 597 5169 De
630 5120 842 5172 sancta
872 5113 1207 5184 Domitilta,
1241 5113 1520 5174 Marcello
1551 5134 1785 5193 quoque
1815 5124 1867 5174 et
1905 5113 2181 5191 Apuleio,
2217 5109 2483 5186 Sulpitio
2514 5117 2566 5166 et
2596 5107 2965 5166 Serviliam.

71 5224 428 5287 .-\ure1ianus,
463 5221 558 5276 ubi
587 5221 860 5276 solamine
891 5223 1122 5296 virginis
1153 5240 1348 5280 omnes

76 5312 319 5368 Dimovit
347 5317 591 5375 sanctos,
615 5311 945 5372 Domitillam
978 5314 1141 5368 solvit
1170 5315 1237 5368 ab
1266 5315 1361 5369 alti

82 5408 287 5463 Exsilio
319 5405 505 5471 Ponti,
529 5403 992 5476 Terracinamque
1034 5407 1278 5480 relegat;

81 5499 510 5573 Sulpiciumque
544 5505 697 5572 rogat
722 5498 868 5554 claro
897 5515 1020 5554 cum
1051 5499 1354 5556 Serviliano

83 5590 452 5646 Conciliatum
471 5586 621 5640 illam
652 5602 872 5658 sponsa)
902 5588 1188 5644 mittantur
1212 5605 1424 5652 eorum,

84 5686 199 5747 Quo
232 5680 476 5735 suadere
517 5679 986 5749 queantanimum
1027 5681 1092 5734 ad
1119 5682 1397 5736 connubia
1430 5681 1600 5747 flecti,

88 5769 330 5845 Virginis
358 5775 419 5824 ut
445 5767 678 5824 comites
708 5773 763 5822 et
790 5769 988 5822 eodem
1019 5767 1161 5825 lacte
1189 5769 1426 5825 refectae.

1806 5225 2087 5282 Pontiacis
2109 5230 2315 5278 sanctae
2342 5219 2596 5276 redeunti
2627 5217 2934 5274 occurritur
2970 5217 3136 5272 arvis.

1810 5315 2144 5385 Conspicuas
2173 5309 2408 5367 celebris
2435 5308 2640 5384 gaudet
2665 5305 2867 5360 vidisse
2897 5305 3137 5370 sodales,

1812 5405 2134 5476 Conspicuze
2161 5402 2435 5458 celebrem
2468 5398 2714 5473 gaudent
2734 5397 2953 5451 venisse
2984 5397 3252 5452 sodalem.

1812 5495 2017 5550 Gaudia
2046 5491 2458 5556 concelebrant,
2501 5505 2603 5543 nec
2632 5489 2827 5543 eodem
2845 5489 2968 5557 jure
2997 5488 3256 5545 fruuntur
3281 5509 3297 5563 ;

1816 5591 1936 5646 llmc
1965 5589 2162 5643 animae
2193 5586 2428 5658 dapibus
2443 5583 2739 5649 refovetur,
2764 5584 3137 5655 corporisillaa
3163 5605 3179 5652 ;

1818 5679 1906 5733 HEC
1937 5678 2204 5734 recubant
2227 5675 2429 5746 epulis.
2466 5673 2681 5742 jejunia
2712 5673 2896 5728 Flavia
2915 5673 3087 5742 ducit,

1816 5767 1912 5823 Cui
1951 5767 2113 5822 socias
2147 5784 2160 5820 :
2208 5786 2232 5816 α
2257 5765 2392 5829 Quia
2436 5761 2772 5833 prandemus
2797 5762 3132 5836 sponsisque
3155 5763 3435 5838 jugamur,
