3890 6456
421 443 527 496 627

423 573 540 628 Non
561 573 784 644 quimus
807 574 1015 628 servire
1046 574 1156 628 Deo
1183 587 1292 645 quo
1322 573 1453 626 talia
1491 580 1692 628 tractas
1719 572 1747 626 ?
1771 597 1796 623 η

429 665 523 718 llla
553 682 566 717 :
603 684 623 713 α
657 664 799 719 Viris
825 664 989 719 claris
1018 665 1312 736 desponsae
1342 663 1445 719 rite
1476 664 1669 719 nitetis
1700 685 1716 730 ;

424 757 680 812 Obscurie
708 757 756 811 si
776 773 874 812 vos
902 757 1103 828 aliqua;
1130 757 1393 812 divellere
1439 757 1635 813 malint

411 852 498 902 .Ac
523 846 733 902 vincire
755 846 859 900 sibi
884 861 1158 917 personae,
1173 861 1398 901 assensa
1412 847 1626 922 negatis
1643 847 1672 900 τ
1690 868 1713 898 υ

422 959 522 988 -α
553 942 768 992 Avertat
796 938 937 992 Deus
966 954 996 991 a
1025 938 1225 993 nostris
1257 939 1361 994 hoc
1399 940 1705 1006 mentibus,
1744 965 1757 987 -
1809 941 1927 996 illaa.

423 1028 604 1084 Flavia
631 1029 710 1083 sic
745 1047 765 1075 ι
798 1027 858 1082 Et
889 1035 1076 1084 mente
1103 1043 1225 1082 mea
1248 1045 1370 1100 quae
1397 1031 1613 1104 gaudeo
1633 1035 1839 1102 sponso

424 1119 572 1192 Rege
615 1117 707 1171 Dei
737 1116 952 1181 Genito,
980 1117 1123 1172 coelo
1153 1117 1506 1188 quivenitab
1536 1119 1668 1186 alto,

423 1210 594 1280 Atque
625 1207 926 1279 spOpondit
955 1207 1006 1261 ei
1039 1217 1324 1263 servantes
1353 1216 1574 1280 pectora
1597 1217 1748 1265 casta

423 1303 667 1371 Sponsas
691 1315 812 1355 esse
844 1299 976 1367 sibi,
1002 1300 1111 1355 vita
1141 1300 1352 1356 donare
1383 1301 1618 1372 perenni
1651 1319 1666 1368 ;

423 1390 644 1445 Scilicet
672 1395 732 1444 ut
759 1395 883 1460 post
913 1391 1062 1445 hunc
1092 1405 1286 1444 cursus
1317 1391 1607 1461 praesentis
1636 1405 1873 1466 agonem

427 1484 655 1539 lnducat
691 1481 946 1537 thalamis
983 1490 1192 1536 mterna
1224 1481 1345 1536 luce
1383 1482 1653 1547 venustis,

425 1575 686 1650 Angelico
715 1589 937 1644 semper
962 1573 1210 1627 tribuens
1239 1573 1484 1645 gaudere
1519 1573 1741 1638 decore,

422 1668 496 1720 Ac
526 1663 868 1736 paradisiaco
898 1663 1094 1718 florum
1127 1679 1358 1717 vernare
1391 1664 1590 1731 nitore,

423 1760 568 1814 Finis
597 1767 657 1814 ut
683 1759 896 1830 absque
937 1764 1087 1812 metu
1117 1758 1358 1813 illustres
1397 1759 1695 1830 epulentur
1734 1760 1789 1815 in
1818 1777 1993 1816 tevum
2028 1779 2046 1814 :

422 1849 594 1904 Filius
624 1849 726 1902 ista
756 1848 851 1902 Dei
876 1846 1160 1918 spondens
1189 1847 1318 1902 dum
1351 1848 1579 1903 credere
1609 1849 1748 1903 vidit

421 1939 518 1992 Vix
546 1938 741 2002 ullum,
774 1935 991 1990 firmare
1024 1934 1187 1991 fidem
1219 1951 1330 1991 non
1357 1936 1567 1992 distulit
1595 1938 1748 2005 actis,

421 2030 567 2082 Dans
598 2026 756 2081 caecis
781 2025 990 2091 lumen,
1014 2024 1263 2096 leprosos
1291 2024 1498 2080 famine
1525 2027 1819 2092 mundans,

417 2122 734 2190 Functaque
760 2125 1072 2173 restaurans
1101 2117 1316 2172 amissae
1345 2133 1575 2188 corpora
1609 2119 1750 2184 vitaz,

419 2210 585 2275 Queis
612 2207 902 2264 Dominum
930 2205 1089 2261 factis
1115 2205 1304 2261 docuit
1332 2222 1392 2261 se
1419 2213 1474 2261 et
1500 2223 1626 2262 vera
1658 2207 1838 2263 fateri.
1869 2230 1889 2258 ι

416 2299 746 2356 Theodora:
783 2321 810 2344 κ
847 2295 1110 2362 Herodes,
1129 2295 1225 2362 ait,
1243 2303 1327 2350 est
1356 2296 1541 2351 Romae
1572 2296 1707 2350 mihi
1741 2296 1931 2369 frater,

421 2393 642 2447 Munere
675 2389 952 2461 praeterito
982 2394 1175 2458 captus
1200 2387 1295 2458 qui
1324 2387 1551 2442 luminis
1581 2404 1728 2445 anno
1763 2407 1776 2443 :

426 2485 568 2540 Illud
599 2489 900 2538 restaurato
930 2481 1009 2536 tui
1039 2479 1144 2534 sub
1177 2479 1402 2535 nomine
1436 2480 1658 2547 Christi,

429 2577 501 2631 Ex
543 2577 664 2646 ipso
694 2574 858 2630 nobis
887 2573 932 2628 si
963 2572 1225 2648 dogmata
1245 2588 1376 2627 vera
1407 2572 1600 2628 tulisti.
1639 2596 1664 2618 ιο

428 2669 786 2740 Euphrosyna
812 2665 916 2722 sub
946 2666 1096 2720 haec:
1122 2689 1138 2712 ι
1179 2665 1417 2719 Fratrem
1448 2664 1681 2736 liquisse
1703 2664 1890 2722 fateris

427 2758 498 2813 'l‘e
525 2759 711 2812 Romte
742 2771 968 2820 caecum,
992 2754 1089 2808 sed
1123 2752 1236 2808 filia
1262 2762 1414 2808 muta
1445 2753 1677 2809 nutricis

432 2851 567 2905 Ecce
595 2863 1025 2912 meazmecum,»
1047 2861 1209 2916 quam
1244 2845 1495 2916 praecipit
1525 2845 1671 2900 illico
1693 2846 1832 2901 sisti.

432 2941 494 2992 At
527 2936 802 2992 Domitilla
832 2950 1046 3006 preces,
1076 2934 1299 3006 longum
1330 2933 1490 2999 ﬂens,
1531 2941 1717 3000 strata,
1747 2936 2048 3006 profundit,

433 3027 877 3097 Exsurgensque,
911 3039 1106 3077 manus
1137 3022 1389 3093 pandens
1417 3023 1483 3076 ad
1509 3024 1694 3079 sidera
1726 3024 1868 3080 fatur
1899 3043 1913 3080 :

432 3139 463 3171 α
494 3118 708 3172 Christe
740 3117 906 3179 Deus,
929 3114 1022 3186 qui
1059 3113 1342 3184 pollicitus
1375 3124 1428 3168 te
1461 3131 1684 3185 semper
1713 3117 1911 3172 adesse

433 3212 727 3266 Finetenus
757 3206 940 3273 nobis,
964 3221 1086 3278 quae
1119 3213 1290 3260 testor
1317 3221 1446 3260 vera
1469 3207 1720 3276 probato.
1756 3231 1780 3254 ιι

433 3303 563 3357 Cum
605 3301 776 3367 dicto,
803 3307 967 3355 mutas
992 3298 1214 3372 signum
1240 3299 1418 3354 crucis
1456 3299 1673 3354 addidit
1699 3299 1802 3367 ori,

434 3422 459 3443 «ε
489 3396 547 3449 In
574 3409 789 3448 summo
807 3391 1024 3446 Domini
1054 3391 1306 3462 loquere,
1341 3391 1519 3457 aiens,
1542 3391 1768 3447 nomine
1789 3390 2045 3459 Christip

430 3484 574 3538 Muta
602 3481 784 3536 statim
809 3495 997 3535 vocem
1019 3479 1264 3534 clamans
1292 3479 1543 3551 prorupit
1572 3480 1630 3534 in
1662 3480 1822 3535 istam
1859 3498 1872 3535 :

435 3596 458 3623 α
493 3573 586 3628 Est
606 3589 790 3638 verus,
825 3569 1268 3636 Domitilla,Deus
1298 3577 1425 3624 tuus
1455 3589 1470 3635 ;
1501 3570 1688 3624 omnia
1717 3587 1844 3626 vera

432 3663 771 3720 Suntverbis
793 3663 1002 3733 prolata
1032 3662 1160 3716 tuis.
1202 3682 1226 3710 ι)
1261 3662 1413 3716 Tunc
1437 3678 1496 3716 se
1518 3662 1692 3732 ipsius
1718 3664 1896 3718 ambae

433 3761 729 3814 .tsternunt
761 3757 1017 3829 pedibus,
1047 3756 1302 3823 credunt,
1331 3757 1616 3828 sacrisque
1643 3757 1915 3813 dicantur.

431 3851 732 3906 Theodoraa
758 3865 904 3906 caeco
935 3848 1234 3920 perductus
1264 3849 1486 3903 tramite
1507 3847 1695 3912 frater,

434 3943 696 4009 Donatur,
729 3941 990 4013 precibus
1008 3939 1544 4007 Domitillzedumine
1571 3948 1805 4013 utroque

433 4035 690 4105 Corporis
713 4041 876 4106 atque
889 4033 1086 4088 animae
1107 4033 1353 4088 renitens
1369 4033 1668 4104 splendore
1702 4050 1968 4106 superne.

431 4124 582 4178 Tunc
609 4123 703 4195 qui
735 4123 972 4199 gentiles
1000 4123 1232 4177 aderant
1253 4138 1320 4176 ex
1351 4121 1514 4187 Urbe,
1543 4129 1840 4188 novantur,

433 4214 732 4269 Credentes
757 4211 990 4278 Christo,
1024 4211 1236 4283 liquida
1265 4210 1618 4280 baptismatis
1651 4211 1838 4276 unda;

435 4308 554 4361 Haec
579 4306 885 4376 eademque
916 4305 1113 4360 domus
1152 4303 1397 4359 Ecclesia
1425 4311 1614 4359 sancta
1636 4304 1872 4360 renidet.

433 4401 662 4454 Sanctos
691 4397 1002 4453 Marcellum
1037 4406 1326 4469 postquam
1362 4395 1510 4452 ferus
1529 4397 1858 4452 Aurelianus

435 4492 562 4560 Ejus
592 4491 997 4562 Apuleiumque
1025 4489 1217 4544 schola
1245 4489 1347 4544 sub
1378 4497 1614 4560 utraque
1635 4488 1880 4544 sodalem
1913 4507 1926 4557 ;

436 4581 542 4635 llos
570 4580 732 4635 etiam
769 4588 987 4650 praeter,
1023 4578 1252 4634 Domino
1282 4593 1381 4649 pro
1412 4578 1596 4633 caelite
1625 4579 1811 4649 plures

434 4668 602 4723 Clarae
625 4669 748 4737 jure
780 4669 933 4723 necis
964 4683 1136 4740 regna
1165 4667 1231 4722 ad
1260 4667 1510 4722 ctelestia
1536 4667 1706 4737 misit,

434 4759 647 4833 Organa
675 4760 795 4814 laeta
823 4760 990 4829 capit.
1024 4760 1222 4815 Mctico
1250 4760 1554 4814 assultante
1586 4759 1771 4825 beato,

436 4851 508 4902 Ac
533 4848 684 4903 venit
705 4847 994 4904 utniteant
1024 4848 1190 4902 unius
1219 4848 1339 4903 luce
1367 4847 1478 4903 diei

1189 441 1556 497 FLODOARDl
1598 441 1906 498 CANONlCl
1949 439 2282 497 REMENSIS
2324 441 2664 499 OPUSCULA
2703 444 3012 500 METRICA.

2073 577 2128 644 Α
2151 572 2468 647 Virginibus
2497 574 2650 628 taedae
2673 573 2850 628 tribus
2879 593 2896 639 ;
2925 581 2980 629 at
3009 575 3101 646 pia
3131 576 3470 634 Servilianus

2145 665 2559 737 Sulpiciusque,
2595 665 2688 719 Dei
2720 664 2982 720 miracula
3015 666 3154 722 facta
3181 668 3455 735 videntes,

2145 755 2579 826 Credentesque,
2609 754 2711 824 piae
2741 753 2870 808 ﬁdei
2901 770 3000 809 sua
3027 763 3247 825 pectora
3273 757 3521 813 subdunt
3547 777 3560 813 :

2144 844 2469 898 Aurelianus
2492 843 2572 897 eis
2600 857 2834 913 Sponsas
2863 843 2992 897 dum
3025 843 3228 901 ducere
3258 847 3470 912 suadet,

2146 937 2208 990 Ili
2232 936 2464 991 Domino
2492 933 2619 990 ferri
2649 950 2817 1004 super
2843 935 2931 988 his
2962 935 3249 992 hortantur
3266 938 3558 1006 honorem,

2147 1025 2313 1089 Queis
2345 1022 2639 1078 manifesta
2665 1023 2760 1077 Dei
2800 1023 2972 1078 virtus
2999 1025 3307 1081 radiaverat
3327 1027 3481 1082 actis.

2147 1115 2245 1168 llle
2275 1129 2379 1168 nec
2407 1112 2704 1167 admittens
2739 1111 3009 1180 animum,
3043 1128 3148 1168 nec
3178 1113 3384 1169 famina
3411 1131 3640 1181 curans,

2147 1206 2315 1276 Septa
2337 1205 2498 1274 jubet
2526 1204 2747 1274 capiant
2773 1204 3102 1260 Domitillam
3135 1221 3335 1261 arcana
3365 1208 3594 1272 cubitis,

2154 1301 2375 1372 Speque
2416 1308 2540 1355 actu
2569 1300 2777 1368 majora
2795 1300 2953 1370 petit,
2989 1301 3072 1356 sic
3091 1302 3292 1374 gaudia
3320 1303 3534 1358 ducens

2152 1391 2305 1445 Victa
2337 1389 2620 1461 pudicitia!
2646 1389 2814 1444 veluti
2841 1389 2954 1458 jam
2994 1407 3165 1465 regna
3195 1392 3452 1459 domarit,

2150 1483 2487 1554 Captivoque
2519 1482 2706 1536 datum
2730 1481 2872 1537 foret
2898 1481 3161 1538 insultare
3188 1485 3414 1555 pudori;

2148 1577 2400 1648 Dumque
2433 1575 2576 1629 inter
2597 1574 2850 1630 thalamis
2871 1575 3272 1647 applaudentes
3298 1578 3424 1632 salit
3453 1595 3670 1643 amens,

2153 1664 2408 1734 Corporis
2439 1672 2494 1718 et
2519 1670 2706 1734 gestus
2737 1663 2927 1719 habitu
2961 1667 3238 1721 convolvit
3270 1667 3460 1739 inique
3495 1685 3510 1732 ;

2150 1753 2400 1819 Nescius,
2430 1751 2642 1816 infelix,
2676 1752 2796 1808 hinc
2826 1753 3150 1809 inconcessa
3181 1756 3445 1826 petendo.

2145 1846 2312 1902 Insita
2338 1860 2617 1900 concessa:
2649 1844 2787 1900 solvi
2828 1843 2935 1898 sibi
2964 1844 3173 1900 foedera
3199 1846 3343 1913 vitae,

2141 1935 2472 2009 Sanguineis
2501 1933 2684 1988 anima
2714 1942 2799 1988 est
2829 1934 2959 1988 dum
2985 1933 3097 2002 jam
3126 1937 3430 2006 repetenda
3453 1937 3710 2002 latebris,

2139 2025 2390 2097 Exspirat
2415 2023 2622 2090 subito,
2645 2023 2923 2096 vitamque
2955 2032 3010 2080 et
3039 2026 3250 2081 ludicra
3290 2026 3470 2081 mittit.

2139 2115 2231 2169 llis
2259 2115 2488 2170 comites
2516 2113 2650 2168 visis
2680 2112 2891 2169 Christo
2923 2131 2984 2169 se
3013 2117 3216 2171 dedere
3240 2123 3491 2181 certant;

2140 2206 2407 2261 Luxurius
2436 2206 2570 2261 tanti
2598 2205 2766 2261 frater
2787 2214 2909 2276 post
2933 2206 3074 2262 facta
3105 2209 3342 2278 tyranni,

2136 2297 2424 2366 Trajanum
2459 2304 2738 2368 repetens,
2760 2296 3105 2351 dominatum
3126 2298 3304 2368 poscit
3335 2299 3389 2352 in
3422 2298 3560 2352 istos
3585 2319 3603 2360 ,-

2145 2387 2292 2451 Quos
2320 2385 2484 2440 simul
2521 2385 2781 2440 obtentos
2802 2385 3018 2440 diversa
3040 2387 3191 2441 caede
3223 2387 3477 2441 trucidat.

2149 2481 2458 2552 Sulpicium
2491 2480 2760 2536 illustrem
2785 2480 2933 2536 claro
2963 2493 3089 2536 cum
3122 2481 3430 2537 Serviliano

2150 2575 2416 2631 Praefecto
2449 2577 2673 2631 tradens
2701 2577 2936 2644 Aniano,
2969 2587 3193 2632 accusat
3222 2578 3448 2649 iniquus

2151 2663 2472 2720 Christianae
2498 2665 2732 2720 famulos
2758 2664 2908 2732 fidei,
2932 2665 3224 2737 defertque
3256 2667 3557 2722 necandos.

2149 2752 2470 2828 Virginibus
2495 2755 2742 2823 posthac,
2771 2754 2916 2809 trino
2947 2754 3280 2810 charismate
3308 2755 3485 2822 nexis,

2151 2841 2416 2912 Opposita
2443 2843 2611 2898 rideri
2629 2844 2697 2898 ab
2727 2844 2808 2898 eis
2848 2845 3079 2919 gentilia
3103 2861 3260 2900 sacra

2157 2931 2261 2986 Res
2287 2931 2539 2987 adimens
2567 2932 2763 2987 avidus
2792 2932 3024 2987 terrenis
3056 2933 3252 2988 usibus
3283 2941 3462 3004 aptas,

2157 3025 2386 3096 Ignibus
2407 3025 2646 3095 injectis,
2680 3033 2934 3097 penetrat
2961 3034 3175 3081 secreta
3204 3027 3390 3083 beatis

2154 3117 2307 3181 Quod
2330 3116 2496 3172 dabat
2517 3117 2786 3191 agnabus,
2819 3116 3055 3172 ﬂammis
3085 3119 3332 3175 incendit
3357 3120 3570 3175 adactis
3596 3143 3612 3176 :

2110 3259 2130 3279 η
2156 3205 2440 3261 Prostratze
2473 3208 2529 3261 in
2559 3207 2728 3262 facies
2759 3207 2884 3269 illae,
2917 3207 3322 3280 Dominumque
3353 3223 3646 3283 rogantes,

2159 3301 2303 3355 Inter
2331 3307 2456 3355 vota
2485 3316 2794 3372 precesque
2815 3301 3026 3355 animas
3051 3317 3220 3372 super
3249 3305 3454 3358 {ethera
3485 3306 3715 3361 tollunt.

2158 3397 2341 3451 Altera
2372 3397 2571 3468 sopitis
2593 3397 2874 3468 pandebat
2897 3398 3043 3453 clara
3064 3398 3265 3454 favillis

2159 3487 2483 3541 Sanctarum
2511 3487 2734 3541 rutilum
2758 3503 2992 3561 surgens
3020 3503 3219 3544 aurora
3248 3488 3593 3560 triumphum
3630 3511 3646 3556 ;

2160 3580 2538 3652 Caesariusque
2569 3581 2765 3636 adiens
2789 3581 2955 3636 levita
2979 3583 3224 3655 tepentia
3269 3590 3432 3651 tecta,
3503 3575 3508 3580 ’

2160 3669 2380 3725 Invenit
2406 3670 2638 3725 intactas
2665 3677 2816 3726 tanto
2842 3670 3058 3726 fervore
3085 3671 3276 3726 beatas
3307 3689 3320 3726 :

2157 3756 2243 3811 Nil
2275 3757 2333 3811 in
2363 3773 2457 3812 eas
2483 3757 2705 3812 ﬂamma
2732 3766 2985 3814 vestesve
3015 3759 3254 3814 audente
3295 3761 3492 3834 rogali.

2155 3849 2287 3904 Tum
2343 3865 2501 3904 sacra
2543 3850 2787 3906 membra
2849 3867 2991 3908 novo
3040 3854 3318 3908 tumulans
3375 3864 3714 3911 reverenter
3744 3868 3791 3912 et

3499 3943 3732 4014 [aptans

2156 4028 2531 4102 Sacorphago,
2563 4029 2768 4100 pariter
2797 4030 3004 4087 claudit
3027 4039 3279 4105 terraque
3319 4037 3602 4092 recondit.

2155 4119 2458 4190 Sulpicium
2489 4123 2780 4192 praefectus
2813 4124 2928 4198 agit
2949 4141 3072 4180 cum
3103 4125 3408 4182 Serviliano

2156 4212 2248 4266 Dis
2274 4212 2450 4268 libent
2484 4215 2728 4281 ;celebri
2763 4231 2942 4286 nuper
2970 4217 3064 4288 qui
3098 4217 3329 4273 flumine
3361 4221 3610 4277 mundos

2158 4301 2227 4355 Se
2259 4302 2576 4372 perhibent,
2611 4303 2775 4358 ftedis
2806 4305 3003 4360 iterum
3037 4322 3140 4361 nec
3168 4308 3426 4362 sordibus
3452 4310 3624 4378 addi;

2157 4390 2406 4461 Dumque
2422 4392 2510 4446 via
2541 4402 2824 4463 nequeunt
2849 4395 2996 4467 adigi
3020 4395 3154 4450 atris
3183 4396 3384 4451 ritibus
3411 4398 3548 4466 ulla,

2155 4481 2385 4536 Sumere
2427 4483 2702 4538 submissa
2726 4485 2969 4559 gladium
3002 4488 3216 4542 cervice
3241 4489 3532 4557 jubentur.

2078 4614 2136 4682 D
2159 4573 2300 4646 Agre
2332 4575 2578 4630 membra
2605 4591 2706 4630 suo
2735 4577 2976 4647 ipsorum
3011 4593 3250 4648 posuere
3280 4578 3497 4647 fideles,

2160 4663 2305 4719 Moto
2339 4665 2491 4719 mille
2521 4666 2608 4720 via
2637 4666 2722 4720 bis
2752 4667 3008 4736 passibus
3050 4667 3189 4723 Urbe
3212 4669 3421 4736 Latina,

2160 4754 2516 4828 Martyriique
2548 4755 2668 4811 loco
2684 4772 2782 4827 per
2802 4765 3050 4828 tempora
3071 4767 3271 4814 cuncta
3293 4760 3502 4818 deinde

2163 4850 2365 4906 Horum
2401 4851 2658 4926 largiﬂue
2686 4851 2860 4908 virtus
2889 4853 3156 4909 exuberat
3185 4855 3329 4925 ipso.

1915 5003 2126 5060 CAPUT
2159 5004 2294 5062 XIV.

1221 5111 1300 5170 De
1326 5111 1628 5185 doctrina,
1671 5113 1993 5175 miraculis
2022 5124 2079 5176 et
2110 5117 2394 5193 passione
2420 5119 2620 5179 sancti
2649 5116 2969 5182 Clementis

437 5248 651 5301 Interea
672 5247 926 5304 Clemens
956 5248 1145 5304 teterni
1166 5249 1383 5304 semina
1408 5249 1562 5304 verbi

435 5337 729 5394 lnsistente
761 5357 956 5396 serens
985 5341 1114 5395 fidei
1146 5341 1359 5397 fervore
1387 5357 1665 5413 supernze,

429 5421 641 5476 Evolvit
681 5426 886 5493 plures,
926 5429 1240 5484 veneranda
1269 5430 1573 5498 volumina,
1607 5431 1768 5499 libro,

424 5507 730 5595 Instituens
759 5515 939 5569 varias
967 5517 1159 5573 divino
1192 5519 1400 5574 lumine
1427 5528 1646 5595 gentes,

417 5594 499 5647 Ad
537 5591 660 5646 vitae
691 5601 885 5655 callem
925 5605 1153 5675 gentilia
1172 5609 1339 5663 corda
1369 5591 1570 5666 ciendo
1603 5627 1618 5675 ;

413 5687 601 5749 Inque
629 5682 737 5742 ﬁde
757 5701 1043 5747 constante
1074 5697 1191 5764 pios
1213 5708 1457 5768 perstare
1485 5703 1764 5758 monendo
1792 5721 1807 5769 ;

409 5769 580 5829 Unde
602 5781 660 5829 et
680 5781 1018 5837 catholicum
1045 5789 1253 5844 monita
1275 5806 1544 5862 accepere
1575 5810 1841 5850 vocamen
1901 5865 1904 5868 1

2163 5253 2474 5330 Belligione
2503 5271 2602 5325 per
2623 5256 2768 5311 hunc
2797 5255 3056 5312 informat
3090 5257 3257 5312 Roma
3288 5257 3649 5329 Corinthum,

2159 5342 2414 5398 Decernit
2438 5343 2646 5398 scribas
2679 5343 3001 5419 regionibus
3027 5346 3221 5400 ordine
3242 5355 3401 5421 gesta

2159 5433 2260 5499 Qui
2285 5434 2615 5490 bellatorum
2643 5442 2897 5508 satagant
2921 5453 3246 5508 expromere
3277 5438 3475 5493 Christi
3516 5460 3531 5505 ;

2157 5527 2380 5583 Ordinat
2411 5536 2465 5583 et
2486 5530 2712 5596 clerum,
2738 5531 2939 5586 diversi
2957 5532 3198 5587 culmine
3228 5532 3403 5588 fastus
3438 5553 3454 5600 ;

2153 5617 2448 5673 Pontifices
2477 5626 2531 5673 et
2559 5620 2806 5691 quinque
2838 5629 3016 5675 sacrat
3047 5622 3139 5692 qui
3175 5623 3424 5691 partibus
3456 5625 3622 5682 orbis

2152 5709 2441 5764 Mittuntur
2465 5710 2718 5766 conferre
2740 5712 2882 5766 datis
2911 5713 3289 5766 moderamina
3319 5714 3481 5785 legis.

2152 5799 2425 5870 Hicjubet
2455 5801 3015 5876 insignis,Dionysius
3046 5800 3214 5857 effera
3241 5802 3427 5858 Gallos
