3890 6410
422 413 520 470 631

420 543 499 596 Ad
523 539 646 595 loca
670 543 962 608 pervectus
992 537 1094 590 sibi
1127 535 1382 609 delegata
1421 537 1636 601 beatus,

423 632 662 687 Oﬂendit
695 630 978 704 profugos,
1012 629 1162 698 paria
1189 629 1346 682 almae
1373 628 1545 682 millia
1572 628 1770 698 plebis,

423 720 710 775 Mulctatos
730 718 867 771 inibi
901 716 1044 770 saxis
1075 716 1140 770 ad
1163 717 1315 783 jussa
1335 717 1622 781 secandis;

425 809 524 873 Qui
560 808 813 879 lacrymis
841 821 1057 870 omnes,
1099 805 1219 859 viso
1255 805 1555 871 Clemente,
1585 805 1799 876 repleti,

427 900 749 954 Pontificcm
778 905 988 952 tantum
1021 903 1128 951 tam
1157 897 1293 950 dura
1315 897 1536 952 subisse
1567 897 1884 972 gemebant,

427 995 572 1060 Quos
602 1009 842 1048 mcerore
874 993 1082 1058 levans,
1116 994 1326 1047 socium
1359 1010 1419 1047 se
1452 995 1680 1049 numine
1710 993 1937 1048 missum

426 1085 830 1158 Omnipotentis
859 1085 939 1139 eis
969 1085 1288 1156 prazblando
1317 1084 1522 1141 famine
1546 1094 1757 1142 tractat.

428 1181 606 1238 Gloria
633 1184 951 1234 consortem
983 1194 1146 1249 quem
1173 1178 1354 1248 passio
1379 1178 1583 1251 jungit,
1611 1185 1669 1233 ut
1698 1185 1864 1249 aptet.

425 1278 516 1332 Sic
544 1275 760 1330 medico
791 1279 1028 1344 emptum
1071 1273 1319 1328 muleens
1357 1289 1614 1328 sermone
1641 1274 1909 1341 dolorem,

431 1361 874 1418 Millibus-edicit
904 1361 1054 1415 senis
1085 1360 1351 1416 deferrier
1370 1361 1576 1417 undam

426 1461 747 1515 Sanctorum
781 1455 1046 1528 perlatam
1076 1457 1319 1511 humeris
1357 1457 1646 1511 arentibus
1667 1458 1850 1523 arvis;

425 1553 577 1606 Tunc
602 1549 882 1604 Clemens:
934 1569 950 1594 ι
999 1548 1290 1603 Dominum
1312 1549 1494 1603 cuncti
1523 1565 1816 1620 poscamus
1849 1551 2048 1615 Iesum,

429 1643 695 1698 Marmore
726 1641 795 1694 de
826 1640 972 1694 sicco
1004 1639 1096 1710 qui
1129 1639 1356 1693 ﬂumina
1385 1640 1594 1710 proﬂua
1627 1640 1782 1694 duxit

431 1733 488 1786 In
530 1731 746 1785 deserta
777 1729 928 1790 Sina,
963 1745 1111 1783 nunc
1134 1728 1546 1783 confessoribus
1574 1729 1736 1784 iSthic

428 1819 665 1875 Lastitico
695 1824 910 1889 promat
939 1816 1204 1872 salientes
1242 1816 1470 1870 ﬂumine
1503 1833 1702 1882 venas;
1751 1838 1770 1868 ι

1190 409 1556 466 FLODOARDI
1598 410 1904 466 CANONICI
1945 409 2274 466 REMENSIS
2313 413 2648 472 OPUSCULA
2687 419 3000 475 METlthA.

3681 431 3801 487 632

2072 549 2113 604 Α
2148 537 2407 596 Sidercus
2438 543 2643 598 dudum
2664 543 2842 600 factus
2869 547 2963 618 qui
2989 547 3124 602 civis
3147 549 3202 604 in
3223 552 3407 606 undis.

2147 625 2455 684 Altheream
2483 633 2622 702 petit
2658 649 2688 687 a
2710 649 2927 691 summo
2955 652 3112 692 mens
3149 640 3366 714 gurgite
3387 643 3580 698 sedem
3613 663 3632 710 ;

2149 719 2318 774 Undis
2349 721 2468 776 laeta
2496 725 2708 791 volans,
2741 742 2849 781 non
2871 728 3162 797 prazfocata
3195 747 3294 801 per
3319 734 3517 800 undas,

2151 808 2428 879 Exsequize
2455 812 2655 867 desunt
2685 815 2925 871 humano
2951 817 3164 872 funeris
3186 826 3330 886 actu,

2149 895 2484 969 Obsequium
2517 902 2613 954 sed
2635 903 2793 958 adest
2813 905 3004 960 divino
3032 923 3260 963 munere
3283 911 3482 977 latum;

2150 987 2400 1044 Officium
2433 1001 2691 1062 praestent
2722 995 2976 1051 homines
3002 998 3096 1069 qui
3124 998 3333 1054 funeris
3352 1001 3554 1058 absunt
3579 1021 3594 1070 ;

2152 1078 2420 1135 Caelicolae
2450 1090 2646 1137 curent
2675 1084 2768 1154 qui
2802 1086 2993 1140 munia
3024 1085 3234 1142 funeris
3261 1089 3480 1144 adsunt.

2149 1173 2226 1226 Ad
2261 1191 2473 1245 paenam
2502 1193 2659 1242 nexa,
2694 1178 3025 1251 obsequium
3059 1181 3162 1237 fert
3187 1185 3430 1239 anchora
3460 1185 3690 1252 ductus,

2152 1267 2326 1338 Inque
2357 1269 2536 1323 aulam
2569 1271 2762 1324 structi
2796 1273 3024 1329 deducit
3053 1275 3320 1342 membra,
3350 1277 3622 1347 sepulcri,

2151 1359 2408 1434 Angelica
2449 1362 2683 1432 positam
2716 1363 2946 1432 fabrica,
2981 1366 3219 1438 divoque
3247 1376 3460 1437 paratu,

2151 1450 2392 1507 Sidereis
2419 1456 2595 1508 sancti
2628 1455 2883 1511 manibus
2909 1473 3018 1528 quo
3048 1458 3299 1512 membra
3325 1459 3595 1514 locantur.

2157 1539 2406 1595 Littorcis
2436 1544 2629 1614 pepuli
2660 1545 2856 1599 flentes
2877 1547 3237 1616 speculantur
3275 1548 3456 1602 arenis

2157 1628 2406 1693 Qualibet
2435 1631 2723 1686 advectum
2748 1633 2912 1688 detur
2933 1635 2978 1688 si
3009 1651 3238 1691 cernere
3266 1635 3433 1692 funus
3459 1656 3475 1704 ;

2159 1723 2448 1792 Discipulis
2481 1725 2838 1780 nanciscendi
2868 1725 3070 1782 ﬁducia
3100 1730 3276 1784 sancti

2159 1811 2414 1882 Corporis
2437 1813 2489 1866 in
2520 1814 2779 1883 precibus
2808 1813 2964 1869 firma
3002 1817 3185 1872 radice
3209 1825 3450 1872 tenetur.

429 1909 699 1978 Dumque,
720 1905 861 1958 datis
883 1903 1165 1974 precibus,
1193 1903 1827 1977 circumspicitundique
1851 1905 2049 1975 praesul
2085 1892 2132 1959 Β
2163 1899 2291 1956 Cum
2329 1903 2536 1957 Phoebo
2560 1904 2822 1975 p0pulum
2849 1906 3095 1962 hortatur
3118 1908 3402 1964 Cornelius
3433 1925 3541 1964 una

427 2000 567 2054 Ecce
597 1997 691 2052 Dei
716 2003 957 2051 montem
986 2012 1159 2067 super
1184 2013 1387 2070 agnum
1422 1997 1679 2051 assistere
1705 1998 1910 2064 cernit,

429 2093 530 2158 Qui
563 2091 701 2163 pede
724 2097 978 2162 porrecto
1008 2090 1257 2144 innuitur
1293 2091 1413 2145 loca
1443 2091 1689 2162 pandere
1719 2091 1944 2157 dextro;

433 2187 585 2241 llaud
617 2186 880 2240 dubitans
910 2184 1185 2239 Christum
1210 2194 1432 2240 sanctus
1454 2186 1586 2257 quin
1604 2194 1880 2253 cerneret,
1911 2202 2054 2241 unus

431 2279 633 2353 Pergit,
651 2284 739 2331 et:
777 2298 802 2329 ι
839 2278 952 2332 ﬂuc
974 2277 1190 2332 Domini
1214 2278 1318 2332 sub
1333 2279 1558 2334 nomine
1580 2279 1776 2334 vertite
1806 2285 1997 2344 rastra,
2030 2300 2050 2329 ι

433 2369 595 2432 Dicit;
639 2376 692 2422 at
723 2368 776 2422 hi
805 2368 950 2423 circa
989 2367 1279 2436 effodiunt,
1314 2385 1494 2440 neque
1525 2375 1754 2444 tangere
1781 2377 1988 2426 norunt

428 2456 680 2514 Pontifici
710 2468 988 2513 ostensam
1011 2473 1214 2529 supero
1245 2459 1627 2514 moderamine
1655 2459 1896 2533 glebam.

429 2552 572 2620 Papa
602 2549 733 2615 levi,
762 2548 969 2604 ferrum
1010 2550 1254 2621 rapiens,
1301 2551 1418 2606 loca
1451 2552 1688 2622 percutit
1718 2552 1854 2619 ictu,

427 2639 733 2710 Educitque
761 2653 963 2694 novum
995 2639 1205 2694 caelesti
1237 2655 1471 2695 munere
1502 2639 1732 2708 fontem,

427 2730 640 2784 Robore
671 2729 766 2800 qui
806 2735 1026 2800 sumpto
1059 2728 1287 2783 ﬂuvium
1327 2729 1498 2785 vomit
1539 2730 1744 2801 impete
1778 2729 1982 2785 lzetum.

427 2822 709 2876 Exsultant
731 2820 945 2892 populi,
981 2819 1235 2876 Clemens
1261 2823 1367 2876 hoc
1394 2823 1643 2878 carmine
1674 2823 1912 2898 gaudet:

434 2937 454 2962 u
501 2915 744 2986 Impetus
772 2913 1041 2968 exhilarat
1080 2913 1321 2969 divinam
1351 2914 1596 2970 ﬂuminis
1621 2917 1837 2972 urbem.
1885 2941 1909 2964 η

428 3005 597 3060 Fonte
629 3019 772 3059 novo
803 3003 972 3057 celeri
1004 3009 1176 3057 terras
1206 3011 1462 3058 verrentc
1493 3012 1696 3067 meatu.

427 3094 694 3150 Fluminis
729 3093 994 3150 exsiliens
1025 3093 1172 3148 haud
1212 3096 1442 3169 segnius
1471 3097 1693 3171 agmine
1725 3095 1869 3152 fama

422 3189 594 3262 Agros
621 3188 930 3259 pervolitat,
966 3189 1199 3259 patriam
1229 3189 1524 3246 virtutibus
1557 3190 1786 3261 implet;

420 3277 742 3333 Accelerant
765 3279 954 3349 populi
979 3279 1251 3352 magnalia
1273 3279 1455 3334 visere
1485 3279 1701 3346 Christi,

425 3368 626 3422 Haustu
656 3376 914 3439 petantur
941 3367 1229 3434 biﬂuente,
1273 3383 1529 3440 novoque
1563 3379 1840 3425 novantur

425 3463 693 3528 Flumine,
713 3463 1148 3537 quingentzeque
1179 3463 1269 3517 die
1299 3480 1469 3534 super
1499 3465 1737 3534 amplius
1767 3483 1876 3521 una

425 3551 655 3606 Salvatre
687 3552 1152 3606 remeantanimze
1183 3563 1593 3625 preperantque
1625 3555 1908 3623 dicandaz;

422 3646 780 3720 Septuaginta
810 3647 984 3718 magis
1012 3653 1124 3703 toto
1160 3647 1499 3703 fabricantur
1524 3649 1578 3702 in
1610 3666 1755 3705 anno

428 3734 706 3796 Ecclesiae,
754 3742 876 3805 post
901 3734 1028 3790 fana
1057 3736 1177 3790 deis
1198 3752 1390 3790 eversa
1415 3737 1630 3792 solutis.

421 3821 553 3877 Tres
579 3823 669 3878 hic
689 3822 864 3878 imbre
899 3823 991 3894 pio
1025 3824 1355 3895 p0pulorum
1389 3825 1555 3880 corda
1583 3826 1814 3899 rigando

422 3910 658 3965 Duxerat
679 3918 922 3978 aestates,
957 3911 1098 3968 lucis
1120 3911 1250 3967 dum
1286 3912 1491 3967 lividus
1524 3914 1715 3982 hostis,

423 4004 547 4059 Atra
572 4021 787 4060 venena
808 4021 1076 4077 coquens,
1109 4013 1325 4061 mentes
1352 4006 1579 4080 instigat
1605 4008 1822 4078 inanes,

426 4095 673 4150 Luminis
701 4097 928 4151 aetherei
965 4104 1212 4169 quaestus
1242 4096 1453 4172 agitare
1482 4099 1766 4168 profanos,

423 4184 761 4258 Augustique
790 4201 958 4256 super
985 4185 1267 4239 Clemente
1301 4201 1604 4256 exposcere
1630 4188 1798 4260 leges,

422 4279 742 4333 Innumeras
771 4293 1031 4348 superum
1067 4278 1256 4348 plebes
1285 4282 1434 4351 quod
1465 4281 1716 4355 abegerit
1736 4282 1862 4337 aris.

421 4371 646 4427 Mittitur
678 4372 786 4426 huc
805 4387 836 4424 a
855 4371 1086 4442 Trajano
1112 4377 1230 4426 trux
1257 4372 1579 4428 Aufidianus

421 4464 771 4520 Christicolas
801 4464 1020 4534 punire,
1055 4465 1220 4520 deum
1244 4466 1330 4522 vel
1348 4466 1589 4522 subdere
1613 4469 1784 4523 sacris

423 4557 520 4624 Qui
560 4556 722 4627 lupus
761 4564 820 4610 ut
851 4556 1098 4625 rabidus,
1133 4559 1429 4632 caulasque
1477 4560 1782 4632 irrumpere
1816 4580 2043 4634 pronus,

426 4652 527 4708 Aut
556 4652 780 4707 turbare
806 4669 1003 4727 greges
1029 4653 1135 4708 late
1166 4670 1262 4723 per
1294 4671 1494 4725 pascua
1515 4655 1690 4724 fusos,

428 4744 731 4814 Praecipitat
769 4744 982 4810 saevire,
1016 4761 1188 4800 novos
1221 4746 1427 4800 laniare
1461 4747 1739 4812 bidentes,

426 4834 536 4888 Nec
567 4849 742 4896 mora,
776 4832 1051 4886 ferventes
1077 4833 1370 4905 jugulique
1404 4836 1470 4888 ad
1506 4836 1697 4891 fenora
1729 4837 1909 4911 largos

426 4927 634 4996 Accipit
666 4926 766 4980 hos
797 4925 1056 4996 nudaque
1079 4941 1266 4979 ensem
1302 4926 1515 4980 cervice
1547 4935 1836 4997 petentes;

427 5017 758 5072 Cunctorum
792 5015 1001 5069 invidet
1027 5015 1118 5069 ille
1142 5016 1285 5079 neci,
1317 5025 1481 5087 negat
1511 5024 1677 5089 atque
1713 5018 1909 5085 ferire;

429 5110 879 5180 Clementemun
906 5108 1070 5163 modo
1099 5108 1285 5162 divina
1319 5109 1372 5162 in
1405 5109 1596 5179 praelia
1627 5112 1844 5180 poscit;

434 5203 588 5258 Hunc
615 5201 764 5255 vafro
797 5202 958 5256 variis
990 5209 1207 5257 tentans
1233 5203 1524 5257 conamine
1561 5205 1702 5271 telis,

433 5292 758 5366 Egregiique
790 5295 1030 5364 probans
1060 5302 1119 5350 ut
1147 5293 1508 5348 ineluctabile
1537 5295 1724 5349 robur.

428 5383 608 5439 Sentit
638 5385 901 5456 agonistae
933 5403 1094 5458 quem
1122 5387 1342 5442 vincere
1373 5396 1551 5441 terrea
1579 5389 1788 5454 cernit;

429 5472 720 5546 :Equoreis
751 5475 895 5551 adigi
929 5494 1050 5531 cum
1085 5480 1330 5548 pondere
1363 5479 1613 5550 praecipit
1644 5481 1838 5547 undis;

432 5567 638 5634 llisque
664 5561 823 5618 salire
852 5575 1072 5636 putans,
1106 5571 1354 5641 superari
1383 5572 1582 5626 caérula
1616 5589 1800 5643 posse,

428 5656 731 5728 Mergentis
760 5662 982 5714 mandat
1013 5672 1264 5719 nectatur
1305 5673 1361 5720 ut
1388 5667 1626 5720 anchora
1656 5667 1942 5734 membris,

426 5748 628 5800 Fertur
656 5750 710 5796 at
731 5744 819 5799 ille
850 5748 958 5815 poli
994 5765 1162 5820 regna
1192 5753 1488 5810 intraturus
1518 5755 1585 5808 ab
1611 5757 1793 5822 undis,

487 5866 749 5943 (173-74)
791 5871 916 5928 Cod.
954 5881 1136 5932 enecti.

2156 1991 2455 2046 Unanimes
2487 1994 2763 2049 Christum
2787 2003 3031 2062 exorent,
3067 1996 3324 2068 dignetur
3352 1996 3537 2051 utillis

2157 2085 2391 2139 Exuvias
2419 2101 2665 2141 reserare
2705 2088 2894 2157 polum
2927 2095 3094 2159 raptae
3125 2103 3347 2160 aequore
3380 2089 3620 2153 mentis;

2155 2178 2404 2249 Dumque
2435 2188 2631 2233 vacant
2654 2179 2884 2251 jugibus
2915 2180 3197 2251 pulsantes
3216 2181 3398 2235 sidera
3418 2180 3584 2247 votis,

2159 2270 2393 2340 Spiritus
2425 2287 2453 2324 e
2485 2271 2650 2338 ccelo,
2693 2273 2860 2326 Rubri
2896 2273 2988 2344 qui
3020 2289 3291 2328 marmora
3319 2273 3468 2343 ponti

2160 2358 2298 2414 Olim
2331 2375 2484 2413 arere
2509 2360 2681 2427 dedit,
2715 2367 2860 2415 retro
2891 2377 3044 2415 mare
3075 2362 3276 2415 cedere
3307 2362 3476 2434 cogit,

2159 2449 2233 2503 Ac
2262 2448 2487 2521 longum
2517 2449 2702 2504 laxare
2728 2449 2931 2516 sinum,
2963 2465 3061 2520 per
3089 2449 3262 2505 millia
3293 2449 3544 2520 pandens

2161 2547 2472 2618 lngressum
2497 2545 2718 2616 pepulis
2744 2545 2951 2600 siccum
2980 2546 3102 2613 tria,
3131 2561 3360 2602 cernere
3388 2545 3647 2616 praebens

2159 2641 2421 2714 Angelica
2445 2655 2587 2694 caeso
2616 2639 2822 2693 fabrica
2861 2639 2986 2694 data
3014 2655 3286 2694 marmore
3316 2638 3542 2708 templa,

2163 2733 2370 2788 C(Blilis
2393 2747 2559 2802 mque
2588 2732 2712 2785 aula
2739 2730 2876 2785 fabri
2912 2731 3290 2786 moderamine
3334 2731 3518 2793 ducta,

2159 2825 2472 2880 Ethcreum
2495 2831 2831 2879 monstratur
2861 2839 3002 2892 opus
3030 2823 3341 2893 mirumque
3367 2821 3714 2890 sepulcrum,

2158 2918 2407 2989 Martyris
2435 2933 2559 2972 arca
2591 2927 2786 2991 tegens
2809 2915 3125 2970 venerabile
3156 2929 3320 2968 saxea
3341 2913 3568 2988 pignus,

2158 3011 2511 3083 Martyriique
2533 3025 2696 3064 secus
2721 3007 2956 3063 celebris
2982 3013 3168 3060 manet
3189 3006 3434 3060 anchora
3463 3004 3643 3068 testis,

2157 3099 2451 3170 Discipulis
2475 3097 2650 3153 avidis
2667 3104 2918 3152 sanctum
2947 3095 3244 3150 transferre
3265 3095 3502 3150 cadaver

2157 3193 2354 3248 Oroma
2385 3192 2612 3246 secretis
2644 3189 2844 3244 divinae
2866 3188 3129 3260 panditur
3155 3186 3313 3250 aulae,

2079 3263 2127 3328 Ο
2159 3283 2232 3337 Ne
2265 3296 2498 3336 vacuare
2528 3279 2698 3336 velint
2722 3279 2892 3334 sacris
2930 3279 3057 3332 data
3089 3277 3291 3332 magnis
3316 3275 3604 3340 membris,

2158 3372 2427 3447 Festaquc
2461 3376 2590 3430 dum
2624 3375 2878 3440 redeunt,
2913 3373 3149 3427 redeunt
3179 3371 3346 3426 maris
3377 3372 3485 3425 ima
3519 3378 3790 3436 terentes,

2156 3467 2386 3538 Altaque
2421 3465 2703 3540 signantes
2732 3463 2881 3517 sicco
2907 3461 3212 3533 penetralia
3233 3477 3444 3532 gressu,

2157 3567 2305 3621 Dicta
2339 3572 2546 3636 patent,
2573 3561 2817 3616 subdunt
2850 3562 3152 3632 positorum
3185 3559 3438 3614 examina
3467 3557 3678 3612 circum

2157 3656 2227 3710 Se
2262 3654 2589 3725 populorum
2631 3651 2725 3705 uni
2754 3665 2970 3704 summo
2998 3664 3243 3720 veroque
3264 3647 3522 3711 Tonanti,

2157 3746 2372 3801 Praebet
2395 3744 2500 3798 iter
2529 3743 2780 3798 solemne
2811 3739 2977 3794 maris
3015 3737 3330 3799 Clementis,
3365 3744 3421 3791 et
3451 3735 3549 3792 illo

2160 3837 2365 3893 lnsueti
2390 3835 2669 3906 pandente
2699 3833 2814 3887 salo
2845 3829 3152 3896 triamillia
3173 3828 3349 3896 callis,

2157 3925 2435 3982 Airumnis
2465 3923 2603 3980 vecti
2626 3921 2792 3978 variis
2827 3925 3085 3974 curantur
3113 3917 3319 3972 anheli.

2159 4014 2396 4088 Contigit
2420 4015 2530 4070 huc
2556 4011 2833 4085 quondam
2869 4025 3035 4081 parva
3063 4024 3187 4063 cum
3215 4007 3368 4078 prole
3398 4006 3649 4078 profecta

2158 4109 2324 4162 Mater
2361 4113 2420 4160 ut
2463 4102 2783 4178 ingrediens
2814 4099 3060 4165 tandem,
3100 4096 3445 4152 solemnibus
3474 4096 3637 4160 actis,

2157 4196 2292 4248 Sese
2327 4194 2633 4264 impertiret
2655 4192 2889 4263 dapibus
2914 4190 3274 4259 sobolemque
3304 4187 3516 4258 sopori.

2159 4285 2372 4341 Interea
2411 4285 2594 4342 sonitu
2617 4282 2920 4354 repetentis
2950 4281 3132 4336 littora
3159 4280 3313 4351 ponti

2152 4381 2448 4439 Concussis
2471 4379 2676 4434 mulier
2693 4378 2861 4433 sociis
2892 4377 3108 4431 turbata
3135 4374 3363 4439 recedit,

2157 4474 2588 4545 Praecipitesque
2620 4485 2878 4542 sequens,
2909 4468 3153 4522 animum
3188 4474 3271 4521 est
3296 4465 3463 4521 oblita
3500 4466 3779 4535 parentis;

2153 4571 2448 4624 immemor
2469 4563 2655 4619 amissi
2684 4563 2786 4616 sub
2818 4569 2968 4614 vasta
2997 4559 3198 4613 cubilia
3229 4558 3363 4623 nati,

2077 4637 2131 4704 D
2154 4660 2423 4730 Anticipat
2450 4656 2640 4727 rapido
2665 4653 2962 4708 metuenda
2988 4650 3268 4706 volumina
3290 4665 3486 4712 cursu;

2153 4757 2280 4821 Qua:
2304 4763 2565 4816 mentem,
2598 4756 2710 4804 tuta
2739 4749 2961 4801 demum
2993 4746 3252 4808 statione,
3289 4760 3600 4809 resumens,

2154 4846 2406 4922 Pignoris
2435 4841 2668 4914 expositi
2693 4839 2906 4913 gremio
2935 4837 3315 4892 reminiscitur
3338 4835 3454 4901 alti,

2155 4939 2326 5008 Atque
2361 4936 2534 4989 edens
2565 4930 2824 5005 gemitus,
2859 4935 3075 4998 portum
3104 4927 3370 5000 plangore
3401 4925 3672 4995 replebat,

2158 5028 2498 5096 Luctumque
2539 5021 2909 5096 ingeminans,
2952 5034 3195 5072 summas
3236 5025 3520 5088 pcrcursat
3560 5033 3772 5072 arenas.

2160 5118 2336 5172 Everti
2360 5116 2406 5170 si
2437 5114 2560 5187 quis
2595 5112 2830 5180 I173-7/t)
2850 5110 3024 5185 geniti
3051 5109 3254 5162 vidisse
3283 5109 3520 5162 cadaver

2158 5210 2468 5278 Depromat,
2502 5204 2788 5275 nulloque,
2821 5218 3016 5257 omnes
3044 5200 3237 5254 scitata
3266 5199 3491 5260 viritim,

2158 5301 2367 5356 Indicio
2399 5305 2641 5367 sumpto,
2677 5302 3012 5362 maestasque
3050 5292 3273 5347 reducta
3303 5290 3405 5344 sub
3427 5290 3604 5359 azdes,

2161 5390 2449 5447 Continuis
2479 5388 2705 5459 longum
2739 5383 2993 5453 producit
3019 5381 3241 5435 ﬂetibus
3262 5396 3490 5433 annum.

2140 5483 2402 5552 Phoebeo
2431 5480 2485 5532 in
2515 5485 2691 5532 semet
2717 5475 2880 5530 solito
2915 5473 3180 5527 redeunte
3212 5477 3418 5537 meatu,

2158 5577 2476 5644 Exspectata
2499 5569 2593 5623 diu
2627 5573 2873 5621 remeant
2904 5565 3034 5618 dum
3054 5563 3190 5618 festa
3221 5563 3458 5629 colonis,

2156 5670 2250 5724 Illa
2281 5667 2444 5728 redit,
2488 5663 2804 5735 primosque
2836 5661 2979 5714 inter
3018 5675 3143 5714 mox
3175 5657 3352 5728 prima
3379 5661 3640 5727 recurrit,

2155 5763 2208 5814 Si
2235 5757 2479 5830 reperire
2501 5763 2668 5827 queat
2696 5753 2890 5808 saltem
2933 5751 3082 5806 eluta
3111 5749 3362 5823 pignoris
3382 5765 3541 5806 ossa:
