3890 6406
186 418 302 473 633
820 416 905 471 DE
944 415 1202 470 CHRISTI
1242 415 1603 475 TRIUMPIIIS
1642 421 1814 476 APUD
1856 420 2121 477 ITALIAM
2160 419 2338 475 LIBRI
2376 419 2509 475 XIV.
2551 448 2621 458 —
2661 416 2788 471 LIB.
2832 418 2924 471 III.
3430 411 3537 469 634

187 548 430 620 Equore
449 562 575 602 nam
605 552 891 618 retegente
913 547 1057 601 viam
1086 547 1265 618 prima
1293 549 1509 620 impetit
1546 551 1719 627 algas,
1841 561 1892 627 Α
1916 553 2358 624 Defunctumque
2390 558 2611 622 putans,
2641 554 2905 621 properat
2931 547 3140 602 lectura
3160 545 3397 600 cadaver
3421 562 3435 598 :

186 637 537 703 Praecelerat,
565 636 891 707 cunctisque
924 636 1078 706 prior
1093 638 1346 708 pervadit
1376 654 1573 695 arenas
1602 658 1617 707 ;
1918 646 2180 701 Somnum
2204 643 2394 699 efﬂare
2431 642 2692 713 probans,
2725 639 2927 695 celeris
2952 638 3115 710 rapit,
3139 637 3343 692 excitat
3368 636 3537 702 ulnis,

191 729 516 800 Insequitur
535 727 755 794 fluctus,
788 727 1134 799 fugientibus
1166 729 1421 785 imminet
1442 732 1609 786 undis
1639 749 1653 786 :
1920 735 2238 790 lncolumen
2262 735 2428 799 levat,
2463 741 2517 787 et
2548 731 2753 801 pepulo
2782 734 3067 799 spectante
3106 734 3369 797 reportat.

188 823 376 877 Prima
398 823 534 893 petit
560 822 848 892 templum,
877 822 1592 895 ingreditur,prosternitur
1610 842 1742 890 aras,
1918 825 2087 880 Matre
2117 830 2342 898 rogante
2371 822 2598 877 ubinam
2629 819 2791 874 fuerit
2817 825 2897 873 tot
2925 817 3189 872 ductibus
3212 816 3365 881 anni,

188 916 476 988 Explicitis
504 917 683 988 surgit
703 917 988 987 precibus,
1028 918 1342 985 divertitur,
1371 919 1503 993 aegri
1924 917 1973 970 Is
1998 914 2213 970 nescire
2236 912 2403 967 refert
2431 910 2581 965 ducti
2597 916 2713 964 rota
2743 907 2967 962 tluxerit
2994 906 3166 971 orbis,

186 1006 373 1061 lmbre
399 1007 573 1081 rigata
597 1023 771 1081 genas
793 1008 995 1076 cordis,
1031 1009 1253 1063 madida
1283 1024 1382 1064 ora
1410 1009 1726 1072 reﬂectens,
1922 1008 2039 1062 Una
2068 1006 2315 1060 hausisse
2341 1012 2525 1059 tamen
2561 1000 2827 1055 blandum
2848 1014 2949 1053 ceu
2990 1004 3153 1053 nocte
3174 1010 3431 1066 soporem

184 1098 402 1168 Aspicit
430 1114 501 1153 en
528 1100 776 1173 genitum
808 1100 969 1155 cunis
998 1116 1108 1172 qua
1135 1108 1294 1171 pacte
1320 1101 1566 1167 relictus,
1871 1127 1874 1131 ί
1923 1101 2180 1172 Exponit,
2211 1099 2549 1171 stupidoque
2581 1099 2763 1151 terens
2791 1092 3109 1164 spectacula
3137 1091 3323 1164 vulgo,

187 1189 449 1245 Nondum
490 1190 738 1246 continui
769 1190 987 1262 rupisse
1012 1190 1238 1246 silentia
1264 1190 1448 1246 somni
1482 1208 1498 1254 ;
1925 1190 2258 1246 Cunctorum
2287 1188 2477 1243 matris
2509 1186 2755 1258 duplicat
2780 1184 2870 1256 pia
2894 1181 3096 1255 gaudia
3124 1181 3283 1235 votis.

1649 1320 2079 1331 ——-————-.

1458 1417 1777 1474 CAPITULA
1826 1418 2006 1475 LIBRI
2045 1419 2290 1474 TERTII.

415 1531 546 1586 CAP.
578 1533 614 1585 l.
652 1562 718 1571 —-
744 1534 1039 1588 Desanctis
1075 1534 1338 1589 Anacleto
1364 1541 1414 1590 et
1462 1538 1741 1591 Evaristo.

582 1603 655 1677 ll.
684 1633 738 1641 —-
763 1606 845 1677 De,
863 1608 1047 1677 sancto
1078 1606 1400 1661 Alexandro
1420 1623 1574 1677 papa
1599 1614 1649 1663 et
1678 1610 1838 1663 sociis
1866 1609 2001 1677 ejus.

589 1674 677 1748 Ill.
723 1705 789 1713 —
820 1676 891 1728 De
918 1676 1176 1729 relatione
1202 1678 1390 1742 Plinii,
1420 1674 1473 1732 et
1496 1674 1696 1733 ultione
1735 1674 1906 1735 tertia:
1927 1682 2333 1748 persecutionis.

591 1745 672 1817 iV.
708 1775 777 1786 —
797 1748 870 1800 De
895 1751 1080 1801 sancto
1110 1748 1266 1801 Sixto
1302 1764 1467 1817 papa.

587 1816 642 1868 V.
662 1847 717 1855 -—
748 1820 824 1872 De
851 1820 1055 1872 sanctis
1086 1816 1317 1885 Getulio,
1349 1816 1611 1875 Amantio
1640 1826 1690 1876 et
1718 1824 1879 1877 sociis
1916 1837 2117 1876 eorum.

589 1887 670 1959 γι.
706 1919 763 1928 —-
790 1891 866 1943 De
893 1891 1099 1943 sanctis
1113 1890 1388 1959 Seraphia
1415 1897 1464 1946 et
1496 1893 1705 1948 Sabina

588 1957 698 2012 Vll.
727 1989 797 1998 —
814 1963 889 2013 De
903 1965 1086 2014 sancto
1111 1957 1420 2015 Eustachio.

587 2029 725 2093 Vlll,
750 2060 820 2070 --
848 2033 923 2084 De
959 2035 1162 2085 sanctis
1190 2033 1497 2087 Eleutherio
1527 2038 1575 2088 et
1603 2035 1805 2089 Ancia.

584 2100 646 2174 lx
698 2131 761 2139 —
790 2104 864 2155 De
892 2102 1147 2174 apologia
1171 2103 1443 2169 Quadrati
1467 2110 1519 2158 et
1547 2107 1837 2171 Aristidis,
1877 2108 1927 2159 et
1966 2107 2280 2160 remissione
2307 2108 2713 2174 persecutionis,

583 2171 643 2245 lt:
677 2202 741 2211 —
764 2174 839 2226 De
880 2173 1195 2242 Telesphore
1221 2190 1374 2243 papa
1401 2180 1451 2230 et
1476 2178 1717 2245 Hygino.

580 2242 663 2319 Kl
695 2274 762 2282 —
794 2246 870 2319 De
906 2246 1115 2319 Novato
1131 2249 1184 2319 et
1207 2242 1461 2319 Pudente.
1532 2242 1549 2245 ⁷
1572 2242 1584 2244 ⁷
1960 2318 1963 2319 ν

576 2313 687 2367 ΧΙΙ.
728 2345 784 2353 ~—
812 2318 887 2369 De
905 2318 1109 2369 sanctis
1152 2317 1397 2370 Pramede
1426 2322 1476 2372 et
1507 2319 1850 2373 Potentiana.

576 2384 710 2459 lilii.
737 2415 808 2427 —-
835 2388 908 2440 De
943 2391 1131 2440 sancto
1152 2386 1474 2443 Alexandro
1504 2393 1750 2459 episcopo
1770 2394 1821 2444 et
1856 2392 2117 2457 martyre.

570 2456 703 2530 XIV.
722 2459 882 2511 -——De
904 2461 1096 2512 sancta
1125 2459 1403 2513 Felicitate
1431 2476 1494 2514 ac
1521 2456 1655 2530 filiis
1674 2456 1816 2530 ejus.

582 2527 685 2581 XV.
724 2559 789 2567 —
818 2531 894 2583 De
922 2532 1107 2583 sancto
1132 2530 1445 2585 Concordia.

576 2598 686 2651 XVI
740 2629 806 2638 -—
843 2601 920 2654 De
948 2605 1133 2654 sancto
1162 2602 1491 2656 Potentiano.

582 2669 713 2742 illi“
779 2700 849 2709 —
878 2674 953 2725 De
988 2671 1192 2725 ultione
1217 2678 1431 2741 quartae
1457 2676 1873 2742 persecutionis.

583 2740 757 2795 XVIII.
794 2771 859 2782 -—
888 2744 961 2796 De
976 2742 1168 2811 pluvia
1196 2740 1246 2797 et
1260 2740 1498 2799 victoria
1520 2747 1789 2800 militibus
1800 2760 1902 2815 per
1929 2747 2319 2801 invocationem
2342 2746 2551 2802 Christi
2583 2758 2836 2798 concessa

1029 2916 1522 3031 INCIPIT
1608 2916 2002 3002 LIBER
2093 2915 2726 3004 TERTIUS.

1612 3093 1820 3150 CAPUT
1867 3093 2150 3150 PRIMUM.

1460 3196 1538 3255 De
1581 3197 1863 3257 Anacleto
1900 3206 1955 3258 et
1998 3198 2301 3259 Evaristo.

186 3334 454 3392 Ecclesiae
478 3334 732 3390 Clemens
758 3335 1020 3392 Anacleto
1045 3337 1297 3410 regmina
1327 3337 1511 3393 Romae
1851 3341 1903 3410 Β
1928 3336 2059 3392 Ortu
2089 3336 2236 3392 clara
2265 3336 2361 3391 Dei
2389 3334 2641 3407 praebent
2677 3351 2843 3407 quem
2874 3332 3079 3389 muenia
3100 3332 3308 3395 Remis,

184 3431 475 3502 Liquerat,
506 3446 539 3486 a
568 3429 730 3485 Petro
761 3430 856 3503 qui
886 3440 1246 3488 consecratus
1266 3433 1481 3488 honore
1623 3432 1817 3503 [crum,
1920 3424 2275 3520 Praasb‘yteris
2298 3424 2488 3520 titulos
2518 3439 2715 3497 magna
2749 3422 2938 3478 divisit
2960 3422 3017 3476 in
3048 3421 3208 3520 urbe,

183 3522 509 3594 Presbyter,
535 3529 696 3579 Ornat
752 3523 1119 3594 apostolicum
1169 3524 1392 3580 fabricae
1457 3531 1574 3579 arte
1621 3522 1818 3594 sepul-
1920 3512 2246 3575 Pontificem
2266 3512 2458 3568 statuit
2486 3518 2703 3582 septem
2743 3527 3027 3568 asservare
3059 3512 3366 3575 ministros,

183 3610 522 3667 Pontificum
544 3611 812 3667 membris
840 3613 983 3668 dans
1020 3614 1325 3670 mausolaea
1353 3613 1642 3680 locandis;
1922 3613 2061 3666 Dum
2085 3605 2337 3665 rationali
2363 3602 2519 3659 verbi
2546 3602 2642 3658 dat
2670 3603 2886 3658 semina
2912 3612 3074 3658 terra:
3101 3618 3117 3668 ;

186 3704 404 3776 Ilicque
423 3720 585 3760 secus
615 3721 876 3778 magnum
906 3705 1137 3761 sortitur
1158 3705 1322 3762 busta
1352 3706 1696 3779 magistrum.
1925 3700 2301 3773 Martyrioque
2331 3701 2629 3753 coronatus
2661 3695 2801 3766 petit
2829 3701 2976 3750 astra
2995 3695 3208 3757 beatus,

182 3797 364 3862 Quem
394 3802 522 3868 post
549 3796 807 3853 Ecclesiae
838 3798 1159 3854 cathedram
1193 3798 1472 3855 Evaristus
1495 3798 1751 3870 adeptus,
1930 3792 2095 3863 Cujus
2123 3788 2440 3863 apostolicae
2469 3786 2752 3844 sociantur
2775 3785 3009 3859 pignora
3036 3785 3263 3841 tumbaa.

938 3908 941 3911 ’
1716 3922 1927 3979 CAPUT
1974 3921 2044 3976 ιι.

1191 4028 1270 4087 De
1295 4034 1501 4088 sancto
1536 4026 1767 4087 Alcman
1792 4026 1881 4085 iro
1906 4039 2067 4103 papa
2094 4030 2147 4082 et
2175 4022 2354 4081 sociis
2380 4020 2531 4096 ejus.

182 4168 353 4224 Sedis
380 4166 693 4223 Alexander
719 4174 845 4239 post
872 4168 975 4224 hos
1003 4167 1387 4223 moderamina
1413 4167 1610 4238 primae
1927 4162 2203 4234 Praecipiti
2244 4176 2531 4233 properus,
2576 4159 2920 4230 Romamque
2949 4163 3179 4229 repente
3221 4155 3508 4227 perinlrat.

187 4259 311 4316 ΑΞνί
341 4259 693 4327 immaturus,
726 4269 974 4316 maturus
1004 4269 1214 4326 mente,
1238 4260 1497 4331 capessit.
1920 4253 2151 4330 Augusti
2174 4252 2326 4309 velut
2353 4253 2633 4325 Augustus
2659 4266 2848 4307 comes
2887 4250 3027 4306 Urbe
3045 4255 3301 4319 receptus
3333 4266 3347 4314 ;

188 4352 298 4407 Pro
319 4351 495 4408 servis
524 4352 741 4408 Domini
756 4368 911 4407 sacra
940 4350 1037 4423 qui
1067 4352 1330 4423 mysterio
1357 4350 1504 4423 passi
1920 4341 2250 4399 Pontiﬁcum
2280 4342 2482 4397 insano
2512 4342 2717 4412 petitur
2752 4341 3021 4414 plangore
3038 4339 3341 4407 furentum,

187 4444 369 4501 Corde
384 4444 578 4501 colens
592 4443 787 4499 humili
810 4442 976 4514 jubet
992 4444 1111 4498 haec
1139 4442 1487 4499 solemnibus
1512 4442 1651 4511 indi,
1916 4432 2086 4487 Millia
2116 4432 2395 4487 Romuleae
2424 4446 2457 4485 a
2480 4430 2652 4486 sacris
2688 4429 2935 4485 descisse
2958 4428 3250 4503 phalangis
3287 4448 3305 4495 ;

186 4537 344 4592 Haud
377 4537 554 4609 impar
579 4536 767 4603 Elisei,
796 4536 983 4611 spargi
1022 4535 1138 4592 sale
1159 4535 1414 4607 praecipit
1440 4535 1643 4604 undas,
1837 4553 1887 4621 ρ
1917 4523 2049 4621 (luis
2073 4523 2299 4621 Hermes
2323 4529 2378 4576 et
2408 4520 2714 4621 Alexander
2734 4519 2888 4621 foret
2915 4519 3145 4621 ausibus
3170 4527 3402 4586 auctor;

182 4625 355 4691 Queis
381 4634 753 4700 aspergantur
779 4625 1094 4681 benedictis
1111 4631 1255 4680 tecta
1286 4624 1524 4695 piorum.
1846 4611 1886 4621 ν
1914 4614 2142 4713 Attritos
2172 4613 2385 4713 sedisse
2408 4611 2568 4713 deos,
2588 4611 3082 4713 delubra-relicta.

181 4717 430 4773 Contulit
459 4715 658 4772 affectu
681 4716 871 4787 pOpuli
891 4716 981 4771 cui
1011 4715 1188 4791 gratia
1219 4713 1420 4770 Christi
1916 4704 2232 4800 Devincitur
2268 4703 2599 4773 Alexander,
2631 4702 2983 4800 contruditur
3006 4702 3256 4800 Hermes,

181 4813 365 4883 Mque
393 4815 711 4866 εθηειοωηι
741 4808 1000 4864 Ecclesia;
1017 4790 1219 4864 nexam
1248 4813 1526 4863 catervam
1915 4797 2085 4863 Quem
2124 4801 2310 4852 custos
2337 4808 2642 4867 suasorque
2669 4793 2933 4858 Quirinus
2956 4794 3168 4849 honore
3187 4790 3442 4847 tribunus

183 4905 424 4960 llermen
452 4900 772 4973 praefectum
802 4900 870 4956 ad
904 4900 1109 4973 Regem
1130 4906 1456 4957 convertere
1485 4914 1714 4965 verum;
1757 4944 1764 4952 .
1916 4891 2185 4948 Convenit
2211 4910 2226 4959 ;
2260 4890 2460 4963 utquid
2492 4906 2550 4946 se
2582 4896 2735 4946 tanto
2768 4890 3013 4961 patiatur
3043 4888 3255 4944 honore

181 4996 361 5053 Fonte
388 5000 567 5050 sacrat
590 4993 758 5048 simul
778 5008 1025 5059 uxorem,
1054 4993 1411 5068 genitosque,
1434 5006 1705 5059 sororem,
1914 4983 2147 5055 Privari,
2179 4991 2289 5039 tam
2321 4983 2502 5041 vincla
2528 4982 2641 5056 pati
2663 4983 2953 5040 tolerabile
2984 4980 3194 5039 ducat?

180 5085 335 5141 Mille
355 5085 560 5160 jugans
586 5083 845 5153 famulos,
876 5092 932 5139 et
961 5082 1367 5155 quinquaginta
1393 5082 1686 5149 ducentes,
1916 5075 1966 5130 Is
1996 5082 2241 5130 mutasse
2269 5074 2461 5140 decus,
2489 5089 2599 5131 non
2624 5089 2688 5129 se
2710 5072 2965 5128 amisisse
2995 5070 3219 5138 fatetur,

182 5176 530 5252 Coniugibus
557 5174 851 5251 gnatisque
890 5191 1001 5231 una
1025 5174 1358 5246 baptismate
1387 5175 1515 5230 lotis
1546 5192 1562 5242 ;
1911 5165 2212 5264 Terrenum
2242 5166 2596 5264 tolli-culmen
2620 5164 2887 5264 mutabile
2919 5179 3102 5235 posse,

184 5270 336 5336 Quos
363 5267 608 5341 gaudere
639 5266 793 5339 prius
821 5282 944 5322 cum
972 5266 1242 5323 libertatis
1273 5267 1509 5323 honore.
1632 5284 1647 5295 λ’
1914 5256 2188 5328 Perpetuo
2216 5255 2523 5328 prohibens
2551 5254 2768 5329 fastigia
2794 5254 2922 5311 diva
2940 5267 3188 5307 manere.

181 5355 508 5412 Muneribus
534 5362 801 5427 pmstaos
824 5355 1048 5411 Paschaa
1074 5355 1169 5411 dat
1199 5356 1322 5412 luce
1341 5356 1565 5411 sacrari.
1912 5349 2208 5407 Stultitiam
2237 5355 2456 5420 reputat
2481 5355 2771 5423 suggestor
2791 5349 3020 5404 credere
3048 5349 3215 5404 vitam

182 5446 312 5501 Ales
336 5443 482 5500 fama
507 5444 718 5516 operis,
749 5443 1069 5516 pernicibus
1097 5443 1275 5500 excita
1302 5444 1523 5515 pennis,
1912 5442 2039 5497 Post
2058 5439 2298 5507 cineres,
2327 5439 2437 5494 sibi
2466 5438 2549 5495 sic
2569 5438 2744 5509 visum
2777 5438 2908 5503 olim
2942 5438 3185 5494 reddidit
3217 5438 3462 5504 Hermes,

182 5538 296 5592 Axe
328 5537 433 5592 sub
454 5536 565 5592 Eoo
593 5534 827 5605 Trajano
852 5536 1146 5592 annuntiat
1172 5543 1329 5602 acta;
1914 5536 2007 5589 Ast
2035 5533 2104 5588 ab
2129 5532 2437 5589 Alexandro
2457 5547 2518 5586 se
2550 5531 2773 5587 doctum
2802 5547 2933 5586 vera
2970 5531 3239 5603 probasse
3267 5549 3282 5598 ;

184 5621 285 5676 llle
314 5622 503 5678 odisse
533 5624 706 5679 Deum
734 5640 901 5695 quem
923 5631 1154 5680 noverat
1174 5624 1530 5681 Aurelianum
1916 5624 2170 5697 Dumque
2198 5621 2409 5677 alterna
2429 5628 2624 5677 serunt
2651 5620 2827 5676 avidae
2852 5621 3185 5677 commercia
3213 5622 3439 5697 linguae,
3524 5673 3533 5679 .

184 5712 311 5768 Haec
339 5712 488 5787 legat
525 5715 721 5786 rapido
760 5715 985 5772 Romam
1019 5716 1239 5787 plexum
1267 5716 1349 5771 ire
1373 5715 1578 5784 volatu,
1917 5713 2150 5768 Ventum
2180 5726 2290 5786 quo
2316 5720 2501 5767 statua
2527 5710 2787 5782 praelecto
2817 5726 3046 5767 assensa
3075 5711 3359 5781 tribunus,

186 5803 404 5875 Quique
434 5804 613 5859 solum
646 5812 990 5878 pontumque
1014 5805 1226 5879 legens,
1251 5813 1402 5862 secat
1431 5806 1621 5863 omnia
1661 5805 1818 5878 lapsu
1918 5804 2150 5861 Foedere
2182 5804 2269 5859 sul
2298 5803 2393 5860 tali
2421 5803 2609 5860 clauso
2640 5803 2901 5880 iungatur
2929 5802 3109 5875 utipsi
