3890 6410
295 397 401 450 635

293 527 506 582 Limine
535 528 860 589 Alexander,
895 525 1193 581 vincimina
1225 527 1383 596 plura
1411 526 1782 598 triumphans.

291 621 517 675 Hermes
532 619 741 685 firmat;
775 620 908 682 abit,
930 619 1132 690 prodit,
1167 618 1838 692 triplicansqueQuirinus

294 712 542 768 Pontifici
572 729 765 778 nexus,
790 720 952 767 aucto
972 711 1222 777 custode,
1255 718 1459 767 tuetur.

291 801 417 857 Orat
447 819 588 874 papa
617 800 758 856 fides
790 808 946 871 pacto
987 801 1225 855 claretur
1247 808 1306 856 ut
1327 801 1449 856 isto.

289 891 512 946 Ethera
540 899 666 946 vota
691 898 907 961 petunt,
939 876 1077 945 ctelf
1095 890 1403 944 demittitur
1431 889 1592 944 astris
1624 906 1640 954 ;

287 980 442 1046 Nam,
473 979 650 1034 stellis
671 995 916 1034 convexa
940 978 1050 1049 poli
1074 977 1458 1053 pingentibus,
1493 993 1624 1034 ecce

287 1077 488 1129 Parvus
517 1075 673 1130 adest
705 1089 862 1144 puer,
895 1082 951 1128 et
975 1071 1206 1129 rutilans
1229 1074 1503 1129 illuminat
1528 1081 1701 1130 atram

286 1170 462 1224 Taedae
493 1171 614 1224 luce
637 1171 884 1234 domum,
917 1179 1084 1241 atque
1115 1171 1276 1242 sequi
1307 1186 1368 1226 se
1398 1170 1650 1242 prascipit
1677 1170 1904 1226 almum.

289 1259 406 1326 llle,
437 1259 623 1314 dolum
657 1265 929 1325 metuens,
965 1275 1197 1330 puerum
1219 1259 1566 1332 faculamque
1614 1260 1856 1314 videndo
1892 1276 1905 1313 :

292 1374 314 1394 ιι
346 1349 462 1403 Νοη
493 1348 655 1403 simul
690 1348 803 1414 ibo,
835 1365 983 1420 genu
1011 1365 1226 1404 mecum
1260 1349 1365 1403 nisi
1415 1349 1653 1416 ﬂexeris,
1705 1349 1904 1421 inquit,

291 1439 786 1495 Commemorando
837 1455 1057 1510 precem
1120 1439 1333 1495 Christo
1399 1440 1642 1494 dictante
1721 1439 1908 1510 profu-

1609 1532 1771 1600 [sam.
1808 1551 1836 1580 ι)

287 1620 486 1692 Implet
515 1620 670 1690 jussa
693 1636 850 1692 puer,
881 1620 1243 1692 dextramque
1275 1621 1537 1676 antistitis
1576 1622 1698 1692 ipse

287 1713 624 1783 Corripiens,
661 1728 759 1783 per
784 1713 1026 1768 claustra
1059 1714 1200 1784 rapit
1221 1714 1370 1769 velut
1397 1714 1535 1769 ostia
1567 1714 1839 1785 pandens,

289 1802 666 1873 Praefectoque
690 1803 850 1874 jugat
879 1803 1052 1857 clausi
1073 1803 1215 1857 intra
1244 1811 1401 1874 septa
1440 1802 1662 1858 cubilis.

291 1895 610 1964 Insequitur
656 1882 981 1966 reseratque
1012 1895 1326 1966 irrumpens
1358 1896 1600 1951 claustra
1633 1897 1918 1964 Quirinus,

290 1988 696 2060 lnveniensque
718 1989 880 2044 simul
917 1989 1150 2045 Domino
1167 2006 1267 2045 sua
1293 1998 1417 2046 vota
1441 1991 1704 2059 ferentes,

285 2082 432 2145 Quos
464 2090 645 2137 trusos
669 2083 840 2136 antris
867 2083 1102 2138 statione
1132 2091 1440 2139 removerat
1469 2091 1629 2140 aucta
1663 2103 1677 2150 ;

294 2171 524 2242 Astupet
553 2171 768 2226 ardenti
799 2171 1012 2232 faculze,
1043 2171 1321 2243 rebusque
1340 2173 1672 2239 tremendis,

297 2263 692 2335 l’r0positoque
720 2271 914 2319 tenore
945 2262 1111 2319 fidem
1142 2280 1363 2319 servare
1402 2265 1630 2335 petitus,

295 2355 517 2409 Artibus
547 2356 663 2409 haec
681 2354 1028 2409 Zoroastraeis
1042 2355 1353 2410 cunctando
1382 2356 1638 2425 rependit

298 2445 591 2502 Praefectus
627 2454 819 2501 contra
857 2463 869 2499 :
905 2466 930 2497 ‹‹
959 2445 1220 2517 Nunquid
1255 2461 1356 2501 nos
1373 2445 1609 2518 legimus
1631 2446 1733 2502 ista
1765 2446 1794 2500 ?

296 2533 454 2603 Optio
472 2542 631 2608 gesta
656 2544 748 2589 tua
777 2543 878 2598 est,
906 2535 1020 2602 jam
1051 2535 1280 2590 credere
1303 2535 1439 2590 cede
1471 2545 1693 2606 paratus
1719 2554 1736 2600 ;

297 2622 474 2677 Nostri
508 2639 634 2678 nam
664 2623 880 2678 Domini
912 2623 1250 2693 permaxima
1283 2624 1429 2678 dona
1460 2631 1741 2689 tenentur,

296 2711 396 2775 Qui
425 2711 581 2765 dedit
609 2711 859 2766 auditum
885 2711 1069 2766 surdis
1089 2719 1143 2766 et
1173 2711 1381 2766 lumina
1402 2712 1582 2776 cacis,

297 2804 563 2872 Leprosos
591 2803 882 2866 mundans,
913 2803 1210 2873 paralytica
1237 2804 1484 2858 membra
1512 2803 1840 2867 reformans,

296 2898 583 2951 Daemones
613 2897 918 2967 expellens,
952 2897 1241 2952 animabus
1270 2913 1501 2969 corpora
1528 2898 1804 2964 reddens;

298 2988 396 3053 Qui
430 2987 554 3042 tulit
583 2997 638 3042 et
678 2988 924 3043 functum
957 2989 1092 3043 mihi
1126 2989 1247 3044 vitae
1279 2990 1347 3043 ad
1380 2990 1568 3044 munia
1598 3001 1846 3065 gnatum,

297 3078 468 3140 Quem
501 3076 726 3151 langore
756 3078 958 3132 scholis
983 3077 1415 3150 disciplinisque
1455 3087 1743 3135 vacantem

301 3165 621 3236 Correptum
647 3168 914 3236 praecelsa
945 3167 1112 3222 deum
1143 3167 1412 3238 Capitolia
1452 3169 1583 3246 duxi
1617 3187 1633 3234 ;

300 3257 548 3328 Dumque
580 3258 748 3332 fatigo
776 3261 928 3334 gravi
965 3260 1161 3315 surdos
1189 3261 1456 3317 libamine
1485 3263 1640 3319 divos

301 3344 713 3418 Pontificesque
741 3363 958 3418 precor,
981 3347 1250 3420 vanisque
1274 3349 1503 3406 refercio
1533 3351 1716 3419 donis,

301 3437 496 3503 Orbor,
528 3439 858 3510 etincuaptis
887 3440 1127 3494 animam
1157 3441 1354 3496 unicus
1385 3443 1536 3498 efflat
1565 3443 1634 3498 ab
1665 3443 1848 3498 annis.

301 3527 595 3588 Questibus
622 3529 874 3594 ejusdem
896 3546 985 3584 me
1014 3537 1146 3585 tunc
1167 3531 1251 3584 his
1280 3546 1441 3585 urere
1472 3532 1656 3586 nutrix
1680 3551 1693 3585 :

307 3637 326 3664 ι
356 3615 624 3671 Credulus
650 3618 797 3673 hunc
826 3618 1001 3673 sancti
1024 3619 1164 3673 Petri
1191 3619 1236 3674 si
1261 3618 1330 3673 ad
1364 3619 1556 3674 limina
1593 3619 1787 3684 ferres,

303 3704 669 3776 Prosperitate
701 3714 805 3761 tuae
834 3706 1109 3780 gauderes
1142 3707 1316 3778 prolis
1337 3707 1562 3777 adepta.

306 3828 365 3834 ——
401 3796 532 3851 Cum
563 3798 772 3869 privata
802 3801 946 3872 (ego)
969 3799 1040 3853 sit
1077 3799 1220 3865 visu,
1263 3815 1446 3871 neque
1477 3797 1692 3853 reddita
1719 3797 1849 3862 luci,

305 3891 642 3946 Incolumem
671 3908 862 3947 narras
903 3892 1022 3949 fore
1075 3893 1357 3966 quomodo
1399 3892 1470 3948 ob
1519 3893 1576 3946 id
1626 3893 1760 3946 mihi
1786 3908 1922 3968 gna-

1646 3986 1800 4058 [tum.
1828 4007 1853 4038 »

305 4073 402 4126 llla
430 4089 443 4125 :
478 4093 502 4122 α
529 4072 691 4127 Vides
719 4089 788 4128 en
818 4062 906 4128 me
933 4089 1159 4140 caecam,
1190 4074 1288 4129 sed
1306 4075 1537 4129 credere
1566 4073 1782 4131 Christo

306 4167 359 4219 Si
395 4165 634 4232 mallem,
664 4172 856 4221 exacto
889 4166 1102 4221 fruerer
1124 4167 1238 4236 jam
1265 4167 1477 4222 lumine
1501 4167 1677 4223 lustro
1703 4185 1717 4234 ;

315 4286 370 4294 ——
401 4256 419 4308 1
451 4257 709 4322 credens,
739 4264 794 4310 et
817 4257 1122 4312 Alexander
1139 4258 1234 4312 tibi
1265 4259 1498 4313 reddere
1521 4258 1707 4313 lumen

305 4350 359 4403 Si
393 4350 591 4422 quibit,
624 4351 842 4406 credam
863 4351 1114 4406 sobolem
1154 4352 1290 4406 mihi
1327 4368 1489 4424 posse
1519 4353 1709 4424 reponi
1767 4378 1792 4399 η

308 4443 445 4498 Hora
471 4443 654 4499 calore
676 4445 823 4499 diem
854 4444 1171 4500 flammabat
1199 4446 1360 4500 tertia
1394 4463 1408 4511 ;
1441 4446 1620 4521 pergit

306 4532 488 4603 Seque
516 4531 681 4587 refert
710 4540 883 4600 sexta,
911 4534 1275 4608 gaudensque
1305 4535 1612 4606 vidensque
1646 4551 1917 4607 regressa,
1936 4565 1994 4635 Β

305 4626 713 4697 lmponensque
743 4628 990 4683 humeris
1019 4628 1312 4701 frigentem
1344 4629 1511 4684 currit
1542 4629 1849 4698 alumnum,

308 4715 702 4783 Praecelerans,
727 4718 812 4771 vix
841 4726 899 4772 ut
925 4717 1077 4788 pueri
1103 4718 1456 4790 juvenesque
1485 4725 1806 4789 sequantur.

308 4807 740 4880 Pentiﬁcemque
768 4808 962 4865 videns
983 4810 1054 4863 ad
1081 4825 1168 4863 me
1197 4825 1304 4865 nox
1327 4809 1486 4880 pulsa
1515 4819 1778 4867 recurrat.

313 4921 336 4949 ‹‹
383 4900 478 4954 Ille
509 4900 670 4955 Erebi
705 4901 950 4957 Christus
977 4916 1209 4971 puerum
1237 4901 1319 4955 sic
1346 4901 1492 4974 leget
1521 4904 1776 4968 resolvet,

311 4993 456 5063 lnlit,
488 5003 550 5051 ut
578 5011 609 5050 a
638 4995 774 5050 lethi
805 4994 1051 5050 tenebris
1077 5010 1217 5066 puer
1242 4995 1343 5050 iste
1377 5006 1626 5070 resurgat

310 5091 376 5145 Ut
400 5088 573 5144 semel
590 5087 864 5142 indultum
898 5093 1118 5141 maneat
1146 5086 1246 5142 tibi
1269 5087 1454 5142 iumen
1487 5098 1757 5158 apertum.
1797 5111 1814 5136 ι

309 5183 401 5238 Sic
416 5182 556 5237 fusis
578 5183 817 5238 animam
833 5180 1090 5253 precibus
1112 5197 1356 5237 remeare
1387 5182 1648 5238 medullis

309 5271 572 5338 Obtinuit,
593 5287 842 5343 sanoque
881 5271 949 5325 ad
980 5287 1067 5327 me
1090 5288 1214 5327 cum
1248 5271 1481 5348 pignore
1514 5272 1669 5328 venit
1701 5291 1716 5339 ;

310 5358 459 5426 Ejus,
480 5372 590 5427 quo
619 5357 757 5424 viso,
778 5359 1012 5429 pedibus
1037 5367 1379 5431 prosternor,
1419 5370 1474 5416 et
1503 5377 1601 5418 oro

311 5449 510 5506 Christi
550 5465 676 5504 mox
702 5450 1026 5510 fieriservus
1057 5473 1073 5520 ;
1109 5455 1237 5510 hinc
1273 5456 1457 5511 haereo
1498 5455 1735 5524 Christo,

307 5538 565 5592 Tutorem
595 5537 784 5606 genito
814 5543 1002 5608 statui,
1032 5543 1366 5611 patrimonia
1395 5543 1556 5618 cessi

313 5626 522 5690 Matris,
550 5634 606 5679 et
636 5641 700 5679 ex
741 5633 964 5700 preprio
980 5637 1250 5690 nonnulla
1271 5637 1512 5692 libenter
1540 5637 1738 5692 adauxi
1766 5656 1782 5702 ;

311 5722 518 5775 Caetera
533 5723 648 5771 tum
671 5716 908 5787 famulis,
938 5741 1153 5780 mecum
1167 5743 1308 5798 quos
1339 5729 1488 5784 unda
1517 5728 1760 5796 novavit,

1058 394 1428 449 FLODOARDI
1470 393 1776 450 CANONICI
1816 392 2151 448 REMENSIS
2193 394 2528 452 OPUSCULA
2567 395 2877 450 METRICA.

3523 400 3641 456 636

1923 527 1983 596 Α
2010 525 2290 591 Distribui,
2323 536 2553 583 cunctos
2592 543 2814 599 quoque
2845 527 3097 584 libertate
3129 528 3306 583 levavi
3337 547 3352 593 ;

2009 614 2062 668 Si
2087 632 2197 687 qua
2217 616 2612 686 superfuerunt
2640 634 2706 672 ea
2738 631 2863 688 post
2889 618 3115 690 largitus
3141 619 3355 692 egenis.

2010 708 2074 760 At
2102 722 2250 762 nunc
2265 715 2514 763 exertam
2536 724 2639 764 nec
2667 708 2986 764 confiscatio
3017 717 3204 776 terret,

2012 801 2120 856 Nec
2149 811 2402 871 superest
2424 803 2666 858 hominis
2697 804 2944 860 morituri
2987 803 3195 860 oﬂ‘ensa
3228 803 3451 875 pavori,-

2013 895 2344 968 Participem
2375 915 2465 953 me
2487 898 2595 953 illis
2623 899 2862 954 credens
2894 899 2987 970 qui
3017 898 3209 953 munia
3231 897 3357 953 fassi

2017 987 2231 1056 Christi,
2255 991 2499 1062 martyrii
2533 1007 2788 1046 meruere
2819 1006 3110 1061 capessere
3153 989 3390 1060 palmam

2013 1080 2236 1135 Faminc
2269 1096 2572 1151 suspensus
2594 1079 2896 1151 respondet
2917 1081 2984 1134 ad
3018 1079 3122 1134 ista
3149 1079 3408 1134 tribunus
3433 1099 3449 1134 :

2017 1194 2041 1224 ‹‹
2064 1174 2167 1227 Per
2195 1190 2292 1230 vos
2308 1191 2395 1230 me
2429 1175 2676 1230 Christus
2706 1176 2809 1230 hac
2829 1175 3154 1230 conditione
3188 1175 3434 1229 lucretur
3467 1192 3481 1228 :

2010 1264 2223 1320 Nubilis
2249 1274 2336 1322 est
2366 1267 2499 1320 mihi
2532 1275 2678 1332 nata,
2707 1267 2825 1321 viro
2853 1283 3016 1337 quam
3051 1266 3268 1320 tradere
3297 1281 3495 1336 penso,

2012 1359 2255 1435 Egregiaa
2285 1361 2509 1415 decorat
2540 1360 2683 1414 hanc
2713 1359 3057 1432 indulgentia
3101 1358 3313 1426 formae,

2013 1449 2235 1504 lnfamis
2263 1449 2466 1504 collum
2497 1455 2722 1518 torques
2739 1449 2834 1502 sed
2864 1456 3075 1503 struma
3103 1447 3295 1522 fatigat
3321 1464 3334 1500 :

2015 1542 2164 1596 Hanc
2183 1540 2440 1595 redimite
2481 1541 2680 1607 salute,
2712 1548 2767 1594 et
2804 1539 2854 1592 ei
2887 1555 3010 1594 mea
3048 1546 3245 1593 cuncta
3283 1539 3636 1610 relinquens,

2014 1617 2260 1703 Ingenua
2288 1630 2557 1684 Christum
2585 1629 2872 1684 vobiscum
2900 1636 3086 1682 mente
3116 1628 3351 1683 fatebor.
3378 1651 3400 1676 ιι

2017 1721 2219 1776 Ρινεεδυι
2247 1739 2259 1775 :
2296 1747 2319 1768 α
2348 1722 2500 1777 Vade
2527 1722 2676 1777 celer
2699 1730 2754 1776 et
2775 1721 3014 1776 claustra
3041 1720 3110 1774 ad
3139 1719 3379 1774 carceris
3417 1719 3565 1774 illam

2021 1815 2151 1879 Duc,
2185 1814 2500 1886 tollensque
2521 1827 2645 1868 meo
2668 1813 2852 1868 Boiam
2876 1827 3210 1882 componere
3250 1812 3392 1868 collo

2023 1901 2232 1956 Matura
2256 1902 2479 1976 genitae,
2512 1901 2830 1972 salvamque
2869 1900 3136 1956 resumito
3166 1916 3350 1955 mane.
3387 1921 3405 1949 ι

2026 1993 2123 2048 ille
2155 2010 2168 2047 :
2202 2014 2233 2044 (ι
2261 1993 2464 2048 Domus
2497 1993 2699 2047 habeat
2727 2009 2850 2047 cum
2880 1999 2935 2048 te
2978 2007 3123 2058 mea,
3158 1992 3252 2063 qui
3300 1991 3436 2046 mihi
3458 2007 3650 2047 carcer

2017 2084 2209 2140 Temet
2242 2083 2544 2139 restituet?
2576 2100 2829 2155 prepera,
2849 2084 3050 2156 inquit,
3085 2100 3229 2154 papa
3258 2083 3443 2139 reduci

2017 2174 2158 2228 Illuc
2181 2189 2270 2228 me
2301 2173 2579 2244 siquidem
2608 2173 2774 2229 faciet
2805 2173 2900 2245 qui
2931 2173 3130 2228 detulit
3159 2174 3356 2229 isthuc.

2018 2263 2187 2327 Quem
2222 2270 2546 2336 pergentem
2560 2269 2612 2316 et
2629 2262 2711 2317 eis
2747 2261 3018 2333 patefacta
3047 2262 3253 2317 cubilia
3273 2262 3497 2317 dantem

2019 2357 2284 2427 lntrepidi
2313 2372 2572 2429 proceres
2598 2357 2760 2413 solito
2790 2358 3125 2414 concludere
3155 2364 3359 2432 cogunt
3385 2375 3402 2422 ;

2021 2447 2268 2517 Dumque
2296 2445 2558 2502 valedicit
2587 2447 2845 2517 precibus
2874 2447 2980 2502 sibi
3015 2446 3230 2502 tiedifer
3260 2453 3400 2502 astat

2023 2538 2157 2592 Ecce
2178 2554 2333 2608 puer,
2367 2538 2670 2610 panditque
2697 2539 2928 2606 aditum,
2967 2547 3298 2610 revocatque
3328 2537 3432 2592 sub
3457 2554 3574 2593 uno

2021 2626 2341 2682 Pontiticcm
2373 2635 2598 2698 puncto,
2629 2644 2752 2683 mox
2778 2628 2957 2684 vincla
2984 2628 3222 2698 reponit,
3251 2627 3506 2699 abitque.

2016 2723 2146 2777 Post
2170 2723 2315 2778 horae
2343 2723 2634 2789 libramen,
2667 2723 2822 2778 adest
2847 2739 2970 2777 cum
3006 2722 3157 2792 prole
3188 2722 3472 2788 Quirinus,

2019 2815 2366 2886 Custodeque
2395 2815 2591 2870 videns
2621 2815 3009 2886 quosliquerat
3037 2814 3432 2885 advigilantes,

2022 2906 2262 2961 Claustra
2284 2907 2437 2978 petit,
2467 2906 2681 2961 munita
2703 2905 2918 2975 probat,
2951 2905 3166 2979 signata
3193 2912 3435 2960 retentat
3459 2921 3473 2970 ;

2023 2999 2206 3054 Cernit
2237 2999 2600 3054 Alexandrum
2631 3013 2885 3052 reserans
2903 2996 3133 3068 vestigia
3162 3012 3412 3068 pronus;

2025 3089 2307 3163 Astringit,
2340 3087 2670 3158 veniamque
2690 3085 2846 3156 petit,
2871 3085 2958 3140 cui
2996 3085 3127 3139 talia
3154 3086 3355 3156 przesul
3390 3103 3402 3140 :

1948 3199 1997 3266 ρ
2026 3204 2051 3228 ιο
2088 3181 2203 3236 Non
2233 3179 2495 3236 Dominus
2525 3185 2712 3234 noster
2740 3178 3101 3249 pessumdare
3145 3178 3454 3250 quemlibet
3477 3185 3658 3250 Optat,

2029 3273 2278 3328 Conveni
2313 3271 2442 3343 quia
2469 3279 2764 3342 peccantes
2796 3289 2811 3336 ;
2846 3271 3050 3325 etenim
3073 3270 3131 3324 in
3157 3286 3319 3327 cruce
3350 3269 3494 3325 fixus

2025 3363 2094 3416 Se
2125 3360 2541 3435 cruciﬁgentum
2575 3359 2976 3430 pctiitpeccata
3006 3357 3232 3412 remitti.

2024 3457 2175 3512 Tunc
2204 3455 2557 3526 praesentanti
2587 3454 2854 3530 genitam,
2888 3460 3023 3525 quot
3053 3469 3272 3509 carcere
3306 3451 3477 3508 clausi

2030 3553 2164 3608 Hinc
2187 3551 2348 3620 jubet
2370 3550 2632 3620 inquirat,
2674 3548 2869 3604 Christi
2902 3563 3000 3618 pro
3028 3547 3253 3602 nomine
3283 3547 3329 3602 si
3355 3546 3476 3619 qui.

2030 3641 2116 3696 Bis
2134 3641 2261 3695 deni
2293 3639 2628 3704 referuntur,
2660 3653 2867 3710 eosque
2900 3637 3163 3692 Eventius
3192 3636 3336 3690 inter

2022 3727 2452 3798 Theodulusque
2474 3726 2664 3782 amicit
2684 3741 2825 3798 quos
2851 3725 3027 3799 gloria
3050 3723 3512 3795 presbyteratus;

2027 3817 2134 3872 llos
2164 3817 2266 3871 sibi
2299 3816 2500 3872 deduci
2531 3815 2700 3888 digno
2731 3814 2992 3886 praecepit
3021 3814 3252 3880 honore,

2027 3909 2350 3980 lntereaque
2380 3925 2538 3962 suam
2571 3906 2750 3963 soboli
2780 3913 3123 3961 transumere
3155 3903 3341 3960 Boiam
3378 3922 3390 3958 :

2026 3998 2220 4055 Omnia
2249 3997 2514 4053 continuo
2547 3995 2858 4051 dissolvens
2882 3994 3065 4048 vincla
3096 3992 3371 4060 tribunus,

2026 4092 2453 4161 Allambeusque
2485 4087 2675 4158 pedes,
2695 4093 2945 4158 torquem
2976 4085 3176 4158 genitae
3204 4091 3359 4158 rogat
3383 4084 3535 4139 addi.

2026 4178 2277 4245 Additur,
2297 4184 2542 4252 urgetur,
2567 4185 2847 4247 properet,
2875 4175 2960 4230 vir
2977 4175 3134 4242 jussa
3165 4172 3399 4228 facessat
3427 4191 3440 4239 ;

2027 4272 2141 4337 Quo
2171 4271 2471 4335 celerante,
2506 4283 2643 4338 puer
2673 4268 2829 4322 taedae
2860 4267 3078 4340 fulgore
3109 4281 3372 4321 coruscus

2027 4361 2182 4417 ilicet
2209 4359 2480 4433 eﬂ‘ulgcns
2496 4359 2700 4412 salvam
2725 4357 2887 4426 jubet
2915 4371 3042 4411 esse
3071 4355 3335 4426 puellam,

2025 4455 2245 4509 Addcns
2275 4471 2288 4508 :
2323 4475 2340 4503 ι
2378 4454 2523 4525 Degc
2563 4459 2654 4506 tua
2681 4465 2902 4521 semper
2930 4465 3054 4505 cum
3086 4448 3424 4520 virginitate,

2025 4544 2381 4615 Efﬁciamque
2410 4551 2563 4597 tuum
2584 4542 2641 4596 in
2670 4541 2827 4597 caelis
2846 4549 2896 4596 te
2927 4540 3108 4595 visere
3124 4539 3400 4608 Sponsum

2026 4636 2194 4700 Quem
2221 4640 2328 4688 stat
2353 4647 2540 4686 amore
2559 4638 2650 4685 tuo
2679 4629 2963 4700 proprium
2995 4628 3207 4683 fudisse
3234 4642 3511 4683 cruorem.
3556 4650 3576 4676 ι

2025 4723 2242 4777 Αἰιὴθτει
2260 4719 2509 4776 οωιὶοοὶῖί
2534 4720 2793 4790 posthaec
2824 4725 3072 4788 repente,
3105 4717 3363 4781 Quirinus

2026 4813 2367 4884 Prcsbyteris
2396 4811 2690 4867 comitatus
2711 4812 2884 4874 adest,
2918 4825 3165 4881 sanaque
3200 4815 3417 4878 reperta

2029 4908 2209 4972 Prole,
2236 4906 2459 4975 replens
2486 4903 2725 4958 clamore
2758 4904 2935 4958 locum
2973 4919 2984 4955 :
3018 4922 3037 4950 ι
3068 4901 3227 4956 Ρι-οιίὶ
3251 4901 3661 4967 hinc,ait,alme

2031 5000 2229 5054 Doctor
2243 4996 2570 5059 Alexander,
2590 5011 2680 5061 ne,
2705 5003 2756 5049 te
2778 4995 2891 5063 jam
2922 4993 3152 5065 indigna
3175 4992 3406 5057 ferente,

2033 5089 2260 5146 Ccelitus
2282 5101 2599 5156 expressum
2632 5101 2720 5138 me
2750 5084 2956 5139 fulmen
2989 5083 3182 5137 adurat
3207 5081 3461 5152 iniquum
3493 5101 3546 5147 ;n

2034 5183 2160 5246 Quae
2200 5180 2304 5235 sibi
2327 5179 2440 5234 sint
2473 5176 2783 5247 praestanda
2830 5173 3001 5247 magis
3027 5188 3169 5243 papa
3210 5170 3432 5244 ingerit,
3458 5185 3662 5225 omnes

2035 5275 2259 5327 Sacratu
2292 5284 2527 5341 poscens
2558 5281 2825 5338 personas
2855 5277 3076 5318 carcere
3105 5261 3338 5316 018115ίῖ8.
3402 5283 3404 5286 ’

2037 5363 2404 5436 Conqueritur
2424 5366 2674 5414 sanctum
2705 5366 2892 5412 custos
2922 5354 3056 5426 quid
3086 5353 3257 5424 prosit
3281 5351 3508 5423 iniquis.

2033 5457 2250 5521 Contra,
2285 5454 2379 5509 Dei
2407 5450 2605 5525 retegit
2625 5449 2847 5519 praesul,
2875 5462 2970 5518 pro
3002 5445 3310 5517 flagitiosis,

2032 5548 2068 5601 E
2101 5545 2255 5601 caelis
2285 5543 2507 5597 venisse
2527 5541 2722 5604 Deum,
2750 5536 2843 5609 qui
2877 5536 3099 5608 Virgine
3135 5541 3294 5588 natus

2032 5637 2108 5692 Ad
2140 5633 2354 5690 veniam
2379 5636 2608 5687 cunctos
2641 5627 2985 5697 laxandaque
3011 5624 3213 5695 probra
3241 5632 3488 5678 vocaret.

1932 5715 1938 5726 ’
2034 5722 2305 5780 Convenit
2335 5735 2467 5793 ergo
2481 5733 2699 5783 omnes,
2719 5716 2964 5772 monitus
2983 5715 3084 5769 hac
3111 5729 3264 5778 voce,
3288 5713 3577 5779 Quirinus,
