3890 6404
195 413 303 467 637

200 537 542 603 Accelerent,
583 535 783 590 Christi
814 535 1048 605 cupiunt
1069 535 1164 606 qui
1191 551 1346 590 sacra
1371 537 1584 604 subire,

199 629 264 683 Et
294 628 550 699 baptizati
587 635 818 699 pergant
849 641 948 696 pro
987 627 1129 680 velle
1169 627 1352 682 soluti.

204 725 587 794 Approperant
615 722 784 794 igitur
814 720 943 775 tidei
971 737 1031 775 se
1054 721 1293 775 subdere
1319 722 1537 786 cuncti;

204 810 354 874 Quos
384 809 580 864 affatus
609 809 917 864 Alexander
945 809 1209 880 mysteria
1238 809 1440 879 promit

203 904 454 959 Caelestis
475 904 712 968 Domini,
746 904 945 958 calum
980 911 1293 974 terramque
1325 905 1590 978 regentis.

203 995 397 1052 Omnia
421 1003 732 1054 servantem
767 997 927 1051 terris
957 1005 1017 1051 ut
1046 996 1265 1051 mittere
1295 997 1528 1050 Gnatum

202 1089 428 1159 Virgine
460 1089 807 1163 progenitum
841 1088 996 1161 legit,
1023 1105 1195 1164 genus
1221 1105 1386 1143 omne
1413 1089 1626 1144 vocavit

205 1177 422 1248 Quique
452 1177 736 1232 hominum
769 1177 948 1244 calis,
973 1175 1198 1231 firmans
1216 1177 1472 1231 affamina
1489 1175 1684 1250 signis,

207 1268 273 1322 Ut
305 1267 524 1322 dederit
548 1268 736 1333 vitam,
768 1267 956 1322 tulerit
987 1267 1308 1337 postomnia
1336 1275 1564 1321 mortem
1592 1283 1606 1330 ;

204 1361 380 1424 Quam
413 1366 537 1430 post
552 1358 814 1414 calcatam
846 1374 1082 1432 surgens
1113 1357 1483 1429 penetraverit
1505 1357 1755 1420 athram,

207 1451 601 1522 Subjectisque
629 1456 957 1521 potestatem
989 1451 1127 1504 dans
1154 1450 1291 1503 mira
1321 1448 1596 1520 patrandi,

206 1543 509 1597 Venturum
541 1558 602 1596 se
628 1541 937 1611 prodiderit
965 1540 1068 1596 sub
1091 1541 1265 1596 limite
1291 1541 1461 1607 sacli,

210 1637 277 1691 Ut
305 1637 453 1690 bona
482 1635 576 1690 det
600 1635 786 1704 justis,
821 1634 1042 1703 injustis
1071 1634 1237 1704 digna
1260 1634 1550 1706 rependat.
1594 1654 1617 1685 ι

208 1729 524 1797 Subjiciunt
552 1742 748 1782 omnes
777 1727 895 1782 hac
924 1727 991 1782 ad
1025 1727 1356 1782 documenta
1386 1726 1580 1782 salutis

213 1823 428 1878 Audita
455 1831 672 1878 mentes
701 1822 849 1890 fidei,
885 1822 1252 1894 manibusque
1274 1823 1450 1878 beata

210 1914 527 1986 Presbyteri
555 1915 831 1985 impositis
858 1915 986 1970 vita
1010 1915 1096 1968 his
1127 1914 1432 1985 primordia
1459 1913 1670 1985 legant,

213 2009 344 2063 Cum
376 2009 564 2084 genita
596 2009 803 2080 pariter
831 2009 1078 2076 Balbina,
1107 2010 1373 2081 omnique
1403 2007 1666 2072 Quirinus

215 2101 386 2157 Fonte
413 2101 582 2156 domu
605 2111 819 2168 sancto,
839 2101 1157 2174 junctisque
1183 2109 1428 2156 sacratur
1451 2098 1702 2154 adauctis

211 2193 483 2248 Omnibus
513 2194 805 2249 ecclesiam
837 2195 988 2250 vicus
1015 2196 1131 2267 (sic)
1173 2196 1266 2251 dat
1291 2211 1508 2251 carcere
1540 2193 1770 2248 abactis.

212 2284 528 2355 Compertis
559 2284 783 2356 quibus,
805 2285 978 2340 iratus
997 2287 1154 2352 ,uhet
1179 2287 1508 2341 Aurelianus

212 2373 447 2440 Adduci,
472 2374 614 2440 sisti,
645 2375 870 2430 ductum
902 2375 1208 2447 aﬂ'aturque
1230 2377 1512 2442 Quirinum
1538 2393 1552 2440 ;

217 2463 461 2517 Dilectus
489 2462 598 2516 sibi
627 2479 750 2518 cum
781 2463 966 2531 fuerit,
990 2465 1135 2536 quod
1161 2466 1340 2520 riserit
1368 2465 1566 2536 ipsum.

215 2551 314 2605 Ille
341 2551 446 2606 sub
475 2551 592 2605 hac
617 2568 630 2604 :
680 2573 704 2602 α
744 2551 826 2606 Me
857 2552 1232 2608 Christicolam
1258 2553 1574 2624 pernoscite
1598 2552 1802 2607 factum
1826 2570 1840 2617 ;

216 2642 307 2696 Vis
328 2643 605 2709 occidere,
628 2645 712 2700 vis
733 2645 888 2700 duris
918 2646 1273 2702 substernere
1297 2647 1485 2721 lignis,

220 2733 393 2788 Urere
433 2751 534 2790 seu
565 2735 824 2803 ﬂammis,
855 2737 1002 2791 aliud
1030 2738 1142 2805 jam
1177 2753 1286 2791 non
1319 2753 1413 2793 ero
1436 2737 1584 2808 quod
1617 2753 1769 2800 sum;

223 2822 459 2877 Exhibui
481 2823 695 2880 Christo
722 2825 1009 2881 devinctos
1025 2842 1242 2881 carcere
1273 2834 1520 2888 cunctos.

215 2913 527 2986 Dimisique
554 2915 704 2969 exire
735 2931 885 2983 suos,
922 2916 1018 2971 sed
1052 2933 1281 2989 pergere
1312 2933 1584 2988 nusquam

214 3005 430 3072 Conati,
462 3015 698 3077 poscunt
731 3025 969 3082 pugnam
1010 3026 1322 3082 pugnaque
1351 3026 1632 3073 coronam,

218 3094 672 3167 Criminibusque
706 3096 806 3151 fuit
837 3098 966 3151 dum
999 3097 1137 3152 forte
1171 3099 1353 3168 perire
1385 3100 1635 3169 patratis,

213 3183 386 3248 Quam
420 3185 620 3240 melius
653 3194 911 3257 reputant
948 3186 1163 3240 animas
1201 3185 1485 3241 effundere
1519 3187 1769 3252 Christo;

214 3276 313 3330 Hic
336 3277 562 3332 Hermes
582 3285 636 3332 et
660 3277 991 3343 Alexander,
1033 3279 1281 3349 clarique
1313 3280 1526 3352 piique,

217 3364 480 3420 Esuriens
503 3365 740 3435 dapidus
761 3367 928 3420 veluti
957 3368 1199 3441 gaudere
1228 3369 1430 3439 paratis

215 3454 477 3525 Martyrio
507 3456 747 3527 coelique
776 3458 1318 3528 manentsplendere
1342 3459 1542 3515 nitore.
1590 3481 1617 3509 »

213 3543 309 3598 His
340 3543 435 3599 ille
459 3546 726 3616 acceptis,
759 3545 1077 3602 ﬂammante
1119 3547 1399 3602 incensior
1429 3548 1507 3602 ira

216 3633 350 3687 Tam
375 3633 564 3703 patulo
591 3649 776 3688 coram
816 3633 917 3687 fari
948 3649 1206 3688 sermone
1237 3634 1386 3706 quod
1407 3650 1542 3689 ausu

212 3722 332 3776 Non
373 3721 577 3786 timuit,
608 3722 876 3792 plectrum
901 3722 1064 3791 jubet
1089 3722 1448 3778 abscindatur
1467 3731 1527 3778 ut
1548 3724 1682 3790 oris,

213 3811 279 3865 Et
306 3827 514 3880 pensus
545 3811 722 3866 lanios
752 3819 1205 3882 spectatoresque
1238 3812 1447 3885 fatiget.

214 3901 319 3966 Qui
353 3915 574 3972 quoque
604 3901 937 3956 continuans
966 3903 1183 3972 probris
1211 3903 1418 3977 agitare
1451 3909 1767 3974 tyrannum,

215 3991 441 4047 Abscidi
467 4007 734 4048 mucrone
760 4009 1068 4066 manusque
1100 3996 1383 4066 pedesque
1400 3995 1697 4064 jubentur;

211 4084 350 4139 Tum
375 4083 572 4158 jugulo
604 4084 812 4155 expleri
841 4085 1186 4157 canibusque
1216 4086 1496 4142 vorandus
1525 4085 1732 4153 omitti;

212 4174 311 4229 Cui
344 4175 432 4229 via
462 4183 734 4244 prarepto
766 4174 975 4243 ajustis
1005 4175 1162 4230 dedit
1192 4176 1366 4248 Appia
1393 4176 1660 4232 tumbam.

213 4265 542 4340 Virginitate
566 4266 748 4321 nitens
778 4267 943 4336 hujus
963 4268 1094 4322 dum
1126 4265 1240 4322 filia
1258 4283 1412 4323 sacra

213 4355 486 4410 Sanifera
517 4355 714 4410 crebro
745 4356 1059 4431 prafigeret
1083 4358 1273 4412 oscula
1297 4359 1462 4425 Boia,

213 4449 451 4502 Sanctus
477 4447 672 4502 doctor
695 4447 1032 4501 Alexander:
1076 4446 1207 4500 Sine
1238 4447 1459 4503 vincula
1489 4457 1673 4504 nostra

213 4537 506 4605 Lambere,
539 4554 662 4610 qua
703 4538 909 4610 repetis
943 4538 1058 4609 (ms.
1093 4539 1147 4607 2,
1183 4555 1368 4610 quare
1409 4539 1574 4611 Petri]
1607 4540 1846 4614 Domini,

1222 4629 1305 4699 [ac
1334 4628 1634 4684 vincimina
1655 4645 1832 4685 come.

214 4718 311 4774 Sic
342 4735 514 4789 Opera
539 4726 761 4790 sumpta
799 4720 1094 4792 studioque
1126 4727 1394 4791 sequente
1416 4721 1659 4794 benigno

213 4811 432 4866 Invenit
458 4811 576 4866 hac
603 4812 802 4880 sancti,
827 4812 1106 4884 traditque
1136 4821 1358 4882 reperta
1386 4812 1561 4868 sorori

212 4904 520 4960 Theodora
548 4905 820 4960 Hermetis
846 4905 1135 4976 probitatis
1152 4906 1363 4961 honore
1393 4905 1664 4974 colenda,

216 4993 346 5059 Qua
379 4994 636 5049 decollati
663 4994 873 5049 studuit
901 4995 1031 5049 dare
1073 4993 1322 5049 membra
1352 4996 1607 5065 sepulcro

214 5086 497 5154 Germani,
530 5087 720 5158 procul
747 5088 852 5142 hac
882 5104 986 5142 nec
1011 5088 1080 5142 ab
1099 5087 1236 5142 urbe
1260 5088 1470 5142 Salaria
1499 5087 1769 5160 sumpsit;

216 5177 349 5248 Ipsa
381 5177 478 5232 ubi
509 5179 818 5250 promeruit
849 5188 972 5251 post
1012 5180 1359 5250 martyrizata
1384 5181 1487 5234 sub
1517 5181 1637 5252 ipso

214 5267 421 5322 Iudice
451 5283 777 5339 corpoream
810 5268 960 5324 fratri
1000 5270 1206 5326 sociata
1236 5270 1504 5342 quietem,

215 5364 388 5424 Quem
410 5367 704 5432 postquam
729 5361 1003 5437 jugulavit
1030 5370 1182 5418 atrox
1203 5379 1390 5419 comes
1418 5363 1744 5419 Aurelianus

214 5456 471 5531 Flagitiis
509 5456 757 5527 reliquos
786 5458 948 5512 cacis
975 5458 1027 5512 in
1053 5475 1272 5514 carcere
1305 5460 1446 5517 lotos

215 5545 474 5618 Antiqua
504 5545 795 5616 impositos
823 5547 1017 5618 puppi,
1041 5549 1297 5621 saxisque
1313 5559 1564 5624 gravatos

217 5635 392 5702 Colla,
426 5635 551 5689 vehi
593 5643 934 5707 cunctosque
984 5639 1154 5692 altum
1191 5640 1350 5710 jubet
1381 5640 1436 5694 in
1467 5657 1618 5697 mare
1652 5643 1847 5716 mergi.

218 5725 426 5780 Deduci
469 5726 716 5796 posthac
747 5743 945 5798 papam
976 5728 1216 5802 sistique
1259 5731 1480 5786 beatum

295 5840 548 5921 (175477)
577 5851 756 5910 Locus
779 5865 1096 5928 corruptus,
1131 5865 1192 5915 ut
1220 5859 1316 5916 alii
1345 5861 1494 5918 bene
1522 5861 1704 5918 multi.

802 409 886 464 DE
925 408 1186 464 CHRISTI
1226 410 1592 467 TRIUMPHIS
1631 414 1805 470 APUD
1846 415 2113 469 l'l‘ALlAM
2156 413 2332 468 LIBRI
2373 413 2482 466 XIV
2547 443 2614 452 —
2656 413 2779 466 LIB.
2827 413 2917 467 ΙΙΙ.

3438 410 3547 467 638

1847 554 1897 618 Α
1925 539 2142 594 Mandat
2171 537 2561 602 Alexandrum,
2592 538 2756 591 lateat
2785 553 2907 608 qua
2937 551 3101 591 causa
3142 535 3376 606 requirit

1925 630 2076 694 Quod
2096 629 2270 702 magis
2290 628 2467 684 occidi
2491 628 2678 683 tendat
2697 643 2863 698 quam
2890 627 3163 682 absistere
3186 625 3403 696 captis.

1928 739 1952 768 α
1979 719 2096 772 Non
2111 718 2260 783 licet,
2278 716 2802 788 inquitAlexander,
2823 715 3059 769 canibus
3074 715 3204 769 dare
3225 721 3494 769 sanctum.
3522 736 3546 758 ι·

1933 807 2122 862 Fervet
2151 807 2218 860 ad
2253 807 2390 871 hac,
2420 821 2654 877 seseque
2683 821 2876 860 canem
2911 805 3044 859 furit
3084 805 3175 858 ille
3205 810 3479 859 vocatum.

1932 900 2158 955 lndiciis
2187 899 2618 971 prasulprobat
2648 907 2708 953 ut
2738 915 2874 954 cane
2905 899 3142 970 nequior
3172 906 3382 964 exstet;

1933 993 2064 1047 Fixo
2097 992 2299 1047 divinis
2329 993 2569 1047 minatur
2596 992 2765 1066 ﬂagra
2795 1000 3087 1063 tyrannus;

1869 1125 1871 1128 ‹
1932 1083 2176 1155 Despicit
2206 1083 2312 1138 iste
2337 1083 2516 1139 minas
2550 1085 2871 1153 jactantem,
2904 1083 3118 1154 spernit
3143 1083 3383 1136 honores

1931 1175 2251 1231 Punitorum
2281 1177 2350 1230 ab
2380 1191 2447 1232 eo
2480 1177 2652 1230 fastus
2683 1185 2738 1230 et
2767 1175 3009 1230 culmina
3040 1173 3280 1246 prafert.

1931 1269 2187 1324 Exsecrat
2217 1270 2528 1341 intrepidus
2556 1271 2808 1325 rabidum
2842 1270 3147 1340 temnitque
3180 1269 3482 1323 furentem:

1931 1357 2030 1421 Qui
2065 1357 2214 1412 ferus
2234 1375 2540 1429 appensum
2573 1359 2817 1429 torqueri
2849 1359 3094 1428 praecipit
3117 1357 3343 1422 almum,

1932 1449 2222 1524 Unguibus
2253 1457 2308 1504 et
2348 1450 2487 1518 radi,
2516 1450 2633 1506 face
2665 1449 3126 1522 lampadibusque
3149 1449 3400 1505 cremari.

1939 1545 2046 1598 Ista
2075 1545 2169 1598 diu
2202 1560 2424 1615 passum
2455 1545 2604 1598 nulla
2637 1559 2900 1598 resonare
2925 1561 3152 1599 severus

1937 1635 2081 1690 Voce
2110 1643 2295 1707 stupet
2321 1643 2591 1701 sanctum,
2622 1636 2932 1710 rogitatque
2957 1635 3179 1691 silentia
3207 1634 3378 1697 mira;

1941 1725 2036 1780 Ille
2069 1727 2179 1781 Deo
2211 1726 2310 1780 fari
2342 1743 2402 1781 se
2421 1727 2778 1797 deposcendo
2804 1726 3024 1793 fatetur,

1942 1820 2196 1889 Increpat
2225 1828 2279 1874 et
2299 1819 2560 1874 stolidum
2593 1819 2880 1873 tormentis
2917 1834 3070 1872 sacra
3097 1825 3415 1890 rogantem;

1860 1867 1916 1936 B
1937 1867 2216 1962 Annorum
2247 1915 2436 1962 monet
2463 1907 2555 1962 ille
2584 1907 2698 1961 fere
2741 1867 3244 1981 trigintajuvenra,

1942 1999 2152 2072 Cogitet
2176 1999 2438 2054 invictum
2468 1999 2692 2062 mentis,
2723 1999 2870 2054 hunc
2898 1998 2998 2052 iste
3019 1996 3486 2064 salute(l75-77),

1944 2090 2166 2162 Hocque
2205 2106 2399 2145 cruore
2428 2091 2724 2162 palastrita
2753 2091 2881 2145 dum
2908 2090 3138 2145 sudatur
3166 2103 3365 2164 agone,

1945 2179 2069 2233 Dira
2098 2195 2158 2233 se
2190 2179 2490 2249 perhibens
2519 2179 2850 2233 viduandam
2884 2187 3058 2233 morte
3080 2176 3260 2232 mariti
3295 2177 3333 2243 (1
3348 2176 3460 2240 78),

1942 2271 2116 2325 Pilato
2143 2279 2201 2324 ut
2231 2270 2364 2324 visis
2391 2270 2520 2325 olim
2556 2269 2844 2340 perterrita
2873 2269 3096 2337 conjux,

1940 2361 2102 2416 Mittit
2121 2369 2177 2416 et
2201 2361 2410 2416 absolvi
2441 2361 2635 2416 suadet
2665 2360 2860 2416 fortem
2881 2376 3021 2414 uxor
3049 2359 3344 2421 athletam;

1939 2452 2115 2506 Verba
2141 2451 2294 2507 ferox
2315 2467 2590 2522 spernens
2619 2452 2801 2506 socios
2831 2436 3116 2506 certamen.
3140 2449 3282 2504 inire

1943 2543 2162 2597 Mandat
2188 2543 2510 2608 Alexandri;
2547 2543 2799 2616 relegunt
2827 2541 3059 2616 vestigia
3091 2540 3223 2604 lati,

1942 2636 2182 2708 Jamque
2209 2637 2382 2690 Patris
2409 2637 2619 2707 palmas
2649 2637 2827 2692 stadio
2859 2636 3182 2710 contingere
3211 2633 3369 2697 certi,

1946 2729 2173 2801 Ignibus
2203 2729 2392 2784 infelix
2425 2729 2626 2800 Stygiis
2651 2728 2898 2783 feraliter
2923 2728 3122 2782 ardens

1946 2821 2012 2876 Ut
2042 2822 2226 2892 prodit
2253 2821 2489 2876 invictos
2519 2828 2677 2894 urget
2705 2820 2919 2876 fervere
2949 2820 3224 2875 caminum
3250 2836 3266 2882 ;

1943 2916 2094 2971 Tunc
2123 2926 2202 2980 ut,
2237 2917 2562 2981 Alexander,
2591 2916 2769 2984 jubet,
2813 2922 2977 2986 atque
3008 2912 3294 2977 Eventius,
3325 2927 3500 2965 annos

1945 3005 2235 3078 Octoginta
2259 3022 2483 3076 gerens,
2525 3005 2701 3060 aversi
2733 3005 2894 3061 dorsa
2916 3004 3178 3077 ligentur,

1947 3096 2335 3168 Candentique
2364 3097 2475 3152 dati
2509 3097 2745 3150 ﬂammis
2785 3096 3006 3151 fornace
3037 3101 3382 3157 crementur;

1943 3188 2136 3243 Astans
2165 3187 2486 3244 Theodulus
2507 3204 2792 3259 poenarum
2835 3187 3061 3241 horrore
3089 3190 3390 3256 prematur,

1870 3235 1920 3304 C
1940 3281 2004 3336 At
2034 3280 2274 3336 fornacis
2304 3235 2608 3335 Alexander
2633 3278 2927 3334 furibunda
2959 3235 3336 3347 triumphans:

1943 3396 1968 3418 «ι
2011 3371 2314 3438 Theodule,
2347 3371 2594 3426 accelera
2627 3369 2936 3435 nobiscum,
2979 3368 3168 3434 frater,
3193 3377 3247 3422 et
3275 3366 3434 3442 alge;

1942 3461 2037 3516 Ille
2064 3460 2270 3516 etenim
2302 3468 2413 3515 tres
2442 3460 2536 3532 qui
2565 3475 2770 3531 pueros
2797 3459 3056 3531 apparuit
3086 3458 3228 3512 inter

1942 3553 2204 3608 Hebraeos
2231 3561 2480 3624 quartus,
2513 3551 2799 3607 nobiscum
2831 3551 3069 3607 exsultet
3096 3561 3151 3606 et
3191 3549 3388 3612 isthic;
3435 3569 3455 3597 ο

1939 3643 2256 3699 Theodulus
2277 3643 2496 3697 ﬂamma
2523 3643 2836 3712 irrumpens
2859 3642 3156 3696 intersecat
3173 3639 3355 3714 ignes,

1943 3731 2073 3788 Cum
2103 3732 2382 3804 sociisque
2412 3733 2524 3788 Deo
2555 3739 2739 3806 grates
2769 3729 3076 3799 laudesque
3104 3726 3443 3798 rependens,

1941 3819 2227 3875 Concinit:
2272 3839 2297 3870 «ι
2342 3820 2480 3875 Ecce
2508 3829 2630 3874 tuos
2649 3817 2918 3872 examinis
2951 3816 3078 3890 igne
3109 3813 3356 3886 probasti

1947 3909 2077 3976 Nos,
2100 3909 2278 3976 Pater,
2309 3909 2490 3977 istius,
2525 3907 2685 3964 nobis
2714 3923 2814 3962 nec
2845 3905 3091 3960 adharet
3118 3904 3395 3975 iniquum,

1948 4004 2080 4078 Igne
2113 4001 2302 4058 furens
2329 4003 2475 4058 victo
2507 4003 2818 4057 ﬂammatur
2849 4008 3034 4057 mente
3067 4007 3358 4071 tyrannus:

1947 4091 2132 4159 Effert,
2166 4093 2434 4154 hortatur.
2461 4091 2746 4162 dubioque
2780 4091 2837 4146 in
2870 4090 3106 4146 crimine
3136 4086 3407 4159 pendens,

1947 4181 2287 4253 Presbyteris
2316 4181 2538 4236 tandem
2563 4180 2808 4236 cervices
2835 4179 3066 4235 demetit
3096 4193 3250 4233 ense.

1946 4277 2056 4332 Nec
2081 4284 2266 4330 tamen
2301 4277 2406 4331 hoc
2427 4276 2632 4348 patitur
2662 4292 2819 4347 papa
2845 4274 3006 4330 finire
3038 4273 3368 4345 palastram,

1951 4367 2372 4439 Visceribusque
2392 4368 2632 4422 animam
2660 4367 2888 4422 rimatur
2913 4367 2968 4420 in
2995 4363 3256 4421 omnibus
3275 4361 3464 4426 altam,

1953 4462 2228 4517 Multifora
2260 4461 2548 4518 terebrans
2577 4461 2875 4517 fortissima
2905 4460 3135 4531 cuSpide
3157 4455 3426 4521 membra,

1954 4551 2044 4607 Sic
2065 4552 2288 4606 decorat
2318 4551 2432 4605 triti
2465 4559 2616 4606 tanto
2636 4549 2921 4606 molimine
2951 4548 3106 4605 floris

1954 4640 2218 4714 Egregius
2246 4639 2472 4695 rutilum
2495 4639 2744 4694 meritam
2787 4639 2927 4710 petit
2956 4639 3163 4692 athera
3191 4635 3406 4702 sedem,

1951 4735 2202 4805 Dumque
2227 4732 2451 4788 insultat
2480 4742 2540 4787 ut
2579 4731 2859 4803 implicitis
2889 4737 3168 4806 grassator
3192 4741 3432 4793 amarus,

1951 4826 2028 4880 En
2056 4825 2206 4880 visus
2228 4823 2452 4892 juvenis
2472 4822 2700 4898 gerulus
2729 4821 3055 4898 gestaminis
3086 4822 3214 4894 igne

1946 4916 2178 4972 Accensi
2207 4913 2458 4986 chalybis
2475 4914 2641 4989 virga
2678 4913 2835 4986 quasi
2862 4929 3027 4985 quam
3054 4911 3187 4981 jacit
3214 4915 3343 4964 ante

1949 5007 2074 5062 Hac
2103 5005 2362 5061 addendo
2383 5005 2584 5076 pedes:
2627 5026 2656 5055 α
2699 5004 2969 5068 Meritum,
2993 5001 3302 5068 Aureliane,
3323 5011 3580 5074 capesse,

1951 5096 2218 5151 Tartarea
2251 5094 2408 5168 nigra
2433 5109 2673 5166 namque
2702 5100 2893 5164 patent
2923 5091 3020 5147 tibi
3060 5097 3279 5165 guttura
3309 5093 3506 5160 porta,

1953 5187 2050 5241 Ast
2079 5187 2282 5258 quibus
2315 5186 2602 5241 infrendes
2629 5183 2868 5255 paradisi
2891 5190 3152 5253 aptantur
3177 5179 3433 5236 amanis.
3481 5199 3506 5229 α

1956 5277 2445 5342 Attremuitdictis,
2475 5276 2756 5346 febrisque
2781 5274 3100 5329 accenditur
3129 5273 3294 5347 igne;

1952 5367 2104 5421 Mens
2123 5367 2281 5441 fugit,
2309 5382 2374 5420 ac
2402 5365 2553 5420 rabie
2587 5364 2814 5434 rapitur,
2841 5362 3194 5435 quatiturque
3220 5361 3472 5434 phrnesi,

1957 5457 2163 5530 Lingua
2191 5458 2396 5523 editur,
2426 5457 2534 5511 vita
2558 5455 2778 5510 tetricas
2807 5461 3054 5524 raptatur
3074 5454 3131 5508 in
3160 5453 3405 5522 umbras,

1953 5555 2126 5624 Atque
2153 5552 2430 5607 Severina
2457 5566 2703 5624 prasaga
2733 5549 2945 5621 profata
2972 5549 3188 5604 marita

1954 5643 2093 5698 Vera
2123 5643 2368 5714 quidem,
2396 5640 2496 5694 sed
2519 5655 2644 5695 sero
2669 5639 2900 5710 probat;
2929 5655 3055 5711 qua
3079 5637 3288 5705 saucia,
3319 5637 3510 5712 gestis,

1953 5736 2198 5792 Membra
2237 5735 2397 5790 beata
2425 5733 2567 5805 rapit
2588 5733 2822 5805 hacque
2843 5733 2899 5788 in
2932 5748 3034 5788 sua
3064 5731 3274 5805 pradia
3302 5729 3474 5794 ducit,

2025 5866 2174 5936 (I78)
2215 5865 2382 5921 Deest
2408 5863 2639 5936 aliquid.
