  <div class='ocr_page' id='page_1' title='image "/cluster/home/n/w/nwhite01/storage/ocr_20150623/134-135/uc1.31175013627537/839.png"; bbox 0 0 3890 6412; ppageno 0'>
   <div class='ocr_carea' id='block_1_1' title="bbox 326 386 2835 449">
    <p class='ocr_par' dir='ltr' id='par_1_1' title="bbox 326 386 2835 449">
     <span class='ocr_line' id='line_1_1' title="bbox 326 386 2835 449; baseline -0.001 0"><span class='ocrx_word' id='word_1_1' title='bbox 326 395 433 449; x_wconf 87' lang='grc'><strong>639</strong></span> <span class='ocrx_word' id='word_1_2' title='bbox 1026 388 1397 444; x_wconf 80' lang='lat' dir='ltr'><strong>FLODOARDI</strong></span> <span class='ocrx_word' id='word_1_3' title='bbox 1438 388 1742 445; x_wconf 81' lang='lat' dir='ltr'><strong>CANONICI</strong></span> <span class='ocrx_word' id='word_1_4' title='bbox 1784 386 2111 444; x_wconf 81' lang='lat' dir='ltr'><strong>REMENSIS</strong></span> <span class='ocrx_word' id='word_1_5' title='bbox 2149 386 2488 445; x_wconf 87' lang='lat' dir='ltr'><strong>OPUSCULA</strong></span> <span class='ocrx_word' id='word_1_6' title='bbox 2524 387 2835 447; x_wconf 78' lang='lat' dir='ltr'><strong>METRICA.</strong></span> 
     </span>
    </p>
   </div>
   <div class='ocr_carea' id='block_1_2' title="bbox 327 520 1665 598">
    <p class='ocr_par' dir='ltr' id='par_1_2' title="bbox 327 520 1665 598">
     <span class='ocr_line' id='line_1_2' title="bbox 327 520 1665 598; baseline -0.003 -19"><span class='ocrx_word' id='word_1_7' title='bbox 327 526 503 598; x_wconf 91' lang='lat' dir='ltr'><strong>lnque</strong></span> <span class='ocrx_word' id='word_1_8' title='bbox 531 526 621 581; x_wconf 99' lang='lat' dir='ltr'><strong>via</strong></span> <span class='ocrx_word' id='word_1_9' title='bbox 648 525 988 580; x_wconf 88' lang='lat' dir='ltr'><strong>Nomentana</strong></span> <span class='ocrx_word' id='word_1_10' title='bbox 1018 521 1210 593; x_wconf 83' lang='lat' dir='ltr'><strong>procul</strong></span> <span class='ocrx_word' id='word_1_11' title='bbox 1238 520 1381 577; x_wconf 82' lang='lat' dir='ltr'><strong>Urbe</strong></span> <span class='ocrx_word' id='word_1_12' title='bbox 1412 520 1665 576; x_wconf 78' lang='lat' dir='ltr'><strong>recondit</strong></span> 
     </span>
    </p>
   </div>
   <div class='ocr_carea' id='block_1_3' title="bbox 328 612 1706 687">
    <p class='ocr_par' dir='ltr' id='par_1_3' title="bbox 328 612 1706 687">
     <span class='ocr_line' id='line_1_3' title="bbox 328 612 1706 687; baseline -0.003 -15"><span class='ocrx_word' id='word_1_13' title='bbox 328 617 569 687; x_wconf 79' lang='lat' dir='ltr'><strong>Millibus</strong></span> <span class='ocrx_word' id='word_1_14' title='bbox 597 623 658 672; x_wconf 92' lang='lat' dir='ltr'><strong>ut</strong></span> <span class='ocrx_word' id='word_1_15' title='bbox 679 622 915 687; x_wconf 88' lang='lat' dir='ltr'><strong>septem,</strong></span> <span class='ocrx_word' id='word_1_16' title='bbox 946 631 1070 670; x_wconf 93' lang='lat' dir='ltr'><strong>cum</strong></span> <span class='ocrx_word' id='word_1_17' title='bbox 1102 629 1245 685; x_wconf 90' lang='lat' dir='ltr'><strong>papa</strong></span> <span class='ocrx_word' id='word_1_18' title='bbox 1282 612 1544 668; x_wconf 85' lang='lat' dir='ltr'><strong>Eventius</strong></span> <span class='ocrx_word' id='word_1_19' title='bbox 1572 612 1706 680; x_wconf 92' lang='lat' dir='ltr'><strong>illic,</strong></span> 
     </span>
    </p>
   </div>
   <div class='ocr_carea' id='block_1_4' title="bbox 330 705 1872 782">
    <p class='ocr_par' dir='ltr' id='par_1_4' title="bbox 330 705 1872 782">
     <span class='ocr_line' id='line_1_4' title="bbox 330 705 1872 782; baseline -0.002 -20"><span class='ocrx_word' id='word_1_20' title='bbox 330 708 681 782; x_wconf 87' lang='lat' dir='ltr'><strong>Sarcophago</strong></span> <span class='ocrx_word' id='word_1_21' title='bbox 708 718 769 763; x_wconf 92' lang='lat' dir='ltr'><strong>ut</strong></span> <span class='ocrx_word' id='word_1_22' title='bbox 792 707 967 775; x_wconf 82' lang='lat' dir='ltr'><strong>juncti</strong></span> <span class='ocrx_word' id='word_1_23' title='bbox 1008 705 1243 761; x_wconf 86' lang='lat' dir='ltr'><strong>ﬂammis</strong></span> <span class='ocrx_word' id='word_1_24' title='bbox 1282 705 1624 760; x_wconf 88' lang='lat' dir='ltr'><strong>tumulentur</strong></span> <span class='ocrx_word' id='word_1_25' title='bbox 1653 705 1707 759; x_wconf 90' lang='lat' dir='ltr'><strong>in</strong></span> <span class='ocrx_word' id='word_1_26' title='bbox 1739 720 1872 762; x_wconf 90' lang='lat' dir='ltr'><strong>uno.</strong></span> 
     </span>
    </p>
   </div>
   <div class='ocr_carea' id='block_1_5' title="bbox 326 793 1872 867">
    <p class='ocr_par' dir='ltr' id='par_1_5' title="bbox 326 793 1872 867">
     <span class='ocr_line' id='line_1_5' title="bbox 326 793 1872 867; baseline -0.001 -17"><span class='ocrx_word' id='word_1_27' title='bbox 326 797 671 853; x_wconf 89' lang='lat' dir='ltr'><strong>Theodulum</strong></span> <span class='ocrx_word' id='word_1_28' title='bbox 703 797 901 867; x_wconf 80' lang='lat' dir='ltr'><strong>recipit</strong></span> <span class='ocrx_word' id='word_1_29' title='bbox 929 795 1095 850; x_wconf 92' lang='lat' dir='ltr'><strong>modo</strong></span> <span class='ocrx_word' id='word_1_30' title='bbox 1115 810 1345 864; x_wconf 89' lang='lat' dir='ltr'><strong>corpore</strong></span> <span class='ocrx_word' id='word_1_31' title='bbox 1370 793 1562 849; x_wconf 83' lang='lat' dir='ltr'><strong>tumba</strong></span> <span class='ocrx_word' id='word_1_32' title='bbox 1586 810 1872 861; x_wconf 85' lang='lat' dir='ltr'><strong>seorsum;</strong></span> 
     </span>
    </p>
   </div>
   <div class='ocr_carea' id='block_1_6' title="bbox 329 883 1623 957">
    <p class='ocr_par' dir='ltr' id='par_1_6' title="bbox 329 883 1623 957">
     <span class='ocr_line' id='line_1_6' title="bbox 329 883 1623 957; baseline -0.002 -18"><span class='ocrx_word' id='word_1_33' title='bbox 329 886 566 957; x_wconf 82' lang='lat' dir='ltr'><strong>Spiritus</strong></span> <span class='ocrx_word' id='word_1_34' title='bbox 596 903 627 940; x_wconf 91' lang='lat' dir='ltr'><strong>a</strong></span> <span class='ocrx_word' id='word_1_35' title='bbox 655 886 821 941; x_wconf 85' lang='lat' dir='ltr'><strong>sociis</strong></span> <span class='ocrx_word' id='word_1_36' title='bbox 849 893 903 939; x_wconf 90' lang='lat' dir='ltr'><strong>at</strong></span> <span class='ocrx_word' id='word_1_37' title='bbox 934 900 1043 939; x_wconf 90' lang='lat' dir='ltr'><strong>non</strong></span> <span class='ocrx_word' id='word_1_38' title='bbox 1071 883 1407 939; x_wconf 69' lang='lat' dir='ltr'><strong>discernitur</strong></span> <span class='ocrx_word' id='word_1_39' title='bbox 1432 884 1623 938; x_wconf 64' lang='lat' dir='ltr'><strong>aethra.</strong></span> 
     </span>
    </p>
   </div>
   <div class='ocr_carea' id='block_1_7' title="bbox 330 974 1868 1047">
    <p class='ocr_par' dir='ltr' id='par_1_7' title="bbox 330 974 1868 1047">
     <span class='ocr_line' id='line_1_7' title="bbox 330 974 1868 1047; baseline -0.002 -15"><span class='ocrx_word' id='word_1_40' title='bbox 330 978 688 1034; x_wconf 86' lang='lat' dir='ltr'><strong>Membrorum</strong></span> <span class='ocrx_word' id='word_1_41' title='bbox 722 978 893 1032; x_wconf 88' lang='lat' dir='ltr'><strong>Imma</strong></span> <span class='ocrx_word' id='word_1_42' title='bbox 921 976 1359 1047; x_wconf 74' lang='lat' dir='ltr'><strong>triumphantem</strong></span> <span class='ocrx_word' id='word_1_43' title='bbox 1379 974 1578 1031; x_wconf 84' lang='lat' dir='ltr'><strong>devota</strong></span> <span class='ocrx_word' id='word_1_44' title='bbox 1601 974 1868 1046; x_wconf 82' lang='lat' dir='ltr'><strong>sepultrix</strong></span> 
     </span>
    </p>
   </div>
   <div class='ocr_carea' id='block_1_8' title="bbox 1817 1097 2169 1153">
    <p class='ocr_par' dir='ltr' id='par_1_8' title="bbox 1817 1097 2169 1153">
     <span class='ocr_line' id='line_1_8' title="bbox 1817 1097 2169 1153; baseline 0 0"><span class='ocrx_word' id='word_1_45' title='bbox 1817 1097 2025 1153; x_wconf 86' lang='lat' dir='ltr'><strong>CAPUT</strong></span> <span class='ocrx_word' id='word_1_46' title='bbox 2076 1098 2169 1153; x_wconf 86' lang='grc' dir='ltr'><strong>ΙΙΙ.</strong></span> 
     </span>
    </p>
   </div>
   <div class='ocr_carea' id='block_1_9' title="bbox 1975 518 3521 593">
    <p class='ocr_par' dir='ltr' id='par_1_9' title="bbox 1975 518 3521 593">
     <span class='ocr_line' id='line_1_9' title="bbox 1975 518 3521 593; baseline 0.001 -20"><span class='ocrx_word' id='word_1_47' title='bbox 1975 528 2024 593; x_wconf 81' lang='grc' dir='ltr'><strong>Α</strong></span> <span class='ocrx_word' id='word_1_48' title='bbox 2048 519 2309 590; x_wconf 81' lang='lat' dir='ltr'><strong>Tegmine</strong></span> <span class='ocrx_word' id='word_1_49' title='bbox 2335 518 2567 591; x_wconf 89' lang='lat' dir='ltr'><strong>ciniphii</strong></span> <span class='ocrx_word' id='word_1_50' title='bbox 2597 534 2801 589; x_wconf 85' lang='lat' dir='ltr'><strong>corpus</strong></span> <span class='ocrx_word' id='word_1_51' title='bbox 2828 527 3081 575; x_wconf 88' lang='lat' dir='ltr'><strong>tenerum</strong></span> <span class='ocrx_word' id='word_1_52' title='bbox 3111 524 3331 591; x_wconf 82' lang='lat' dir='ltr'><strong>asperat</strong></span> <span class='ocrx_word' id='word_1_53' title='bbox 3359 519 3521 583; x_wconf 85' lang='lat' dir='ltr'><strong>hirci,</strong></span> 
     </span>
    </p>
   </div>
   <div class='ocr_carea' id='block_1_10' title="bbox 2049 612 3351 684">
    <p class='ocr_par' dir='ltr' id='par_1_10' title="bbox 2049 612 3351 684">
     <span class='ocr_line' id='line_1_10' title="bbox 2049 612 3351 684; baseline -0.001 -18"><span class='ocrx_word' id='word_1_54' title='bbox 2049 612 2226 684; x_wconf 81' lang='lat' dir='ltr'><strong>Atque</strong></span> <span class='ocrx_word' id='word_1_55' title='bbox 2256 612 2542 668; x_wconf 87' lang='lat' dir='ltr'><strong>beatorum</strong></span> <span class='ocrx_word' id='word_1_56' title='bbox 2570 612 2795 667; x_wconf 88' lang='lat' dir='ltr'><strong>tumulis</strong></span> <span class='ocrx_word' id='word_1_57' title='bbox 2823 618 3027 666; x_wconf 87' lang='lat' dir='ltr'><strong>astrata</strong></span> <span class='ocrx_word' id='word_1_58' title='bbox 3054 612 3351 676; x_wconf 86' lang='lat' dir='ltr'><strong>recumbit;</strong></span> 
     </span>
    </p>
   </div>
   <div class='ocr_carea' id='block_1_11' title="bbox 2050 699 3453 770">
    <p class='ocr_par' dir='ltr' id='par_1_11' title="bbox 2050 699 3453 770">
     <span class='ocr_line' id='line_1_11' title="bbox 2050 699 3453 770; baseline 0.001 -15"><span class='ocrx_word' id='word_1_59' title='bbox 2050 700 2270 755; x_wconf 90' lang='lat' dir='ltr'><strong>Obtinet</strong></span> <span class='ocrx_word' id='word_1_60' title='bbox 2300 717 2329 755; x_wconf 90' lang='lat' dir='ltr'><strong>a</strong></span> <span class='ocrx_word' id='word_1_61' title='bbox 2358 706 2547 755; x_wconf 89' lang='lat' dir='ltr'><strong>sancto</strong></span> <span class='ocrx_word' id='word_1_62' title='bbox 2578 700 2835 770; x_wconf 86' lang='lat' dir='ltr'><strong>precibus</strong></span> <span class='ocrx_word' id='word_1_63' title='bbox 2872 700 3004 755; x_wconf 89' lang='lat' dir='ltr'><strong>dum</strong></span> <span class='ocrx_word' id='word_1_64' title='bbox 3035 699 3272 769; x_wconf 59' lang='lat' dir='ltr'><strong>praesule</strong></span> <span class='ocrx_word' id='word_1_65' title='bbox 3301 701 3453 756; x_wconf 82' lang='lat' dir='ltr'><strong>Sixto</strong></span> 
     </span>
    </p>
   </div>
   <div class='ocr_carea' id='block_1_12' title="bbox 2052 789 3273 861">
    <p class='ocr_par' dir='ltr' id='par_1_12' title="bbox 2052 789 3273 861">
     <span class='ocr_line' id='line_1_12' title="bbox 2052 789 3273 861; baseline 0.002 -18"><span class='ocrx_word' id='word_1_66' title='bbox 2052 790 2177 844; x_wconf 64' lang='lat' dir='ltr'><strong>Haec</strong></span> <span class='ocrx_word' id='word_1_67' title='bbox 2197 790 2252 843; x_wconf 89' lang='lat' dir='ltr'><strong>in</strong></span> <span class='ocrx_word' id='word_1_68' title='bbox 2279 805 2406 843; x_wconf 89' lang='lat' dir='ltr'><strong>rura</strong></span> <span class='ocrx_word' id='word_1_69' title='bbox 2426 789 2548 844; x_wconf 89' lang='lat' dir='ltr'><strong>loco</strong></span> <span class='ocrx_word' id='word_1_70' title='bbox 2579 796 2826 847; x_wconf 89' lang='lat' dir='ltr'><strong>sacretur</strong></span> <span class='ocrx_word' id='word_1_71' title='bbox 2853 789 3150 861; x_wconf 87' lang='lat' dir='ltr'><strong>episcopus</strong></span> <span class='ocrx_word' id='word_1_72' title='bbox 3180 789 3273 846; x_wconf 93' lang='lat' dir='ltr'><strong>illo</strong></span> 
     </span>
    </p>
   </div>
   <div class='ocr_carea' id='block_1_13' title="bbox 2047 878 3489 952">
    <p class='ocr_par' dir='ltr' id='par_1_13' title="bbox 2047 878 3489 952">
     <span class='ocr_line' id='line_1_13' title="bbox 2047 878 3489 952; baseline 0 -19"><span class='ocrx_word' id='word_1_73' title='bbox 2047 878 2372 950; x_wconf 86' lang='lat' dir='ltr'><strong>Martyribus</strong></span> <span class='ocrx_word' id='word_1_74' title='bbox 2401 878 2630 952; x_wconf 87' lang='lat' dir='ltr'><strong>dignum</strong></span> <span class='ocrx_word' id='word_1_75' title='bbox 2663 886 2788 949; x_wconf 90' lang='lat' dir='ltr'><strong>post</strong></span> <span class='ocrx_word' id='word_1_76' title='bbox 2814 878 3161 935; x_wconf 76' lang='lat' dir='ltr'><strong>exhibiturus</strong></span> <span class='ocrx_word' id='word_1_77' title='bbox 3190 880 3489 943; x_wconf 83' lang='lat' dir='ltr'><strong>honorem;</strong></span> 
     </span>
    </p>
   </div>
   <div class='ocr_carea' id='block_1_14' title="bbox 2049 972 3377 1043">
    <p class='ocr_par' dir='ltr' id='par_1_14' title="bbox 2049 972 3377 1043">
     <span class='ocr_line' id='line_1_14' title="bbox 2049 972 3377 1043; baseline 0.002 -16"><span class='ocrx_word' id='word_1_78' title='bbox 2049 972 2373 1029; x_wconf 84' lang='lat' dir='ltr'><strong>Pontiﬁcem</strong></span> <span class='ocrx_word' id='word_1_79' title='bbox 2394 972 2475 1030; x_wconf 90' lang='lat' dir='ltr'><strong>sic</strong></span> <span class='ocrx_word' id='word_1_80' title='bbox 2504 973 2633 1028; x_wconf 89' lang='lat' dir='ltr'><strong>inde</strong></span> <span class='ocrx_word' id='word_1_81' title='bbox 2652 973 2807 1029; x_wconf 89' lang='lat' dir='ltr'><strong>locus</strong></span> <span class='ocrx_word' id='word_1_82' title='bbox 2830 979 3132 1030; x_wconf 88' lang='lat' dir='ltr'><strong>consuetus</strong></span> <span class='ocrx_word' id='word_1_83' title='bbox 3152 974 3377 1043; x_wconf 85' lang='lat' dir='ltr'><strong>habere.</strong></span> 
     </span>
    </p>
   </div>
   <div class='ocr_carea' id='block_1_15' title="bbox 1159 1200 2837 1278">
    <p class='ocr_par' dir='ltr' id='par_1_15' title="bbox 1159 1200 2837 1278">
     <span class='ocr_line' id='line_1_15' title="bbox 1159 1200 2837 1278; baseline -0.001 -18"><span class='ocrx_word' id='word_1_84' title='bbox 1159 1202 1235 1260; x_wconf 89' lang='lat' dir='ltr'><strong>De</strong></span> <span class='ocrx_word' id='word_1_85' title='bbox 1270 1201 1567 1262; x_wconf 77' lang='lat' dir='ltr'><strong>relatione</strong></span> <span class='ocrx_word' id='word_1_86' title='bbox 1595 1200 1798 1261; x_wconf 73' lang='lat' dir='ltr'><strong>Plinii</strong></span> <span class='ocrx_word' id='word_1_87' title='bbox 1825 1207 1877 1259; x_wconf 85' lang='lat' dir='ltr'><strong>et</strong></span> <span class='ocrx_word' id='word_1_88' title='bbox 1907 1201 2143 1260; x_wconf 73' lang='lat' dir='ltr'><strong>ultione</strong></span> <span class='ocrx_word' id='word_1_89' title='bbox 2173 1201 2360 1259; x_wconf 44' lang='lat' dir='ltr'><strong>tertiae</strong></span> <span class='ocrx_word' id='word_1_90' title='bbox 2380 1201 2837 1278; x_wconf 74' lang='lat' dir='ltr'><strong>persecutionis.</strong></span> 
     </span>
    </p>
   </div>
   <div class='ocr_carea' id='block_1_16' title="bbox 324 1339 1731 1411">
    <p class='ocr_par' dir='ltr' id='par_1_16' title="bbox 324 1339 1731 1411">
     <span class='ocr_line' id='line_1_16' title="bbox 324 1339 1731 1411; baseline -0.001 -17"><span class='ocrx_word' id='word_1_91' title='bbox 324 1339 573 1411; x_wconf 87' lang='lat' dir='ltr'><strong>Denique</strong></span> <span class='ocrx_word' id='word_1_92' title='bbox 602 1348 657 1395; x_wconf 92' lang='lat' dir='ltr'><strong>et</strong></span> <span class='ocrx_word' id='word_1_93' title='bbox 685 1340 775 1396; x_wconf 91' lang='lat' dir='ltr'><strong>hic</strong></span> <span class='ocrx_word' id='word_1_94' title='bbox 803 1341 991 1411; x_wconf 88' lang='lat' dir='ltr'><strong>plures</strong></span> <span class='ocrx_word' id='word_1_95' title='bbox 1018 1341 1185 1397; x_wconf 88' lang='lat' dir='ltr'><strong>variis</strong></span> <span class='ocrx_word' id='word_1_96' title='bbox 1210 1349 1265 1396; x_wconf 87' lang='lat' dir='ltr'><strong>et</strong></span> <span class='ocrx_word' id='word_1_97' title='bbox 1292 1340 1543 1411; x_wconf 88' lang='lat' dir='ltr'><strong>partibus</strong></span> <span class='ocrx_word' id='word_1_98' title='bbox 1580 1339 1731 1396; x_wconf 84' lang='lat' dir='ltr'><strong>orbis</strong></span> 
     </span>
    </p>
   </div>
   <div class='ocr_carea' id='block_1_17' title="bbox 322 1429 1871 1503">
    <p class='ocr_par' dir='ltr' id='par_1_17' title="bbox 322 1429 1871 1503">
     <span class='ocr_line' id='line_1_17' title="bbox 322 1429 1871 1503; baseline 0 -20"><span class='ocrx_word' id='word_1_99' title='bbox 322 1430 673 1500; x_wconf 82' lang='lat' dir='ltr'><strong>Tempestate</strong></span> <span class='ocrx_word' id='word_1_100' title='bbox 700 1430 803 1484; x_wconf 91' lang='lat' dir='ltr'><strong>sub</strong></span> <span class='ocrx_word' id='word_1_101' title='bbox 843 1432 947 1486; x_wconf 89' lang='lat' dir='ltr'><strong>hac</strong></span> <span class='ocrx_word' id='word_1_102' title='bbox 977 1431 1259 1486; x_wconf 84' lang='lat' dir='ltr'><strong>terrestria</strong></span> <span class='ocrx_word' id='word_1_103' title='bbox 1288 1446 1459 1503; x_wconf 80' lang='lat' dir='ltr'><strong>regna</strong></span> <span class='ocrx_word' id='word_1_104' title='bbox 1490 1429 1871 1500; x_wconf 82' lang='lat' dir='ltr'><strong>triumphant;</strong></span> 
     </span>
    </p>
   </div>
   <div class='ocr_carea' id='block_1_18' title="bbox 323 1521 1625 1593">
    <p class='ocr_par' dir='ltr' id='par_1_18' title="bbox 323 1521 1625 1593">
     <span class='ocr_line' id='line_1_18' title="bbox 323 1521 1625 1593; baseline 0.001 -18"><span class='ocrx_word' id='word_1_105' title='bbox 323 1521 628 1576; x_wconf 85' lang='lat' dir='ltr'><strong>Funeribus</strong></span> <span class='ocrx_word' id='word_1_106' title='bbox 655 1537 890 1593; x_wconf 91' lang='lat' dir='ltr'><strong>quorum</strong></span> <span class='ocrx_word' id='word_1_107' title='bbox 915 1529 1196 1592; x_wconf 91' lang='lat' dir='ltr'><strong>permotus</strong></span> <span class='ocrx_word' id='word_1_108' title='bbox 1237 1521 1450 1576; x_wconf 89' lang='lat' dir='ltr'><strong>Plinius</strong></span> <span class='ocrx_word' id='word_1_109' title='bbox 1479 1537 1625 1576; x_wconf 89' lang='lat' dir='ltr'><strong>unus</strong></span> 
     </span>
    </p>
   </div>
   <div class='ocr_carea' id='block_1_19' title="bbox 324 1612 1553 1687">
    <p class='ocr_par' dir='ltr' id='par_1_19' title="bbox 324 1612 1553 1687">
     <span class='ocr_line' id='line_1_19' title="bbox 324 1612 1553 1687; baseline 0 -21"><span class='ocrx_word' id='word_1_110' title='bbox 324 1612 581 1668; x_wconf 70' lang='lat' dir='ltr'><strong>Ecclesiae</strong></span> <span class='ocrx_word' id='word_1_111' title='bbox 609 1620 937 1669; x_wconf 82' lang='lat' dir='ltr'><strong>vastatorem</strong></span> <span class='ocrx_word' id='word_1_112' title='bbox 968 1612 1072 1668; x_wconf 87' lang='lat' dir='ltr'><strong>fert</strong></span> <span class='ocrx_word' id='word_1_113' title='bbox 1099 1621 1316 1684; x_wconf 81' lang='lat' dir='ltr'><strong>sceptra</strong></span> <span class='ocrx_word' id='word_1_114' title='bbox 1337 1613 1553 1687; x_wconf 89' lang='lat' dir='ltr'><strong>regenti</strong></span> 
     </span>
    </p>
   </div>
   <div class='ocr_carea' id='block_1_20' title="bbox 321 1700 1772 1769">
    <p class='ocr_par' dir='ltr' id='par_1_20' title="bbox 321 1700 1772 1769">
     <span class='ocr_line' id='line_1_20' title="bbox 321 1700 1772 1769; baseline 0.002 -15"><span class='ocrx_word' id='word_1_115' title='bbox 321 1700 552 1769; x_wconf 91' lang='lat' dir='ltr'><strong>Trajano</strong></span> <span class='ocrx_word' id='word_1_116' title='bbox 583 1702 861 1757; x_wconf 90' lang='lat' dir='ltr'><strong>monitus:</strong></span> <span class='ocrx_word' id='word_1_117' title='bbox 908 1723 934 1753; x_wconf 81' lang='grc' dir='ltr'><strong>α</strong></span> <span class='ocrx_word' id='word_1_118' title='bbox 978 1702 1271 1758; x_wconf 86' lang='lat' dir='ltr'><strong>Hominum</strong></span> <span class='ocrx_word' id='word_1_119' title='bbox 1307 1702 1596 1757; x_wconf 91' lang='lat' dir='ltr'><strong>mitissima</strong></span> <span class='ocrx_word' id='word_1_120' title='bbox 1625 1716 1772 1757; x_wconf 68' lang='lat' dir='ltr'><strong>saevo</strong></span> 
     </span>
    </p>
   </div>
   <div class='ocr_carea' id='block_1_21' title="bbox 321 1792 1505 1865">
    <p class='ocr_par' dir='ltr' id='par_1_21' title="bbox 321 1792 1505 1865">
     <span class='ocr_line' id='line_1_21' title="bbox 321 1792 1505 1865; baseline 0.001 -16"><span class='ocrx_word' id='word_1_121' title='bbox 321 1792 480 1849; x_wconf 89' lang='lat' dir='ltr'><strong>Omni</strong></span> <span class='ocrx_word' id='word_1_122' title='bbox 513 1809 653 1865; x_wconf 90' lang='lat' dir='ltr'><strong>pene</strong></span> <span class='ocrx_word' id='word_1_123' title='bbox 682 1794 772 1850; x_wconf 93' lang='lat' dir='ltr'><strong>die</strong></span> <span class='ocrx_word' id='word_1_124' title='bbox 810 1805 1035 1853; x_wconf 83' lang='lat' dir='ltr'><strong>ruerent</strong></span> <span class='ocrx_word' id='word_1_125' title='bbox 1063 1803 1124 1850; x_wconf 93' lang='lat' dir='ltr'><strong>ut</strong></span> <span class='ocrx_word' id='word_1_126' title='bbox 1152 1794 1328 1850; x_wconf 86' lang='lat' dir='ltr'><strong>millia</strong></span> <span class='ocrx_word' id='word_1_127' title='bbox 1360 1793 1505 1850; x_wconf 89' lang='lat' dir='ltr'><strong>ferro</strong></span> 
     </span>
    </p>
   </div>
   <div class='ocr_carea' id='block_1_22' title="bbox 322 1882 1692 1958">
    <p class='ocr_par' dir='ltr' id='par_1_22' title="bbox 322 1882 1692 1958">
     <span class='ocr_line' id='line_1_22' title="bbox 322 1882 1692 1958; baseline 0.002 -23"><span class='ocrx_word' id='word_1_128' title='bbox 322 1882 406 1936; x_wconf 85' lang='lat' dir='ltr'><strong>Nil</strong></span> <span class='ocrx_word' id='word_1_129' title='bbox 431 1890 622 1939; x_wconf 89' lang='lat' dir='ltr'><strong>contra</strong></span> <span class='ocrx_word' id='word_1_130' title='bbox 654 1885 807 1958; x_wconf 86' lang='lat' dir='ltr'><strong>leges</strong></span> <span class='ocrx_word' id='word_1_131' title='bbox 835 1885 1191 1956; x_wconf 85' lang='lat' dir='ltr'><strong>Romanaque</strong></span> <span class='ocrx_word' id='word_1_132' title='bbox 1217 1885 1342 1954; x_wconf 86' lang='lat' dir='ltr'><strong>jura</strong></span> <span class='ocrx_word' id='word_1_133' title='bbox 1379 1892 1692 1958; x_wconf 76' lang='lat' dir='ltr'><strong>gerentum,</strong></span> 
     </span>
    </p>
   </div>
   <div class='ocr_carea' id='block_1_23' title="bbox 319 1971 1714 2045">
    <p class='ocr_par' dir='ltr' id='par_1_23' title="bbox 319 1971 1714 2045">
     <span class='ocr_line' id='line_1_23' title="bbox 319 1971 1714 2045; baseline 0.001 -20"><span class='ocrx_word' id='word_1_134' title='bbox 319 1971 432 2027; x_wconf 88' lang='lat' dir='ltr'><strong>Nec</strong></span> <span class='ocrx_word' id='word_1_135' title='bbox 454 1973 681 2029; x_wconf 88' lang='lat' dir='ltr'><strong>sceleris</strong></span> <span class='ocrx_word' id='word_1_136' title='bbox 702 1989 838 2028; x_wconf 90' lang='lat' dir='ltr'><strong>nece</strong></span> <span class='ocrx_word' id='word_1_137' title='bbox 864 1973 1143 2045; x_wconf 89' lang='lat' dir='ltr'><strong>plectendi</strong></span> <span class='ocrx_word' id='word_1_138' title='bbox 1171 1973 1443 2044; x_wconf 88' lang='lat' dir='ltr'><strong>cujusque</strong></span> <span class='ocrx_word' id='word_1_139' title='bbox 1474 1989 1714 2039; x_wconf 91' lang='lat' dir='ltr'><strong>reorum,</strong></span> 
     </span>
    </p>
   </div>
   <div class='ocr_carea' id='block_1_24' title="bbox 321 2063 1841 2137">
    <p class='ocr_par' dir='ltr' id='par_1_24' title="bbox 321 2063 1841 2137">
     <span class='ocr_line' id='line_1_24' title="bbox 321 2063 1841 2137; baseline 0 -19"><span class='ocrx_word' id='word_1_140' title='bbox 321 2063 596 2121; x_wconf 88' lang='lat' dir='ltr'><strong>NiChristi</strong></span> <span class='ocrx_word' id='word_1_141' title='bbox 626 2082 727 2136; x_wconf 92' lang='lat' dir='ltr'><strong>pro</strong></span> <span class='ocrx_word' id='word_1_142' title='bbox 751 2066 911 2120; x_wconf 91' lang='lat' dir='ltr'><strong>laude</strong></span> <span class='ocrx_word' id='word_1_143' title='bbox 943 2066 1064 2133; x_wconf 90' lang='lat' dir='ltr'><strong>Dei,</strong></span> <span class='ocrx_word' id='word_1_144' title='bbox 1091 2073 1146 2120; x_wconf 93' lang='lat' dir='ltr'><strong>et</strong></span> <span class='ocrx_word' id='word_1_145' title='bbox 1175 2066 1542 2122; x_wconf 83' lang='lat' dir='ltr'><strong>conventibus</strong></span> <span class='ocrx_word' id='word_1_146' title='bbox 1571 2065 1767 2137; x_wconf 66' lang='lat' dir='ltr'><strong>aequis.</strong></span> <span class='ocrx_word' id='word_1_147' title='bbox 1817 2090 1841 2112; x_wconf 77' lang='grc' dir='ltr'><strong>ιι</strong></span> 
     </span>
    </p>
   </div>
   <div class='ocr_carea' id='block_1_25' title="bbox 2044 1338 3428 1407">
    <p class='ocr_par' dir='ltr' id='par_1_25' title="bbox 2044 1338 3428 1407">
     <span class='ocr_line' id='line_1_25' title="bbox 2044 1338 3428 1407; baseline 0.002 -14"><span class='ocrx_word' id='word_1_148' title='bbox 2044 1339 2185 1395; x_wconf 87' lang='lat' dir='ltr'><strong>Dum</strong></span> <span class='ocrx_word' id='word_1_149' title='bbox 2204 1338 2327 1395; x_wconf 68' lang='lat' dir='ltr'><strong>caeli</strong></span> <span class='ocrx_word' id='word_1_150' title='bbox 2362 1338 2623 1407; x_wconf 86' lang='lat' dir='ltr'><strong>flammis,</strong></span> <span class='ocrx_word' id='word_1_151' title='bbox 2658 1340 2875 1396; x_wconf 88' lang='lat' dir='ltr'><strong>cineres</strong></span> <span class='ocrx_word' id='word_1_152' title='bbox 2902 1340 3155 1396; x_wconf 89' lang='lat' dir='ltr'><strong>consedit</strong></span> <span class='ocrx_word' id='word_1_153' title='bbox 3184 1341 3240 1396; x_wconf 90' lang='lat' dir='ltr'><strong>in</strong></span> <span class='ocrx_word' id='word_1_154' title='bbox 3270 1341 3428 1396; x_wconf 90' lang='lat' dir='ltr'><strong>imos.</strong></span> 
     </span>
    </p>
   </div>
   <div class='ocr_carea' id='block_1_26' title="bbox 2046 1428 3380 1502">
    <p class='ocr_par' dir='ltr' id='par_1_26' title="bbox 2046 1428 3380 1502">
     <span class='ocr_line' id='line_1_26' title="bbox 2046 1428 3380 1502; baseline 0.002 -20"><span class='ocrx_word' id='word_1_155' title='bbox 2046 1428 2165 1483; x_wconf 82' lang='lat' dir='ltr'><strong>Mox</strong></span> <span class='ocrx_word' id='word_1_156' title='bbox 2194 1428 2426 1484; x_wconf 82' lang='lat' dir='ltr'><strong>Romani</strong></span> <span class='ocrx_word' id='word_1_157' title='bbox 2447 1428 2601 1484; x_wconf 89' lang='lat' dir='ltr'><strong>orbis</strong></span> <span class='ocrx_word' id='word_1_158' title='bbox 2623 1429 2744 1485; x_wconf 87' lang='lat' dir='ltr'><strong>loca</strong></span> <span class='ocrx_word' id='word_1_159' title='bbox 2765 1430 2979 1485; x_wconf 86' lang='lat' dir='ltr'><strong>telluris</strong></span> <span class='ocrx_word' id='word_1_160' title='bbox 3007 1430 3110 1485; x_wconf 89' lang='lat' dir='ltr'><strong>tria</strong></span> <span class='ocrx_word' id='word_1_161' title='bbox 3125 1430 3380 1502; x_wconf 63' lang='lat' dir='ltr'><strong>quaedam</strong></span> 
     </span>
    </p>
   </div>
   <div class='ocr_carea' id='block_1_27' title="bbox 2046 1519 3366 1588">
    <p class='ocr_par' dir='ltr' id='par_1_27' title="bbox 2046 1519 3366 1588">
     <span class='ocr_line' id='line_1_27' title="bbox 2046 1519 3366 1588; baseline 0.002 -15"><span class='ocrx_word' id='word_1_162' title='bbox 2046 1519 2315 1574; x_wconf 85' lang='lat' dir='ltr'><strong>Funditus</strong></span> <span class='ocrx_word' id='word_1_163' title='bbox 2342 1520 2607 1575; x_wconf 88' lang='lat' dir='ltr'><strong>absiliunt</strong></span> <span class='ocrx_word' id='word_1_164' title='bbox 2632 1520 2770 1576; x_wconf 64' lang='lat' dir='ltr'><strong>Asiae</strong></span> <span class='ocrx_word' id='word_1_165' title='bbox 2795 1537 3064 1577; x_wconf 90' lang='lat' dir='ltr'><strong>concussa</strong></span> <span class='ocrx_word' id='word_1_166' title='bbox 3093 1530 3366 1588; x_wconf 87' lang='lat' dir='ltr'><strong>tremore;</strong></span> 
     </span>
    </p>
   </div>
   <div class='ocr_carea' id='block_1_28' title="bbox 2048 1610 3424 1683">
    <p class='ocr_par' dir='ltr' id='par_1_28' title="bbox 2048 1610 3424 1683">
     <span class='ocr_line' id='line_1_28' title="bbox 2048 1610 3424 1683; baseline 0 -17"><span class='ocrx_word' id='word_1_167' title='bbox 2048 1610 2313 1675; x_wconf 84' lang='lat' dir='ltr'><strong>Quattuor</strong></span> <span class='ocrx_word' id='word_1_168' title='bbox 2340 1627 2641 1683; x_wconf 65' lang='lat' dir='ltr'><strong>exaequans</strong></span> <span class='ocrx_word' id='word_1_169' title='bbox 2669 1612 2833 1667; x_wconf 86' lang='lat' dir='ltr'><strong>tellus</strong></span> <span class='ocrx_word' id='word_1_170' title='bbox 2861 1612 2968 1667; x_wconf 91' lang='lat' dir='ltr'><strong>sibi</strong></span> <span class='ocrx_word' id='word_1_171' title='bbox 2995 1612 3213 1667; x_wconf 89' lang='lat' dir='ltr'><strong>subruit</strong></span> <span class='ocrx_word' id='word_1_172' title='bbox 3236 1612 3424 1668; x_wconf 90' lang='lat' dir='ltr'><strong>urbes.</strong></span> 
     </span>
    </p>
   </div>
   <div class='ocr_carea' id='block_1_29' title="bbox 1974 1703 3455 1803">
    <p class='ocr_par' dir='ltr' id='par_1_29' title="bbox 1974 1703 3455 1803">
     <span class='ocr_line' id='line_1_29' title="bbox 1974 1703 3455 1803; baseline 0.001 -46"><span class='ocrx_word' id='word_1_173' title='bbox 1974 1735 2021 1803; x_wconf 79' lang='grc' dir='ltr'>Β</span> <span class='ocrx_word' id='word_1_174' title='bbox 2048 1703 2253 1757; x_wconf 67' lang='lat' dir='ltr'><strong>Graecia</strong></span> <span class='ocrx_word' id='word_1_175' title='bbox 2284 1718 2394 1773; x_wconf 89' lang='lat' dir='ltr'><strong>quo</strong></span> <span class='ocrx_word' id='word_1_176' title='bbox 2421 1703 2673 1777; x_wconf 86' lang='lat' dir='ltr'><strong>geminas</strong></span> <span class='ocrx_word' id='word_1_177' title='bbox 2701 1713 2873 1768; x_wconf 90' lang='lat' dir='ltr'><strong>motu,</strong></span> <span class='ocrx_word' id='word_1_178' title='bbox 2907 1720 3018 1776; x_wconf 92' lang='lat' dir='ltr'><strong>quo</strong></span> <span class='ocrx_word' id='word_1_179' title='bbox 3046 1704 3219 1759; x_wconf 86' lang='lat' dir='ltr'><strong>Gallia</strong></span> <span class='ocrx_word' id='word_1_180' title='bbox 3251 1704 3455 1776; x_wconf 90' lang='lat' dir='ltr'><strong>perdit,</strong></span> 
     </span>
    </p>
   </div>
   <div class='ocr_carea' id='block_1_30' title="bbox 2045 1793 3482 1865">
    <p class='ocr_par' dir='ltr' id='par_1_30' title="bbox 2045 1793 3482 1865">
     <span class='ocr_line' id='line_1_30' title="bbox 2045 1793 3482 1865; baseline 0 -19"><span class='ocrx_word' id='word_1_181' title='bbox 2045 1793 2407 1865; x_wconf 87' lang='lat' dir='ltr'><strong>Antiochique</strong></span> <span class='ocrx_word' id='word_1_182' title='bbox 2438 1795 2585 1865; x_wconf 73' lang='lat' dir='ltr'><strong>Syrae</strong></span> <span class='ocrx_word' id='word_1_183' title='bbox 2626 1809 2754 1864; x_wconf 89' lang='lat' dir='ltr'><strong>pars</strong></span> <span class='ocrx_word' id='word_1_184' title='bbox 2772 1793 3009 1848; x_wconf 80' lang='lat' dir='ltr'><strong>maxima</strong></span> <span class='ocrx_word' id='word_1_185' title='bbox 3038 1794 3283 1850; x_wconf 90' lang='lat' dir='ltr'><strong>concidit</strong></span> <span class='ocrx_word' id='word_1_186' title='bbox 3307 1794 3482 1849; x_wconf 89' lang='lat' dir='ltr'><strong>urbis.</strong></span> 
     </span>
    </p>
   </div>
   <div class='ocr_carea' id='block_1_31' title="bbox 2044 1884 3600 1956">
    <p class='ocr_par' dir='ltr' id='par_1_31' title="bbox 2044 1884 3600 1956">
     <span class='ocr_line' id='line_1_31' title="bbox 2044 1884 3600 1956; baseline 0.001 -19"><span class='ocrx_word' id='word_1_187' title='bbox 2044 1884 2155 1939; x_wconf 92' lang='lat' dir='ltr'><strong>Nec</strong></span> <span class='ocrx_word' id='word_1_188' title='bbox 2175 1884 2347 1939; x_wconf 89' lang='lat' dir='ltr'><strong>solam</strong></span> <span class='ocrx_word' id='word_1_189' title='bbox 2374 1885 2496 1939; x_wconf 58' lang='lat' dir='ltr'><strong>haec</strong></span> <span class='ocrx_word' id='word_1_190' title='bbox 2526 1884 2801 1950; x_wconf 86' lang='lat' dir='ltr'><strong>homines,</strong></span> <span class='ocrx_word' id='word_1_191' title='bbox 2831 1884 2966 1956; x_wconf 92' lang='lat' dir='ltr'><strong>quin</strong></span> <span class='ocrx_word' id='word_1_192' title='bbox 2997 1884 3229 1955; x_wconf 89' lang='lat' dir='ltr'><strong>perculit</strong></span> <span class='ocrx_word' id='word_1_193' title='bbox 3255 1884 3391 1939; x_wconf 92' lang='lat' dir='ltr'><strong>ultio</strong></span> <span class='ocrx_word' id='word_1_194' title='bbox 3416 1884 3600 1951; x_wconf 90' lang='lat' dir='ltr'><strong>divos,</strong></span> 
     </span>
    </p>
   </div>
   <div class='ocr_carea' id='block_1_32' title="bbox 2047 1974 3595 2047">
    <p class='ocr_par' dir='ltr' id='par_1_32' title="bbox 2047 1974 3595 2047">
     <span class='ocr_line' id='line_1_32' title="bbox 2047 1974 3595 2047; baseline 0.001 -18"><span class='ocrx_word' id='word_1_195' title='bbox 2047 1976 2182 2030; x_wconf 90' lang='lat' dir='ltr'><strong>Dum</strong></span> <span class='ocrx_word' id='word_1_196' title='bbox 2213 1974 2370 2046; x_wconf 84' lang='lat' dir='ltr'><strong>quasi</strong></span> <span class='ocrx_word' id='word_1_197' title='bbox 2393 1982 2714 2031; x_wconf 89' lang='lat' dir='ltr'><strong>cunctorum</strong></span> <span class='ocrx_word' id='word_1_198' title='bbox 2737 1977 2987 2047; x_wconf 55' lang='lat' dir='ltr'><strong>quadam</strong></span> <span class='ocrx_word' id='word_1_199' title='bbox 3022 1976 3187 2031; x_wconf 91' lang='lat' dir='ltr'><strong>simul</strong></span> <span class='ocrx_word' id='word_1_200' title='bbox 3211 1977 3337 2031; x_wconf 87' lang='lat' dir='ltr'><strong>aula</strong></span> <span class='ocrx_word' id='word_1_201' title='bbox 3361 1977 3595 2032; x_wconf 90' lang='lat' dir='ltr'><strong>deorum</strong></span> 
     </span>
    </p>
   </div>
   <div class='ocr_carea' id='block_1_33' title="bbox 2046 2067 3286 2143">
    <p class='ocr_par' dir='ltr' id='par_1_33' title="bbox 2046 2067 3286 2143">
     <span class='ocr_line' id='line_1_33' title="bbox 2046 2067 3286 2143; baseline 0.002 -22"><span class='ocrx_word' id='word_1_202' title='bbox 2046 2067 2083 2121; x_wconf 83' lang='lat' dir='ltr'><strong>P</strong></span> <span class='ocrx_word' id='word_1_203' title='bbox 2101 2067 2332 2123; x_wconf 87' lang='lat' dir='ltr'><strong>mtheon</strong></span> <span class='ocrx_word' id='word_1_204' title='bbox 2361 2067 2546 2122; x_wconf 67' lang='lat' dir='ltr'><strong>Romae</strong></span> <span class='ocrx_word' id='word_1_205' title='bbox 2573 2067 2761 2122; x_wconf 87' lang='lat' dir='ltr'><strong>divino</strong></span> <span class='ocrx_word' id='word_1_206' title='bbox 2792 2068 3107 2124; x_wconf 89' lang='lat' dir='ltr'><strong>incenditur</strong></span> <span class='ocrx_word' id='word_1_207' title='bbox 3136 2069 3286 2143; x_wconf 83' lang='lat' dir='ltr'><strong>igne,</strong></span> 
     </span>
    </p>
   </div>
   <div class='ocr_carea' id='block_1_34' title="bbox 319 2155 3390 2229">
    <p class='ocr_par' dir='ltr' id='par_1_34' title="bbox 319 2155 3390 2229">
     <span class='ocr_line' id='line_1_34' title="bbox 319 2155 3390 2229; baseline 0 -17"><span class='ocrx_word' id='word_1_208' title='bbox 319 2157 594 2212; x_wconf 83' lang='lat' dir='ltr'><strong>Rescribit</strong></span> <span class='ocrx_word' id='word_1_209' title='bbox 631 2158 897 2226; x_wconf 89' lang='lat' dir='ltr'><strong>Trajanus</strong></span> <span class='ocrx_word' id='word_1_210' title='bbox 934 2158 1001 2213; x_wconf 88' lang='lat' dir='ltr'><strong>ad</strong></span> <span class='ocrx_word' id='word_1_211' title='bbox 1035 2159 1189 2213; x_wconf 70' lang='lat' dir='ltr'><strong>haec:</strong></span> <span class='ocrx_word' id='word_1_212' title='bbox 1239 2183 1261 2206; x_wconf 79' lang='grc' dir='ltr'>α</span> <span class='ocrx_word' id='word_1_213' title='bbox 1306 2159 1381 2213; x_wconf 88' lang='lat' dir='ltr'><strong>Ne</strong></span> <span class='ocrx_word' id='word_1_214' title='bbox 1420 2159 1657 2229; x_wconf 87' lang='lat' dir='ltr'><strong>quisque</strong></span> <span class='ocrx_word' id='word_1_215' title='bbox 1704 2158 1944 2229; x_wconf 87' lang='lat' dir='ltr'><strong>requirat</strong></span> <span class='ocrx_word' id='word_1_216' title='bbox 2046 2156 2198 2211; x_wconf 90' lang='lat' dir='ltr'><strong>Tunc</strong></span> <span class='ocrx_word' id='word_1_217' title='bbox 2224 2155 2393 2210; x_wconf 89' lang='lat' dir='ltr'><strong>veluti</strong></span> <span class='ocrx_word' id='word_1_218' title='bbox 2424 2156 2704 2227; x_wconf 91' lang='lat' dir='ltr'><strong>quondam</strong></span> <span class='ocrx_word' id='word_1_219' title='bbox 2736 2156 2989 2227; x_wconf 87' lang='lat' dir='ltr'><strong>ciniphes</strong></span> <span class='ocrx_word' id='word_1_220' title='bbox 3022 2157 3237 2212; x_wconf 89' lang='lat' dir='ltr'><strong>Pelusia</strong></span> <span class='ocrx_word' id='word_1_221' title='bbox 3263 2173 3390 2212; x_wconf 88' lang='lat' dir='ltr'><strong>rura</strong></span> 
     </span>
    </p>
   </div>
   <div class='ocr_carea' id='block_1_35' title="bbox 322 2244 1662 2318">
    <p class='ocr_par' dir='ltr' id='par_1_35' title="bbox 322 2244 1662 2318">
     <span class='ocr_line' id='line_1_35' title="bbox 322 2244 1662 2318; baseline 0.004 -20"><span class='ocrx_word' id='word_1_222' title='bbox 322 2244 675 2301; x_wconf 88' lang='lat' dir='ltr'><strong>Christicolas</strong></span> <span class='ocrx_word' id='word_1_223' title='bbox 695 2247 887 2315; x_wconf 89' lang='lat' dir='ltr'><strong>judex,</strong></span> <span class='ocrx_word' id='word_1_224' title='bbox 914 2253 969 2301; x_wconf 92' lang='lat' dir='ltr'><strong>at</strong></span> <span class='ocrx_word' id='word_1_225' title='bbox 997 2246 1191 2317; x_wconf 91' lang='lat' dir='ltr'><strong>puniat</strong></span> <span class='ocrx_word' id='word_1_226' title='bbox 1220 2254 1596 2318; x_wconf 80' lang='lat' dir='ltr'><strong>interceptos;</strong></span> <span class='ocrx_word' id='word_1_227' title='bbox 1638 2267 1662 2297; x_wconf 74' lang='grc' dir='ltr'><strong><em>ιι</em></strong></span> 
     </span>
    </p>
   </div>
   <div class='ocr_carea' id='block_1_36' title="bbox 320 2335 1545 2411">
    <p class='ocr_par' dir='ltr' id='par_1_36' title="bbox 320 2335 1545 2411">
     <span class='ocr_line' id='line_1_36' title="bbox 320 2335 1545 2411; baseline 0.002 -21"><span class='ocrx_word' id='word_1_228' title='bbox 320 2335 761 2408; x_wconf 87' lang='lat' dir='ltr'><strong>Semisoporatus</strong></span> <span class='ocrx_word' id='word_1_229' title='bbox 783 2338 1042 2409; x_wconf 87' lang='lat' dir='ltr'><strong>perquod</strong></span> <span class='ocrx_word' id='word_1_230' title='bbox 1068 2336 1371 2393; x_wconf 87' lang='lat' dir='ltr'><strong>ferventior</strong></span> <span class='ocrx_word' id='word_1_231' title='bbox 1403 2338 1545 2411; x_wconf 82' lang='lat' dir='ltr'><strong>ignis</strong></span> 
     </span>
    </p>
   </div>
   <div class='ocr_carea' id='block_1_37' title="bbox 324 2429 1770 2501">
    <p class='ocr_par' dir='ltr' id='par_1_37' title="bbox 324 2429 1770 2501">
     <span class='ocr_line' id='line_1_37' title="bbox 324 2429 1770 2501; baseline 0.005 -21"><span class='ocrx_word' id='word_1_232' title='bbox 324 2429 502 2496; x_wconf 89' lang='lat' dir='ltr'><strong>Visus,</strong></span> <span class='ocrx_word' id='word_1_233' title='bbox 533 2430 833 2486; x_wconf 89' lang='lat' dir='ltr'><strong>amicorum</strong></span> <span class='ocrx_word' id='word_1_234' title='bbox 862 2430 1079 2484; x_wconf 89' lang='lat' dir='ltr'><strong>insidiis</strong></span> <span class='ocrx_word' id='word_1_235' title='bbox 1104 2430 1250 2484; x_wconf 87' lang='lat' dir='ltr'><strong>haud</strong></span> <span class='ocrx_word' id='word_1_236' title='bbox 1276 2430 1501 2501; x_wconf 89' lang='lat' dir='ltr'><strong>dempta</strong></span> <span class='ocrx_word' id='word_1_237' title='bbox 1520 2430 1770 2498; x_wconf 85' lang='lat' dir='ltr'><strong>facultas,</strong></span> 
     </span>
    </p>
   </div>
   <div class='ocr_carea' id='block_1_38' title="bbox 328 2520 1577 2591">
    <p class='ocr_par' dir='ltr' id='par_1_38' title="bbox 328 2520 1577 2591">
     <span class='ocr_line' id='line_1_38' title="bbox 328 2520 1577 2591; baseline 0.002 -17"><span class='ocrx_word' id='word_1_238' title='bbox 328 2521 443 2574; x_wconf 91' lang='lat' dir='ltr'><strong>lmo</strong></span> <span class='ocrx_word' id='word_1_239' title='bbox 459 2521 601 2576; x_wconf 92' lang='lat' dir='ltr'><strong>dolis</strong></span> <span class='ocrx_word' id='word_1_240' title='bbox 636 2520 814 2575; x_wconf 87' lang='lat' dir='ltr'><strong>furum</strong></span> <span class='ocrx_word' id='word_1_241' title='bbox 835 2528 1104 2577; x_wconf 84' lang='lat' dir='ltr'><strong>vexantur</strong></span> <span class='ocrx_word' id='word_1_242' title='bbox 1131 2530 1311 2576; x_wconf 90' lang='lat' dir='ltr'><strong>castra</strong></span> <span class='ocrx_word' id='word_1_243' title='bbox 1341 2521 1577 2591; x_wconf 91' lang='lat' dir='ltr'><strong>piorum.</strong></span> 
     </span>
    </p>
   </div>
   <div class='ocr_carea' id='block_1_39' title="bbox 327 2609 1519 2684">
    <p class='ocr_par' dir='ltr' id='par_1_39' title="bbox 327 2609 1519 2684">
     <span class='ocr_line' id='line_1_39' title="bbox 327 2609 1519 2684; baseline 0.002 -21"><span class='ocrx_word' id='word_1_244' title='bbox 327 2610 393 2663; x_wconf 89' lang='lat' dir='ltr'><strong>At</strong></span> <span class='ocrx_word' id='word_1_245' title='bbox 418 2625 529 2664; x_wconf 89' lang='lat' dir='ltr'><strong>non</strong></span> <span class='ocrx_word' id='word_1_246' title='bbox 560 2609 650 2665; x_wconf 89' lang='lat' dir='ltr'><strong>ille</strong></span> <span class='ocrx_word' id='word_1_247' title='bbox 677 2610 870 2666; x_wconf 90' lang='lat' dir='ltr'><strong>oculus</strong></span> <span class='ocrx_word' id='word_1_248' title='bbox 885 2610 1015 2684; x_wconf 85' lang='lat' dir='ltr'><strong>vigil</strong></span> <span class='ocrx_word' id='word_1_249' title='bbox 1037 2610 1258 2666; x_wconf 88' lang='lat' dir='ltr'><strong>lsraelis</strong></span> <span class='ocrx_word' id='word_1_250' title='bbox 1287 2617 1519 2677; x_wconf 86' lang='lat' dir='ltr'><strong>amator,</strong></span> 
     </span>
    </p>
   </div>
   <div class='ocr_carea' id='block_1_40' title="bbox 331 2699 1555 2773">
    <p class='ocr_par' dir='ltr' id='par_1_40' title="bbox 331 2699 1555 2773">
     <span class='ocr_line' id='line_1_40' title="bbox 331 2699 1555 2773; baseline 0.001 -19"><span class='ocrx_word' id='word_1_251' title='bbox 331 2699 541 2770; x_wconf 88' lang='lat' dir='ltr'><strong>Pupilla</strong></span> <span class='ocrx_word' id='word_1_252' title='bbox 566 2700 806 2755; x_wconf 90' lang='lat' dir='ltr'><strong>obducta</strong></span> <span class='ocrx_word' id='word_1_253' title='bbox 843 2700 952 2773; x_wconf 84' lang='lat' dir='ltr'><strong>legi</strong></span> <span class='ocrx_word' id='word_1_254' title='bbox 983 2700 1130 2755; x_wconf 79' lang='lat' dir='ltr'><strong>favet</strong></span> <span class='ocrx_word' id='word_1_255' title='bbox 1153 2700 1295 2756; x_wconf 89' lang='lat' dir='ltr'><strong>altor</strong></span> <span class='ocrx_word' id='word_1_256' title='bbox 1324 2700 1555 2772; x_wconf 66' lang='lat' dir='ltr'><strong>iniqum,</strong></span> 
     </span>
    </p>
   </div>
   <div class='ocr_carea' id='block_1_41' title="bbox 330 2791 1595 2863">
    <p class='ocr_par' dir='ltr' id='par_1_41' title="bbox 330 2791 1595 2863">
     <span class='ocr_line' id='line_1_41' title="bbox 330 2791 1595 2863; baseline 0.003 -18"><span class='ocrx_word' id='word_1_257' title='bbox 330 2792 447 2847; x_wconf 94' lang='lat' dir='ltr'><strong>lmo</strong></span> <span class='ocrx_word' id='word_1_258' title='bbox 474 2791 589 2863; x_wconf 91' lang='lat' dir='ltr'><strong>pari</strong></span> <span class='ocrx_word' id='word_1_259' title='bbox 629 2792 810 2847; x_wconf 89' lang='lat' dir='ltr'><strong>rutilis</strong></span> <span class='ocrx_word' id='word_1_260' title='bbox 830 2808 1199 2862; x_wconf 84' lang='lat' dir='ltr'><strong>compensans</strong></span> <span class='ocrx_word' id='word_1_261' title='bbox 1228 2792 1416 2847; x_wconf 89' lang='lat' dir='ltr'><strong>omnia</strong></span> <span class='ocrx_word' id='word_1_262' title='bbox 1436 2792 1595 2849; x_wconf 86' lang='lat' dir='ltr'><strong>lance</strong></span> 
     </span>
    </p>
   </div>
   <div class='ocr_carea' id='block_1_42' title="bbox 333 2881 1622 2955">
    <p class='ocr_par' dir='ltr' id='par_1_42' title="bbox 333 2881 1622 2955">
     <span class='ocr_line' id='line_1_42' title="bbox 333 2881 1622 2955; baseline 0.002 -20"><span class='ocrx_word' id='word_1_263' title='bbox 333 2881 672 2952; x_wconf 69' lang='lat' dir='ltr'><strong>Praepollens</strong></span> <span class='ocrx_word' id='word_1_264' title='bbox 694 2882 932 2937; x_wconf 87' lang='lat' dir='ltr'><strong>auctoris</strong></span> <span class='ocrx_word' id='word_1_265' title='bbox 962 2897 1104 2952; x_wconf 91' lang='lat' dir='ltr'><strong>opus</strong></span> <span class='ocrx_word' id='word_1_266' title='bbox 1133 2883 1363 2955; x_wconf 88' lang='lat' dir='ltr'><strong>hujusce</strong></span> <span class='ocrx_word' id='word_1_267' title='bbox 1399 2882 1622 2938; x_wconf 85' lang='lat' dir='ltr'><strong>nefandi</strong></span> 
     </span>
    </p>
   </div>
   <div class='ocr_carea' id='block_1_43' title="bbox 334 2970 1672 3035">
    <p class='ocr_par' dir='ltr' id='par_1_43' title="bbox 334 2970 1672 3035">
     <span class='ocr_line' id='line_1_43' title="bbox 334 2970 1672 3035; baseline 0.001 -9"><span class='ocrx_word' id='word_1_268' title='bbox 334 2970 540 3027; x_wconf 84' lang='lat' dir='ltr'><strong>Evertit</strong></span> <span class='ocrx_word' id='word_1_269' title='bbox 578 2970 829 3035; x_wconf 88' lang='lat' dir='ltr'><strong>sceleris,</strong></span> <span class='ocrx_word' id='word_1_270' title='bbox 853 2971 1053 3027; x_wconf 90' lang='lat' dir='ltr'><strong>domus</strong></span> <span class='ocrx_word' id='word_1_271' title='bbox 1079 2987 1246 3027; x_wconf 90' lang='lat' dir='ltr'><strong>aurea</strong></span> <span class='ocrx_word' id='word_1_272' title='bbox 1274 2978 1417 3028; x_wconf 89' lang='lat' dir='ltr'><strong>tacta</strong></span> <span class='ocrx_word' id='word_1_273' title='bbox 1438 2971 1672 3029; x_wconf 85' lang='lat' dir='ltr'><strong>Neronis</strong></span> 
     </span>
    </p>
   </div>
   <div class='ocr_carea' id='block_1_44' title="bbox 2051 2244 3353 2322">
    <p class='ocr_par' dir='ltr' id='par_1_44' title="bbox 2051 2244 3353 2322">
     <span class='ocr_line' id='line_1_44' title="bbox 2051 2244 3353 2322; baseline 0.003 -24"><span class='ocrx_word' id='word_1_274' title='bbox 2051 2245 2287 2299; x_wconf 78' lang='lat' dir='ltr'><strong>Emersae</strong></span> <span class='ocrx_word' id='word_1_275' title='bbox 2318 2244 2522 2311; x_wconf 87' lang='lat' dir='ltr'><strong>subito,</strong></span> <span class='ocrx_word' id='word_1_276' title='bbox 2554 2254 2807 2316; x_wconf 88' lang='lat' dir='ltr'><strong>quateret</strong></span> <span class='ocrx_word' id='word_1_277' title='bbox 2828 2247 2958 2301; x_wconf 89' lang='lat' dir='ltr'><strong>dum</strong></span> <span class='ocrx_word' id='word_1_278' title='bbox 2983 2248 3143 2302; x_wconf 87' lang='lat' dir='ltr'><strong>tertia</strong></span> <span class='ocrx_word' id='word_1_279' title='bbox 3175 2247 3353 2322; x_wconf 85' lang='lat' dir='ltr'><strong>plaga,</strong></span> 
     </span>
    </p>
   </div>
   <div class='ocr_carea' id='block_1_45' title="bbox 2048 2336 3419 2407">
    <p class='ocr_par' dir='ltr' id='par_1_45' title="bbox 2048 2336 3419 2407">
     <span class='ocr_line' id='line_1_45' title="bbox 2048 2336 3419 2407; baseline 0.001 -17"><span class='ocrx_word' id='word_1_280' title='bbox 2048 2336 2174 2390; x_wconf 90' lang='lat' dir='ltr'><strong>Orta</strong></span> <span class='ocrx_word' id='word_1_281' title='bbox 2202 2336 2311 2390; x_wconf 89' lang='lat' dir='ltr'><strong>situ</strong></span> <span class='ocrx_word' id='word_1_282' title='bbox 2339 2342 2394 2391; x_wconf 90' lang='lat' dir='ltr'><strong>et</strong></span> <span class='ocrx_word' id='word_1_283' title='bbox 2434 2336 2710 2407; x_wconf 87' lang='lat' dir='ltr'><strong>squallore</strong></span> <span class='ocrx_word' id='word_1_284' title='bbox 2740 2337 2877 2392; x_wconf 90' lang='lat' dir='ltr'><strong>locis</strong></span> <span class='ocrx_word' id='word_1_285' title='bbox 2906 2337 3207 2393; x_wconf 85' lang='lat' dir='ltr'><strong>animantia</strong></span> <span class='ocrx_word' id='word_1_286' title='bbox 3236 2337 3419 2404; x_wconf 60' lang='lat' dir='ltr'><strong>foedis,</strong></span> 
     </span>
    </p>
   </div>
   <div class='ocr_carea' id='block_1_46' title="bbox 2048 2425 3602 2498">
    <p class='ocr_par' dir='ltr' id='par_1_46' title="bbox 2048 2425 3602 2498">
     <span class='ocr_line' id='line_1_46' title="bbox 2048 2425 3602 2498; baseline 0.001 -19"><span class='ocrx_word' id='word_1_287' title='bbox 2048 2425 2221 2480; x_wconf 89' lang='lat' dir='ltr'><strong>Omne</strong></span> <span class='ocrx_word' id='word_1_288' title='bbox 2248 2441 2426 2494; x_wconf 81' lang='lat' dir='ltr'><strong>genus</strong></span> <span class='ocrx_word' id='word_1_289' title='bbox 2445 2425 2728 2480; x_wconf 88' lang='lat' dir='ltr'><strong>hominum</strong></span> <span class='ocrx_word' id='word_1_290' title='bbox 2754 2434 2907 2481; x_wconf 87' lang='lat' dir='ltr'><strong>sueta</strong></span> <span class='ocrx_word' id='word_1_291' title='bbox 2927 2443 2991 2482; x_wconf 86' lang='lat' dir='ltr'><strong>ac</strong></span> <span class='ocrx_word' id='word_1_292' title='bbox 3012 2443 3183 2498; x_wconf 87' lang='lat' dir='ltr'><strong>pecus</strong></span> <span class='ocrx_word' id='word_1_293' title='bbox 3209 2443 3369 2482; x_wconf 90' lang='lat' dir='ltr'><strong>urere</strong></span> <span class='ocrx_word' id='word_1_294' title='bbox 3389 2442 3602 2493; x_wconf 87' lang='lat' dir='ltr'><strong>morsu,</strong></span> 
     </span>
    </p>
   </div>
   <div class='ocr_carea' id='block_1_47' title="bbox 2050 2517 3250 2573">
    <p class='ocr_par' dir='ltr' id='par_1_47' title="bbox 2050 2517 3250 2573">
     <span class='ocr_line' id='line_1_47' title="bbox 2050 2517 3250 2573; baseline 0.002 -3"><span class='ocrx_word' id='word_1_295' title='bbox 2050 2517 2331 2572; x_wconf 89' lang='lat' dir='ltr'><strong>Densatim</strong></span> <span class='ocrx_word' id='word_1_296' title='bbox 2363 2532 2539 2572; x_wconf 66' lang='lat' dir='ltr'><strong>smvos</strong></span> <span class='ocrx_word' id='word_1_297' title='bbox 2568 2517 2624 2571; x_wconf 91' lang='lat' dir='ltr'><strong>in</strong></span> <span class='ocrx_word' id='word_1_298' title='bbox 2656 2517 2942 2573; x_wconf 89' lang='lat' dir='ltr'><strong>vibravere</strong></span> <span class='ocrx_word' id='word_1_299' title='bbox 2980 2520 3250 2573; x_wconf 90' lang='lat' dir='ltr'><strong>colonos:</strong></span> 
     </span>
    </p>
   </div>
   <div class='ocr_carea' id='block_1_48' title="bbox 2048 2611 3171 2683">
    <p class='ocr_par' dir='ltr' id='par_1_48' title="bbox 2048 2611 3171 2683">
     <span class='ocr_line' id='line_1_48' title="bbox 2048 2611 3171 2683; baseline 0.003 -18"><span class='ocrx_word' id='word_1_300' title='bbox 2048 2612 2223 2667; x_wconf 68' lang='lat' dir='ltr'><strong>Judaei</strong></span> <span class='ocrx_word' id='word_1_301' title='bbox 2249 2612 2416 2667; x_wconf 88' lang='lat' dir='ltr'><strong>variis</strong></span> <span class='ocrx_word' id='word_1_302' title='bbox 2442 2611 2603 2667; x_wconf 72' lang='lat' dir='ltr'><strong>effusi</strong></span> <span class='ocrx_word' id='word_1_303' title='bbox 2636 2613 2706 2666; x_wconf 87' lang='lat' dir='ltr'><strong>ita</strong></span> <span class='ocrx_word' id='word_1_304' title='bbox 2723 2613 2971 2683; x_wconf 89' lang='lat' dir='ltr'><strong>partibus</strong></span> <span class='ocrx_word' id='word_1_305' title='bbox 2996 2613 3171 2680; x_wconf 89' lang='lat' dir='ltr'><strong>orbis,</strong></span> 
     </span>
    </p>
   </div>
   <div class='ocr_carea' id='block_1_49' title="bbox 2049 2700 3547 2775">
    <p class='ocr_par' dir='ltr' id='par_1_49' title="bbox 2049 2700 3547 2775">
     <span class='ocr_line' id='line_1_49' title="bbox 2049 2700 3547 2775; baseline 0.001 -18"><span class='ocrx_word' id='word_1_306' title='bbox 2049 2700 2360 2775; x_wconf 65' lang='lat' dir='ltr'><strong>Egyptum,</strong></span> <span class='ocrx_word' id='word_1_307' title='bbox 2390 2701 2632 2772; x_wconf 85' lang='lat' dir='ltr'><strong>Libyam,</strong></span> <span class='ocrx_word' id='word_1_308' title='bbox 2671 2702 3036 2774; x_wconf 74' lang='lat' dir='ltr'><strong>Cyprumque,</strong></span> <span class='ocrx_word' id='word_1_309' title='bbox 3070 2702 3318 2775; x_wconf 87' lang='lat' dir='ltr'><strong>aliasque</strong></span> <span class='ocrx_word' id='word_1_310' title='bbox 3359 2705 3547 2760; x_wconf 87' lang='lat' dir='ltr'><strong>calore</strong></span> 
     </span>
    </p>
   </div>
   <div class='ocr_carea' id='block_1_50' title="bbox 2058 2791 3247 2863">
    <p class='ocr_par' dir='ltr' id='par_1_50' title="bbox 2058 2791 3247 2863">
     <span class='ocr_line' id='line_1_50' title="bbox 2058 2791 3247 2863; baseline 0.002 -18"><span class='ocrx_word' id='word_1_311' title='bbox 2058 2791 2235 2847; x_wconf 88' lang='lat' dir='ltr'><strong>Emoti</strong></span> <span class='ocrx_word' id='word_1_312' title='bbox 2268 2801 2438 2847; x_wconf 89' lang='lat' dir='ltr'><strong>terras</strong></span> <span class='ocrx_word' id='word_1_313' title='bbox 2467 2792 2646 2847; x_wconf 91' lang='lat' dir='ltr'><strong>subito</strong></span> <span class='ocrx_word' id='word_1_314' title='bbox 2678 2792 2990 2847; x_wconf 90' lang='lat' dir='ltr'><strong>infestando</strong></span> <span class='ocrx_word' id='word_1_315' title='bbox 3026 2792 3247 2863; x_wconf 90' lang='lat' dir='ltr'><strong>quietos</strong></span> 
     </span>
    </p>
   </div>
   <div class='ocr_carea' id='block_1_51' title="bbox 2055 2883 3532 2960">
    <p class='ocr_par' dir='ltr' id='par_1_51' title="bbox 2055 2883 3532 2960">
     <span class='ocr_line' id='line_1_51' title="bbox 2055 2883 3532 2960; baseline 0.003 -22"><span class='ocrx_word' id='word_1_316' title='bbox 2055 2884 2325 2954; x_wconf 89' lang='lat' dir='ltr'><strong>Turbant,</strong></span> <span class='ocrx_word' id='word_1_317' title='bbox 2352 2901 2418 2940; x_wconf 90' lang='lat' dir='ltr'><strong>ac</strong></span> <span class='ocrx_word' id='word_1_318' title='bbox 2442 2899 2643 2940; x_wconf 85' lang='lat' dir='ltr'><strong>vacuos</strong></span> <span class='ocrx_word' id='word_1_319' title='bbox 2674 2883 2788 2939; x_wconf 83' lang='lat' dir='ltr'><strong>fere</strong></span> <span class='ocrx_word' id='word_1_320' title='bbox 2819 2883 2950 2938; x_wconf 88' lang='lat' dir='ltr'><strong>dant</strong></span> <span class='ocrx_word' id='word_1_321' title='bbox 2981 2884 3284 2941; x_wconf 89' lang='lat' dir='ltr'><strong>cultoribus</strong></span> <span class='ocrx_word' id='word_1_322' title='bbox 3321 2901 3532 2960; x_wconf 70' lang='lat' dir='ltr'><strong>agros.</strong></span> 
     </span>
    </p>
   </div>
   <div class='ocr_carea' id='block_1_52' title="bbox 1846 3074 2182 3132">
    <p class='ocr_par' dir='ltr' id='par_1_52' title="bbox 1846 3074 2182 3132">
     <span class='ocr_line' id='line_1_52' title="bbox 1846 3074 2182 3132; baseline -0.003 0"><span class='ocrx_word' id='word_1_323' title='bbox 1846 3074 2054 3132; x_wconf 84' lang='lat' dir='ltr'><strong>CAPUT</strong></span> <span class='ocrx_word' id='word_1_324' title='bbox 2100 3075 2182 3131; x_wconf 84' lang='grc' dir='ltr'><strong>ιν.</strong></span> 
     </span>
    </p>
   </div>
   <div class='ocr_carea' id='block_1_53' title="bbox 1655 3183 2382 3263">
    <p class='ocr_par' dir='ltr' id='par_1_53' title="bbox 1655 3183 2382 3263">
     <span class='ocr_line' id='line_1_53' title="bbox 1655 3183 2382 3263; baseline -0.001 -19"><span class='ocrx_word' id='word_1_325' title='bbox 1655 3185 1730 3244; x_wconf 83' lang='lat' dir='ltr'><strong>De</strong></span> <span class='ocrx_word' id='word_1_326' title='bbox 1756 3194 1963 3246; x_wconf 85' lang='lat' dir='ltr'><strong>sancto</strong></span> <span class='ocrx_word' id='word_1_327' title='bbox 1996 3183 2169 3245; x_wconf 65' lang='lat' dir='ltr'><strong>Simto</strong></span> <span class='ocrx_word' id='word_1_328' title='bbox 2202 3202 2382 3263; x_wconf 74' lang='lat' dir='ltr'><strong>papa.</strong></span> 
     </span>
    </p>
   </div>
   <div class='ocr_carea' id='block_1_54' title="bbox 334 3319 1792 3393">
    <p class='ocr_par' dir='ltr' id='par_1_54' title="bbox 334 3319 1792 3393">
     <span class='ocr_line' id='line_1_54' title="bbox 334 3319 1792 3393; baseline 0.001 -18"><span class='ocrx_word' id='word_1_329' title='bbox 334 3320 517 3375; x_wconf 84' lang='lat' dir='ltr'><strong>Sixtus</strong></span> <span class='ocrx_word' id='word_1_330' title='bbox 544 3319 913 3376; x_wconf 82' lang='lat' dir='ltr'><strong>Alexandrum</strong></span> <span class='ocrx_word' id='word_1_331' title='bbox 944 3321 1214 3393; x_wconf 88' lang='lat' dir='ltr'><strong>sequitur,</strong></span> <span class='ocrx_word' id='word_1_332' title='bbox 1238 3321 1333 3393; x_wconf 91' lang='lat' dir='ltr'><strong>qui</strong></span> <span class='ocrx_word' id='word_1_333' title='bbox 1363 3319 1606 3376; x_wconf 90' lang='lat' dir='ltr'><strong>culmina</strong></span> <span class='ocrx_word' id='word_1_334' title='bbox 1642 3321 1792 3376; x_wconf 90' lang='lat' dir='ltr'><strong>sedis</strong></span> 
     </span>
    </p>
   </div>
   <div class='ocr_carea' id='block_1_55' title="bbox 334 3412 1740 3488">
    <p class='ocr_par' dir='ltr' id='par_1_55' title="bbox 334 3412 1740 3488">
     <span class='ocr_line' id='line_1_55' title="bbox 334 3412 1740 3488; baseline 0.002 -22"><span class='ocrx_word' id='word_1_335' title='bbox 334 3412 536 3467; x_wconf 87' lang='lat' dir='ltr'><strong>Nactus</strong></span> <span class='ocrx_word' id='word_1_336' title='bbox 566 3414 907 3483; x_wconf 61' lang='lat' dir='ltr'><strong>apostolicae,</strong></span> <span class='ocrx_word' id='word_1_337' title='bbox 940 3413 1189 3488; x_wconf 88' lang='lat' dir='ltr'><strong>regimen</strong></span> <span class='ocrx_word' id='word_1_338' title='bbox 1211 3414 1459 3486; x_wconf 88' lang='lat' dir='ltr'><strong>disponit</strong></span> <span class='ocrx_word' id='word_1_339' title='bbox 1485 3414 1740 3481; x_wconf 89' lang='lat' dir='ltr'><strong>honeste,</strong></span> 
     </span>
    </p>
   </div>
   <div class='ocr_carea' id='block_1_56' title="bbox 340 3502 1739 3569">
    <p class='ocr_par' dir='ltr' id='par_1_56' title="bbox 340 3502 1739 3569">
     <span class='ocr_line' id='line_1_56' title="bbox 340 3502 1739 3569; baseline 0.001 -14"><span class='ocrx_word' id='word_1_340' title='bbox 340 3503 486 3557; x_wconf 87' lang='lat' dir='ltr'><strong>Dans</strong></span> <span class='ocrx_word' id='word_1_341' title='bbox 518 3503 802 3558; x_wconf 79' lang='lat' dir='ltr'><strong>tractanda</strong></span> <span class='ocrx_word' id='word_1_342' title='bbox 841 3502 936 3557; x_wconf 91' lang='lat' dir='ltr'><strong>Dei</strong></span> <span class='ocrx_word' id='word_1_343' title='bbox 957 3502 1090 3558; x_wconf 87' lang='lat' dir='ltr'><strong>solis</strong></span> <span class='ocrx_word' id='word_1_344' title='bbox 1113 3519 1266 3558; x_wconf 88' lang='lat' dir='ltr'><strong>sacra</strong></span> <span class='ocrx_word' id='word_1_345' title='bbox 1296 3519 1426 3559; x_wconf 82' lang='lat' dir='ltr'><strong>vasa</strong></span> <span class='ocrx_word' id='word_1_346' title='bbox 1450 3502 1739 3569; x_wconf 89' lang='lat' dir='ltr'><strong>ministris,</strong></span> 
     </span>
    </p>
   </div>
   <div class='ocr_carea' id='block_1_57' title="bbox 1980 3319 3438 3396">
    <p class='ocr_par' dir='ltr' id='par_1_57' title="bbox 1980 3319 3438 3396">
     <span class='ocr_line' id='line_1_57' title="bbox 1980 3319 3438 3396; baseline 0.002 -22"><span class='ocrx_word' id='word_1_347' title='bbox 1980 3324 2029 3393; x_wconf 62' lang='grc' dir='ltr'><strong>(ἶ</strong></span> <span class='ocrx_word' id='word_1_348' title='bbox 2058 3319 2447 3394; x_wconf 83' lang='lat' dir='ltr'><strong>Subjectisque</strong></span> <span class='ocrx_word' id='word_1_349' title='bbox 2477 3321 2642 3391; x_wconf 89' lang='lat' dir='ltr'><strong>hujus</strong></span> <span class='ocrx_word' id='word_1_350' title='bbox 2673 3322 2967 3377; x_wconf 87' lang='lat' dir='ltr'><strong>moderans</strong></span> <span class='ocrx_word' id='word_1_351' title='bbox 2996 3321 3237 3396; x_wconf 85' lang='lat' dir='ltr'><strong>insignia</strong></span> <span class='ocrx_word' id='word_1_352' title='bbox 3263 3320 3438 3388; x_wconf 88' lang='lat' dir='ltr'><strong>sedis,</strong></span> 
     </span>
    </p>
   </div>
   <div class='ocr_carea' id='block_1_58' title="bbox 2059 3411 3538 3485">
    <p class='ocr_par' dir='ltr' id='par_1_58' title="bbox 2059 3411 3538 3485">
     <span class='ocr_line' id='line_1_58' title="bbox 2059 3411 3538 3485; baseline 0.003 -20"><span class='ocrx_word' id='word_1_353' title='bbox 2059 3411 2157 3475; x_wconf 86' lang='lat' dir='ltr'><strong>Qui</strong></span> <span class='ocrx_word' id='word_1_354' title='bbox 2180 3420 2389 3483; x_wconf 90' lang='lat' dir='ltr'><strong>martyr</strong></span> <span class='ocrx_word' id='word_1_355' title='bbox 2418 3421 2739 3484; x_wconf 87' lang='lat' dir='ltr'><strong>penetrans,</strong></span> <span class='ocrx_word' id='word_1_356' title='bbox 2773 3414 3011 3468; x_wconf 81' lang='lat' dir='ltr'><strong>Adriano</strong></span> <span class='ocrx_word' id='word_1_357' title='bbox 3038 3414 3290 3485; x_wconf 89' lang='lat' dir='ltr'><strong>principe</strong></span> <span class='ocrx_word' id='word_1_358' title='bbox 3313 3413 3538 3479; x_wconf 79' lang='lat' dir='ltr'><strong>caelum,</strong></span> 
     </span>
    </p>
   </div>
   <div class='ocr_carea' id='block_1_59' title="bbox 2060 3501 3394 3559">
    <p class='ocr_par' dir='ltr' id='par_1_59' title="bbox 2060 3501 3394 3559">
     <span class='ocr_line' id='line_1_59' title="bbox 2060 3501 3394 3559; baseline 0.002 -5"><span class='ocrx_word' id='word_1_359' title='bbox 2060 3502 2226 3555; x_wconf 87' lang='lat' dir='ltr'><strong>Busta</strong></span> <span class='ocrx_word' id='word_1_360' title='bbox 2260 3517 2423 3557; x_wconf 89' lang='lat' dir='ltr'><strong>secus</strong></span> <span class='ocrx_word' id='word_1_361' title='bbox 2453 3501 2595 3558; x_wconf 89' lang='lat' dir='ltr'><strong>Petri</strong></span> <span class='ocrx_word' id='word_1_362' title='bbox 2626 3503 2820 3558; x_wconf 92' lang='lat' dir='ltr'><strong>tumuli</strong></span> <span class='ocrx_word' id='word_1_363' title='bbox 2851 3503 3078 3559; x_wconf 89' lang='lat' dir='ltr'><strong>sortitur</strong></span> <span class='ocrx_word' id='word_1_364' title='bbox 3106 3504 3394 3559; x_wconf 89' lang='lat' dir='ltr'><strong>honorem.</strong></span> 
     </span>
    </p>
   </div>
   <div class='ocr_carea' id='block_1_60' title="bbox 1861 3628 2175 3685">
    <p class='ocr_par' dir='ltr' id='par_1_60' title="bbox 1861 3628 2175 3685">
     <span class='ocr_line' id='line_1_60' title="bbox 1861 3628 2175 3685; baseline -0.01 0"><span class='ocrx_word' id='word_1_365' title='bbox 1861 3628 2069 3685; x_wconf 88' lang='lat' dir='ltr'><strong>CAPUT</strong></span> <span class='ocrx_word' id='word_1_366' title='bbox 2116 3629 2175 3683; x_wconf 90' lang='lat' dir='ltr'><strong>V.</strong></span> 
     </span>
    </p>
   </div>
   <div class='ocr_carea' id='block_1_61' title="bbox 1258 3729 2764 3803">
    <p class='ocr_par' dir='ltr' id='par_1_61' title="bbox 1258 3729 2764 3803">
     <span class='ocr_line' id='line_1_61' title="bbox 1258 3729 2764 3803; baseline -0.001 -10"><span class='ocrx_word' id='word_1_367' title='bbox 1258 3733 1338 3793; x_wconf 85' lang='lat' dir='ltr'><strong>De</strong></span> <span class='ocrx_word' id='word_1_368' title='bbox 1362 3734 1591 3793; x_wconf 76' lang='lat' dir='ltr'><strong>sanctis</strong></span> <span class='ocrx_word' id='word_1_369' title='bbox 1621 3729 1890 3803; x_wconf 64' lang='lat' dir='ltr'><strong>Gaetulia,</strong></span> <span class='ocrx_word' id='word_1_370' title='bbox 1928 3733 2207 3791; x_wconf 80' lang='lat' dir='ltr'><strong>Amantio</strong></span> <span class='ocrx_word' id='word_1_371' title='bbox 2238 3740 2291 3791; x_wconf 86' lang='lat' dir='ltr'><strong>et</strong></span> <span class='ocrx_word' id='word_1_372' title='bbox 2316 3733 2499 3792; x_wconf 78' lang='lat' dir='ltr'><strong>sociis</strong></span> <span class='ocrx_word' id='word_1_373' title='bbox 2535 3750 2764 3793; x_wconf 75' lang='lat' dir='ltr'><strong>eorum.</strong></span> 
     </span>
    </p>
   </div>
   <div class='ocr_carea' id='block_1_62' title="bbox 340 3891 1415 3968">
    <p class='ocr_par' dir='ltr' id='par_1_62' title="bbox 340 3891 1415 3968">
     <span class='ocr_line' id='line_1_62' title="bbox 340 3891 1415 3968; baseline -0.002 -20"><span class='ocrx_word' id='word_1_374' title='bbox 340 3892 599 3965; x_wconf 89' lang='lat' dir='ltr'><strong>Plerique</strong></span> <span class='ocrx_word' id='word_1_375' title='bbox 628 3893 751 3949; x_wconf 67' lang='lat' dir='ltr'><strong>caeli</strong></span> <span class='ocrx_word' id='word_1_376' title='bbox 783 3908 954 3968; x_wconf 84' lang='lat' dir='ltr'><strong>regna</strong></span> <span class='ocrx_word' id='word_1_377' title='bbox 981 3893 1132 3948; x_wconf 92' lang='lat' dir='ltr'><strong>dicto</strong></span> <span class='ocrx_word' id='word_1_378' title='bbox 1161 3891 1415 3963; x_wconf 85' lang='lat' dir='ltr'><strong>principe</strong></span> 
     </span>
    </p>
   </div>
   <div class='ocr_carea' id='block_1_63' title="bbox 343 3981 1534 4061">
    <p class='ocr_par' dir='ltr' id='par_1_63' title="bbox 343 3981 1534 4061">
     <span class='ocr_line' id='line_1_63' title="bbox 343 3981 1534 4061; baseline -0.002 -19"><span class='ocrx_word' id='word_1_379' title='bbox 343 3987 597 4043; x_wconf 88' lang='lat' dir='ltr'><strong>Mercede</strong></span> <span class='ocrx_word' id='word_1_380' title='bbox 626 3986 736 4043; x_wconf 90' lang='lat' dir='ltr'><strong>fusi</strong></span> <span class='ocrx_word' id='word_1_381' title='bbox 774 3981 1190 4060; x_wconf 77' lang='lat' dir='ltr'><strong>eonsequhntur</strong></span> <span class='ocrx_word' id='word_1_382' title='bbox 1223 3985 1534 4061; x_wconf 79' lang='lat' dir='ltr'><strong>sanguinis,</strong></span> 
     </span>
    </p>
   </div>
   <div class='ocr_carea' id='block_1_64' title="bbox 342 4075 1485 4147">
    <p class='ocr_par' dir='ltr' id='par_1_64' title="bbox 342 4075 1485 4147">
     <span class='ocr_line' id='line_1_64' title="bbox 342 4075 1485 4147; baseline -0.001 -17"><span class='ocrx_word' id='word_1_383' title='bbox 342 4077 650 4134; x_wconf 88' lang='lat' dir='ltr'><strong>Bacchante</strong></span> <span class='ocrx_word' id='word_1_384' title='bbox 678 4077 824 4132; x_wconf 88' lang='lat' dir='ltr'><strong>nube</strong></span> <span class='ocrx_word' id='word_1_385' title='bbox 845 4083 990 4131; x_wconf 88' lang='lat' dir='ltr'><strong>retro</strong></span> <span class='ocrx_word' id='word_1_386' title='bbox 1029 4075 1195 4147; x_wconf 76' lang='lat' dir='ltr'><strong>ccepti</strong></span> <span class='ocrx_word' id='word_1_387' title='bbox 1227 4075 1485 4130; x_wconf 86' lang='lat' dir='ltr'><strong>turbinis.</strong></span> 
     </span>
    </p>
   </div>
   <div class='ocr_carea' id='block_1_65' title="bbox 343 4167 1390 4230">
    <p class='ocr_par' dir='ltr' id='par_1_65' title="bbox 343 4167 1390 4230">
     <span class='ocr_line' id='line_1_65' title="bbox 343 4167 1390 4230; baseline 0 -8"><span class='ocrx_word' id='word_1_388' title='bbox 343 4168 558 4225; x_wconf 89' lang='lat' dir='ltr'><strong>Paravit</strong></span> <span class='ocrx_word' id='word_1_389' title='bbox 582 4176 728 4224; x_wconf 87' lang='lat' dir='ltr'><strong>astra</strong></span> <span class='ocrx_word' id='word_1_390' title='bbox 757 4182 922 4223; x_wconf 88' lang='lat' dir='ltr'><strong>carne</strong></span> <span class='ocrx_word' id='word_1_391' title='bbox 953 4172 1083 4222; x_wconf 84' lang='lat' dir='ltr'><strong>tunc</strong></span> <span class='ocrx_word' id='word_1_392' title='bbox 1111 4167 1390 4230; x_wconf 75' lang='lat' dir='ltr'><strong>(.aetulius,</strong></span> 
     </span>
    </p>
   </div>
   <div class='ocr_carea' id='block_1_66' title="bbox 339 4252 1650 4328">
    <p class='ocr_par' dir='ltr' id='par_1_66' title="bbox 339 4252 1650 4328">
     <span class='ocr_line' id='line_1_66' title="bbox 339 4252 1650 4328; baseline -0.002 -17"><span class='ocrx_word' id='word_1_393' title='bbox 339 4256 419 4311; x_wconf 85' lang='lat' dir='ltr'><strong>Ad</strong></span> <span class='ocrx_word' id='word_1_394' title='bbox 449 4273 617 4328; x_wconf 88' lang='lat' dir='ltr'><strong>quem</strong></span> <span class='ocrx_word' id='word_1_395' title='bbox 651 4256 952 4312; x_wconf 88' lang='lat' dir='ltr'><strong>tenendum</strong></span> <span class='ocrx_word' id='word_1_396' title='bbox 973 4254 1119 4327; x_wconf 91' lang='lat' dir='ltr'><strong>quod</strong></span> <span class='ocrx_word' id='word_1_397' title='bbox 1150 4252 1261 4310; x_wconf 82' lang='lat' dir='ltr'><strong>ﬁde</strong></span> <span class='ocrx_word' id='word_1_398' title='bbox 1298 4254 1650 4311; x_wconf 85' lang='lat' dir='ltr'><strong>ﬁrmissimus</strong></span> 
     </span>
    </p>
   </div>
   <div class='ocr_carea' id='block_1_67' title="bbox 346 4348 1419 4421">
    <p class='ocr_par' dir='ltr' id='par_1_67' title="bbox 346 4348 1419 4421">
     <span class='ocr_line' id='line_1_67' title="bbox 346 4348 1419 4421; baseline -0.003 -16"><span class='ocrx_word' id='word_1_399' title='bbox 346 4351 407 4405; x_wconf 79' lang='lat' dir='ltr'><strong>Et</strong></span> <span class='ocrx_word' id='word_1_400' title='bbox 436 4350 748 4421; x_wconf 88' lang='lat' dir='ltr'><strong>disciplinis</strong></span> <span class='ocrx_word' id='word_1_401' title='bbox 785 4350 1016 4421; x_wconf 78' lang='lat' dir='ltr'><strong>degeret</strong></span> <span class='ocrx_word' id='word_1_402' title='bbox 1044 4348 1419 4415; x_wconf 90' lang='lat' dir='ltr'><strong>doctissimus,</strong></span> 
     </span>
    </p>
   </div>
   <div class='ocr_carea' id='block_1_68' title="bbox 345 4440 1611 4512">
    <p class='ocr_par' dir='ltr' id='par_1_68' title="bbox 345 4440 1611 4512">
     <span class='ocr_line' id='line_1_68' title="bbox 345 4440 1611 4512; baseline 0 -16"><span class='ocrx_word' id='word_1_403' title='bbox 345 4443 611 4501; x_wconf 83' lang='lat' dir='ltr'><strong>Sermone</strong></span> <span class='ocrx_word' id='word_1_404' title='bbox 639 4443 843 4501; x_wconf 88' lang='lat' dir='ltr'><strong>multos</strong></span> <span class='ocrx_word' id='word_1_405' title='bbox 870 4441 1198 4512; x_wconf 88' lang='lat' dir='ltr'><strong>actibusque</strong></span> <span class='ocrx_word' id='word_1_406' title='bbox 1229 4440 1497 4496; x_wconf 87' lang='lat' dir='ltr'><strong>roborans</strong></span> <span class='ocrx_word' id='word_1_407' title='bbox 1604 4505 1611 4512; x_wconf 43' lang='grc'><em>,</em></span> 
     </span>
    </p>
   </div>
   <div class='ocr_carea' id='block_1_69' title="bbox 347 4529 1363 4606">
    <p class='ocr_par' dir='ltr' id='par_1_69' title="bbox 347 4529 1363 4606">
     <span class='ocr_line' id='line_1_69' title="bbox 347 4529 1363 4606; baseline -0.001 -20"><span class='ocrx_word' id='word_1_408' title='bbox 347 4533 405 4586; x_wconf 88' lang='lat' dir='ltr'><strong>In</strong></span> <span class='ocrx_word' id='word_1_409' title='bbox 428 4531 550 4606; x_wconf 82' lang='lat' dir='ltr'><strong>lege</strong></span> <span class='ocrx_word' id='word_1_410' title='bbox 592 4531 809 4599; x_wconf 86' lang='lat' dir='ltr'><strong>Christi,</strong></span> <span class='ocrx_word' id='word_1_411' title='bbox 843 4530 1082 4587; x_wconf 89' lang='lat' dir='ltr'><strong>Cerealis</strong></span> <span class='ocrx_word' id='word_1_412' title='bbox 1110 4529 1363 4595; x_wconf 91' lang='lat' dir='ltr'><strong>mittitur,</strong></span> 
     </span>
    </p>
   </div>
   <div class='ocr_carea' id='block_1_70' title="bbox 347 4619 1381 4698">
    <p class='ocr_par' dir='ltr' id='par_1_70' title="bbox 347 4619 1381 4698">
     <span class='ocr_line' id='line_1_70' title="bbox 347 4619 1381 4698; baseline -0.004 -21"><span class='ocrx_word' id='word_1_413' title='bbox 347 4622 569 4698; x_wconf 82' lang='lat' dir='ltr'><strong>Collega</strong></span> <span class='ocrx_word' id='word_1_414' title='bbox 598 4622 757 4691; x_wconf 90' lang='lat' dir='ltr'><strong>cujus</strong></span> <span class='ocrx_word' id='word_1_415' title='bbox 789 4621 1050 4677; x_wconf 90' lang='lat' dir='ltr'><strong>militarat</strong></span> <span class='ocrx_word' id='word_1_416' title='bbox 1076 4619 1381 4687; x_wconf 87' lang='lat' dir='ltr'><strong>Amantius,</strong></span> 
     </span>
    </p>
   </div>
   <div class='ocr_carea' id='block_1_71' title="bbox 345 4710 1348 4781">
    <p class='ocr_par' dir='ltr' id='par_1_71' title="bbox 345 4710 1348 4781">
     <span class='ocr_line' id='line_1_71' title="bbox 345 4710 1348 4781; baseline -0.002 -12"><span class='ocrx_word' id='word_1_417' title='bbox 345 4714 445 4781; x_wconf 83' lang='lat' dir='ltr'><strong>Qui</strong></span> <span class='ocrx_word' id='word_1_418' title='bbox 469 4731 634 4771; x_wconf 90' lang='lat' dir='ltr'><strong>carne</strong></span> <span class='ocrx_word' id='word_1_419' title='bbox 660 4712 829 4769; x_wconf 88' lang='lat' dir='ltr'><strong>frater</strong></span> <span class='ocrx_word' id='word_1_420' title='bbox 856 4728 921 4769; x_wconf 89' lang='lat' dir='ltr'><strong>ac</strong></span> <span class='ocrx_word' id='word_1_421' title='bbox 949 4710 1061 4767; x_wconf 85' lang='lat' dir='ltr'><strong>fide</strong></span> <span class='ocrx_word' id='word_1_422' title='bbox 1089 4710 1302 4767; x_wconf 60' lang='lat' dir='ltr'><strong>Castalii</strong></span> <span class='ocrx_word' id='word_1_423' title='bbox 1333 4729 1348 4779; x_wconf 90' lang='lat'><strong>;</strong></span> 
     </span>
    </p>
   </div>
   <div class='ocr_carea' id='block_1_72' title="bbox 343 4805 1351 4884">
    <p class='ocr_par' dir='ltr' id='par_1_72' title="bbox 343 4805 1351 4884">
     <span class='ocr_line' id='line_1_72' title="bbox 343 4805 1351 4884; baseline -0.006 -18"><span class='ocrx_word' id='word_1_424' title='bbox 343 4810 587 4882; x_wconf 88' lang='lat' dir='ltr'><strong>Uterque</strong></span> <span class='ocrx_word' id='word_1_425' title='bbox 615 4816 804 4884; x_wconf 89' lang='lat' dir='ltr'><strong>gratus</strong></span> <span class='ocrx_word' id='word_1_426' title='bbox 827 4806 1065 4862; x_wconf 90' lang='lat' dir='ltr'><strong>Adriano</strong></span> <span class='ocrx_word' id='word_1_427' title='bbox 1092 4805 1351 4876; x_wconf 86' lang='lat' dir='ltr'><strong>principi,</strong></span> 
     </span>
    </p>
   </div>
   <div class='ocr_carea' id='block_1_73' title="bbox 346 4898 1434 4972">
    <p class='ocr_par' dir='ltr' id='par_1_73' title="bbox 346 4898 1434 4972">
     <span class='ocr_line' id='line_1_73' title="bbox 346 4898 1434 4972; baseline -0.006 -13"><span class='ocrx_word' id='word_1_428' title='bbox 346 4906 563 4959; x_wconf 76' lang='lat' dir='ltr'><strong>Ducena</strong></span> <span class='ocrx_word' id='word_1_429' title='bbox 591 4910 845 4972; x_wconf 89' lang='lat' dir='ltr'><strong>repertus</strong></span> <span class='ocrx_word' id='word_1_430' title='bbox 873 4900 1141 4971; x_wconf 88' lang='lat' dir='ltr'><strong>plurimos</strong></span> <span class='ocrx_word' id='word_1_431' title='bbox 1170 4898 1434 4954; x_wconf 67' lang='lat' dir='ltr'><strong>Gaztulius</strong></span> 
     </span>
    </p>
   </div>
   <div class='ocr_carea' id='block_1_74' title="bbox 348 4988 1599 5063">
    <p class='ocr_par' dir='ltr' id='par_1_74' title="bbox 348 4988 1599 5063">
     <span class='ocr_line' id='line_1_74' title="bbox 348 4988 1599 5063; baseline -0.006 -13"><span class='ocrx_word' id='word_1_432' title='bbox 348 4996 587 5050; x_wconf 86' lang='lat' dir='ltr'><strong>Fratrem</strong></span> <span class='ocrx_word' id='word_1_433' title='bbox 620 4993 907 5051; x_wconf 85' lang='lat' dir='ltr'><strong>tribunum</strong></span> <span class='ocrx_word' id='word_1_434' title='bbox 942 4990 1250 5063; x_wconf 88' lang='lat' dir='ltr'><strong>propalavit</strong></span> <span class='ocrx_word' id='word_1_435' title='bbox 1289 4988 1599 5044; x_wconf 80' lang='lat' dir='ltr'><strong>Amantium</strong></span> 
     </span>
    </p>
   </div>
   <div class='ocr_carea' id='block_1_75' title="bbox 352 5081 1396 5156">
    <p class='ocr_par' dir='ltr' id='par_1_75' title="bbox 352 5081 1396 5156">
     <span class='ocr_line' id='line_1_75' title="bbox 352 5081 1396 5156; baseline -0.004 -16"><span class='ocrx_word' id='word_1_436' title='bbox 352 5087 496 5142; x_wconf 82' lang='lat' dir='ltr'><strong>Metu</strong></span> <span class='ocrx_word' id='word_1_437' title='bbox 525 5084 749 5141; x_wconf 88' lang='lat' dir='ltr'><strong>Adriani</strong></span> <span class='ocrx_word' id='word_1_438' title='bbox 782 5084 875 5156; x_wconf 92' lang='lat' dir='ltr'><strong>qui</strong></span> <span class='ocrx_word' id='word_1_439' title='bbox 908 5083 1111 5139; x_wconf 87' lang='lat' dir='ltr'><strong>latebat</strong></span> <span class='ocrx_word' id='word_1_440' title='bbox 1137 5081 1396 5146; x_wconf 88' lang='lat' dir='ltr'><strong>abditus;</strong></span> 
     </span>
    </p>
   </div>
   <div class='ocr_carea' id='block_1_76' title="bbox 353 5172 1467 5243">
    <p class='ocr_par' dir='ltr' id='par_1_76' title="bbox 353 5172 1467 5243">
     <span class='ocr_line' id='line_1_76' title="bbox 353 5172 1467 5243; baseline -0.004 -13"><span class='ocrx_word' id='word_1_441' title='bbox 353 5175 524 5241; x_wconf 85' lang='lat' dir='ltr'><strong>Quem</strong></span> <span class='ocrx_word' id='word_1_442' title='bbox 557 5172 795 5230; x_wconf 87' lang='lat' dir='ltr'><strong>Cerealis</strong></span> <span class='ocrx_word' id='word_1_443' title='bbox 817 5174 966 5229; x_wconf 91' lang='lat' dir='ltr'><strong>haud</strong></span> <span class='ocrx_word' id='word_1_444' title='bbox 997 5172 1165 5243; x_wconf 87' lang='lat' dir='ltr'><strong>opine</strong></span> <span class='ocrx_word' id='word_1_445' title='bbox 1191 5178 1467 5226; x_wconf 90' lang='lat' dir='ltr'><strong>contuens</strong></span> 
     </span>
    </p>
   </div>
   <div class='ocr_carea' id='block_1_77' title="bbox 354 5262 1330 5338">
    <p class='ocr_par' dir='ltr' id='par_1_77' title="bbox 354 5262 1330 5338">
     <span class='ocr_line' id='line_1_77' title="bbox 354 5262 1330 5338; baseline -0.002 -19"><span class='ocrx_word' id='word_1_446' title='bbox 354 5267 554 5321; x_wconf 80' lang='lat' dir='ltr'><strong>l&#39;lenus</strong></span> <span class='ocrx_word' id='word_1_447' title='bbox 581 5265 788 5323; x_wconf 89' lang='lat' dir='ltr'><strong>sodalis</strong></span> <span class='ocrx_word' id='word_1_448' title='bbox 813 5264 873 5322; x_wconf 87' lang='lat' dir='ltr'><strong>fit</strong></span> <span class='ocrx_word' id='word_1_449' title='bbox 896 5264 1074 5321; x_wconf 88' lang='lat' dir='ltr'><strong>salute</strong></span> <span class='ocrx_word' id='word_1_450' title='bbox 1102 5262 1330 5338; x_wconf 85' lang='lat' dir='ltr'><strong>gaudio,</strong></span> 
     </span>
    </p>
   </div>
   <div class='ocr_carea' id='block_1_78' title="bbox 354 5350 1521 5423">
    <p class='ocr_par' dir='ltr' id='par_1_78' title="bbox 354 5350 1521 5423">
     <span class='ocr_line' id='line_1_78' title="bbox 354 5350 1521 5423; baseline -0.002 -16"><span class='ocrx_word' id='word_1_451' title='bbox 354 5356 646 5423; x_wconf 89' lang='lat' dir='ltr'><strong>Vitamque</strong></span> <span class='ocrx_word' id='word_1_452' title='bbox 673 5354 841 5410; x_wconf 90' lang='lat' dir='ltr'><strong>sumit</strong></span> <span class='ocrx_word' id='word_1_453' title='bbox 869 5355 977 5410; x_wconf 93' lang='lat' dir='ltr'><strong>hoc</strong></span> <span class='ocrx_word' id='word_1_454' title='bbox 1006 5358 1227 5422; x_wconf 90' lang='lat' dir='ltr'><strong>reperto</strong></span> <span class='ocrx_word' id='word_1_455' title='bbox 1256 5350 1483 5423; x_wconf 90' lang='lat' dir='ltr'><strong>spiritus</strong></span> <span class='ocrx_word' id='word_1_456' title='bbox 1507 5368 1521 5405; x_wconf 89' lang='lat'><strong>:</strong></span> 
     </span>
    </p>
   </div>
   <div class='ocr_carea' id='block_1_79' title="bbox 358 5441 1326 5514">
    <p class='ocr_par' dir='ltr' id='par_1_79' title="bbox 358 5441 1326 5514">
     <span class='ocr_line' id='line_1_79' title="bbox 358 5441 1326 5514; baseline -0.003 -16"><span class='ocrx_word' id='word_1_457' title='bbox 358 5448 487 5500; x_wconf 75' lang='lat' dir='ltr'><strong>Nam</strong></span> <span class='ocrx_word' id='word_1_458' title='bbox 518 5443 816 5514; x_wconf 77' lang='lat' dir='ltr'><strong>diligenter</strong></span> <span class='ocrx_word' id='word_1_459' title='bbox 842 5442 1090 5499; x_wconf 87' lang='lat' dir='ltr'><strong>veritatis</strong></span> <span class='ocrx_word' id='word_1_460' title='bbox 1116 5441 1326 5497; x_wconf 89' lang='lat' dir='ltr'><strong>lumine</strong></span> 
     </span>
    </p>
   </div>
   <div class='ocr_carea' id='block_1_80' title="bbox 355 5531 1614 5602">
    <p class='ocr_par' dir='ltr' id='par_1_80' title="bbox 355 5531 1614 5602">
     <span class='ocr_line' id='line_1_80' title="bbox 355 5531 1614 5602; baseline -0.006 -11"><span class='ocrx_word' id='word_1_461' title='bbox 355 5534 665 5602; x_wconf 82' lang='lat' dir='ltr'><strong>Christique</strong></span> <span class='ocrx_word' id='word_1_462' title='bbox 703 5534 849 5589; x_wconf 90' lang='lat' dir='ltr'><strong>cultu</strong></span> <span class='ocrx_word' id='word_1_463' title='bbox 878 5536 948 5588; x_wconf 89' lang='lat' dir='ltr'><strong>ab</strong></span> <span class='ocrx_word' id='word_1_464' title='bbox 969 5534 1057 5587; x_wconf 89' lang='lat' dir='ltr'><strong>his</strong></span> <span class='ocrx_word' id='word_1_465' title='bbox 1087 5534 1320 5589; x_wconf 89' lang='lat' dir='ltr'><strong>docetur</strong></span> <span class='ocrx_word' id='word_1_466' title='bbox 1344 5531 1614 5587; x_wconf 88' lang='lat' dir='ltr'><strong>Patribus.</strong></span> 
     </span>
    </p>
   </div>
   <div class='ocr_carea' id='block_1_81' title="bbox 355 5618 1654 5695">
    <p class='ocr_par' dir='ltr' id='par_1_81' title="bbox 355 5618 1654 5695">
     <span class='ocr_line' id='line_1_81' title="bbox 355 5618 1654 5695; baseline -0.005 -17"><span class='ocrx_word' id='word_1_467' title='bbox 355 5627 585 5682; x_wconf 79' lang='lat' dir='ltr'><strong>Romam</strong></span> <span class='ocrx_word' id='word_1_468' title='bbox 618 5619 749 5673; x_wconf 88' lang='lat' dir='ltr'><strong>inde</strong></span> <span class='ocrx_word' id='word_1_469' title='bbox 779 5630 1037 5695; x_wconf 79' lang='lat' dir='ltr'><strong>pergunt,</strong></span> <span class='ocrx_word' id='word_1_470' title='bbox 1067 5629 1235 5692; x_wconf 86' lang='lat' dir='ltr'><strong>atque</strong></span> <span class='ocrx_word' id='word_1_471' title='bbox 1266 5624 1415 5679; x_wconf 82' lang='lat' dir='ltr'><strong>Sixto</strong></span> <span class='ocrx_word' id='word_1_472' title='bbox 1437 5618 1654 5692; x_wconf 66' lang='lat' dir='ltr'><strong>praesuli</strong></span> 
     </span>
    </p>
   </div>
   <div class='ocr_carea' id='block_1_82' title="bbox 354 5706 1569 5788">
    <p class='ocr_par' dir='ltr' id='par_1_82' title="bbox 354 5706 1569 5788">
     <span class='ocr_line' id='line_1_82' title="bbox 354 5706 1569 5788; baseline -0.003 -20"><span class='ocrx_word' id='word_1_473' title='bbox 354 5717 473 5771; x_wconf 84' lang='lat' dir='ltr'><strong>Mox</strong></span> <span class='ocrx_word' id='word_1_474' title='bbox 505 5706 892 5778; x_wconf 85' lang='lat' dir='ltr'><strong>baptizandum</strong></span> <span class='ocrx_word' id='word_1_475' title='bbox 928 5710 1210 5767; x_wconf 86' lang='lat' dir='ltr'><strong>Cerealem</strong></span> <span class='ocrx_word' id='word_1_476' title='bbox 1231 5718 1569 5788; x_wconf 79' lang='lat' dir='ltr'><strong>suggerunt:</strong></span> 
     </span>
    </p>
   </div>
   <div class='ocr_carea' id='block_1_83' title="bbox 352 5798 1476 5878">
    <p class='ocr_par' dir='ltr' id='par_1_83' title="bbox 352 5798 1476 5878">
     <span class='ocr_line' id='line_1_83' title="bbox 352 5798 1476 5878; baseline -0.004 -17"><span class='ocrx_word' id='word_1_477' title='bbox 352 5808 691 5866; x_wconf 79' lang='lat' dir='ltr'><strong>Factumque</strong></span> <span class='ocrx_word' id='word_1_478' title='bbox 712 5798 875 5857; x_wconf 89' lang='lat' dir='ltr'><strong>Saulo</strong></span> <span class='ocrx_word' id='word_1_479' title='bbox 901 5802 1045 5856; x_wconf 89' lang='lat' dir='ltr'><strong>sicut</strong></span> <span class='ocrx_word' id='word_1_480' title='bbox 1067 5798 1197 5855; x_wconf 92' lang='lat' dir='ltr'><strong>olim</strong></span> <span class='ocrx_word' id='word_1_481' title='bbox 1225 5803 1476 5878; x_wconf 81' lang='lat' dir='ltr'><strong>contigit,</strong></span> 
     </span>
    </p>
   </div>
   <div class='ocr_carea' id='block_1_84' title="bbox 2066 3867 3087 3941">
    <p class='ocr_par' dir='ltr' id='par_1_84' title="bbox 2066 3867 3087 3941">
     <span class='ocr_line' id='line_1_84' title="bbox 2066 3867 3087 3941; baseline 0.005 -19"><span class='ocrx_word' id='word_1_482' title='bbox 2066 3867 2131 3923; x_wconf 88' lang='lat' dir='ltr'><strong>Ut</strong></span> <span class='ocrx_word' id='word_1_483' title='bbox 2156 3869 2251 3941; x_wconf 90' lang='lat' dir='ltr'><strong>qui</strong></span> <span class='ocrx_word' id='word_1_484' title='bbox 2270 3876 2463 3926; x_wconf 90' lang='lat' dir='ltr'><strong>tenere</strong></span> <span class='ocrx_word' id='word_1_485' title='bbox 2494 3871 2831 3928; x_wconf 90' lang='lat' dir='ltr'><strong>Christianos</strong></span> <span class='ocrx_word' id='word_1_486' title='bbox 2858 3881 3087 3931; x_wconf 86' lang='lat' dir='ltr'><strong>venerat</strong></span> 
     </span>
    </p>
   </div>
   <div class='ocr_carea' id='block_1_85' title="bbox 2064 3963 3127 4037">
    <p class='ocr_par' dir='ltr' id='par_1_85' title="bbox 2064 3963 3127 4037">
     <span class='ocr_line' id='line_1_85' title="bbox 2064 3963 3127 4037; baseline 0.001 -18"><span class='ocrx_word' id='word_1_487' title='bbox 2064 3964 2143 4019; x_wconf 91' lang='lat' dir='ltr'><strong>Sit</strong></span> <span class='ocrx_word' id='word_1_488' title='bbox 2171 3963 2290 4036; x_wconf 90' lang='lat' dir='ltr'><strong>ipse</strong></span> <span class='ocrx_word' id='word_1_489' title='bbox 2320 3970 2533 4029; x_wconf 89' lang='lat' dir='ltr'><strong>tentus;</strong></span> <span class='ocrx_word' id='word_1_490' title='bbox 2556 3965 2651 4037; x_wconf 92' lang='lat' dir='ltr'><strong>qui</strong></span> <span class='ocrx_word' id='word_1_491' title='bbox 2671 3964 2907 4021; x_wconf 90' lang='lat' dir='ltr'><strong>salutem</strong></span> <span class='ocrx_word' id='word_1_492' title='bbox 2932 3965 3127 4020; x_wconf 90' lang='lat' dir='ltr'><strong>tollere</strong></span> 
     </span>
    </p>
   </div>
   <div class='ocr_carea' id='block_1_86' title="bbox 2069 4053 3253 4126">
    <p class='ocr_par' dir='ltr' id='par_1_86' title="bbox 2069 4053 3253 4126">
     <span class='ocr_line' id='line_1_86' title="bbox 2069 4053 3253 4126; baseline -0.001 -19"><span class='ocrx_word' id='word_1_493' title='bbox 2069 4053 2401 4126; x_wconf 86' lang='lat' dir='ltr'><strong>PrOperabat</strong></span> <span class='ocrx_word' id='word_1_494' title='bbox 2429 4053 2609 4120; x_wconf 89' lang='lat' dir='ltr'><strong>almis,</strong></span> <span class='ocrx_word' id='word_1_495' title='bbox 2641 4054 2825 4110; x_wconf 89' lang='lat' dir='ltr'><strong>salvus</strong></span> <span class='ocrx_word' id='word_1_496' title='bbox 2850 4054 2997 4109; x_wconf 89' lang='lat' dir='ltr'><strong>idem</strong></span> <span class='ocrx_word' id='word_1_497' title='bbox 3021 4053 3253 4110; x_wconf 82' lang='lat' dir='ltr'><strong>fulserit.</strong></span> 
     </span>
    </p>
   </div>
   <div class='ocr_carea' id='block_1_87' title="bbox 2068 4143 3291 4217">
    <p class='ocr_par' dir='ltr' id='par_1_87' title="bbox 2068 4143 3291 4217">
     <span class='ocr_line' id='line_1_87' title="bbox 2068 4143 3291 4217; baseline -0.002 -16"><span class='ocrx_word' id='word_1_498' title='bbox 2068 4146 2221 4202; x_wconf 82' lang='lat' dir='ltr'><strong>Hunc</strong></span> <span class='ocrx_word' id='word_1_499' title='bbox 2258 4163 2464 4217; x_wconf 65' lang='lat' dir='ltr'><strong>praeses</strong></span> <span class='ocrx_word' id='word_1_500' title='bbox 2493 4161 2635 4201; x_wconf 71' lang='lat' dir='ltr'><strong>arcae</strong></span> <span class='ocrx_word' id='word_1_501' title='bbox 2677 4145 3045 4201; x_wconf 86' lang='lat' dir='ltr'><strong>Christianum</strong></span> <span class='ocrx_word' id='word_1_502' title='bbox 3082 4143 3291 4200; x_wconf 61' lang='lat' dir='ltr'><strong>aerariae</strong></span> 
     </span>
    </p>
   </div>
   <div class='ocr_carea' id='block_1_88' title="bbox 2063 4235 3288 4307">
    <p class='ocr_par' dir='ltr' id='par_1_88' title="bbox 2063 4235 3288 4307">
     <span class='ocr_line' id='line_1_88' title="bbox 2063 4235 3288 4307; baseline -0.004 -13"><span class='ocrx_word' id='word_1_503' title='bbox 2063 4239 2293 4304; x_wconf 89' lang='lat' dir='ltr'><strong>Quidam</strong></span> <span class='ocrx_word' id='word_1_504' title='bbox 2317 4238 2555 4293; x_wconf 89' lang='lat' dir='ltr'><strong>Adriano</strong></span> <span class='ocrx_word' id='word_1_505' title='bbox 2583 4236 3014 4307; x_wconf 86' lang='lat' dir='ltr'><strong>deprehendens</strong></span> <span class='ocrx_word' id='word_1_506' title='bbox 3041 4235 3288 4301; x_wconf 85' lang='lat' dir='ltr'><strong>nuntiat;</strong></span> 
     </span>
    </p>
   </div>
   <div class='ocr_carea' id='block_1_89' title="bbox 2064 4324 3077 4401">
    <p class='ocr_par' dir='ltr' id='par_1_89' title="bbox 2064 4324 3077 4401">
     <span class='ocr_line' id='line_1_89' title="bbox 2064 4324 3077 4401; baseline -0.005 -17"><span class='ocrx_word' id='word_1_507' title='bbox 2064 4329 2162 4395; x_wconf 89' lang='lat' dir='ltr'><strong>Qui</strong></span> <span class='ocrx_word' id='word_1_508' title='bbox 2204 4328 2551 4384; x_wconf 90' lang='lat' dir='ltr'><strong>consularem</strong></span> <span class='ocrx_word' id='word_1_509' title='bbox 2572 4325 2760 4401; x_wconf 83' lang='lat' dir='ltr'><strong>dirigit</strong></span> <span class='ocrx_word' id='word_1_510' title='bbox 2786 4324 3077 4392; x_wconf 87' lang='lat' dir='ltr'><strong>Licinium,</strong></span> 
     </span>
    </p>
   </div>
   <div class='ocr_carea' id='block_1_90' title="bbox 2065 4413 3067 4485">
    <p class='ocr_par' dir='ltr' id='par_1_90' title="bbox 2065 4413 3067 4485">
     <span class='ocr_line' id='line_1_90' title="bbox 2065 4413 3067 4485; baseline -0.008 -10"><span class='ocrx_word' id='word_1_511' title='bbox 2065 4420 2181 4485; x_wconf 92' lang='lat' dir='ltr'><strong>Quo</strong></span> <span class='ocrx_word' id='word_1_512' title='bbox 2223 4417 2501 4474; x_wconf 90' lang='lat' dir='ltr'><strong>Cerealem</strong></span> <span class='ocrx_word' id='word_1_513' title='bbox 2532 4415 2735 4470; x_wconf 87' lang='lat' dir='ltr'><strong>vinciat</strong></span> <span class='ocrx_word' id='word_1_514' title='bbox 2772 4413 3067 4479; x_wconf 87' lang='lat' dir='ltr'><strong>vicarium;</strong></span> 
     </span>
    </p>
   </div>
   <div class='ocr_carea' id='block_1_91' title="bbox 2067 4505 3183 4586">
    <p class='ocr_par' dir='ltr' id='par_1_91' title="bbox 2067 4505 3183 4586">
     <span class='ocr_line' id='line_1_91' title="bbox 2067 4505 3183 4586; baseline -0.008 -17"><span class='ocrx_word' id='word_1_515' title='bbox 2067 4513 2196 4569; x_wconf 92' lang='lat' dir='ltr'><strong>Cum</strong></span> <span class='ocrx_word' id='word_1_516' title='bbox 2216 4528 2326 4586; x_wconf 94' lang='lat' dir='ltr'><strong>quo</strong></span> <span class='ocrx_word' id='word_1_517' title='bbox 2359 4511 2556 4566; x_wconf 88' lang='lat' dir='ltr'><strong>beatus</strong></span> <span class='ocrx_word' id='word_1_518' title='bbox 2582 4508 2869 4582; x_wconf 76' lang='lat' dir='ltr'><strong>Stringitur</strong></span> <span class='ocrx_word' id='word_1_519' title='bbox 2899 4505 3183 4572; x_wconf 59' lang='lat' dir='ltr'><strong>Castalius,</strong></span> 
     </span>
    </p>
   </div>
   <div class='ocr_carea' id='block_1_92' title="bbox 2070 4598 3188 4673">
    <p class='ocr_par' dir='ltr' id='par_1_92' title="bbox 2070 4598 3188 4673">
     <span class='ocr_line' id='line_1_92' title="bbox 2070 4598 3188 4673; baseline -0.009 -10"><span class='ocrx_word' id='word_1_520' title='bbox 2070 4610 2143 4663; x_wconf 90' lang='lat' dir='ltr'><strong>Ac</strong></span> <span class='ocrx_word' id='word_1_521' title='bbox 2170 4606 2483 4661; x_wconf 90' lang='lat' dir='ltr'><strong>Primitivus</strong></span> <span class='ocrx_word' id='word_1_522' title='bbox 2512 4618 2747 4673; x_wconf 91' lang='lat' dir='ltr'><strong>cumque</strong></span> <span class='ocrx_word' id='word_1_523' title='bbox 2774 4601 2856 4655; x_wconf 89' lang='lat' dir='ltr'><strong>eis</strong></span> <span class='ocrx_word' id='word_1_524' title='bbox 2883 4598 3188 4665; x_wconf 89' lang='lat' dir='ltr'><strong>Amantius,</strong></span> 
     </span>
    </p>
   </div>
   <div class='ocr_carea' id='block_1_93' title="bbox 1990 4655 3096 4753">
    <p class='ocr_par' dir='ltr' id='par_1_93' title="bbox 1990 4655 3096 4753">
     <span class='ocr_line' id='line_1_93' title="bbox 1990 4655 3096 4753; baseline -0.01 1"><span class='ocrx_word' id='word_1_525' title='bbox 1990 4655 2043 4723; x_wconf 82' lang='lat' dir='ltr'><strong>D</strong></span> <span class='ocrx_word' id='word_1_526' title='bbox 2070 4699 2205 4753; x_wconf 89' lang='lat' dir='ltr'><strong>Tum</strong></span> <span class='ocrx_word' id='word_1_527' title='bbox 2243 4694 2451 4752; x_wconf 86' lang='lat' dir='ltr'><strong>Cereali</strong></span> <span class='ocrx_word' id='word_1_528' title='bbox 2480 4691 2789 4749; x_wconf 90' lang='lat' dir='ltr'><strong>consularis</strong></span> <span class='ocrx_word' id='word_1_529' title='bbox 2818 4688 3096 4745; x_wconf 78' lang='lat' dir='ltr'><strong>infremit:</strong></span> 
     </span>
    </p>
   </div>
   <div class='ocr_carea' id='block_1_94' title="bbox 2077 4778 3009 4850">
    <p class='ocr_par' dir='ltr' id='par_1_94' title="bbox 2077 4778 3009 4850">
     <span class='ocr_line' id='line_1_94' title="bbox 2077 4778 3009 4850; baseline -0.005 -12"><span class='ocrx_word' id='word_1_530' title='bbox 2077 4807 2100 4838; x_wconf 81' lang='grc' dir='ltr'>α</span> <span class='ocrx_word' id='word_1_531' title='bbox 2139 4786 2273 4840; x_wconf 68' lang='lat' dir='ltr'><strong>Vitae</strong></span> <span class='ocrx_word' id='word_1_532' title='bbox 2293 4783 2391 4837; x_wconf 92' lang='lat' dir='ltr'><strong>tibi</strong></span> <span class='ocrx_word' id='word_1_533' title='bbox 2418 4780 2498 4836; x_wconf 93' lang='lat' dir='ltr'><strong>sic</strong></span> <span class='ocrx_word' id='word_1_534' title='bbox 2524 4780 2664 4836; x_wconf 83' lang='lat' dir='ltr'><strong>facta</strong></span> <span class='ocrx_word' id='word_1_535' title='bbox 2692 4778 3009 4850; x_wconf 88' lang='lat' dir='ltr'><strong>desperatio</strong></span> 
     </span>
    </p>
   </div>
   <div class='ocr_carea' id='block_1_95' title="bbox 2071 4864 3332 4947">
    <p class='ocr_par' dir='ltr' id='par_1_95' title="bbox 2071 4864 3332 4947">
     <span class='ocr_line' id='line_1_95' title="bbox 2071 4864 3332 4947; baseline -0.01 -16"><span class='ocrx_word' id='word_1_536' title='bbox 2071 4878 2348 4947; x_wconf 75' lang='lat' dir='ltr'><strong>Praecepta</strong></span> <span class='ocrx_word' id='word_1_537' title='bbox 2371 4878 2587 4927; x_wconf 79' lang='lat' dir='ltr'><strong>temnes</strong></span> <span class='ocrx_word' id='word_1_538' title='bbox 2614 4875 2674 4924; x_wconf 91' lang='lat' dir='ltr'><strong>ut</strong></span> <span class='ocrx_word' id='word_1_539' title='bbox 2702 4884 2901 4939; x_wconf 83' lang='lat' dir='ltr'><strong>procax</strong></span> <span class='ocrx_word' id='word_1_540' title='bbox 2930 4864 3332 4922; x_wconf 89' lang='lat' dir='ltr'><strong>dominantium</strong></span> 
     </span>
    </p>
   </div>
   <div class='ocr_carea' id='block_1_96' title="bbox 2071 4955 3229 5032">
    <p class='ocr_par' dir='ltr' id='par_1_96' title="bbox 2071 4955 3229 5032">
     <span class='ocr_line' id='line_1_96' title="bbox 2071 4955 3229 5032; baseline -0.015 -7"><span class='ocrx_word' id='word_1_541' title='bbox 2071 4973 2131 5025; x_wconf 91' lang='lat' dir='ltr'><strong>ln</strong></span> <span class='ocrx_word' id='word_1_542' title='bbox 2154 4966 2401 5025; x_wconf 90' lang='lat' dir='ltr'><strong>universi</strong></span> <span class='ocrx_word' id='word_1_543' title='bbox 2430 4964 2598 5020; x_wconf 90' lang='lat' dir='ltr'><strong>rebus</strong></span> <span class='ocrx_word' id='word_1_544' title='bbox 2617 4961 2771 5019; x_wconf 92' lang='lat' dir='ltr'><strong>orbis</strong></span> <span class='ocrx_word' id='word_1_545' title='bbox 2801 4959 3115 5032; x_wconf 91' lang='lat' dir='ltr'><strong>principum</strong></span> <span class='ocrx_word' id='word_1_546' title='bbox 3136 4955 3164 5010; x_wconf 83' lang='lat'><strong>?</strong></span> <span class='ocrx_word' id='word_1_547' title='bbox 3209 4980 3229 5007; x_wconf 70' lang='grc' dir='ltr'><strong>κ</strong></span> 
     </span>
    </p>
   </div>
   <div class='ocr_carea' id='block_1_97' title="bbox 2075 5047 3137 5124">
    <p class='ocr_par' dir='ltr' id='par_1_97' title="bbox 2075 5047 3137 5124">
     <span class='ocr_line' id='line_1_97' title="bbox 2075 5047 3137 5124; baseline -0.015 -6"><span class='ocrx_word' id='word_1_548' title='bbox 2075 5061 2169 5118; x_wconf 92' lang='lat' dir='ltr'><strong>Cui</strong></span> <span class='ocrx_word' id='word_1_549' title='bbox 2190 5058 2459 5116; x_wconf 89' lang='lat' dir='ltr'><strong>Cerealis:</strong></span> <span class='ocrx_word' id='word_1_550' title='bbox 2507 5076 2528 5105; x_wconf 75' lang='grc' dir='ltr'>ι</span> <span class='ocrx_word' id='word_1_551' title='bbox 2573 5055 2803 5124; x_wconf 87' lang='lat' dir='ltr'><strong>Insuper</strong></span> <span class='ocrx_word' id='word_1_552' title='bbox 2826 5047 3137 5107; x_wconf 89' lang='lat' dir='ltr'><strong>contradidi</strong></span> 
     </span>
    </p>
   </div>
   <div class='ocr_carea' id='block_1_98' title="bbox 2075 5139 2979 5220">
    <p class='ocr_par' dir='ltr' id='par_1_98' title="bbox 2075 5139 2979 5220">
     <span class='ocr_line' id='line_1_98' title="bbox 2075 5139 2979 5220; baseline -0.018 -12"><span class='ocrx_word' id='word_1_553' title='bbox 2075 5147 2414 5208; x_wconf 90' lang='lat' dir='ltr'><strong>Visitationis</strong></span> <span class='ocrx_word' id='word_1_554' title='bbox 2443 5147 2670 5220; x_wconf 69' lang='lat' dir='ltr'><strong>integrae</strong></span> <span class='ocrx_word' id='word_1_555' title='bbox 2694 5139 2979 5196; x_wconf 89' lang='lat' dir='ltr'><strong>molimine</strong></span> 
     </span>
    </p>
   </div>
   <div class='ocr_carea' id='block_1_99' title="bbox 2078 5228 3269 5316">
    <p class='ocr_par' dir='ltr' id='par_1_99' title="bbox 2078 5228 3269 5316">
     <span class='ocr_line' id='line_1_99' title="bbox 2078 5228 3269 5316; baseline -0.019 -14"><span class='ocrx_word' id='word_1_556' title='bbox 2078 5245 2282 5302; x_wconf 88' lang='lat' dir='ltr'><strong>Census</strong></span> <span class='ocrx_word' id='word_1_557' title='bbox 2310 5241 2554 5316; x_wconf 80' lang='lat' dir='ltr'><strong>fugaces,</strong></span> <span class='ocrx_word' id='word_1_558' title='bbox 2581 5245 2635 5293; x_wconf 90' lang='lat' dir='ltr'><strong>et</strong></span> <span class='ocrx_word' id='word_1_559' title='bbox 2661 5233 2848 5308; x_wconf 84' lang='lat' dir='ltr'><strong>redegi</strong></span> <span class='ocrx_word' id='word_1_560' title='bbox 2891 5231 2946 5285; x_wconf 89' lang='lat' dir='ltr'><strong>in</strong></span> <span class='ocrx_word' id='word_1_561' title='bbox 2966 5228 3269 5300; x_wconf 87' lang='lat' dir='ltr'><strong>publicum,</strong></span> 
     </span>
    </p>
   </div>
   <div class='ocr_carea' id='block_1_100' title="bbox 2078 5320 3339 5410">
    <p class='ocr_par' dir='ltr' id='par_1_100' title="bbox 2078 5320 3339 5410">
     <span class='ocr_line' id='line_1_100' title="bbox 2078 5320 3339 5410; baseline -0.018 -15"><span class='ocrx_word' id='word_1_562' title='bbox 2078 5342 2419 5410; x_wconf 90' lang='lat' dir='ltr'><strong>Semperque</strong></span> <span class='ocrx_word' id='word_1_563' title='bbox 2450 5349 2537 5389; x_wconf 91' lang='lat' dir='ltr'><strong>me</strong></span> <span class='ocrx_word' id='word_1_564' title='bbox 2565 5329 2771 5387; x_wconf 81' lang='lat' dir='ltr'><strong>servire</strong></span> <span class='ocrx_word' id='word_1_565' title='bbox 2802 5324 3015 5381; x_wconf 86' lang='lat' dir='ltr'><strong>Christo</strong></span> <span class='ocrx_word' id='word_1_566' title='bbox 3053 5320 3339 5391; x_wconf 87' lang='lat' dir='ltr'><strong>spondeo;</strong></span> 
     </span>
    </p>
   </div>
   <div class='ocr_carea' id='block_1_101' title="bbox 2075 5415 3224 5498">
    <p class='ocr_par' dir='ltr' id='par_1_101' title="bbox 2075 5415 3224 5498">
     <span class='ocr_line' id='line_1_101' title="bbox 2075 5415 3224 5498; baseline -0.019 -14"><span class='ocrx_word' id='word_1_567' title='bbox 2075 5429 2194 5483; x_wconf 90' lang='lat' dir='ltr'><strong>Vita</strong></span> <span class='ocrx_word' id='word_1_568' title='bbox 2224 5423 2454 5498; x_wconf 89' lang='lat' dir='ltr'><strong>perenni</strong></span> <span class='ocrx_word' id='word_1_569' title='bbox 2482 5419 2685 5493; x_wconf 88' lang='lat' dir='ltr'><strong>perfrui</strong></span> <span class='ocrx_word' id='word_1_570' title='bbox 2710 5415 2876 5471; x_wconf 88' lang='lat' dir='ltr'><strong>credo</strong></span> <span class='ocrx_word' id='word_1_571' title='bbox 2916 5422 2972 5467; x_wconf 91' lang='lat' dir='ltr'><strong>ct</strong></span> <span class='ocrx_word' id='word_1_572' title='bbox 3011 5417 3156 5482; x_wconf 92' lang='lat' dir='ltr'><strong>peto.</strong></span> <span class='ocrx_word' id='word_1_573' title='bbox 3206 5430 3224 5456; x_wconf 77' lang='grc' dir='ltr'>ι</span> 
     </span>
    </p>
   </div>
   <div class='ocr_carea' id='block_1_102' title="bbox 2074 5500 3415 5578">
    <p class='ocr_par' dir='ltr' id='par_1_102' title="bbox 2074 5500 3415 5578">
     <span class='ocr_line' id='line_1_102' title="bbox 2074 5500 3415 5578; baseline -0.017 0"><span class='ocrx_word' id='word_1_574' title='bbox 2074 5524 2207 5578; x_wconf 90' lang='lat' dir='ltr'><strong>Tum</strong></span> <span class='ocrx_word' id='word_1_575' title='bbox 2237 5516 2574 5575; x_wconf 87' lang='lat' dir='ltr'><strong>consularis:</strong></span> <span class='ocrx_word' id='word_1_576' title='bbox 2619 5533 2645 5564; x_wconf 73' lang='grc' dir='ltr'>α</span> <span class='ocrx_word' id='word_1_577' title='bbox 2687 5512 2784 5567; x_wconf 90' lang='lat' dir='ltr'><strong>Dic</strong></span> <span class='ocrx_word' id='word_1_578' title='bbox 2812 5508 2951 5564; x_wconf 92' lang='lat' dir='ltr'><strong>mori</strong></span> <span class='ocrx_word' id='word_1_579' title='bbox 2978 5523 3045 5561; x_wconf 87' lang='lat' dir='ltr'><strong>an</strong></span> <span class='ocrx_word' id='word_1_580' title='bbox 3078 5505 3159 5561; x_wconf 86' lang='lat' dir='ltr'><strong>vis</strong></span> <span class='ocrx_word' id='word_1_581' title='bbox 3188 5500 3415 5559; x_wconf 82' lang='lat' dir='ltr'><strong>vivere?</strong></span> 
     </span>
    </p>
   </div>
   <div class='ocr_carea' id='block_1_103' title="bbox 2078 5598 3293 5679">
    <p class='ocr_par' dir='ltr' id='par_1_103' title="bbox 2078 5598 3293 5679">
     <span class='ocr_line' id='line_1_103' title="bbox 2078 5598 3293 5679; baseline -0.017 -10"><span class='ocrx_word' id='word_1_582' title='bbox 2078 5613 2211 5679; x_wconf 89' lang='lat' dir='ltr'><strong>Qui:</strong></span> <span class='ocrx_word' id='word_1_583' title='bbox 2258 5632 2283 5662; x_wconf 76' lang='grc' dir='ltr'><strong>α</strong></span> <span class='ocrx_word' id='word_1_584' title='bbox 2326 5610 2466 5664; x_wconf 87' lang='lat' dir='ltr'><strong>Luce</strong></span> <span class='ocrx_word' id='word_1_585' title='bbox 2497 5607 2622 5662; x_wconf 69' lang='lat' dir='ltr'><strong>vitae</strong></span> <span class='ocrx_word' id='word_1_586' title='bbox 2659 5604 2712 5658; x_wconf 90' lang='lat' dir='ltr'><strong>ni</strong></span> <span class='ocrx_word' id='word_1_587' title='bbox 2737 5602 2841 5658; x_wconf 87' lang='lat' dir='ltr'><strong>frui</strong></span> <span class='ocrx_word' id='word_1_588' title='bbox 2874 5598 3293 5661; x_wconf 87' lang='lat' dir='ltr'><strong>contenderem,</strong></span> 
     </span>
    </p>
   </div>
   <div class='ocr_carea' id='block_1_104' title="bbox 2079 5688 3331 5771">
    <p class='ocr_par' dir='ltr' id='par_1_104' title="bbox 2079 5688 3331 5771">
     <span class='ocr_line' id='line_1_104' title="bbox 2079 5688 3331 5771; baseline -0.018 -11"><span class='ocrx_word' id='word_1_589' title='bbox 2079 5703 2276 5760; x_wconf 87' lang='lat' dir='ltr'><strong>Christi</strong></span> <span class='ocrx_word' id='word_1_590' title='bbox 2305 5715 2602 5771; x_wconf 90' lang='lat' dir='ltr'><strong>supernam</strong></span> <span class='ocrx_word' id='word_1_591' title='bbox 2634 5712 2744 5753; x_wconf 90' lang='lat' dir='ltr'><strong>non</strong></span> <span class='ocrx_word' id='word_1_592' title='bbox 2787 5694 2988 5750; x_wconf 86' lang='lat' dir='ltr'><strong>faterer</strong></span> <span class='ocrx_word' id='word_1_593' title='bbox 3012 5688 3268 5765; x_wconf 82' lang='lat' dir='ltr'><strong>gloriam.</strong></span> <span class='ocrx_word' id='word_1_594' title='bbox 3307 5707 3331 5737; x_wconf 73' lang='grc' dir='ltr'><strong><em>ι</em></strong></span> 
     </span>
    </p>
   </div>
   <div class='ocr_carea' id='block_1_105' title="bbox 2149 5783 3066 5856">
    <p class='ocr_par' dir='ltr' id='par_1_105' title="bbox 2149 5783 3066 5856">
     <span class='ocr_line' id='line_1_105' title="bbox 2149 5783 3066 5856; baseline -0.016 -5"><span class='ocrx_word' id='word_1_595' title='bbox 2149 5795 2367 5851; x_wconf 77' lang='lat' dir='ltr'><strong>Relisus</strong></span> <span class='ocrx_word' id='word_1_596' title='bbox 2386 5793 2481 5848; x_wconf 90' lang='lat' dir='ltr'><strong>ille</strong></span> <span class='ocrx_word' id='word_1_597' title='bbox 2506 5790 2760 5847; x_wconf 81' lang='lat' dir='ltr'><strong>firmitate</strong></span> <span class='ocrx_word' id='word_1_598' title='bbox 2791 5783 3066 5856; x_wconf 85' lang='lat' dir='ltr'><strong>martyris,</strong></span> 
     </span>
    </p>
   </div>
   <div class='ocr_carea' id='block_1_106' title="bbox 3561 391 3673 446">
    <p class='ocr_par' dir='ltr' id='par_1_106' title="bbox 3561 391 3673 446">
     <span class='ocr_line' id='line_1_106' title="bbox 3561 391 3673 446; baseline 0 0"><span class='ocrx_word' id='word_1_599' title='bbox 3561 391 3673 446; x_wconf 74' lang='grc'><strong>640</strong></span> 
     </span>
    </p>
   </div>
  </div>
