3890 6400
105 2747 122 2754 -
218 2698 561 2769 Martyrisata
587 2698 802 2753 scandit
830 2698 1016 2752 aethrae
1051 2699 1317 2754 culmina.

209 394 304 450 6H
820 389 900 443 DE
941 389 1200 444 CHRISTI
1242 388 1604 444 TRIUMPHIS
1644 388 1816 442 APUD
1859 387 2123 441 ITALIAM
2165 387 2338 442 LIBRI
2380 388 2511 441 XIV.
2554 418 2620 426 -—
2660 388 2785 442 LIB.
2831 390 2898 443 lll

215 520 461 574 Umbone
481 517 637 587 rupis
653 522 713 570 ut
741 517 973 570 minacis
992 517 1203 581 alveus,

212 608 352 662 Petit
391 608 705 661 columnam
749 607 1037 676 priecluem
1070 605 1379 671 Gietulium,

217 698 407 752 libare
431 697 604 762 Marti,
631 713 728 750 seu
762 695 877 750 Jovi
905 695 1112 763 jubens
1152 711 1300 758 eum,

217 787 377 841 llidet
408 787 598 840 beatus
636 784 891 856 dissipati
933 785 1227 850 insaniam,

217 880 419 932 Pharos
448 877 685 932 furentis
711 885 771 931 ut
801 877 1097 947 procellam
1119 877 1367 935 Doridos.

218 972 281 1022 At
308 967 475 1021 corda
505 966 602 1037 qui
624 965 873 1036 nequivit
902 966 1011 1020 alta
1033 965 1232 1020 laedere

217 1058 294 1112 Ad
325 1057 607 1112 laesionem
637 1065 816 1111 vertat
845 1072 997 1110 arma
1019 1057 1268 1126 corporis
1299 1073 1313 1121 ;

214 1149 406 1202 Carnis
423 1149 657 1203 amictus
689 1148 968 1218 impudice
1001 1148 1213 1218 diripit,

216 1241 509 1312 Quatitque
532 1240 736 1294 mentis
763 1249 923 1310 septa
945 1239 1398 1313 inexpugnabilis
1432 1257 1446 1301 ;

219 1333 570 1402 li‘irmumque
603 1331 772 1386 robur
807 1340 866 1386 ut
887 1332 1126 1386 renoscit
1156 1339 1477 1401 martyrum,

216 1424 402 1478 Victus
424 1430 643 1477 coercet
662 1423 963 1496 gloriantes
991 1439 1232 1487 carcere,
1511 1411 1518 1418 ’

217 1517 334 1578 Quo
359 1530 456 1584 per
485 1514 606 1568 dies
631 1521 688 1568 et
709 1529 960 1566 mansere
999 1521 1210 1582 septem
1240 1519 1295 1566 et
1325 1511 1413 1564 bis
1439 1511 1650 1576 decem,

220 1604 459 1673 Postque
485 1602 722 1656 Adriano
756 1601 1080 1654 nuntiantur
1105 1600 1297 1665 vividi,

219 1697 550 1768 Christoque
583 1695 677 1749 ﬁdi
701 1712 730 1748 a
753 1711 863 1766 quo
889 1695 1159 1763 jubentur
1189 1695 1414 1768 ignibus

217 1785 400 1838 'l‘radi.
443 1786 639 1839 Beatus
660 1784 727 1838 ad
759 1800 952 1857 rogum
984 1782 1247 1837 Gzetulius

218 1880 422 1933 Vivens
448 1879 768 1948 triumphat,
796 1878 1150 1948 fustibusque
1178 1892 1304 1932 mox
1331 1888 1495 1949 caput

220 1969 406 2022 Laesus
432 1968 664 2034 divellit,
697 1967 926 2038 corripit
961 1967 1270 2028 victoriam,

215 2064 502 2117 Tredecim
528 2061 709 2116 ﬁdelis
737 2071 883 2117 meta
912 2063 1105 2133 agonis
1135 2063 1383 2117 millibus

218 2151 299 2203 Ab
333 2150 471 2204 urbe
503 2151 680 2220 ponit,
709 2151 948 2221 hincque
979 2159 1229 2220 penetrat
1257 2152 1494 2215 aethera;

213 2241 545 2312 Tiberisque
572 2241 642 2295 ab
670 2242 836 2296 undis
863 2242 1237 2312 Symphorosa
1267 2243 1555 2315 colligens,

221 2331 368 2386 Uxor
398 2330 544 2385 beati
568 2331 882 2386 condecens
910 2331 1150 2397 thulii,

218 2423 332 2475 Suo
360 2421 561 2476 relatos
587 2421 876 2475 collocavit
917 2421 1128 2490 praedio
1154 2438 1168 2485 ;

215 2521 350 2578 Quae
380 2528 484 2567 nec
508 2513 603 2567 diu
631 2520 754 2584 post
784 2513 1038 2585 conjugis
1067 2514 1391 2580 certamina,

216 2605 525 2659 Sodalitate
549 2604 788 2660 ﬁliorum
822 2605 1076 2675 praedita,

1856 516 1907 584 Α
1937 513 2180 584 C(elique
2208 514 2369 568 discit
2391 514 2672 569 ambulare
2702 514 2950 568 semitas.

1938 606 2139 659 Invicta
2173 606 2329 659 terris
2361 613 2419 658 ut
2447 605 2709 674 probatur
2737 621 2888 669 aere,

1937 694 2195 747 Devincta
2219 710 2349 747 saxo
2382 694 2646 767 mergitur
2663 693 2766 746 sub
2803 695 3057 760 flumine,

1938 791 2008 843 Ex
2035 806 2144 861 quo
2167 790 2512 860 triumphans
2541 789 2777 843 sumitur
2800 805 2957 844 mens
2983 791 3190 845 mthere

1936 886 2240 939 Germanus
2279 885 2400 953 ejus
2433 885 2756 955 principalis
2785 885 3002 939 Tiburis

1939 975 2160 1028 Lectum
2194 975 2429 1029 cadaver
2457 973 2720 1027 auferens
2751 974 3051 1047 Eugenius,

1846 1118 1847 1121 η
1942 1066 2234 1135 Terraeque
2264 1065 2536 1119 mandans
2567 1065 2815 1118 membra
2837 1065 3027 1119 condit
3053 1074 3251 1119 terrea.

1944 1155 2149 1208 Aurora
2178 1154 2441 1207 Phoebum
2480 1152 2632 1207 ducit
2660 1153 2768 1208 alto
2799 1161 2857 1207 ut
2881 1155 3091 1219 Indico,

1945 1244 2164 1312 Septem
2198 1242 2499 1312 imperator
2525 1243 2748 1296 mandat
2784 1242 2897 1295 indi
2939 1244 3155 1313 stipites

1946 1332 2118 1386 llumo
2152 1332 2348 1402 hisque
2381 1347 2551 1385 nexos
2580 1332 2962 1400 Symphorosae
3003 1332 3146 1387 tilios

1943 1424 2041 1477 Tot
2070 1425 2292 1477 onerari
2321 1439 2378 1476 se
2401 1424 2551 1494 jugis
2580 1423 2914 1476 cruciatibus
2944 1442 2956 1488 ;

1942 1514 2102 1566 Tensi
2135 1514 2416 1579 trochleis,
2450 1515 2555 1567 tela
2586 1513 2850 1568 Crescens
2878 1523 3099 1588 gutture

1947 1606 2224 1669 Exhaurit,
2250 1606 2357 1659 alto
2383 1605 2634 1659 Julianus
2658 1613 2905 1675 pectore,

1945 1695 2201 1749 Nemesio
2229 1694 2332 1748 sub
2358 1694 2523 1749 corde
2556 1694 2760 1748 ferrum
2784 1696 3066 1761 conditur,

1869 1816 1915 1882 Β
1946 1786 2047 1840 Per
2077 1786 2398 1841 umbilicum
2433 1786 2922 1858 Primitivoligitur
2955 1805 2968 1840 :

1942 1872 2192 1927 Justinus
2218 1889 2413 1929 omnes
2444 1885 2647 1929 tractus
2663 1885 2813 1928 artus
2840 1875 3116 1930 scinditur

1944 1964 2274 2035 Cunctisque
2300 1966 2482 2020 carnis
2510 1966 2619 2020 vita
2649 1966 2820 2019 frenis
2859 1967 3084 2036 pellitur
3115 1985 3129 2030 ;

1945 2057 2093 2112 Silva
2124 2059 2253 2112 inde
2281 2058 2530 2113 Stacteus
2561 2058 2714 2112 fusus
2744 2059 2852 2113 alte
2893 2059 3072 2113 ferrea

1950 2151 2026 2204 Ab
2058 2152 2397 2222 spiculorum
2428 2152 2651 2206 turbine
2683 2152 2845 2220 intrat
2875 2153 3081 2206 aethera

1947 2244 1986 2295 A
2011 2253 2233 2311 pectore
2265 2245 2445 2296 alvum
2480 2241 2642 2297 ﬁssus
2675 2243 2765 2297 hic
2797 2243 3075 2316 Eugenius

1947 2336 2150 2391 Exutus
2179 2336 2302 2391 imis
2327 2347 2472 2390 astra
2502 2337 2765 2390 membris
2787 2337 3027 2391 ducitur.

1948 2424 2152 2479 Maastis
2182 2433 2346 2479 eunte
2381 2426 2433 2479 in
2466 2426 2766 2480 crastinum
2795 2425 3080 2499 jugalibus

1951 2516 2163 2580 Titane,
2199 2517 2600 2597 demerguntur
2627 2516 2735 2570 alta
2774 2515 2842 2570 ab
2868 2515 3122 2570 hostibus

1954 2607 2130 2662 Fovea
2158 2615 2369 2662 sacrata
2400 2607 2679 2661 lancinatu
2719 2623 2956 2678 corpora
2990 2625 3004 2671 ;

1954 2703 2176 2774 Septem
2210 2714 2476 2758 vocarunt
2506 2703 2572 2757 ad
2599 2703 2957 2757 Biothanatos
2989 2703 3192 2765 locum,

219 2792 373 2855 Quae,
407 2807 549 2845 cmsa
579 2790 781 2861 palmis
810 2797 864 2844 et
900 2789 1097 2844 librata
1128 2791 1401 2859 crinibus,
1956 2793 2129 2848 Claris
2170 2795 2388 2865 piorum
2420 2794 2588 2849 lucidi
2616 2793 2888 2850 victoriis.

224 2878 378 2933 Elata
403 2878 562 2934 terris
594 2877 654 2934 fit
684 2878 813 2950 polo
837 2879 1208 2948 contermina,

1738 2981 1948 3036 CAPUT
1991 2982 2056 3035 Vl

1392 3082 1468 3140 De
1495 3085 1723 3143 sanctis
1751 3083 2049 3160 Seraphia
2078 3095 2130 3144 et
2159 3085 2410 3146 Sabina.

217 3203 493 3273 Tempore
522 3202 676 3273 virgo
702 3202 806 3257 sub
841 3203 944 3257 hoc
965 3203 1235 3275 Seraphia
1262 3220 1424 3275 passa
1452 3206 1692 3273 renidet,

225 3297 511 3371 Sanguine
552 3313 714 3367 quam
746 3296 968 3370 generis
995 3298 1336 3373 signavimus
1366 3299 1785 3365 Antiochenam,

227 3385 408 3452 Illam,
441 3386 572 3440 dum
594 3385 804 3440 laribus
835 3385 982 3441 fovet
1003 3387 1209 3457 hospes
1237 3388 1383 3442 clara
1419 3388 1644 3453 Sabina,

225 3477 428 3532 Iuncta
449 3477 759 3543 Valentino,
787 3479 1068 3548 quondam
1101 3479 1188 3533 cui
1217 3479 1342 3533 fana
1371 3479 1560 3534 decori

228 3568 492 3640 Principe
521 3575 648 3622 nata
673 3570 1018 3624 metallorum
1050 3571 1344 3643 praesignis
1370 3571 1586 3625 Herode

229 3658 494 3713 Praesidis
519 3658 708 3713 audita
736 3658 960 3728 rapiunt
989 3658 1154 3713 laude
1186 3658 1489 3724 officiales;

233 3754 398 3808 Facta
418 3754 535 3808 viro
558 3770 819 3825 praesens,
851 3754 938 3809 dis
956 3753 1265 3809 sacrificare
1290 3754 1536 3822 jubetur.

234 3845 335 3899 llla
378 3844 585 3898 :Deum
619 3845 809 3908 timeo,
840 3844 1134 3899 Dominum
1183 3843 1305 3899 colo
1335 3844 1520 3899 cuncti
1554 3852 1858 3915 potentem,

233 3935 338 4000 Qui
368 3935 494 3990 creti
526 3942 798 4007 terraeque
815 3945 997 4002 sator;
1025 3951 1148 3989 nam
1185 3935 1414 3989 numina
1440 3951 1581 3990 vana

234 4027 409 4092 Queis
439 4027 614 4081 libare
638 4027 826 4096 jubes,
862 4042 972 4082 non
1005 4026 1103 4090 dii,
1153 4025 1252 4080 sed
1293 4026 1575 4081 daemones
1601 4033 1817 4080 exstant
1847 4044 1861 4092 ;

235 4120 350 4174 Nec
371 4119 502 4174 licet
529 4120 630 4174 hos
660 4134 816 4174 orare
836 4119 995 4185 mihi,
1028 4134 1150 4190 quae
1168 4118 1348 4172 servio
1377 4115 1588 4173 Christo
1630 4144 1642 4162 υ

241 4210 496 4278 Dumque
526 4205 689 4261 ﬁdem
722 4207 922 4262 celsam
941 4207 1105 4262 dictis
1128 4206 1324 4262 attollit
1353 4208 1578 4279 apertis,

237 4298 482 4353 Lascivis
503 4305 693 4368 stupro
723 4298 963 4372 geminis
988 4298 1284 4354 mandatur
1312 4299 1567 4370 ephebis,

238 4393 282 4445 A
309 4390 516 4462 quibus
547 4390 766 4446 obscuri
788 4391 842 4445 in
870 4391 1178 4462 penetralia
1209 4407 1355 4446 caeca
1384 4391 1584 4444 cubilis

241 4483 551 4549 Clauditur,
577 4490 750 4554 utque
781 4492 979 4554 petunt
1001 4483 1210 4538 inceste
1233 4484 1508 4556 attingere
1530 4490 1759 4550 castam,

245 4576 446 4630 lntima
470 4590 740 4630 concusso
764 4575 928 4629 tellus
956 4575 1182 4630 eliditur
1200 4581 1378 4629 antro.

244 4671 648 4742 Exanimesque
678 4677 843 4725 ruunt
881 4670 1029 4725 omni
1063 4670 1267 4725 virtute
1290 4669 1487 4724 relicti.

243 4763 338 4816 Ast
367 4761 462 4815 ubi
490 4761 603 4829 jam
627 4760 852 4814 rediens
881 4759 1043 4814 terris
1073 4774 1270 4814 aurora
1301 4758 1542 4829 virisque

245 4853 532 4924 Purpureo
553 4853 705 4906 vehit
726 4866 823 4906 ore
851 4852 1023 4915 diem,
1057 4866 1398 4926 cognoscere
1424 4849 1629 4904 factum

247 4943 503 4999 Prmsidis
532 4944 769 5017 ingressi
800 4949 1048 4998 sanctam
1082 4943 1347 4998 invenere
1366 4942 1600 4997 ministri

250 5037 553 5091 Instantem
587 5035 868 5106 precibus,
901 5041 1100 5089 stratos
1131 5041 1191 5089 ut
1219 5043 1394 5090 morte
1435 5033 1687 5104 petulcos
1718 5050 1732 5099 ;

252 5127 501 5196 Dumque
533 5140 676 5195 opus
699 5129 999 5180 aethereum
1017 5124 1296 5178 mirantes
1325 5123 1572 5194 undique
1588 5121 1746 5176 mulli

252 5215 438 5271 Visere
465 5224 821 5282 concurrunt,
848 5230 1056 5286 praeses
1079 5215 1242 5283 jubet
1281 5213 1666 5268 antetribunal

247 5308 541 5364 Victricem
568 5307 769 5381 subigi,
803 5307 1050 5379 ferrique
1079 5315 1311 5378 stupore
1332 5307 1584 5375 jacentes
1621 5322 1634 5365 ;

251 5404 400 5466 Quos
424 5400 570 5456 votis
597 5399 781 5473 tetigit
809 5399 1081 5454 mandans
1098 5398 1174 5453 ita
1201 5397 1357 5469 virgo
1384 5395 1630 5467 profusis
1656 5412 1669 5448 :

258 5493 527 5568 «Surgite,
559 5500 612 5547 et
647 5491 704 5545 in
735 5491 933 5546 Christi
956 5492 1241 5546 consistite
1263 5490 1488 5544 nomine
1515 5486 1675 5543 recti.
1705 5509 1725 5536 »

250 5587 525 5649 Actutum,
557 5582 711 5638 velut
737 5598 969 5638 excusso
993 5583 1266 5654 pulsoque
1295 5596 1518 5652 sopore,

252 5677 566 5733 Incolumes
587 5682 824 5750 surgunt
852 5674 1201 5746 pedibusque
1231 5674 1483 5728 insistere
1514 5670 1778 5746 gaudent.

251 5765 539 5840 Cognitor,
563 5772 625 5820 ut
652 5763 876 5831 mulier,
915 5764 1136 5837 rogitat,
1177 5762 1469 5819 mutaverit
1507 5760 1652 5828 illos,

1960 3208 2219 3263 Amcntes
2244 3209 2478 3274 dederit,
2501 3210 2701 3264 virtute
2735 3208 3018 3263 resolverit
3050 3215 3188 3272 acta,

1911 3607 1932 3630 η
1966 3569 2191 3624 Defectu
2223 3570 2435 3644 fulgore
2457 3585 2556 3623 suo
2585 3584 2686 3624 nos
2710 3578 2880 3640 atque
2903 3578 3142 3625 tremore

1965 3660 2270 3715 Concussit.
2303 3685 2324 3704 ιν
2360 3659 2532 3713 Judex
2561 3659 2796 3713 furiatus
2825 3660 3064 3714 subdere
3094 3659 3237 3714 divis

1965 4116 2232 4170 Ardentes
2254 4114 2411 4169 lateri
2446 4132 2460 4181 ;
2493 4120 2945 4186 maturantesque
2979 4112 3215 4168 ministri

1889 4901 1947 4969 Β
1975 4921 2153 4977 Otfero
2177 4921 2519 4988 sacriﬁcans,
2541 4937 2630 4977 me
2661 4937 2748 4976 me
2771 4922 3032 4997 dignetur
3061 4929 3120 4975 ut
3145 4921 3266 4990 ipse

1982 5104 2219 5161 Caditur
2259 5106 2386 5161 hinc
2413 5105 2567 5160 duris
2595 5106 2820 5159 robusta
2845 5103 2998 5177 virgo
3021 5101 3260 5163 bacillis,

1982 5663 2076 5717 llle
2099 5660 2288 5715 furens
2309 5657 2477 5714 cruda
2499 5657 2737 5727 dempta;
2758 5655 2895 5711 facis
2916 5656 3116 5711 acriter
3145 5656 3246 5722 ira,

1983 5757 2123 5831 Lege
2152 5755 2304 5811 velut
2328 5753 2507 5824 posita
2529 5751 2785 5822 capitalis
2811 5758 2875 5806 ut
2891 5751 3028 5807 ultio
3049 5750 3229 5820 tollat,

1963 3297 2044 3350 llli
2079 3315 2092 3350 :
2122 3322 2146 3342 «
2176 3297 2267 3351 Sol
2287 3298 2434 3351 velut
2465 3299 2750 3368 ingressus
2793 3296 3139 3365 resplenduit
3168 3297 3296 3358 alte,

1963 3388 2527 3456 Praecellensjuvenis
2557 3389 2729 3442 mirus
2757 3404 2992 3458 vusuque
3023 3388 3282 3452 decorus,

1965 3481 2073 3535 Nos
2101 3481 2245 3534 inter
2275 3481 2367 3550 qui
2391 3496 2452 3534 se
2473 3480 2748 3546 objiciens
2776 3481 3051 3551 istamque
3083 3479 3346 3550 puellam,

1967 4203 2116 4259 Pone
2146 4203 2371 4271 cadunt,
2405 4202 2526 4258 forti
2560 4202 2774 4256 rabiem
2801 4202 3061 4257 vincente
3097 4200 3304 4271 puella.

1967 4293 2327 4363 Attolensque
2349 4291 2548 4347 iterum
2577 4297 2762 4362 caput,
2793 4292 2908 4345 haec
2933 4288 3192 4344 exsibilat
3216 4288 3414 4363 anguis
3448 4306 3460 4341 :

1976 4401 2001 4432 α
2021 4381 2156 4436 Pare
2186 4381 2350 4448 clam,
2374 4381 2786 4446 biothanata,et
2819 4396 2997 4453 maga,
3023 4379 3243 4453 legibus
3275 4378 3453 4450 azquis

1969 4469 2220 4542 Effugere
2249 4479 2310 4526 ut
2346 4472 2529 4526 valeas
2558 4487 2750 4541 poenas
2780 4471 3086 4524 consultior
3115 4475 3279 4524 atras.
3320 4493 3342 4515 »ι

1972 4559 2069 4614 Illa
2103 4577 2162 4613 :«
2195 4561 2354 4614 Bioth
2387 4558 2779 4627 natoslreddit}
2810 4573 2906 4612 vos
2935 4573 3056 4612 esse
3089 4555 3387 4628 probatur,

1971 4651 2382 4724 Praestigiisque
2415 4651 2624 4723 nigros,
2656 4649 2840 4704 vivum
2872 4664 3178 4719 verumque
3219 4649 3435 4714 negatis

1971 4739 2071 4804 Qui
2101 4738 2415 4802 Dominum,
2446 4738 2737 4809 larvasque
2767 4737 3004 4792 colendo
3034 4735 3288 4806 peribitis
3316 4735 3421 4806 ipsi

1975 4830 2253 4884 timentes
2278 4845 2415 4904 ;ego
2440 4845 2699 4899 supremo
2732 4829 3076 4900 Dominoque
3096 4830 3316 4898 Deoque

1983 5197 2442 5270 Ponderibusque
2472 5196 2765 5272 ﬂagellatis
2797 5197 2995 5249 humus
3023 5194 3270 5248 intremit
3295 5192 3444 5259 imis,

1983 5289 2046 5344 Et
2075 5290 2358 5360 pavefacta
2389 5290 2535 5360 piam
2569 5288 2834 5344 collidere
2864 5287 3017 5361 virga
3046 5286 3291 5356 puellam

1980 5380 2288 5452 Frangitur,
2319 5396 2382 5435 ac
2412 5379 2594 5435 valido
2618 5379 2805 5433 lumen
2833 5377 2971 5446 petit
2995 5376 3203 5446 impete
3233 5375 3340 5430 diri

1982 5476 2255 5540 Praesidis,
2283 5483 2447 5546 atque
2478 5474 2662 5527 attrita
2699 5471 2852 5546 gravi
2885 5470 3096 5542 pupilla
3122 5471 3338 5535 dolore,

1979 5566 2194 5622 Caecum
2223 5564 2392 5619 corde
2419 5568 2574 5617 notat
2603 5562 2866 5615 restincto
2893 5559 3100 5615 lumine
3126 5561 3362 5615 luscum.

3457 396 3562 450 642

1963 3749 2225 3819 Praecipit
2261 3749 2403 3805 hanc
2431 3749 2701 3815 animum,
2733 3748 2884 3818 quod
2917 3755 3044 3822 agat
3070 3749 3196 3811 nisi,
3231 3748 3592 3802 fataminatur

1964 3840 2156 3895 Patris.
2192 3841 2256 3894 At
2279 3841 2369 3895 illa
2402 3856 2415 3892 :
2451 3860 2472 3888 α
2503 3838 2600 3893 Tui
2635 3838 2850 3892 Satanze
2882 3855 3168 3910 nunquam
3197 3838 3587 3908 impleojussa,

1965 3931 2162 3985 Christi
2193 3931 2469 4001 praecipuo
2491 3945 2613 4001 qum
2627 3929 2853 3984 nomine
2875 3928 3007 3983 fulta
3028 3929 3254 3983 resulto.
3280 3952 3299 3978 ι

1966 4023 2270 4094 Lampades
2300 4023 2518 4078 invictae
2544 4022 2703 4090 jubet
2733 4028 3083 4092 apponantur
3107 4022 3370 4093 utrinque

1978 5013 2232 5079 Sumere,
2257 5011 2531 5083 peccatrix
2553 5013 2702 5079 licet,
2731 5019 2786 5067 at
2801 5027 2922 5066 sum
2949 5009 3176 5065 vernula
3202 5005 3424 5063 Christi.
3459 5026 3482 5056 πο
