3890 6414
353 388 461 443 643
1098 382 1467 438 FLODOARDI
1506 380 1812 437 CANONICI
1855 381 2186 437 REMENSIS
2225 381 2564 438 OPUSCULA
2608 383 2916 439 METRICA.
3613 386 3728 440 644

260 495 265 502 ”
353 511 711 567 Temnentem
745 509 911 564 dictat
942 522 1199 578 proceres
1220 518 1273 562 et
1305 508 1527 578 publica
1548 509 1694 576 jura,
2002 513 2054 579 Α
2083 508 2382 582 Relliquias
2411 510 2641 582 capiens
2667 509 2914 580 pretioso
2937 524 3168 563 munere
3195 509 3496 565 claustrum

359 609 500 661 Dans
528 605 757 679 magicis
787 610 995 673 patrata
1024 604 1119 657 Dei
1144 604 1344 658 virtute
1370 602 1586 678 ﬁguris,
2082 601 2418 658 Condecorai
2450 602 2719 658 mausolei
2752 602 2858 657 sibi
2889 605 2993 659 rite
3026 604 3197 673 parati
3229 621 3243 665 ;

359 697 505 750 llanc
523 711 711 749 rursus
742 700 941 748 metam
963 709 1092 747 mox
1115 693 1261 747 clara
1282 693 1490 748 Sabino
1523 701 1806 764 petentem
2079 691 2347 762 Huncque
2376 693 2722 762 interpositis
2743 693 3299 764 aliquotcomprensa
3341 692 3567 757 diebus,

357 785 714 856 Prosequitur
730 783 929 837 Christi
957 782 1085 836 fidei
1109 781 1364 836 devincta
1386 798 1482 851 per
1515 783 1718 851 ipsam,
2076 779 2297 834 Sistitur
2319 780 2551 849 Elpidio,
2586 796 2784 836 censor
2813 781 2908 852 qui
2931 781 3019 835 his
3038 782 3181 836 hanc
3218 787 3374 855 rogat
3403 781 3550 836 orsis
3585 799 3601 835 :

357 877 455 932 Cui
488 892 690 948 praeses
722 893 734 928 :
771 904 781 920 ο
814 874 952 938 Quid
984 873 1306 942 dedecoras,
1340 877 1618 949 vilemque
1640 877 1830 932 fateris
2077 891 2108 922 (ι
2141 871 2292 926 Tunc
2320 871 2594 927 Valentini
2623 873 2903 943 quondam
2935 873 3198 944 praeclara
3227 873 3438 930 Sabina

361 969 470 1022 Iloc
500 975 672 1023 temet
691 982 800 1037 quo
829 965 1171 1021 Christicolis
1198 975 1532 1022 connectere
1566 968 1742 1035 cultu,
2080 963 2242 1031 Uxor,
2263 973 2318 1020 et
2349 964 2580 1019 illustris
2607 965 2792 1035 proles
2831 963 3060 1020 Herodis
3084 964 3305 1020 haberis
3338 964 3368 1019 ?
3392 986 3421 1015 ι)

359 1065 608 1139 Conjugii
645 1061 986 1118 monimenta
1016 1059 1300 1128 decusque
1331 1056 1501 1111 oblita
1524 1064 1833 1126 parentum,
2079 1052 2182 1106 llla
2209 1069 2222 1106 :
2261 1078 2285 1100 α
2319 1053 2431 1124 Ego
2457 1069 2599 1118 sum,
2631 1058 2816 1127 grates
2856 1051 3070 1108 Christo
3101 1053 3407 1124 laudesque
3439 1053 3728 1137 rependo,

355 1157 782 1226 Aspernansque
808 1150 944 1204 deos
969 1163 1203 1219 quorum
1236 1154 1289 1200 te
1312 1146 1592 1201 incurrere
1620 1152 1802 1202 motus
2079 1143 2179 1208 Qui
2209 1144 2572 1216 peccatricem
2608 1160 2694 1198 me
2725 1143 2988 1199 sordibus
3023 1146 3169 1204 eruit
3199 1145 3357 1212 atris,

360 1247 562 1300 llorreo
589 1243 616 1296 ?
647 1241 784 1306 Quin
816 1255 1001 1294 remea
1032 1237 1397 1308 prepriasque
1410 1241 1683 1291 revertere
1709 1236 1773 1290 ad
1807 1236 1975 1302 aedes,
2080 1236 2247 1290 Serva
2277 1235 2463 1290 nitens
2484 1235 2604 1303 ejus
2622 1233 2754 1288 dum
2781 1249 2871 1288 me
2901 1233 3167 1304 Seraphia
3192 1233 3392 1288 vinclis

355 1337 531 1404 Atque
563 1329 814 1400 relinque
843 1342 1057 1400 magam
1083 1342 1204 1398 quae
1235 1325 1440 1380 multos
1469 1325 1680 1380 artibus
1705 1326 1837 1380 atris
2080 1325 2325 1382 Absolvit
2355 1327 2651 1392 lemurum,
2686 1325 2980 1380 Dominum
3012 1324 3151 1379 dans
3186 1340 3419 1381 noscere
3441 1340 3660 1380 verum.
3693 1345 3724 1373 ι)

357 1430 393 1480 Α
428 1425 576 1479 cultu
601 1436 892 1477 removens
922 1419 1050 1473 fecit
1077 1418 1339 1472 secedere
1363 1418 1568 1472 divum.
1598 1441 1614 1465 ο
2081 1414 2246 1479 Queis
2267 1414 2380 1469 bile
2403 1413 2632 1468 incensa
2657 1411 2934 1467 sententia
2960 1412 3150 1481 judice
3177 1412 3347 1477 dicta,

357 1515 512 1568 Alma
533 1512 738 1566 Sabina
773 1528 784 1564 :
825 1533 843 1557 ι
883 1508 1067 1576 Hujus,
1099 1523 1320 1577 pravam
1350 1522 1514 1578 quam
1541 1504 1678 1574 fare,
1711 1504 1908 1575 puellae
2082 1507 2370 1561 Prmtentis
2410 1521 2701 1578 procerum
2731 1504 2949 1574 probris
2975 1512 3300 1578 temptuque
3327 1504 3588 1570 deorum,

358 1603 583 1658 Artibus
609 1614 872 1662 osuasus,
906 1597 1072 1650 veluti
1106 1612 1224 1650 sum
1247 1611 1431 1659 suasa,
1461 1595 1694 1656 valeres,
2085 1598 2149 1652 Et
2167 1597 2303 1652 caedi
2331 1596 2518 1668 gladio
2543 1594 2698 1650 fortis
2729 1594 2951 1648 decreta
2978 1593 3202 1663 Sabina,

363 1694 532 1764 Impia
571 1705 896 1762 spurcorum
923 1687 1216 1742 simulacra
1244 1685 1476 1756 probare
1507 1685 1765 1740 deorum.
2086 1689 2332 1764 Egregia:
2351 1688 2510 1743 dotes
2527 1687 2702 1742 titulis
2733 1685 3015 1741 ﬁscalibus
3037 1685 3187 1752 addi,

362 1783 419 1837 Et
439 1797 624 1836 verum
657 1793 930 1854 cognosse
961 1778 1132 1832 Deum
1166 1777 1281 1850 qui,
1317 1775 1718 1847 praemiajustis
2007 1829 2050 1854 η
2087 1778 2252 1849 Cujus
2277 1778 2344 1833 ab
2377 1778 2604 1832 illustris
2623 1776 2804 1831 meriti
2833 1775 3320 1830 sublatalocantur

449 1829 624 1836 .------
662 1829 924 1854 -τυ---ητ
962 1829 987 1830 η
1015 1829 1055 1832 νγ
1173 1829 1281 1850 τίκ,
1317 1829 1340 1847 ,κ
1389 1829 1416 1830 η
1553 1829 1598 1842 ,κ
1629 1829 1663 1830 η
2097 1829 2249 1849 ην-
2280 1829 2340 1833 --η
3003 1829 3031 1830 η
3099 1829 3145 1830 η
3237 1829 3271 1830 η

358 1873 592 1926 Αἰιθτηαθ
625 1868 873 1924 tribuens
903 1866 1060 1931 lucis,
1091 1866 1185 1920 dat
1213 1865 1432 1919 Tartara
1463 1863 1663 1935 pravis.
1700 1883 1729 1912 ι)
2005 1829 2054 1896 Β
2086 1869 2330 1923 Membra
2359 1867 2492 1921 viris
2523 1867 2645 1938 ipso
2673 1881 2782 1938 quo
2813 1864 3138 1920 condiderat
3165 1863 3500 1919 venerandae

361 1963 482 2016 Haec
511 1961 579 2014 ad
612 1958 781 2014 verba
802 1973 1001 2012 verens
1026 1971 1237 2026 praeses
1262 1954 1392 2010 sinit
1418 1953 1495 2007 ire
1528 1952 1812 2007 Sabinam.
2086 1958 2221 2015 ossa
2242 1972 2358 2012 sua;
2390 1955 2600 2012 tumulo
2621 1953 2750 2009 ﬁdei
2783 1969 3094 2026 pugnaeque
3122 1953 3424 2028 magistrae,

357 2052 598 2125 Virginis
624 2051 716 2105 illa
739 2051 842 2121 piae
865 2048 1032 2104 tinem
1067 2049 1417 2120 palmamque
1452 2045 1718 2117 triumphi

1711 2045 1718 2100 l
2087 2053 2256 2108 Arcus
2281 2049 2546 2117 Faustini,
2571 2048 2724 2105 Jovis
2752 2063 2884 2102 area
2915 2046 3247 2103 Vindiciani.

361 2148 649 2220 Exsequiis
677 2146 968 2203 celebrans
997 2144 1181 2220 dignis
1203 2145 1466 2216 claroque
1497 2143 1699 2209 nitore,

1862 2240 2070 2296 CAPUT
2115 2240 2226 2296 VII.

1482 2346 1560 2404 De
1586 2352 1796 2404 sancta
1832 2344 2062 2421 Sophia
2093 2349 2146 2403 et
2173 2341 2418 2418 ﬁliabus
2450 2342 2599 2417 ejus.

363 2490 656 2564 Virgineus
687 2491 855 2545 decor
875 2489 965 2544 hic
997 2489 1140 2544 trino
1175 2488 1470 2560 splendore
1493 2505 1760 2546 coruscus
2102 2486 2255 2541 Tunc
2273 2485 2535 2551 Charitas,
2558 2482 2719 2552 Spes,
2747 2490 2910 2553 atque
2934 2480 3114 2544 Fides,
3134 2494 3258 2533 cum
3289 2484 3462 2532 matre
3487 2475 3724 2546 Sephia.

374 2581 616 2654 Martyrii
647 2581 1009 2638 meruitnexa
1038 2581 1219 2637 radice
1254 2595 1538 2648 coronam,

1854 2676 2063 2731 CAPUT
2109 2675 2247 2731 Vlll.

1671 2777 1750 2835 De
1790 2785 1998 2837 sancto
2041 2774 2391 2834 Eustochio.

366 2926 559 2981 Fertur
583 2940 650 2979 eo
682 2923 1030 2991 Eustachius,
1063 2922 1320 2978 Placidus
1350 2923 1689 2997 cognomine
1711 2922 1916 2988 dictus,
2093 2917 2380 2983 Quomodo
2410 2914 2700 2988 quaesitus,
2734 2929 2844 2984 qua
2867 2917 2989 2982 post
3016 2910 3278 2985 indagine
3295 2909 3450 2964 visus

361 3013 604 3069 Turbine
634 3029 758 3067 cum
790 3013 996 3083 genitis
1018 3015 1180 3066 SlmUl
1212 3012 1442 3085 Agapio,
1475 3010 1792 3081 TheOpisto,
2093 3007 2296 3062 Militia:
2313 3006 2542 3076 antiquo
2574 3002 2649 3059 sit
2677 3011 3014 3057 restauratus
3029 3001 3227 3056 honori
3272 3017 3286 3064 ;

361 3107 558 3163 Juncta
587 3119 776 3172 uxore,
797 3104 1184 3175 triumphalem
1212 3103 1484 3159 meruisse
1514 3103 1774 3168 nitorem,
2093 3099 2358 3170 Repperit
2387 3103 2447 3152 ut
2469 3105 2627 3152 natos
2658 3097 2978 3167 sociamque
2991 3093 3312 3148 abiturusin
3333 3092 3577 3153 hostem,

363 3200 604 3264 Quorum
636 3206 791 3253 actus
821 3197 961 3252 mira
986 3197 1194 3267 stupidi
1215 3197 1427 3252 ratione
1460 3197 1739 3271 leguntur.
2093 3190 2310 3262 Quique
2334 3189 2686 3260 triumphatis
2709 3187 2899 3243 reduci
2929 3187 3070 3243 redit
3096 3185 3348 3243 hostibus
3379 3199 3544 3247 ense,

367 3288 569 3342 Militiae
594 3287 852 3358 princeps
866 3294 1061 3356 captus
1086 3287 1215 3341 dum
1247 3286 1416 3361 Iigere
1435 3303 1658 3341 cervum
2023 3304 2073 3372 ί)
2097 3279 2583 3351 Contemnensque
2605 3281 2761 3344 deos,
2787 3275 2913 3332 fana
2941 3284 3264 3348 aspernatus
3285 3273 3460 3338 abire,

365 3376 605 3447 Appetit,
640 3375 877 3430 utfuerit
909 3375 1140 3430 Domino
1163 3381 1400 3430 venante
1427 3389 1746 3446 sequacem,
2031 3363 2073 3372 ν
2095 3368 2351 3422 Traditus
2376 3376 2435 3422 ut
2460 3367 2639 3422 belvis
2668 3366 2804 3422 abiit
2833 3375 3128 3422 veneratus
3154 3365 3222 3419 ab
3256 3363 3415 3435 ipsis,

371 3465 436 3519 Ut
465 3465 590 3519 data
622 3463 924 3534 perdiderit
941 3462 1147 3518 terreni
1179 3479 1412 3518 munera
1437 3479 1661 3528 census,
2100 3457 2329 3513 Clausus
2350 3474 2475 3513 cum
2507 3458 2710 3531 genitis
2733 3465 3015 3530 nuptaque
3045 3455 3356 3511 Phalaridis
3396 3454 3528 3527 igne

370 3555 601 3624 Insuper
619 3568 870 3619 uxorem,
903 3559 1194 3624 natosque,
1219 3561 1272 3608 et
1299 3569 1514 3625 pauper
1541 3553 1595 3608 in
1619 3551 1766 3626 agris
2101 3550 2168 3605 Ut
2195 3551 2360 3605 simul
2386 3559 2532 3606 astra
2561 3551 2698 3622 petit
2727 3557 3001 3606 tormento
3043 3550 3249 3604 illaesus
3289 3548 3492 3602 aheno.

372 3642 641 3698 Ruricolae
669 3641 906 3698 ediderit
935 3643 1104 3698 vitam
1143 3642 1399 3698 mercede
1430 3641 1683 3697 laborum
1709 3658 1724 3705 ;

1879 3738 2086 3793 CAPUT
2136 3737 2200 3791 IX

1543 3840 1624 3900 De
1649 3847 1855 3900 sancto
1886 3838 2238 3900 Eleutherio
2266 3847 2320 3898 et
2351 3839 2555 3899 Antia.

367 3977 516 4032 Tunc
549 3975 897 4032 Eleutherius
925 3974 1124 4030 virtute
1157 3982 1212 4030 et
1238 3974 1507 4048 sanguine
1538 3975 1741 4043 clarus,
2095 3972 2378 4027 Ferventis
2407 3972 2550 4045 pice,
2579 3972 2733 4044 pinu,
2767 3972 2890 4030 oleo
2914 3973 3207 4048 sartaginis
3228 3972 3410 4049 ignes,

372 4071 621 4124 Messana
651 4067 859 4124 celebri
881 4067 1083 4139 praesul
1107 4067 1310 4138 pietate
1338 4069 1584 4141 regebat,
2093 4064 2380 4120 Craticulae
2409 4081 2614 4136 prunas
2643 4066 2872 4121 robusto
2901 4075 3122 4137 pectore
3151 4065 3338 4132 vincit,

371 4157 471 4222 Qui
496 4157 710 4214 fervore
733 4157 828 4212 Dei
861 4163 1128 4228 castoque
1159 4157 1362 4212 decore
1406 4163 1676 4212 venustus
2097 4157 2502 4230 Expositusque
2529 4158 2658 4214 feris
2684 4170 2909 4231 superat
2930 4161 3134 4231 pietate
3164 4159 3377 4216 leones.

373 4249 666 4320 Captantes
695 4249 789 4303 ubi
808 4263 869 4303 se
886 4256 1114 4319 captans
1144 4249 1237 4303 dat
1258 4249 1362 4303 sub
1385 4247 1520 4322 juga
1541 4247 1763 4302 Christi.
2098 4247 2188 4302 Sic
2217 4247 2460 4320 gladium
2489 4250 2683 4324 jugulo
2711 4251 2932 4321 rapiens
2959 4267 3083 4306 cum
3102 4256 3274 4304 matre
3307 4250 3540 4317 recedit,

377 4340 614 4413 Ignitum
638 4337 893 4411 Chalybis
919 4337 1142 4406 lectum,
1167 4352 1267 4408 pro
1298 4336 1463 4393 laude
1481 4335 1763 4407 Tonantis,
2102 4341 2394 4413 Antiaqua
2422 4341 2550 4399 felix
2581 4343 2730 4400 felici
2755 4344 2986 4419 pignore
3007 4345 3229 4420 gaudet.

1879 4495 2089 4552 CAPUT
2134 4497 2200 4554 Χ.

997 4601 1076 4662 De
1107 4601 1389 4681 apotogia
1422 4599 1722 4671 Quadrati
1749 4607 1803 4660 et
1833 4603 2145 4677 Aristidis,
2184 4614 2238 4664 et
2264 4609 2618 4669 remissione
2644 4611 3096 4687 persecutionis.

368 4737 507 4793 Dum
548 4737 824 4792 bacchans
855 4734 1058 4806 passim
1090 4751 1190 4805 per
1217 4750 1364 4801 rura,
1395 4749 1494 4804 per
1514 4732 1720 4804 Oppida
1737 4732 1861 4787 talis
2008 4742 2060 4808 ι)
2085 4735 2580 4812 Praesidiisetgraii
2621 4737 3729 4820 [cod.2granu[capiensconsultaSereni,

373 4832 431 4886 in
460 4841 682 4887 sanctos
709 4831 829 4888 vice
859 4835 1140 4904 grassatur
1165 4827 1431 4884 violentia
1461 4827 1624 4902 legis,
2097 4828 2172 4884 Re
2202 4845 2370 4900 super
2401 4830 2503 4886 hac
2519 4830 2706 4897 mites,
2731 4845 2842 4886 non
2883 4829 3202 4900 impellente
3223 4839 3400 4896 reatu,

369 4927 555 4982 Fontis
581 4926 871 4998 apostolici
896 4923 1178 4980 restabant
1205 4923 1463 4995 dogmate
1493 4922 1650 4987 clari,
2097 4923 2448 4979 Christicolas
2467 4922 2692 4978 sceleris
2720 4921 2905 4994 puniri
2936 4922 3115 4977 cernit
3141 4921 3392 4993 iniquum
3419 4939 3434 4984 ;

371 5022 734 5097 lnsignesque
763 5021 889 5088 viri,
921 5034 1155 5092 quorum
1187 5018 1497 5083 Quadratus
1530 5015 1740 5082 herilis,
2096 5013 2352 5069 Damnari
2383 5013 2632 5068 illicitum
2656 5028 2894 5067 censens
2921 5011 3044 5067 sine
3073 5011 3306 5066 crimine
3333 5020 3574 5077 nostros,

368 5110 597 5166 Effultus
629 5110 757 5166 ﬁdei
789 5110 1044 5167 doctrina
1073 5114 1127 5163 et
1157 5107 1380 5162 ﬂamine
1409 5114 1564 5163 vates
2095 5108 2217 5163 Mox
2255 5107 2372 5162 Iace
2394 5105 2591 5181 ﬂagitii
2621 5105 2852 5161 furiatos
2879 5105 3031 5160 caede
3062 5113 3339 5175 repressat

368 5203 620 5269 Sidereo,
649 5203 983 5275 scriptisque
1003 5201 1143 5257 viam
1162 5206 1476 5275 propugnat
1507 5206 1563 5254 et
1592 5213 1689 5254 ore
1723 5215 1738 5263 ;
2093 5195 2317 5250 Summa
2343 5195 2584 5261 Judazos,
2626 5195 2777 5249 ultus
2793 5209 2934 5268 quos
2966 5192 3360 5250 excruciabant

369 5297 586 5367 Quique
613 5297 957 5371 apologetica
988 5313 1088 5368 pro
1120 5295 1417 5369 relligione
1443 5295 1705 5349 volumen
2093 5289 2321 5344 Sanctos
2352 5287 2502 5359 quod
2533 5287 2668 5342 socii
2686 5286 2791 5342 sibi
2824 5301 2934 5342 non
2961 5286 3312 5340 traherentur
3340 5284 3396 5338 in
3428 5301 3586 5340 arma

367 5385 709 5456 Christigena
737 5389 884 5443 serie
917 5387 1220 5459 expediens
1245 5386 1479 5450 illustre,
1512 5386 1702 5459 vigore
2094 5379 2370 5435 Romanos
2394 5385 2585 5434 contra
2626 5396 2641 5444 ;
2674 5378 3008 5449 Solymaque
3035 5377 3136 5433 hos
3153 5385 3324 5440 arcet,
3365 5391 3609 5448 eamque

368 5479 424 5531 Id
458 5474 574 5532 veri
602 5475 810 5531 vallans
839 5480 1075 5535 Adriano
1093 5478 1292 5535 offerre
1317 5479 1540 5552 sategit,
2096 5469 2413 5524 Restituens
2440 5467 2610 5523 muris
2631 5467 2780 5522 cedit
2800 5466 3107 5522 cultoribus
3124 5465 3304 5530 almis,

361 5566 513 5619 Tunc
545 5574 687 5627 opus
701 5569 756 5617 et
776 5566 1053 5634 quoddam
1079 5567 1366 5640 egregium
1398 5566 1610 5621 ratione
1637 5578 1741 5618 nec
1787 5561 1989 5632 impar,
2097 5562 2159 5617 Et
2190 5570 2340 5635 patet
2370 5561 2459 5616 his
2483 5561 2673 5632 patria}
2704 5559 2917 5615 meritis
2955 5559 3075 5614 sine
3102 5573 3253 5613 more
3281 5566 3514 5614 vocatus

361 5649 646 5710 Praemissi
675 5656 916 5712 mtherea
945 5658 1208 5714 redolens
1235 5659 1493 5715 Aristidis
1523 5675 1679 5722 aura,
2096 5648 2412 5704 Priscorum
2441 5647 2644 5716 Coniux
2672 5648 2938 5722 Augusta,
2958 5646 3176 5702 ἷέῑνοηῑθ
3189 5655 3388 5701 senatu
3424 5665 3438 5702 ε

357 5735 612 5804 Suscipit
638 5735 727 5793 hic
755 5744 1016 5814 princeps
1044 5755 1246 5802 nostrae
1273 5749 1376 5804 sub
1407 5747 1573 5805 laude
1602 5746 1760 5802 ﬁdei.
2098 5744 2206 5798 Sed
2235 5744 2412 5801 victor
2440 5742 2602 5799 bellis
2634 5757 2748 5797 rem
2782 5741 3002 5815 legibus
3031 5741 3251 5797 ordinat
3281 5741 3486 5813 aequis.
