3890 6410
177 388 280 442 645
795 388 878 442 DE
919 389 1180 447 CHRISTI
1220 392 1587 448 TBIUMPHIS
1627 393 1800 448 APUD
1842 391 2110 447 ITALIAM
2152 392 2326 447 LIBRI
2369 392 2500 448 XIV.
2542 423 2611 432 —
2653 392 2756 446 LIB
2825 393 2916 447 III.
3412 397 3519 450 646

1670 549 1881 604 CAPUT
1921 549 2009 605 XI.

1358 652 1431 710 De
1469 652 1812 729 Telesplioro
1844 661 1895 710 et
1930 653 2194 728 Hiygino
2237 653 2346 710 PP.

175 763 298 818 Post
327 762 534 817 Sixtum
570 761 756 816 Romae
780 760 980 816 solium
1011 762 1382 834 TeleSphorus
1411 771 1590 830 ornat,
1822 770 1872 836 Α
1898 766 2409 822 Successorclerum
2437 763 2680 834 disponit
2706 770 2761 818 et
2785 771 2943 818 ornat
2976 763 3221 838 Hyginus
3254 784 3268 830 ;

172 853 317 907 .luris
341 851 632 922 apostolici
667 851 914 906 delectus
944 861 1002 906 ut
1032 853 1366 908 anachoreta
1898 859 2006 912 Hac
2040 869 2148 925 quo
2170 852 2457 923 perfuncto
2501 868 2599 922 per
2628 859 2889 923 quattuor
2911 852 3118 906 inditur
3147 871 3324 910 annos

173 941 427 1012 Angelica
452 941 689 1011 populos
702 958 866 1012 quam
898 950 1047 997 vasta
1073 959 1171 1014 per
1198 953 1388 1014 egerat
1417 959 1543 996 arva
1896 949 2062 1014 Sede,
2092 946 2220 1000 Pius
2251 946 2361 999 vita
2388 944 2592 999 celebri
2626 959 2940 1018 cognomen
2977 945 3275 1012 honorans,

173 1033 468 1086 lustrueret
494 1031 626 1097 vita,
657 1031 830 1086 sobrii
861 1032 955 1103 qui
988 1033 1204 1087 tradere
1244 1033 1374 1087 belli
1895 1035 2135 1091 Pastoris
2152 1034 2318 1088 frater
2349 1034 2553 1105 pietate
2582 1041 2810 1088 ornatus
2843 1041 3100 1104 uterque.

177 1122 540 1174 Instrumenta
569 1120 702 1174 viris
733 1119 972 1184 fervens,
1004 1121 1318 1192 praecedere
1344 1133 1591 1177 sanctum
1834 1123 1836 1125 ’
1898 1125 2058 1180 istius
2095 1122 2500 1193 subepiscopio
2544 1122 2744 1175 librum
2777 1121 2949 1176 edidit
2986 1123 3232 1190 Hermes,

172 1209 299 1273 Quae
328 1215 478 1263 tenet
509 1209 754 1263 Ecclesia
773 1209 960 1264 statuit
990 1209 1219 1278 jejunia,
1251 1210 1460 1264 Pascha
1492 1227 1504 1262 :
1897 1216 2070 1279 Quem
2103 1213 2294 1284 primae
2327 1211 2478 1266 Pauli
2508 1212 2729 1266 schedae
2759 1213 3019 1267 mandata
3041 1215 3308 1281 salutant,

174 1297 375 1352 Natalis
404 1298 594 1372 peragi
617 1295 809 1351 Christi
829 1297 1087 1368 mysteria
1119 1305 1300 1353 nocte.
1892 1306 2136 1381 Angelici
2167 1305 2392 1359 sibimet
2419 1304 2664 1359 monitus
2695 1305 2821 1358 data
2847 1304 3000 1372 jussa
3021 1307 3306 1361 revolans:

171 1391 350 1445 Tertia
380 1406 483 1446 nec
514 1399 715 1462 praeter
745 1392 850 1446 nisi
890 1392 1126 1447 candeat
1156 1393 1290 1448 hora
1318 1392 1428 1446 diei
1894 1395 2098 1449 Pascha
2125 1394 2215 1448 die
2245 1393 2410 1448 trahit
2431 1410 2462 1448 a
2492 1393 2725 1447 Domino
2751 1394 2842 1464 qui
2881 1409 3083 1449 nomen
3099 1398 3374 1469 agendum

171 1484 284 1544 Qua
308 1479 490 1534 crucis
511 1481 786 1534 aethereus
809 1480 981 1534 subiit
1011 1480 1278 1536 miracula
1302 1480 1504 1554 fulgor,
1895 1484 2190 1539 Schemate
2214 1483 2470 1554 pastoris,
2497 1484 2602 1537 hoc
2633 1482 2883 1538 caelicola
2915 1484 3282 1555 imperitante,

175 1573 417 1642 Hymnus
441 1582 496 1628 et
535 1573 818 1646 angelicus
847 1582 1034 1630 monet
1063 1577 1206 1630 inter
1225 1591 1380 1631 sacra
1404 1576 1648 1630 resultet.
1898 1577 2112 1648 Quique
2137 1577 2248 1651 legi
2274 1577 2449 1630 Graiis
2472 1576 2668 1632 solitus
2701 1593 2796 1646 per
2819 1577 3039 1646 publica
3061 1581 3283 1650 templa,

173 1669 308 1724 Hinc
331 1677 533 1740 martyr
559 1669 809 1724 renitens
837 1669 1099 1742 claroque
1129 1671 1186 1724 in
1219 1669 1328 1725 fine
1359 1671 1708 1740 triumphans
1901 1670 2058 1724 Credi
2090 1670 2422 1740 Hieronymo
2462 1670 2663 1742 dignus
2693 1677 2928 1724 testante
2961 1669 3200 1725 libellus.

169 1760 435 1815 (londitur
460 1761 531 1814 ad
561 1761 739 1816 sancti
761 1773 985 1818 sanctus
1011 1777 1167 1818 sacra
1198 1762 1436 1834 pignora
1467 1762 1632 1817 Petri.

1678 1876 1885 1932 CAPUT
1925 1877 2036 1931 XII.

1467 1983 1546 2040 De
1589 1981 1816 2042 Novato
1860 1989 1913 2040 et
1961 1979 2240 2039 Pudente.

177 2091 286 2146 Hoc
310 2091 527 2146 nituere
559 2089 662 2143 viri
694 2089 899 2160 egregii
926 2088 1029 2142 sub
1071 2089 1308 2159 praesule
1330 2088 1518 2159 plures
1548 2094 1561 2141 ξ
1829 2091 1880 2158 Β
1903 2084 2222 2156 Discipulus
2249 2084 2421 2150 Pauli,
2453 2083 2670 2138 titulum
2698 2083 2792 2156 qui
2819 2084 3044 2139 nomine
3061 2089 3234 2143 sancti

175 2183 428 2252 Namque
444 2187 727 2250 superstes
757 2178 938 2233 adhuc
961 2179 1194 2234 florebat
1225 2180 1431 2233 honore
1459 2177 1658 2232 beatus
1905 2173 2149 2228 Pastoris
2187 2173 2348 2226 clara:
2379 2172 2600 2226 fabricae
2641 2173 2967 2239 construxit,
3011 2175 3223 2230 honore
3257 2184 3310 2231 et

180 2284 190 2323 ι
220 2268 682 2341 ucisapostolicze
715 2268 935 2322 radians
964 2267 1262 2338 splendore
1297 2267 1557 2332 Novatus,
1904 2265 2170 2338 Dogmate
2193 2265 2497 2331 apostolico
2525 2275 2804 2335 sumptum
2834 2265 3168 2336 baptismate
3209 2269 3416 2324 cultum

169 2363 449 2419 Timothei
490 2363 680 2425 frater,
717 2361 929 2416 Domini
957 2376 1133 2431 usque
1187 2375 1448 2431 suprema
1499 2358 1756 2413 minister
1787 2374 1802 2421 ;
1909 2357 2149 2412 lnsontis
2177 2357 2380 2412 tunicae
2398 2357 2464 2411 ad
2499 2356 2664 2411 ﬁnem
2686 2358 2924 2412 servavit
2948 2359 3258 2415 honestum.

173 2456 269 2510 llle
299 2456 520 2509 Pudens
549 2454 713 2510 etiam
747 2453 1078 2525 cognomine
1111 2461 1167 2507 et
1193 2467 1318 2507 arce
1343 2450 1590 2522 pudoris,
1689 2436 1695 2441 ’

1667 2555 1876 2613 CAPUT
1915 2555 2056 2611 XIII.

1285 2664 1364 2724 De
1390 2665 1616 2724 sanctis
1648 2659 1913 2721 Praxede
1953 2667 2006 2718 et
2043 2654 2426 2718 Potentiam.

181 2777 358 2845 Hujus
381 2773 644 2830 Pudentis
671 2772 959 2828 sanctitate
986 2771 1258 2843 praeclues
1911 2766 2193 2838 Sequique
2225 2764 2418 2819 Christi
2447 2764 2502 2818 in
2527 2763 2672 2819 bella
2697 2765 2855 2838 signa
2879 2766 3242 2837 promptulos.

176 2863 445 2918 Praxedis
475 2877 538 2917 ac
571 2862 895 2917 Potentiana
925 2859 1078 2928 filiae,
1911 2861 2034 2916 Istis
2060 2875 2282 2916 sorores
2304 2859 2521 2930 inclytae
2543 2859 2862 2926 virtutibus,

178 2949 327 3013 Quas
358 2949 480 3004 luce
511 2948 673 3003 Verbi
703 2955 758 3003 et
786 2947 1050 3003 castitatis
1069 2948 1314 3003 educans
1911 2949 2042 3005 Post
2073 2949 2244 3020 patris
2275 2965 2385 3003 aera
2403 2965 2705 3019 pauperum
2734 2965 2838 3019 per
2869 2949 3083 3003 viscera

176 3043 403 3098 Servire
436 3043 653 3102 Christo
681 3042 976 3096 destinavit
997 3041 1243 3116 virgines
1276 3059 1291 3105 ;
1910 3039 2107 3094 Christi
2140 3038 2345 3105 refusa,
2387 3045 2510 3109 post
2540 3054 2750 3113 agones
2782 3039 3054 3108 plurimos

174 3129 309 3194 Quae
342 3137 468 3201 post
487 3130 734 3200 parentis
762 3129 1098 3184 excubantes
1127 3129 1414 3185 transitum
1911 3130 2119 3186 Crelum
2153 3136 2349 3201 petunt
2378 3145 2476 3200 pro
2504 3130 2751 3184 castitate
2773 3130 3068 3194 exercitos,

177 3221 462 3287 Oratione,
493 3221 772 3289 laudibus,
799 3221 1050 3289 jejuniis,
1913 3221 1988 3276 Pii
2023 3220 2234 3275 laboris
2261 3219 2620 3273 munerandaa
2651 3218 2915 3288 praemiis,

176 3313 358 3368 Vitam
387 3314 649 3387 benignis
678 3313 1004 3368 excolebant
1034 3311 1270 3376 actibus,
1911 3311 2238 3366 Coemeterio
2267 3310 2485 3365 decorae
2518 3309 2782 3363 Priscillae
2805 3308 2955 3364 edito

180 3401 358 3457 Suum
400 3411 693 3474 erogantes
720 3417 886 3457 omne
913 3401 1112 3456 Christi
1145 3415 1448 3472 pauperum
1909 3403 2079 3458 Secus
2109 3402 2377 3456 Pudentis
2403 3416 2528 3456 ossa
2545 3400 2715 3470 patris
2737 3400 2998 3467 conditae,

179 3491 241 3544 In
264 3491 650 3546 sublevatione
673 3490 1091 3561 patrimonium.
1908 3495 2203 3566 Postquam
2233 3493 2452 3565 piornm
2487 3491 2659 3547 multa
2686 3491 2867 3546 bustis
2889 3507 3110 3547 comere

177 3582 414 3638 Fontem
455 3582 656 3637 lavacri
689 3581 956 3637 fabricata
987 3581 1042 3635 in
1067 3580 1219 3654 regia
1908 3587 2182 3643 Studuere
2201 3585 2447 3641 membra
2475 3584 2716 3658 glorioso
2744 3584 2962 3639 funere.

175 3674 218 3728 A
250 3680 411 3745 patre
447 3675 688 3730 Pastoris
716 3673 864 3730 beati
896 3674 1123 3730 nomine
1910 3676 2034 3732 Haec
2064 3677 2206 3730 inter
2220 3675 2424 3730 almum
2442 3682 2734 3744 martyrem
2767 3671 3156 3743 Symmetrium

178 3765 450 3821 Struxere
477 3782 668 3821 earum
696 3781 807 3837 quo
847 3766 1087 3821 niterent
1116 3764 1361 3821 vernulze
1397 3783 1412 3831 ;
1913 3765 2042 3819 Cum
2075 3765 2160 3818 bis
2191 3765 2381 3820 decem
2415 3762 2635 3818 duobus
2664 3769 2720 3816 et
2746 3760 3032 3816 sodalibus

178 3857 433 3922 Quorum
464 3858 555 3914 hic
586 3858 711 3930 pius
729 3857 992 3913 rutilante
1016 3857 1240 3912 Pascha;
1265 3856 1473 3911 lumine
1919 3857 2196 3912 Praxedis
2226 3856 2369 3928 aptis
2400 3863 2608 3911 texerat
2637 3854 2960 3918 mausoleis,

177 3948 388 4004 Novies
418 3947 610 4002 decem
645 3947 900 4012 sacravit,
939 3953 994 4001 et
1023 3963 1119 4001 sex
1147 3946 1365 4019 gurgite
1855 4013 1888 4019 Α
1923 3945 2068 4009 Quos
2099 3945 2277 4000 Caesar
2301 3944 2572 3999 Antonius
2603 3943 2756 3998 ensis
2784 3941 2939 4013 impii

175 4037 498 4109 Splendore
522 4036 793 4092 libertatis
823 4050 1019 4091 omnes
1045 4013 1331 4106 praeditos,
1841 4013 1892 4081 (ἶ
1923 4037 2026 4092 Pro
2047 4037 2209 4093 laude
2237 4037 2436 4093 Christi
2458 4036 2611 4092 caede
2644 4034 2778 4091 fecit
2801 4034 2982 4090 obrui.

1343 4143 1352 4153 '
1676 4163 1887 4220 CAPUT
1933 4166 2065 4221 xw.

1158 4267 1238 4327 De
1268 4277 1475 4327 sancto
1509 4267 1858 4328 Alexandro
1895 4271 2164 4347 episcopo
2195 4279 2247 4329 et
2275 4278 2565 4346 martyre.

179 4387 460 4458 Princeps
487 4386 577 4441 hic
603 4392 760 4441 atrox
801 4389 926 4455 post
957 4383 1234 4438 Neronem
1265 4382 1566 4438 Ecclesium
1920 4383 2014 4440 Hic
2046 4381 2315 4440 excitatus
2331 4399 2468 4440 voce
2500 4382 2649 4439 celsa
2676 4383 2797 4438 haec
2830 4396 3086 4452 promere
3111 4398 3122 4434 :

172 4480 305 4534 Jam
335 4478 724 4550 persecutione
752 4483 946 4549 quarta
982 4474 1211 4530 fervidae
1923 4495 1940 4520 α
1987 4472 2207 4538 Audite,
2240 4471 2431 4543 cespit,
2472 4487 2571 4526 vos
2601 4475 2880 4541 parentes,
2913 4477 2970 4523 et
2999 4467 3170 4522 simul

174 4569 540 4625 Crudelitatis
565 4567 719 4636 iussa
742 4581 1011 4639 spargens
1032 4564 1236 4629 atterit,
1916 4561 2080 4616 Plebs
2107 4562 2370 4615 universa
2393 4579 2410 4614 :
2454 4560 2659 4615 ductus
2685 4576 2717 4613 a
2745 4557 3048 4614 teterrimis

176 4661 301 4716 Sub
336 4678 448 4734 qua
472 4662 687 4733 piorum
708 4660 918 4715 honore
948 4656 1123 4712 sancti
1165 4655 1408 4711 nominis
1916 4651 2143 4708 Duobus
2172 4667 2268 4707 ora
2295 4650 2533 4706 turbidis
2554 4650 2842 4724 Egyptiis.

175 4752 364 4808 Cruor
394 4749 655 4822 profusus
683 4747 843 4820 plura
869 4746 1061 4802 mundi
1090 4746 1145 4800 in
1176 4746 1396 4801 climata
1916 4740 2182 4812 Puteique
2209 4740 2414 4794 missus
2442 4757 2562 4794 sum
2592 4741 2714 4796 loco
2741 4739 3170 4804 obscurissimi;

171 4841 577 4898 Miraculorum
605 4839 786 4916 gloria
820 4838 1183 4895 clarissimum
1914 4833 2187 4887 Veniente
2212 4831 2432 4903 ephebo
2470 4831 2568 4886 sed
2601 4840 2829 4902 repente
2860 4831 3180 4902 splendido,

175 4935 315 4989 Haec
347 4939 650 5004 martyrem
672 4931 765 4985 dat
791 4936 1041 4984 sanctum
1069 4927 1440 4983 Alexandrum
1472 4925 1620 4998 polo.
1919 4927 2094 4982 Locus
2117 4934 2358 4982 tremore
2389 4935 2538 4982 totus
2564 4927 2685 4998 ipse
2716 4927 2993 4990 tunditur,

174 5025 464 5078 Virtutum
495 5021 627 5076 huic
657 5034 878 5075 rumore
908 5018 1079 5074 latum
1103 5017 1350 5090 cognito,
1917 5014 2236 5087 Clamatque
2261 5015 2488 5083 juvenis
2518 5015 2613 5070 ille
2644 5013 3044 5086 fulgidissimus
3077 5028 3090 5064 :

175 5113 440 5178 Quodam
481 5111 716 5166 cadaver
744 5109 991 5184 algidum
1020 5108 1124 5163 sub
1157 5116 1406 5178 tempore
1923 5131 1946 5157 ἰ
1971 5107 2208 5162 Puerum
2241 5107 2366 5161 sine
2394 5106 2506 5161 ulla
2542 5121 2671 5161 mox
2711 5120 2866 5160 mora
2895 5101 3182 5167 remittite,

173 5202 385 5259 Functi
419 5203 506 5258 hic
533 5206 795 5273 parentes
823 5198 1140 5264 admovere,
1169 5195 1461 5250 crederent
1917 5203 2175 5258 Famulus
2207 5202 2302 5257 Dei
2331 5202 2481 5273 quod
2509 5202 2658 5256 hunc
2685 5198 2996 5254 Alexander
3023 5203 3202 5252 vocat.
3243 5216 3266 5247 ο

173 5295 262 5350 Illi
291 5292 635 5364 rependunt,
667 5288 999 5362 praebituros
1027 5302 1086 5341 se
1117 5283 1281 5340 fidem

1919 5294 1982 5348 Et
2013 5309 2084 5348 en
2112 5292 2397 5362 reductus,
2432 5291 2678 5357 cernitis,
2721 5306 2842 5345 sum
2873 5287 3109 5359 corpori.

173 5383 406 5440 Christo
446 5382 718 5456 rigentem
749 5379 795 5434 si
824 5376 1064 5432 Γθεοίνδῑ
1093 5374 1289 5430 funere
1321 5390 1336 5439 ζ
1920 5385 2094 5450 Nunc,
2127 5381 2374 5446 domine,
2399 5379 2625 5451 lympha
2646 5379 2797 5451 tinge
2825 5375 3138 5432 Alexander
3154 5375 3247 5448 pia

173 5473 324 5529 Vita?
358 5471 555 5526 beatus
577 5477 702 5525 Vota
734 5467 869 5542 Regi
898 5465 1158 5530 destinat,
1919 5474 2024 5542 Me,
2057 5487 2126 5528 ne
2146 5470 2335 5526 videre
2367 5470 2548 5536 detur,
2579 5467 2711 5523 huic
2741 5467 2892 5540 quod
2923 5467 3029 5522 hac
3058 5465 3175 5522 die.

173 5563 327 5619 Dein
346 5560 533 5635 gelato
563 5558 814 5630 praecipit
837 5556 1093 5612 cadaveri
1126 5573 1139 5610 ε
1839 5627 1880 5635 Δ
1919 5563 2131 5618 Nomen
2162 5557 2470 5614 resuscitati
2492 5565 2609 5612 erat
2646 5557 2903 5625 Luceius,

183 5677 207 5706 ι
240 5658 304 5710 In
331 5627 532 5719 Patris,
561 5627 751 5719 Piens.—
771 5649 1040 5721 ιιιιίοίψιε
1071 5647 1192 5701 Filii
1837 5627 1892 5695 ι)
1919 5653 2052 5709 Cum
2083 5667 2194 5724 quo
2213 5649 2410 5706 sacrati
2434 5648 2583 5705 fonte
2615 5647 2833 5722 fulgent
2853 5647 3050 5705 (ξαειίοο

176 5744 500 5817 Sanctique
529 5757 693 5814 surge
722 5738 960 5812 Spiritus
988 5734 1298 5794 vocamine.
1335 5756 1362 5780 ι»

1921 5745 2153 5802 Centum
2180 5749 2238 5799 et
2264 5747 2534 5813 quaterna
2563 5740 2833 5812 neophyti
2863 5739 3177 5812 proportio.
