3890 6456
362 392 466 447 647
1127 382 1492 437 FLODOARDI
1535 379 1838 435 CANONICI
1873 379 2208 444 BEMENSIS
2247 380 2585 436 OPUSCULA
2628 381 2935 437 METRICA.

364 522 426 573 At
453 519 598 573 fama
626 521 876 571 sanctum
908 511 1117 581 ubique
1156 510 1286 563 dum
1329 513 1696 580 respargeret,

367 612 472 665 Hac
503 617 682 665 motus
711 605 1018 660 Antoninus
1050 602 1285 656 electum
1318 599 1408 654 Dei

368 703 690 758 Corneliano
723 700 817 752 dat
847 695 1153 751 tenendam
1182 691 1424 762 praesidi.

367 792 463 846 llle
490 793 639 846 hunc
669 787 1036 844 celebrantem
1071 791 1126 836 et
1147 781 1436 849 docentem
1467 779 1694 850 mystica

368 883 444 936 Ad
472 883 627 950 jussa
657 877 882 950 prendit
910 873 1120 929 incitati
1151 871 1438 943 principis,

364 976 599 1049 Agitque
629 974 856 1027 Romam
889 967 1265 1023 denotandum
1298 964 1523 1028 Caesari,

363 1066 553 1120 Manus
584 1064 886 1118 revinctum
921 1060 1006 1115 cui
1036 1059 1257 1112 beatum
1289 1055 1559 1130 suggerit.

366 1156 484 1211 Alto
515 1162 738 1229 rogatus
760 1159 818 1207 ut
845 1157 1067 1222 perorat
1089 1155 1346 1220 syrmate,

365 1243 561 1298 Christi
589 1256 843 1312 supernae
875 1238 1196 1293 veritatisin
1229 1237 1359 1303 ﬁde,

363 1337 504 1390 Duro
529 1335 758 1404 jubetur
789 1332 1054 1387 macerari
1085 1331 1285 1385 robore
1312 1347 1326 1390 :

365 1425 500 1478 Dein
519 1423 758 1496 nigranti
787 1421 988 1493 surrigi
1020 1419 1283 1474 custodiae
1318 1435 1330 1471 :

364 1519 480 1581 Quo
507 1515 712 1571 deditis
741 1520 964 1568 meante
986 1529 1108 1566 cum
1143 1510 1490 1576 custodibus,

368 1627 391 1651 α
427 1605 603 1659 Caesar
635 1605 901 1658 reclamat
930 1608 1190 1672 quattuor
1230 1600 1352 1655 dies
1387 1600 1482 1654 tibi

368 1695 720 1750 lnduciarum
756 1694 958 1748 dantur
985 1691 1067 1745 his
1100 1691 1280 1745 cultus
1308 1691 1384 1746 tui
1419 1708 1434 1756 ;

368 1791 607 1860 Explodc
637 1790 955 1852 vanitatem,
988 1795 1042 1842 et
1071 1789 1212 1842 ultro
1241 1803 1343 1842 nos
1369 1787 1484 1843 adi.
1531 1811 1554 1833 ιι

366 1880 552 1933 —Jam
589 1878 902 1948 praeterisse
936 1876 1184 1946 (martyr)
1208 1876 1420 1930 aestima
1450 1876 1569 1930 dies

370 1971 653 2040 Hodieque
685 1969 902 2038 comple
924 1984 1047 2039 quae
1080 1975 1343 2022 retractas
1363 1967 1618 2022 tormina.
1651 1986 1676 2016 ν

370 2063 798 2119 Crescentianus
828 2063 977 2117 hunc
995 2067 1218 2117 secutus
1240 2061 1533 2133 presbyter

367 2156 690 2210 Valentiano
715 2155 943 2224 junctus
961 2162 1013 2208 et
1034 2139 1344 2209 Bonifacio.

369 2248 510 2303 Caeci
537 2247 699 2302 beato
733 2247 922 2301 clauso
961 2247 1186 2302 horrore
1217 2246 1473 2313 carceris,

369 2340 615 2405 Quadam
647 2339 878 2394 sedebat
908 2339 1125 2406 ejulans
1155 2338 1258 2392 sub
1283 2339 1500 2404 arbore,

368 2432 595 2486 Luctum
629 2439 819 2487 secuto
849 2430 943 2502 qui
972 2446 1172 2501 sapore
1203 2430 1482 2485 marcidus

367 2522 536 2576 Curas
568 2520 838 2575 ferentem
871 2526 1166 2575 contuetur
1195 2519 1451 2593 angelum

370 2615 602 2684 Haecque
631 2613 1011 2668 intimantem:
1040 2633 1063 2662 «
1091 2611 1359 2666 Roboravi
1394 2609 1685 2680 prmsulem

366 2698 641 2768 Vestrum,
666 2703 950 2756 resolvens
986 2700 1261 2754 visitando
1291 2699 1511 2754 vincula
1541 2716 1556 2765 ;

369 2791 429 2844 Et
459 2806 608 2845 nunc
629 2797 816 2845 cavete
837 2789 949 2856 jam
979 2789 1177 2842 sedere
1204 2787 1306 2841 sub
1338 2786 1536 2842 arbore

369 2882 443 2935 Ne
476 2898 573 2936 vos
601 2889 837 2952 tyranno
869 2881 1009 2935 forte
1040 2880 1239 2950 prodat
1260 2879 1510 2935 nuntius.
1551 2900 1574 2930 ι

368 2971 608 3026 Eductus
639 2970 768 3026 hinc
797 2971 1028 3025 antistes
1056 2985 1086 3024 e
1116 2970 1365 3025 custodia

370 3061 544 3116 Crudo
578 3062 874 3117 exhibetur
903 3061 1270 3116 lancinandus
1308 3061 1568 3132 principi.

367 3151 577 3205 Pensus
607 3157 813 3204 catasta
842 3150 1151 3204 dissecalur
1173 3149 1459 3224 unguibus

370 3243 733 3313 Laterumque
768 3243 998 3316 flagrant
1028 3242 1249 3298 ustione
1288 3241 1610 3313 lampades;

371 3333 475 3386 lsta
506 3342 560 3386 et
587 3332 936 3401 triumphans
975 3331 1175 3385 ductus
1201 3339 1366 3403 atque
1394 3331 1631 3402 Apollini

372 3423 436 3477 Ut
475 3438 598 3478 orsa
621 3423 730 3477 voti
760 3422 908 3477 celsa
929 3422 1042 3495 agit
1072 3429 1223 3477 trans
1261 3423 1443 3478 sidera

370 3514 499 3567 Pars
528 3529 649 3568 cum
684 3513 790 3568 deo
828 3517 1080 3584 perculsa
1109 3515 1221 3570 fani
1263 3516 1488 3571 labitur.

369 3601 567 3668 Caesar,
592 3601 807 3657 dolosis
829 3601 1110 3673 imputans
1138 3605 1258 3660 haec
1288 3606 1520 3673 artibus,

367 3693 627 3748 Sanctum
659 3693 851 3749 ferinis
881 3695 974 3750 dat
995 3696 1172 3751 vorari
1207 3697 1467 3753 dentibus
1499 3716 1513 3765 ;

371 3783 543 3845 Quem
577 3781 891 3837 belluarum
920 3785 1072 3839 nulla
1099 3785 1228 3840 dum
1259 3787 1629 3862 contingeret,

371 3871 559 3928 Calore
592 3890 809 3930 summo
832 3877 1028 3931 ardere
1055 3876 1333 3933 fornacem
1371 3879 1563 3948 jubet;

368 3961 598 4016 lndutus
638 3962 730 4016 ille
762 3962 988 4019 fervidis
1026 3965 1385 4034 candoribus,

368 4051 550 4108 Medio
580 4069 806 4126 precem
840 4069 1072 4112 securus
1093 4056 1234 4113 fudit
1265 4065 1324 4114 ut
1356 4073 1514 4133 rogo,

2015 514 2058 577 Α
2086 505 2304 561 Nullum
2329 508 2497 562 calori
2524 509 2720 564 restitit
2757 511 3071 582 vestigium,

2087 600 2328 656 Fornace
2368 603 2493 658 laeto
2533 604 2782 676 mitigata
2821 606 3064 675 martyri.

2087 692 2258 763 Caput
2287 695 2456 748 recidi
2484 711 2609 750 mox
2639 703 2905 767 tyrannus
2940 699 3208 768 praecipit.

2087 784 2236 840 Unus
2262 786 2661 853 ministrorum,
2694 805 2789 844 ore
2820 790 2988 845 corda
3017 790 3331 860 proferens,

2090 874 2384 942 Exclamat,
2419 877 2778 932 Herculianus
2817 879 2947 934 huic
2976 881 3303 935 vocabulum
3333 899 3345 934 :

2098 986 2112 1010 ι
2147 964 2398 1020 Crudelis
2427 967 2722 1032 Antonine,
2753 975 2911 1038 capte
2933 969 3194 1024 sensibus

2090 1051 2361 1123 Tyranne,
2387 1071 2484 1110 cur
2514 1056 2596 1110 sic
2618 1072 2796 1110 caecus
2816 1065 2870 1111 et
2910 1059 3113 1112 surdus
3148 1059 3293 1132 riges
3328 1057 3356 1110 ?

2093 1144 2290 1200 Christi
2331 1163 2459 1202 ecce
2487 1163 2679 1203 servus
2711 1158 2832 1219 post
2859 1160 3048 1204 acutas
3087 1152 3349 1222 virgulas,

2092 1235 2274 1290 Victas
2304 1245 2560 1304 catastas,
2589 1256 2652 1294 ac
2693 1239 2992 1314 ﬂagrantes
3017 1243 3319 1314 lampades,

2089 1325 2215 1381 Post
2245 1330 2574 1400 tragularum
2609 1329 2934 1400 fossionem,
2967 1340 3022 1389 et
3044 1334 3177 1388 idoli

2085 1415 2412 1490 Templique
2437 1435 2644 1486 casum,
2681 1429 2802 1492 post
2827 1422 3047 1478 leonem
3079 1423 3301 1478 turbida

2088 1506 2347 1562 Ursorum
2379 1516 2547 1564 ctora
2573 1511 2778 1578 clausa,
2814 1512 3053 1568 fornacis
3071 1529 3264 1585 rogum

2087 1593 2216 1648 Post
2245 1604 2555 1665 enecatum,
2599 1599 2756 1655 laetus
2783 1618 2944 1657 enses
2966 1604 3174 1674 expetit
3213 1621 3226 1658 :

2088 1681 2285 1737 Verum
2317 1685 2496 1740 Deum
2529 1688 2652 1759 quis
2682 1706 2805 1745 esse
2835 1692 3044 1765 gurdus
3063 1695 3179 1765 (sic)
3202 1693 3444 1767 ambigat

2093 1772 2191 1838 Qui
2225 1783 2330 1828 tam
2357 1793 2486 1832 suos
2517 1779 2704 1852 vigore
2732 1781 2884 1838 celso
2926 1783 3149 1839 roborat
3190 1783 3218 1836 ?
3261 1810 3286 1831 ι.

2093 1866 2263 1930 Quem
2295 1869 2488 1939 Caesar,
2517 1871 2596 1926 ira
2620 1873 2840 1943 plenus,
2876 1885 2934 1930 ut
2958 1877 3297 1932 cruciatibus

2094 1960 2270 2014 Variis
2299 1959 2508 2036 fatigat,
2542 1981 2673 2020 ense
2707 1969 2927 2022 tandem
2971 1972 3230 2040 percutit.

2096 2051 2159 2104 At
2177 2051 2548 2109 immolandus
2570 2058 2768 2126 praesul
2802 2059 3018 2115 obviam
3054 2062 3158 2116 sibi

2095 2143 2323 2202 Viduam
2357 2156 2613 2218 precatur
2649 2154 2998 2209 commodare
3029 2156 3270 2211 orarium
3307 2175 3321 2222 ;

2073 2234 2462 2308 .Sumptoque,
2492 2248 2695 2296 sanctae
2725 2259 2784 2297 se
2816 2245 2991 2299 crucis
3017 2246 3177 2319 signo
3211 2253 3430 2322 tegens,

2091 2325 2298 2381 Tunica
2331 2336 2592 2399 retectus,
2620 2339 2887 2406 stansque
2912 2337 3029 2391 sola
3061 2336 3301 2404 inlinea,

2091 2413 2290 2470 Oculos
2313 2419 2515 2475 amictu
2537 2429 2783 2478 mutuato
2816 2425 3080 2497 contegit,

2093 2509 2446 2582 Genibusque
2477 2512 2632 2568 ﬂexis
2674 2517 2858 2572 haurit
2890 2518 3151 2588 impetum
3188 2519 3344 2574 necis

2092 2597 2293 2671 Viginti
2325 2601 2392 2655 ab
2429 2603 2572 2658 Urbe
2603 2615 2927 2679 segregatus
2958 2608 3224 2662 millibus.

2091 2690 2210 2745 Mox
2242 2691 2382 2746 facta
2411 2700 2567 2749 terrae
2598 2696 2932 2752 convibratae
2974 2699 3146 2754 motio

2090 2781 2350 2837 Thermas
2377 2791 2433 2838 et
2468 2785 2652 2838 omnis
2682 2793 2824 2841 tecta
2840 2787 2943 2842 vici
2966 2789 3226 2855 subruit;

2097 2873 2457 2945 Orariumque
2488 2874 2709 2930 feminae
2740 2879 2889 2948 quod
2930 2880 3206 2949 proditum

2096 2961 2410 3033 Iniquitatis
2441 2963 2645 3019 milites
2683 2972 3028 3022 astruxerant
3056 2986 3070 3033 ;

2096 3050 2337 3114 Quodam
2372 3050 2586 3106 ferente
2614 3053 2846 3123 pusione
2879 3056 3148 3123 redditur,

2097 3139 2265 3204 Quem
2289 3140 2540 3196 cmlicum
2571 3141 2740 3196 fuisse
2768 3151 2981 3200 constat
3009 3145 3242 3202 incolam
3275 3163 3288 3212 ;

2102 3187 2265 3204 ιη--.
2292 3187 2540 3196 "ww...
2573 3187 2740 3196 ,ωηεν
2771 3187 2981 3200 wn"...
3009 3187 3242 3202 ...W......
3275 3188 3288 3212 ,

2018 3187 2068 3256 Ο
2097 3229 2267 3292 Quem
2295 3245 2420 3285 mox
2452 3247 2738 3286 resumens
2768 3250 2890 3288 cum
2922 3244 3149 3306 stupore
3184 3236 3378 3300 linteo,

2097 3323 2357 3378 Confessa
2389 3324 2660 3380 Christum
2695 3326 2800 3382 fert
2831 3329 3098 3383 honorem
3125 3330 3347 3400 martyri

2096 3412 2515 3468 Crescentianus
2537 3422 2590 3470 et
2620 3415 2838 3470 sodales
2867 3418 3140 3486 praesulis,

2093 3506 2377 3562 Pandente
2406 3510 2625 3576 eodem,
2659 3513 2940 3566 consecuti
2973 3512 3223 3586 pignora,

2100 3599 2240 3655 Loco
2268 3601 2514 3656 locarunt
2539 3618 2650 3673 quo
2683 3603 2880 3657 camini
2912 3603 3156 3659 fervidos

2098 3695 2302 3750 Pressit
2334 3712 2582 3767 vapores,
2603 3698 2846 3768 dantque
2876 3715 3119 3754 marmor
3134 3700 3429 3756 continens

2096 3788 2306 3842 Nomen
2337 3788 2508 3853 beati,
2541 3789 2887 3864 dignitatem,
2923 3791 3177 3846 limitem.

2098 3880 2192 3934 Cui
2212 3897 2353 3952 papa
2369 3889 2614 3952 cryptam
2647 3889 2977 3938 construens
3019 3892 3141 3954 post
3172 3885 3463 3950 Damasus,

2098 3973 2196 4028 lllo
2227 3973 2492 4029 decenter
2521 3990 2645 4030 ossa
2673 3983 2859 4030 sancta
2891 3976 3182 4030 transtulit.

1863 4164 2074 4222 CAPUT
2121 4168 2227 4222 XV.

1487 4263 1565 4322 De
1591 4275 1803 4326 sancta
1833 4267 2144 4328 Felicitate
2171 4287 2244 4330 ac
2269 4269 2421 4344 ﬁliis
2451 4272 2600 4345 ejus.

364 4391 665 4446 Vexatione
685 4389 818 4446 vicit
846 4389 949 4447 hac
975 4389 1230 4447 Felicitas

363 4480 570 4536 Dilecta
602 4481 818 4536 Christo
850 4481 1231 4537 consecrando
1263 4482 1512 4556 pignora.

365 4575 704 4630 Uberrimam
736 4583 858 4645 post
882 4575 1006 4631 lmta
1035 4576 1173 4631 dans
1205 4592 1367 4648 poma
1397 4579 1671 4634 arborem.

365 4663 659 4719 Praefectus
690 4665 832 4719 hanc
857 4673 1088 4721 conatus
1117 4675 1235 4722 arte
1255 4675 1491 4735 vertere,

366 4754 562 4810 Mulcet
591 4755 823 4821 serenis,
857 4771 921 4810 ac
948 4756 1187 4812 minatur
1212 4773 1428 4827 aspera.

364 4846 594 4915 Serena,
613 4863 778 4911 saeva,
795 4847 1013 4902 'blanda
1045 4848 1256 4904 ducens
1283 4849 1485 4916 tristia,

368 4934 502 4990 Huic
542 4936 722 4990 reddit
749 4935 841 4990 illa
873 4953 886 4990 :
921 4957 952 4988 α
980 4937 1092 4992 Nec
1119 4937 1318 4992 resolvi
1345 4937 1595 5006 mitibus,

367 5023 477 5079 Nec
506 5025 677 5097 quibo
710 5026 888 5098 frangi
919 5027 1204 5082 saevientis
1235 5028 1466 5097 asperis,

365 5114 472 5168 Nec
501 5130 590 5169 me
620 5132 895 5186 supernus
921 5118 1182 5189 occupari
1223 5119 1458 5189 Spiritus

365 5202 520 5258 Sinet
549 5207 876 5276 aucupantis
907 5208 1207 5277 proditoris
1238 5208 1448 5264 retibus
1483 5226 1497 5277 ;

364 5293 567 5348 Secura
597 5313 767 5365 quare
795 5316 915 5353 sum
943 5311 1226 5371 superstes
1255 5303 1495 5367 vincere,

366 5382 472 5435 Etsi
496 5384 753 5445 trucider.
785 5397 840 5442 te
876 5389 1234 5461 triumphabo
1260 5391 1474 5466 integre
1509 5410 1534 5442 ι)

367 5470 680 5538 Praefectus,
709 5476 837 5532 inde
857 5480 1005 5534 bella
1031 5483 1189 5536 matri
1223 5499 1576 5554 comparans,

369 5560 463 5612 Die
496 5561 705 5615 resedit
725 5565 909 5620 Martis
940 5569 994 5622 in
1027 5571 1146 5627 foro
1166 5573 1359 5640 altera,

2014 4401 2071 4469 D
2095 4401 2171 4454 Ad
2204 4415 2367 4471 quem
2384 4402 2542 4456 beata
2575 4403 2658 4456 his
2679 4402 2854 4457 utitur
2892 4402 3147 4457 Felicitas
3180 4422 3195 4455 :

2087 4520 2113 4542 ι.
2145 4490 2448 4545 Crudelitas
2471 4498 2583 4556 tua,
2615 4490 2758 4545 lenis
2784 4491 3115 4552 exhortatio,

2088 4583 2309 4639 Pietatis
2337 4583 2499 4652 hujus
2527 4582 2698 4652 impia
2728 4590 2810 4637 est
2841 4583 3143 4638 miseratio.
3171 4602 3196 4633 »

2087 4679 2224 4733 Hinc
2254 4691 2411 4731 versa
2444 4676 2639 4731 charos
2663 4677 2923 4732 convenit
2952 4677 3035 4733 sic
3063 4676 3206 4733 filios
3233 4696 3246 4742 ;

2089 4791 2114 4822 (ι
2146 4769 2368 4833 Videre,
2400 4768 2532 4832 nati,
2566 4768 2788 4834 caelum,
2819 4775 2872 4824 et
2903 4769 3218 4834 intuemini,

2087 4858 2181 4913 Hic
2205 4857 2457 4912 Christus
2485 4857 2630 4912 almo
2661 4858 2893 4912 sustinet
2923 4873 3020 4914 vos
3054 4874 3177 4913 cum
3211 4859 3384 4915 choro
3421 4875 3434 4926 ;

2088 4949 2332 5024 Pugnate
2361 4949 2526 5003 vestri
2557 4965 2656 5019 pro
2686 4950 2861 5005 salute
2883 4951 3151 5005 mentium
3187 4969 3200 5017 ;

2093 5039 2221 5107 Ejus
2251 5037 2446 5093 ﬁdeles
2475 5054 2573 5093 vos
2603 5041 2776 5094 amori
2807 5039 3054 5111 pandite,
3091 5065 3116 5090 ν)

2093 5127 2278 5197 Alapis
2310 5127 2376 5181 ad
2405 5127 2508 5181 ista
2540 5128 2682 5182 hanc
2704 5129 2922 5183 concuti
2953 5129 3048 5183 dat
3073 5128 3325 5195 Publius,

2095 5216 2156 5270 Et
2187 5231 2499 5271 convocans
2530 5216 2687 5271 litare
2701 5218 2896 5272 suadet
2919 5217 3136 5281 liberis,

2096 5330 2120 5354 «
2160 5307 2420 5373 Hortaris,
2455 5307 2595 5375 infit,
2623 5309 2788 5362 stulta
2819 5309 3147 5375 Ianuarius;

2096 5395 2392 5452 Conservat
2418 5404 2600 5451 autem
2632 5413 2845 5451 summa
2879 5413 2966 5451 me
2995 5397 3289 5468 sapientia,

2092 5483 2364 5556 Dabitque
2383 5493 2582 5540 cuncta
2610 5494 2794 5542 vestra
2821 5486 2964 5540 vinci
3003 5487 3258 5542 tormina~
3280 5508 3309 5537 ι)

2089 5577 2278 5631 Vibice
2310 5578 2530 5648 plexum
2551 5578 2701 5633 hunc
2724 5594 2922 5633 censor
2957 5579 3109 5633 abdit
3135 5594 3381 5646 carcere,

2093 5670 2242 5725 Felix
2266 5679 2488 5727 secutus
2522 5689 2534 5726 :
2572 5698 2596 5717 «ι
2633 5673 2781 5728 Unus
2805 5681 2888 5727 est
2918 5687 3083 5744 quem
3114 5655 3401 5742 novimus,

2095 5759 2189 5816 Cui
2223 5770 2349 5818 vota
2373 5779 2524 5834 purae
2547 5765 2826 5821 servitutis
2851 5765 3116 5820 solvimus
3141 5785 3154 5826 ;

368 5652 630 5718 Hancque
666 5654 914 5711 exhiberi
949 5662 1104 5728 prole
1119 5673 1350 5735 septena
1366 5666 1528 5734 jubet

367 5736 664 5806 Stipatam,
697 5747 751 5793 et
780 5742 1070 5817 indulgere
1101 5755 1244 5808 natis
1273 5754 1563 5812 admouet.

3607 387 3714 442 648
