3890 6418
199 364 308 420 649
813 374 895 430 DE
937 376 1193 434 CHRISTI
1232 381 1592 440 TRIUMPHIS
1633 387 1805 443 APUD
1847 389 2112 448 ITALIAM
2155 395 2330 450 LIBRI
2371 397 2502 454 XIV.
2545 429 2614 438 —
2653 399 2776 453 LIB.
2825 401 2917 456 III.

200 489 277 542 Ne
299 491 461 546 crede
485 495 666 549 nostri
679 497 945 556 charitate
973 503 1141 559 dividi

203 579 311 635 Nos
340 598 501 652 posse
528 585 753 655 Christi;
785 593 1017 648 saeviant
1046 596 1091 650 si
1123 598 1375 666 verbera,

200 670 313 725 Nec
343 682 528 730 nostra
554 678 699 734 vinci
723 697 827 736 nec
859 693 1038 754 potest
1064 690 1199 742 verti
1235 689 1390 745 ﬁdes.
1438 715 1463 738 ››

206 759 494 834 Philippus
527 766 691 822 inde:
737 795 760 816 ιι
805 772 951 837 Quos
971 779 1180 832 vocatis
1209 796 1306 834 vos
1337 781 1472 836 deos

205 853 316 908 Nec
350 866 778 932 suntpotentes,
822 884 924 924 nec
957 871 1229 928 habentur
1259 877 1514 944 numina;

202 944 506 1004 Simulacra
537 968 695 1020 vana,
726 972 927 1026 spurea
957 976 1124 1016 sensu
1157 964 1342 1019 inania

200 1041 377 1108 Sunt;
411 1045 494 1100 his
523 1047 783 1106 subactos
803 1060 906 1107 stat
938 1057 1117 1124 perire
1150 1059 1203 1112 in
1245 1063 1464 1118 saecula.
1516 1087 1537 1108 ο

197 1138 454 1196 Silvanus
482 1143 692 1215 inquit:
738 1171 762 1193 «
807 1149 912 1203 Ista
951 1151 995 1204 si
1038 1154 1362 1222 probaveris

197 1225 496 1286 Tormenta
520 1248 620 1288 nos
649 1235 844 1292 timere
867 1241 1203 1310 transitoria,

191 1318 415 1376 Eterna
443 1325 622 1380 victos
649 1327 908 1386 auferent
937 1335 1305 1392 cruciamina:

193 1411 328 1466 Nam
356 1415 559 1471 scimus
584 1420 758 1493 aequis
787 1422 1119 1492 splendeant
1148 1445 1270 1499 quae
1299 1433 1546 1500 praemia,

191 1504 323 1567 Quae
354 1507 464 1561 sint
503 1508 708 1580 iniquis
728 1515 1028 1571 constituta
1057 1519 1241 1574 debita
1277 1541 1291 1574 :

190 1594 407 1650 Idcirco
439 1598 589 1673 leges
622 1608 828 1658 terreas
859 1609 1287 1676 contemnimus,

188 1686 584 1760 Obtemperare
607 1695 1243 1766 cmlicis‘contendimus,
1292 1726 1313 1753 ι

194 1800 219 1830 α
262 1780 396 1835 Sum
434 1798 625 1840 servus
665 1787 796 1842 inde
827 1790 1026 1847 Christi
1065 1796 1372 1852 Alexander
1402 1799 1541 1866 Dei;

192 1870 352 1926 Hunc
374 1889 470 1928 ore
501 1875 676 1932 fassus
705 1883 871 1936 corde
904 1883 1061 1941 tirmo
1092 1889 1377 1957 credulus;

190 1961 586 2022 lndesinenter
614 1985 734 2036 oro,
763 1976 994 2045 supplex
1029 1981 1251 2048 percolo

193 2057 419 2114 lntirma
450 2077 613 2135 quam
647 2065 816 2120 tueris
837 2075 968 2124 aetas
995 2086 1227 2142 corpore

191 2149 356 2207 Canae
387 2153 556 2210 nitela
581 2159 848 2226 permicat
869 2163 1199 2229 prudentiae.
1248 2193 1271 2213 ιι

194 2243 388 2299 Vitalis
427 2248 588 2302 exin:
634 2269 661 2298 α
704 2251 801 2305 Ille
831 2252 963 2308 vivit
993 2256 1087 2326 qui
1122 2257 1290 2313 Deum

192 2335 395 2389 Verum
438 2345 713 2407 precatur,
745 2342 890 2397 haud
924 2353 1077 2418 rogat
1108 2349 1200 2418 qui
1229 2350 1528 2407 daemonas.
1577 2376 1596 2404 η

1843 1851 1890 1918 Β

1847 517 1900 585 Α
1926 516 2056 571 Tum
2090 519 2381 576 Martialis:
2429 544 2450 572 ι
2495 523 2594 587 Qui
2627 525 2795 578 Deum
2827 541 3015 580 verum
3047 526 3307 582 abdicant

1934 612 2172 668 Urentur
2202 616 2345 688 ignis
2375 617 2593 672 ﬂamma
2622 619 3014 674 ineluctabilis.
3063 641 3082 670 ι

1933 702 2055 757 Haec
2081 706 2358 774 prosecuti
2385 705 2634 760 moribus
2667 722 2762 777 pro
2785 709 3055 776 strenuis,

1930 794 2094 868 Regis
2120 799 2362 867 supremi
2381 798 2697 870 judicisque
2729 801 2917 854 saeculi

1930 888 2123 943 Amore
2155 889 2350 945 fratres
2374 907 2436 945 ac
2468 891 2663 947 timore
2696 892 2910 959 fervidi,

1930 978 2132 1034 Censor
2155 981 2334 1037 lituris
2355 983 2499 1038 dicta
2529 984 2673 1058 legat
2704 985 2977 1055 principi;

1871 1138 1873 1140 η
1927 1070 2072 1135 Quos
2099 1073 2190 1128 ille
2213 1075 2393 1144 poenis
2423 1076 2649 1130 interire
2679 1076 2894 1132 dissoni

1928 1162 2028 1217 Per
2058 1163 2378 1221 differentes
2417 1167 2508 1222 dat
2536 1168 3044 1239 direptosjudices.

1926 1256 2053 1310 Post
2079 1272 2221 1312 saeva
2249 1273 2483 1328 quorum
2509 1259 2678 1330 ﬂagra
2707 1260 3022 1325 Ianuarius,

1926 1344 2053 1399 Post
2084 1347 2381 1402 carceralia
2411 1348 2590 1402 vincla
2613 1348 2838 1418 plumbo
2863 1351 3121 1418 caeditur;

1924 1438 2076 1494 Felix
2108 1448 2430 1512 peremptus
2459 1459 2584 1497 cum
2618 1443 2874 1515 Philippo
2918 1444 3191 1512 fustibus;

1922 1530 2177 1587 Silvanus
2207 1535 2316 1589 alto
2338 1535 2584 1608 vergitur
2611 1534 2861 1609 fastigio;

1921 1626 1984 1678 At
2010 1624 2269 1681 Martialis
2300 1634 2463 1698 atque
2497 1627 2805 1683 Alexander
2831 1629 2938 1698 pia;

1919 1718 2090 1773 Vitalc
2123 1719 2330 1786 iuncto,
2363 1721 2505 1775 colla
2535 1721 2670 1776 secti
2703 1721 3014 1796 demigrant

1920 1805 2067 1862 Vitae
2097 1809 2360 1878 perennis
2390 1809 2624 1864 subituri
2661 1810 2914 1884 gloriam.

1921 1898 2048 1952 Post
2087 1898 2374 1968 passiones
2407 1905 2482 1954 tot
2513 1905 2648 1971 quot
2675 1900 2791 1954 edit
2825 1901 3058 1974 pignora

1921 1991 2126 2046 Parens
2157 1991 2315 2045 beata
2345 1991 2604 2061 plectitur
2633 1993 2953 2048 novissima.

1922 2084 1986 2138 Et
2011 2083 2164 2154 prole
2197 2084 2355 2138 cmlis
2383 2083 2642 2140 obviante
2673 2086 2919 2156 praedita,

1923 2174 2085 2246 Regis
2111 2173 2336 2244 superni
2378 2180 2625 2244 permeat
2655 2175 2853 2244 palatia

1921 2263 2218 2334 Sumptura
2241 2270 2388 2318 certa
2410 2263 2759 2333 praemiorum
2783 2265 3002 2336 gaudia.

1683 2457 1890 2517 CAPUT
1934 2461 2068 2518 XVI.

1517 2560 1594 2618 De
1634 2572 1839 2623 sancto
1885 2563 2231 2625 Concordia.

199 2660 311 2714 ilac
341 2658 492 2714 caede
523 2659 820 2730 Spoletana
850 2671 1098 2718 sanctum
1133 2665 1325 2722 civitas

193 2754 363 2809 Car-slis
401 2755 636 2810 sacravit
667 2763 959 2826 martyrem
995 2758 1381 2818 Concordium.

197 2847 298 2900 llic
318 2855 475 2917 patre
507 2847 692 2902 Romae
714 2848 988 2905 Gordiano
1011 2851 1273 2924 gignitur,

193 2935 298 3000 Qui
332 2935 664 2991 constitutus
692 2936 843 2991 fulsit
880 2939 1011 2993 olim
1041 2943 1292 3010 praesulis

195 3025 284 3078 Pii
315 3023 664 3079 ordinatione
695 3025 1090 3094 subdiaconus,

191 3109 490 3181 Tituloque
511 3117 632 3180 post
657 3111 898 3167 Pastoris
924 3122 1114 3170 auctus
1146 3116 1434 3191 presbyter

193 3203 344 3258 Vixit
375 3221 618 3275 superna
647 3208 908 3264 servitute
939 3211 1146 3267 nobilis

196 3293 462 3347 Precibus
498 3295 739 3369 benigne
780 3297 949 3352 fultus
971 3301 1320 3370 acjejuniis:

195 3383 293 3437 His
313 3383 436 3438 luce
465 3385 698 3457 degens,
735 3386 820 3441 his
852 3388 1098 3443 tenebris
1123 3393 1425 3461 excubans,

194 3474 333 3530 Cum
368 3476 523 3546 prole
550 3475 739 3532 fulcris
766 3495 1071 3550 pauperum
1106 3482 1319 3539 instans
1348 3487 1606 3553 sedulus;

198 3567 358 3622 Hunc
386 3568 482 3639 qui
514 3567 677 3623 beato
705 3580 1082 3626 commaneret
1107 3573 1331 3647 Eutychi

193 3660 306 3715 Suo
334 3662 572 3716 moranti
595 3663 650 3716 in
693 3664 900 3731 pra-dio
923 3665 1132 3720 Salaria

194 3751 362 3808 Mittit
390 3753 667 3809 volentem
693 3757 842 3810 celsa
863 3758 1133 3812 scandere
1163 3758 1355 3816 tilium.

194 3844 431 3909 Quidam
461 3861 694 3901 manens
715 3847 771 3901 in
801 3847 940 3902 urbe
971 3848 1196 3920 Spoleto
1223 3867 1432 3918 comes,

191 3940 524 4010 Torquatus,
546 3941 740 3996 horum
785 3942 984 3998 lividus
1012 3946 1322 4014 praeconiis.

196 4031 430 4085 Beatum
461 4031 530 4085 ab
571 4048 702 4104 agro
731 4033 964 4090 devocat
993 4035 1360 4092 Concordium

204 4122 526 4194 Quaeritque
550 4123 756 4179 scitans
779 4142 891 4196 quo
931 4137 1159 4183 vocetur
1186 4130 1433 4184 nomine.

205 4213 514 4284 Respondit
542 4215 636 4270 ille
667 4214 1034 4272 Christianum
1065 4235 1125 4274 se
1156 4220 1270 4275 fore
1301 4221 1419 4293 [pro
1448 4223 1614 4295 esse]

1925 2677 2100 2733 Petita
2129 2677 2320 2743 sumit,
2360 2678 2651 2733 ordinatur
2681 2677 2970 2750 presbyter

1925 2772 1964 2823 A
1986 2785 2096 2841 quo
2128 2768 2325 2824 diebus
2353 2769 2614 2841 praestitis
2645 2770 3003 2836 Concordius,

1928 2859 1990 2912 Et
2019 2866 2374 2914 consecratus
2405 2859 2716 2914 restituitur
2744 2859 2939 2926 judici.

1927 2947 2081 3003 Circa
2111 2948 2344 3003 salutem
2386 2948 2537 3020 quod
2561 2948 2809 3003 volutum
2845 2948 3110 3019 poscitur.

1933 3060 1956 3091 α
1997 3041 2154 3095 Salus
2192 3048 2246 3096 at
2277 3041 2369 3095 ille
2410 3041 2676 3108 Christus,
2700 3041 2880 3112 inquit
2914 3049 2998 3096 est
3023 3058 3167 3108 mea,

1925 3131 2021 3186 Cui
2047 3132 2225 3187 laudis
2260 3133 2375 3203 ipse
2407 3148 2561 3187 sacra
2587 3148 2810 3202 semper
2828 3132 3018 3188 offero.
3070 3155 3089 3182 ι

1926 3219 2137 3286 Comes,
2173 3219 2354 3274 furore
2386 3220 2606 3290 plenus,
2640 3236 2949 3290 appensum
2983 3220 3078 3274 diu

1925 3313 2192 3383 Torquet;
2224 3313 2316 3367 dat
2342 3314 2471 3367 inde
2493 3315 2636 3368 ferro
2667 3320 2922 3369 onustum
2957 3317 3186 3381 carceri,

1927 3404 2209 3459 Solatione
2238 3420 2346 3475 quo
2374 3405 2586 3459 levatur
2613 3406 2875 3463 caelitum.

1924 3494 2120 3550 Tribus
2150 3496 2385 3566 peractis
2417 3496 2470 3550 in
2505 3497 2715 3551 catenis
2731 3498 2988 3554 noctibus

1925 3584 2199 3655 Superare
2239 3593 2481 3640 mentem
2510 3602 2712 3656 corpus
2733 3595 2826 3641 aut
2858 3587 3078 3643 fervens
3118 3585 3306 3646 comes

1926 3675 2091 3749 Legat
2120 3675 2368 3731 litantem
2395 3676 2545 3731 caede
2575 3677 2778 3730 mentis
2803 3677 2896 3748 qui
2929 3686 3151 3742 necent,

1929 3768 2024 3823 Vel
2057 3775 2410 3840 respuentem
2451 3767 2602 3822 caede
2632 3765 2816 3822 carnis
2849 3765 3156 3822 immolent.

1930 3859 2078 3914 Missi
2112 3860 2384 3916 irruentes
2418 3861 2552 3914 libet
2591 3866 2651 3913 ut
2679 3858 2944 3914 satellites

1929 3948 2076 4004 Jovis
2108 3948 2348 4006 ferentes
2379 3950 2651 4020 imperant
2680 3949 3056 4003 statunculum

1930 4037 2128 4093 Stricto
2159 4039 2242 4093 vel
2269 4054 2400 4093 ense
2435 4037 2575 4092 colla
2606 4044 2789 4092 sectus
2816 4043 3072 4108 appetat:

1939 4154 1958 4181 ι
2005 4133 2125 4188 Tibi
2159 4133 2428 4204 rependo,
2457 4132 2669 4187 Christe
2700 4132 2850 4200 Iesu,
2880 4133 3100 4204 gratias,

1933 4223 2243 4295 Animoque
2269 4221 2449 4277 celsus
2481 4221 2533 4275 in
2565 4221 2715 4278 Jovis
2746 4221 2952 4276 vultum
2987 4221 3154 4292 Spuit.

205 4306 438 4361 Comes:
486 4327 508 4358 σ
555 4307 793 4379 Requiro
825 4326 1049 4376 nomen,
1093 4313 1236 4367 haud
1272 4314 1544 4370 Christum
1578 4324 1757 4372 tuum.
1802 4338 1832 4368 ι)
1937 4313 2298 4370 Confessione
2328 4313 2610 4368 fretusalti
2643 4313 2883 4370 nominis

207 4415 239 4447 α
279 4396 409 4450 Sum
452 4395 812 4464 Christianus,
842 4399 970 4466 iste,
1005 4400 1275 4458 Christum
1310 4403 1570 4474 praedico.
1619 4423 1642 4458 ι

208 4487 447 4561 Urgetur
483 4487 552 4542 ad
579 4489 808 4560 profana
847 4491 1003 4547 fortis
1030 4493 1084 4547 in
1119 4491 1261 4559 fide;

207 4579 380 4635 Durat
407 4580 618 4635 severis
657 4581 820 4637 dorsa
849 4599 1023 4638 caesus
1054 4583 1312 4640 fustibus.

206 4667 444 4724 Posthac
472 4668 668 4724 beatus
692 4670 962 4741 Eutyches
989 4688 1112 4727 cum
1137 4675 1374 4745 praesule

209 4755 453 4812 Veniunt
483 4765 740 4832 rogantes
762 4759 1007 4828 judicem
1049 4776 1146 4832 pro
1187 4769 1448 4833 martyre,

215 4847 545 4920 Aliquotque
575 4859 809 4921 poscunt
837 4852 983 4908 hunc
1004 4853 1112 4907 sibi
1140 4853 1342 4908 diebus
1364 4855 1479 4909 dari

1937 4406 2111 4476 Caput
2134 4405 2344 4460 recisus
2371 4421 2524 4469 ense,
2555 4406 2758 4460 mentis
2778 4406 2994 4479 integer

1941 4495 2148 4550 Emittit
2171 4495 2334 4550 astris
2362 4494 2690 4566 gloriantem
2732 4494 3012 4566 spiritum,

1940 4585 2164 4640 Glebam
2198 4585 2374 4641 relicti
2405 4585 2731 4658 colligentes
2761 4585 3012 4660 pignoris

1940 4675 2167 4730 Gemina
2195 4674 2422 4749 benigni
2441 4675 2708 4730 charitate
2735 4674 2920 4730 clerici

1939 4763 2098 4818 Juxta
2131 4762 2437 4818 recondunt
2465 4761 2577 4817 lota
2607 4762 2758 4817 caede
2789 4761 3017 4828 mania,

1858 4853 1915 4921 D
1943 4855 2196 4926 Locoque
2229 4853 2426 4909 eodem
2457 4853 2608 4910 fonte
2635 4854 2762 4910 vitae
2794 4853 2994 4926 proﬂui

212 4939 439 4997 Comitis
454 4940 642 4998 favore
677 4942 812 5014 [cod.
842 4945 897 5013 2,
920 4944 1159 5018 favorus]
1187 4945 1328 5002 forte
1361 4949 1560 5019 praesul
1586 4947 1839 5004 Antimus
1942 4949 2112 5003 Undae
2143 4948 2379 5022 liquoris
2407 4948 2716 5005 excitantur
2755 4948 3010 5020 plurimae

1681 5071 1888 5128 CAPUT
1925 5073 2083 5128 XVII.

1554 5178 1631 5238 De
1671 5185 1878 5240 sancto
1923 5177 2246 5238 Pontiano.

217 5284 313 5341 Hic
355 5285 653 5342 Pontianus
677 5287 982 5346 Fabianum
1012 5290 1238 5346 turbine

213 5374 328 5429 Sub
364 5376 468 5432 hoc
495 5378 844 5449 triumphans
872 5380 1058 5435 saeculi
1089 5397 1214 5436 cum
1245 5381 1454 5437 lumine

214 5463 410 5520 Christi
443 5483 700 5537 supernae
732 5469 1016 5541 particeps
1051 5468 1109 5525 ﬁt
1138 5471 1347 5544 gloriae.

220 5555 595 5630 Interrogatus
624 5559 773 5629 quod
804 5560 909 5615 sibi
945 5562 1308 5618 vocabulum:

222 5669 246 5690 ιι
289 5645 422 5701 Mihi
452 5647 753 5703 Pontianus
774 5647 937 5720 (infit)
966 5667 998 5706 a
1026 5651 1379 5722 parentibus,

220 5733 285 5789 At
307 5735 488 5805 majus
519 5735 614 5792 illo
649 5735 986 5794 Christianus
1016 5755 1220 5797 nomen
1252 5748 1352 5796 est.
1401 5762 1425 5791 »

524 5861 824 5923 PA’I‘ROL.
884 5862 1222 5926 CXXXV.

1950 5291 2124 5345 Iratus
2144 5289 2302 5352 orsis,
2333 5288 2604 5345 Fabianos
2635 5288 2760 5343 exui

1948 5383 2237 5457 Virgisque
2267 5383 2405 5439 caedi
2442 5383 2770 5439 Pontianum
2800 5381 3070 5454 praecipit,

1951 5475 2151 5542 Caesus,
2184 5475 2395 5531 cruoris
2424 5474 2555 5528 dum
2582 5473 2756 5528 ﬂuore
2783 5473 2985 5528 humus
3012 5474 3218 5529 madet.

1947 5563 2120 5619 Nudis
2144 5564 2374 5633 jubetur
2404 5561 2642 5619 fervidas
2662 5562 2908 5634 vestigiis

1947 5653 2202 5710 Pressare
2231 5670 2457 5726 prunas.
2497 5653 2703 5726 Martyr
2741 5653 2949 5727 inquit:
2999 5674 3019 5704 α
3067 5654 3296 5711 .tmbulo

1948 5745 2146 5803 Christi
2180 5747 2289 5803 mei
2324 5748 2524 5803 virtute
2557 5745 2832 5803 fervorem
2866 5747 3017 5803 hunc
3047 5763 3233 5818 super.
3262 5767 3288 5798 »

3205 5873 3278 5934 21

3445 408 3554 463 650
