3890 6428
358 388 453 442 651
1117 377 1482 434 FLODOARDI
1526 374 1835 432 CANONIILI
1880 370 2207 428 REMENSIS
2244 371 2581 428 OPUSCULA
2620 369 2931 427 METRICA.
3596 375 3714 431 652

356 514 397 567 A
427 510 611 567 Calida
638 524 862 564 manum
889 507 1079 581 tingue
1096 504 1250 561 Jovis
1279 504 1335 559 in
1364 502 1611 558 nomine.
2000 506 2051 571 Α
2086 497 2348 554 Claustris
2378 497 2595 570 repelli,
2619 497 2704 553 vel
2734 496 2978 553 coerceri
3007 498 3183 566 seris;

359 602 527 657 Dictis
552 600 751 655 relisus
782 597 875 652 ille
906 611 1239 667 suspensum
1258 593 1408 662 iubet
2079 590 2216 655 Quin
2249 590 2337 645 cui
2371 590 2530 661 dapis
2552 597 2786 665 negatur
2807 604 2936 645 esca
2963 596 3158 646 terrea

357 694 523 750 Uncis
560 692 822 747 athletam
846 689 1114 745 lancinari
1145 686 1362 752 ferreis,
1440 739 1451 751 κ
2078 683 2290 752 Supero
2311 682 2586 736 ministrat
2608 680 2876 736 ferculum
2899 682 3195 749 solamine,

355 782 651 839 Atrocitate
671 782 801 836 dum
829 778 1035 834 fatiscit
1060 774 1340 841 carnifex;
2079 772 2326 844 Calique
2358 788 2594 844 pascens
2625 772 2856 829 roborat
2885 774 3245 830 saturamine.

357 873 568 927 Deinde
592 879 774 927 trusus
804 867 1051 925 cacitate
1073 863 1310 921 carceris
2083 864 2190 919 Isto
2216 863 2435 919 dierum
2467 864 2727 921 devoluto
2759 874 3029 935 tempore,

357 960 754 1016 Corroboratur
777 974 809 1012 a
846 957 958 1010 Deo
986 954 1130 1010 datis
1159 952 1308 1009 viris.
1332 994 1345 1003 ι
2083 958 2216 1010 Dum
2243 956 2353 1025 jam
2398 964 2656 1027 putantes
2687 957 2834 1012 hunc
2861 957 3078 1013 lanista
3109 967 3413 1027 mortuum,

358 1054 512 1116 Item,
555 1051 817 1105 reductus
850 1047 919 1103 ad
943 1046 1213 1112 duellum,
1233 1041 1532 1114 exponitur
2080 1043 2308 1099 Auferre
2330 1060 2532 1116 corpus
2563 1061 2623 1100 se
2646 1045 2871 1100 latebris
2901 1045 3182 1120 ingerunt.

357 1146 652 1216 Spectante
679 1143 826 1197 binis
856 1140 1063 1212 Oppido
1094 1138 1372 1204 leonibus,
2081 1136 2295 1191 Laudes
2325 1144 2615 1192 canentem
2639 1145 3033 1208 perstupentes
3062 1137 3319 1205 audiunt,

356 1234 480 1301 Qui,
510 1232 786 1287 mansueti
814 1229 1073 1301 martyris
1113 1227 1241 1283 facti
1280 1226 1411 1294 fide,
2081 1225 2320 1281 Eductus
2347 1234 2501 1281 actus
2539 1233 2623 1281 est
2649 1226 2879 1301 grabato
2912 1225 3116 1293 ferreo,

353 1323 537 1378 Vitant
565 1320 714 1376 beati
743 1319 991 1375 membra
1023 1317 1183 1375 testis
1212 1324 1459 1391 tangere.
2082 1311 2435 1385 Plumboque
2455 1313 2619 1370 dorsa
2644 1329 2870 1386 sparsus
2898 1314 3029 1389 igne
3065 1314 3315 1382 fervido;

354 1416 537 1472 Catus
570 1422 732 1470 tuens
769 1414 916 1469 hac:
965 1434 987 1464 ι
1034 1409 1467 1466 Christianorum
1503 1408 1666 1475 Deus,
2084 1405 2219 1460 Dum
2252 1406 2665 1477 parvipendens
2688 1408 2794 1463 ista
2824 1407 2971 1463 ridet
2996 1408 3206 1464 arduus

354 1507 649 1572 Exclamat,
681 1504 807 1560 altis
835 1518 1070 1578 magnus
1089 1508 1173 1557 est
1197 1498 1559 1557 clamoribus.
1606 1518 1628 1549 ι
2083 1498 2344 1565 Bellator,
2377 1498 2487 1554 alta
2523 1508 2711 1555 mente
2739 1500 2961 1556 calcans
2985 1501 3248 1569 tormina,

359 1597 558 1652 lterum
590 1595 784 1649 beatus
813 1607 1033 1648 carcere
1054 1590 1389 1656 remittitur;
2084 1589 2361 1647 Confusus
2387 1592 2505 1646 edit
2530 1608 2729 1649 censor
2758 1602 2911 1649 atrox
2943 1593 3118 1664 pralii

358 1687 448 1741 Bis
474 1702 573 1741 sex
599 1683 797 1739 diebus
817 1682 967 1737 hunc
989 1679 1236 1737 tenebris
1273 1677 1519 1735 obsitum
2084 1682 2345 1739 Macrone
2386 1689 2627 1738 metam:
2651 1685 2752 1751 sic,
2784 1684 3033 1740 minutus
3053 1685 3284 1750 vertice,

359 1777 622 1834 Homines
644 1782 901 1832 vetantur
930 1773 1170 1828 allevare
1208 1768 1483 1826 aﬁ'atibus.
2012 1840 2059 1854 ἢ
2090 1775 2285 1847 Martyr
2322 1792 2579 1848 superna
2610 1794 2781 1854 regna
2808 1780 3025 1834 scandit
3052 1779 3242 1852 gloria
3268 1798 3283 1845 ;

359 1873 561 1945 Nequit
596 1871 698 1927 sed
724 1871 834 1926 alta
854 1867 1177 1926 calicorum
1209 1865 1448 1921 charitas
2012 1840 2063 1909 Β
2086 1840 2342 1921 Gaudent
2369 1840 2596 1939 recepto
2624 1840 2955 1924 cdnsodales
2983 1840 3235 1942 pignore.

1812 1962 2022 2020 CAPUT
2058 1950 2243 2021 XVIII.

1498 2067 1580 2128 De
1606 2068 1841 2127 ultione
1867 2077 2099 2144 quarta
2122 2070 2584 2144 persecutionis.

362 2186 545 2241 Turbo
574 2182 766 2240 volans
791 2181 882 2237 hic
911 2179 1171 2235 dividuus
1203 2176 1322 2235 sola
1351 2176 1556 2233 Gallica
1588 2182 1814 2249 quassat
2093 2177 2207 2242 Qua
2238 2177 2358 2232 sine
2387 2178 2623 2234 ruricola
2654 2180 2858 2251 passim
2889 2195 3038 2249 rura,
3067 2180 3295 2252 oppida.
3323 2181 3489 2250 villa,

366 2277 540 2347 Atque
578 2271 742 2339 Asia,
763 2270 1077 2341 multosque
1098 2267 1218 2324 fero
1243 2273 1451 2323 tortore
1480 2272 1709 2321 coronat
2094 2269 2404 2337 Desertum,
2434 2271 2624 2337 silvas,
2668 2288 2896 2347 magnas
2928 2280 2982 2328 et
3009 2289 3167 2328 versa
3190 2273 3397 2341 ruinas,

367 2368 692 2422 Sanctorum
732 2362 931 2419 validis
954 2361 1274 2415 vincentum
1304 2365 1484 2413 terrea
1521 2357 1703 2412 bellis.
2094 2357 2575 2415 Occiderintacies
2598 2360 2703 2415 late
2733 2367 3058 2433 cunctaque
3082 2361 3385 2435 phalanges

367 2460 541 2516 Pestis
565 2466 620 2514 at
641 2456 955 2529 insequitur
977 2453 1302 2527 regionibus
1317 2459 1437 2507 acta
1459 2442 1563 2523 per
1584 2450 1776 2506 orbem
2101 2451 2400 2519 Romulea,
2422 2451 2729 2527 longinqua
2759 2454 2951 2524 procul
2984 2453 3195 2508 liberna
3225 2455 3495 2521 colentes,

368 2553 653 2619 Romanis,
686 2552 817 2608 tabo
839 2549 1097 2606 inficiens
1129 2548 1255 2605 data
1284 2560 1517 2618 corpora
1546 2546 1765 2612 morbo,
2104 2538 2347 2594 Vindicis
2377 2540 2684 2612 absumpta
2717 2549 2868 2596 tanto
2900 2541 3111 2597 lervore
3143 2541 3440 2610 feruntur;

370 2648 665 2702 Vermibus
689 2653 857 2718 atque
883 2644 1137 2718 adigens,
1167 2641 1301 2697 olim
1331 2656 1434 2696 ceu
1466 2655 1639 2714 regna
1670 2636 1875 2708 Canopi
2108 2630 2282 2703 thue
2321 2638 2510 2687 exorta
2535 2643 2764 2704 crepant
2786 2648 2912 2688 mox
2936 2633 3337 2691 Marcomanica
3367 2634 3544 2701 bella,

378 2736 636 2808 Improba
660 2734 904 2805 corrupit
921 2747 1107 2788 verme
1134 2736 1299 2801 atque
1327 2727 1622 2800 putredine
1646 2742 1858 2782 musca.
2107 2719 2336 2775 Nonnisi
2377 2719 2599 2775 delectu
2630 2720 2839 2776 fuerint
2870 2728 3095 2776 tractata
3124 2723 3356 2792 recenti,

373 2826 541 2881 Missa
567 2825 689 2879 lues
717 2824 893 2895 ipsam
922 2836 1073 2886 mox,
1104 2834 1228 2891 qua
1257 2823 1423 2889 caput
1448 2816 1752 2888 impietatis
2110 2814 2280 2880 Quem
2320 2814 2586 2871 struxisse
2616 2816 2776 2871 datur
2804 2815 3017 2871 Marcus
3050 2823 3166 2872 tres
3188 2817 3400 2893 jugiter
3427 2835 3634 2876 annos.

381 2915 616 2983 Exstitit,
648 2913 946 2971 Ausoniam
972 2919 1127 2967 vasta
1154 2909 1236 2965 sic
1265 2907 1421 2964 clade
1453 2907 1722 2973 trucidat;

1861 2974 2070 3034 CAPUT
2118 2976 2250 3031 XIX.

934 3084 1014 3144 De
1037 3084 1256 3161 pluvia
1286 3089 1338 3142 et
1369 3081 1633 3142 victoria
1656 3078 1959 3140 militibus
1985 3097 2094 3158 per
2124 3076 2571 3138 invocationem
2609 3074 2840 3135 Christi
2867 3092 3161 3136 concessa.

384 3202 510 3257 Hac
548 3197 747 3255 Christi
769 3196 944 3253 virtus
975 3191 1192 3249 Domini
1222 3190 1507 3247 moderata
1546 3188 1833 3261 probatur,
2110 3185 2258 3241 Caelo
2291 3183 2546 3239 deductis
2578 3183 2832 3239 satiarint
2862 3183 3083 3256 agmina
3115 3184 3340 3249 nimbis,

380 3292 500 3347 Non
528 3288 734 3345 nostris
765 3293 1001 3350 tantum,
1030 3282 1275 3339 externis
1303 3279 1439 3353 quin
1473 3279 1789 3355 relligione,
2036 3262 2087 3329 (ἶ
2110 3275 2453 3332 Fulminibus
2478 3275 2669 3330 hostes
2688 3290 2755 3330 ac
2774 3274 2995 3330 calitus
3021 3275 3149 3349 igne
3175 3275 3417 3352 fugarint

382 3385 691 3439 Castrorum
720 3387 781 3435 ut
820 3388 1077 3452 retegens
1113 3375 1358 3431 ductoris
1395 3372 1632 3445 epistola
1666 3373 1889 3448 signet:
2116 3366 2372 3422 Crebrius
2401 3379 2683 3436 expresso,
2712 3363 2993 3436 legionem
3026 3373 3082 3419 et
3109 3364 3179 3418 ab
3210 3364 3343 3420 inde
3369 3374 3626 3424 vocatam

384 3476 629 3542 Qualiter
665 3478 857 3529 exusto
886 3470 1082 3526 cuneis
1112 3468 1425 3523 sitientibus
1451 3483 1605 3535 arvo,
1656 3462 1663 3469 “
2115 3458 2472 3523 Fulmineam,
2500 3472 2599 3528 per
2628 3472 2793 3527 quam
2823 3455 3050 3512 victoria
3075 3456 3252 3511 milite
3275 3473 3454 3529 pauco

388 3565 640 3637 Undique
668 3563 799 3618 dum
827 3557 1161 3616 circumfuso
1203 3563 1586 3630 premerentur
1615 3556 1684 3611 ab
1719 3556 1900 3624 hoste,
2114 3552 2271 3608 Parta
2298 3550 2548 3623 quidem,
2586 3559 2641 3605 at
2671 3550 2840 3604 multa
2863 3549 3060 3605 Christi
3094 3549 3340 3607 bonitate
3365 3552 3598 3622 tributa,

385 3654 595 3710 Clausis
619 3650 875 3707 barbarie
900 3654 1132 3705 mortem
1173 3648 1423 3720 caloque
1459 3644 1729 3712 minante,
2117 3640 2317 3696 Priscis
2347 3637 2700 3695 Romulidum
2723 3637 2892 3693 nullis
2913 3639 3184 3709 aquanda
3206 3638 3451 3711 tropais,

386 3746 722 3804 Cliristicola
751 3744 969 3800 athleta
998 3740 1246 3814 quidam,
1282 3741 1486 3811 pietate
1515 3739 1785 3811 vigentes,
2113 3733 2263 3790 Juris
2291 3733 2578 3803 inexperta
2597 3730 2868 3786 bellorum
2895 3740 3050 3804 gesta
3069 3732 3317 3787 cohorte.

392 3843 695 3917 Poplitibus
724 3841 885 3898 flexis
912 3841 968 3896 in
991 3838 1221 3912 publica
1244 3843 1373 3893 vota
1404 3834 1638 3908 profusi,
2116 3827 2382 3884 tiulminis
2409 3833 2464 3883 at
2492 3826 2693 3882 Christi
2724 3825 2889 3883 solito
2920 3832 3134 3898 patrata
3164 3826 3375 3902 vigore.

393 3936 670 3993 Imbribus
698 3934 945 3993 obtentis
971 3932 1219 3990 sederint
1248 3929 1499 3986 nubibus
1524 3934 1727 3994 astus;

1645 4083 1968 4142 CAPITULA
2008 4079 2185 4138 LIBRI
2222 4076 2485 4145 QUARTI.

520 4185 651 4242 Car.
764 4184 806 4240 l.
840 4212 909 4222 —
936 4184 1011 4238 De
1034 4184 1218 4237 sancto
1247 4179 1561 4250 Apollonio.

756 4254 825 4309 ll.
860 4285 925 4293 —
951 4256 1028 4310 De
1054 4253 1256 4307 sanctis
1298 4247 1580 4307 Pontiano.
1614 4247 1843 4303 Eusebio
1879 4251 1930 4302 et
1966 4249 2127 4303 sociis
2152 4259 2352 4301 eorum.

755 4325 845 4380 Ill.
878 4355 947 4365 —
982 4328 1052 4380 De
1078 4322 1323 4377 vindicta
1357 4322 1609 4390 pra/uta:
1643 4318 1983 4374 crudelitatis

755 4396 837 4452 IV.
872 4427 934 4436 —
979 4398 1052 4451 De
1074 4398 1261 4449 sancto
1281 4389 1507 4448 Aniceto
1529 4406 1683 4462 papa
1709 4395 1761 4445 ct
1784 4391 2053 4461 Egesippo
2082 4389 2314 4445 doctore.

756 4468 820 4522 V.
861 4498 928 4509 —
944 4471 1020 4524 De
1047 4469 1232 4520 sancto
1261 4464 1580 4533 Polycarpo,

757 4538 847 4595 Vl.
879 4570 948 4579 —
976 4542 1052 4595 De
1079 4538 1282 4592 sanctis
1322 4532 1521 4601 Satere,
1543 4532 1852 4590 Eleutherio
1877 4537 1928 4589 et
1957 4534 2172 4589 Victore
2200 4533 2301 4587 PP.

751 4610 865 4667 VII.
894 4642 959 4651 —
979 4613 1055 4665 De
1072 4608 1320 4663 vindicta
1344 4608 1547 4678 quinta
1573 4606 1980 4676 persecutionis.

753 4681 865 4737 VII.
906 4712 978 4722 —
1001 4685 1078 4736 De
1117 4677 1405 4749 Zephirino
1426 4693 1579 4749 papa
1606 4682 1655 4731 et
1679 4680 1865 4732 sancto
1895 4677 2133 4735 Caliato.

759 4753 826 4808 IX
844 4784 915 4793 —
954 4756 1029 4808 De
1053 4756 1243 4808 sancta
1271 4753 1536 4807 Martina.

766 4824 831 4879 Χ.
863 4854 935 4865 -—-
963 4827 1040 4878 De
1066 4827 1253 4879 sancto
1286 4822 1501 4878 Urbano
1524 4834 1678 4890 papa
1706 4822 1756 4873 et
1786 4819 2017 4876 Caecilia.

761 4895 850 4950 XI.
884 4925 953 4935 —
980 4897 1055 4950 De
1084 4894 1288 4949 sanctis
1315 4889 1580 4947 Pontiano
1605 4889 1767 4959 papa
1797 4895 1846 4944 et
1885 4890 2180 4959 Hippolyto
2202 4889 2533 4958 presbytero.

759 4966 873 5022 XII.
910 4996 976 5006 —
1004 4968 1079 5020 De
1108 4964 1316 5019 Antero
1337 4978 1490 5033 papa
1517 4967 1566 5015 et
1593 4962 1797 5015 ultione
1832 4966 1994 5015 sextaP
2021 4962 2425 5030 persecutionis.

758 5038 901 5093 XIII.
937 5067 1002 5076 —
1024 5039 1099 5091 De
1135 5026 1640 5102 duobus'Philippis
1668 5026 2086 5100 imperatoribus
2115 5036 2165 5086 et
2195 5033 2383 5086 Pontio
2419 5034 2659 5099 martyre
2687 5032 2849 5097 atque
2877 5026 3136 5081 Fabiano.

762 5110 893 5163 XIV.
939 5138 982 5147 -
1022 5110 1099 5163 De
1111 5107 1315 5163 sanctis
1343 5105 1585 5161 Cornelio
1614 5118 1762 5172 papa
1790 5109 1839 5158 et
1871 5104 2139 5173 Cypriano
2169 5106 2414 5173 martyre
2439 5104 2706 5171 sociisque
2732 5102 2996 5169 ipsorum.

761 5180 865 5235 XV.
920 5210 977 5219 —
1007 5182 1083 5234 De
1111 5179 1313 5233 sanctis
1332 5176 1531 5231 Abdon
1561 5180 1610 5229 et
1641 5179 1869 5228 ,ξ’ρηηεη.

761 5250 891 5306 XVI.
946 5281 996 5291 —-
1031 5253 1105 5305 De
1129 5251 1335 5304 sanctis
1366 5248 1657 5303 Parthenio
1694 5251 1742 5299 et
1774 5247 2062 5302 Calocerio.

760 5323 915 5376 XVII.
952 5352 1017 5361 —
1048 5324 1122 5376 De
1151 5322 1357 5376 sanctis
1383 5319 1648 5374 Anatolio
1676 5322 1725 5371 et
1758 5319 2015 5371 Victoria.

760 5393 921 5447 XVIII
970 5423 1035 5433 —
1063 5396 1135 5449 De
1161 5393 1367 5448 sanctis
1391 5391 1717 5458 Pergentino
1746 5392 1797 5444 et
1822 5389 2177 5444 Laurentino.

1183 5528 1703 5618 INCIPIT
1795 5525 2164 5613 LIBRI
2267 5521 2944 5636 QUARTUS.

1804 5674 2014 5730 CAPUT
2063 5671 2348 5729 PRIMUM.

1715 5772 1796 5832 De
1834 5777 2043 5832 sancto
2086 5765 2423 5844 Apollonio.

413 5867 653 5918 Flamma
681 5865 955 5926 duelliferi
977 5873 1198 5943 paulum
1224 5877 1404 5946 sopita
1432 5875 1653 5946 vaporis
2130 5872 2262 5926 Dum
2295 5869 2596 5940 imperitat,
2632 5867 2847 5942 magnis
2860 5868 2974 5937 jam
2991 5866 3499 5939 complectentibus
3526 5871 3686 5927 alma

414 5955 471 6003 ln
504 5958 717 6003 nostros
744 5962 913 6011 temat
946 5960 1281 6016 recalescere
1300 5962 1628 6020 Commodus
1654 5966 1773 6017 orbi
2126 5964 2252 6017 Jnra
2276 5962 2409 6016 viris
2439 5961 2590 6024 fidei,
2614 5961 2925 6032 Christique
2948 5959 3253 6015 nitentibus
3274 5961 3464 6026 armis,

1889 3997 2258 4012 ﬂ
