3890 6446
167 426 268 482 653
783 426 865 481 DE
907 425 1168 482 CHRISTI
1207 426 1571 482 TRIUMPHIS
1611 427 1783 483 APUD
1827 427 2096 482 ITALIAM
2134 425 2312 482 LIBRI
2353 422 2485 478 XIV.
2525 452 2594 464 -—
2633 421 2759 475 LIB.
2804 419 2889 474 IV.
3403 415 3508 470 654

170 560 328 613 Lucis
359 557 681 628 Apollonius
721 571 954 628 quorum
984 557 1183 611 virtute
1205 557 1428 612 cluebat
1454 575 1469 622 ;

172 649 361 705 Christi
391 665 512 703 cum
546 649 695 704 cultu
729 649 996 719 scphicze,
1019 649 1314 719 Romzeque
1331 658 1574 704 senator.

172 742 383 797 Crimen
418 741 546 796 huic
573 740 793 794 vehitur
818 740 1032 794 Christo
1068 740 1275 810 pollere
1307 740 1590 815 magistro.

173 836 266 890 Ille
298 835 476 906 palam
507 851 697 890 verum
732 851 840 890 non
869 836 1270 901 abnuitedere,
1307 843 1543 891 tractans

171 927 360 981 C(PIite
390 925 556 980 verba
578 926 686 980 fide
716 942 903 997 super,
934 927 1276 980 auscultaute
1300 932 1517 992 senatu,

175 1015 342 1084 Inque
373 1014 629 1069 volumen
660 1015 967 1085 agitnitido
1000 1030 1259 1068 sermone
1286 1020 1524 1088 rogatus,

173 1104 348 1174 thue
380 1113 539 1174 putes
561 1104 764 1158 meruit
794 1104 995 1159 Geticis
1033 1119 1218 1158 orasse
1253 1105 1506 1169 catervis,

173 1196 302 1248 Nam
332 1196 458 1250 data
477 1196 527 1250 ei
556 1203 724 1266 caput
753 1196 964 1250 abscidi
997 1196 1272 1250 sententia
1300 1195 1543 1261 mandat,

1821 563 1865 628 Α
1895 557 2005 612 Hoc
2031 556 2174 627 apud
2195 555 2296 610 hos
2327 552 2498 607 veteri
2525 552 2637 619 jam
2670 548 2878 602 dudum
2912 546 3034 620 lege
3069 550 3315 611 tenente,

1896 649 2249 703 Christicolas
2277 645 2448 700 semel
2475 643 2712 709 oblatos,
2737 640 2796 693 ni
2828 655 2956 693 vera
2987 637 3249 700 refutent,

1897 737 2044 792 Haud
2079 736 2382 806 impunitos
2410 733 2520 787 ulla
2547 731 2760 786 ratione
2789 727 2989 783 remitti
3021 744 3035 791 ;

1898 827 2002 882 Lex
2033 842 2197 897 quam
2225 822 2413 898 grata!
2448 821 2586 876 mori
2609 820 2787 888 justos
2817 834 2914 888 pro
2948 816 3180 872 crimine
3201 814 3338 884 \cri,

1893 920 2085 974 Vivere
2118 918 2416 982 falsidicos,
2449 929 2750 985 verumque
2778 913 2951 966 nitere
2985 918 3283 983 negantes;

1895 1009 2159 1079 Quodque
2189 1007 2387 1077 probes
2415 1021 2603 1059 verum
2637 1003 2919 1066 damnare,
2950 1001 3242 1055 admittere
3297 999 3520 1064 falsum,

1840 1146 1842 1148 ,
1895 1099 2135 1153 Perdere
2165 1098 2448 1160 virtutem,
2471 1095 2592 1148 sine
2624 1093 2804 1148 fronte
2837 1091 3086 1147 attollere
3127 1091 3361 1156 crimen,

1896 1194 2186 1259 Virtutem,
2218 1192 2409 1246 vitium
2435 1208 2450 1257 ;
2484 1191 2695 1246 crimen
2726 1187 3031 1243 defendere
3053 1203 3244 1243 verum
3271 1187 3282 1240 ε

1694 1350 1902 1406 CAPUT
1943 1351 2011 1405 II.

1097 1483 1172 1541 De
1200 1485 1425 1542 sanctis
1461 1483 1781 1556 Pontiano,
1815 1480 2066 1540 Eusebio
2098 1489 2152 1540 et
2181 1482 2365 1540 sociis
2395 1497 2622 1539 eorum.

173 1627 326 1683 Tunc
357 1629 676 1694 Pontianus,
714 1628 983 1682 Eusebius
1011 1634 1063 1682 et
1093 1643 1406 1697 compares,

171 1718 516 1781 Vincentius,
548 1717 898 1786 Peregrinus.
930 1718 1039 1771 alta
1068 1723 1338 1787 martyres

177 1806 339 1861 Macti
371 1806 579 1860 Iucratu
614 1805 838 1860 subiere
865 1807 1048 1860 sidera
1081 1823 1096 1869 ;

1905 1625 2219 1698 Clamatque
2249 1644 2262 1680 :
2301 1649 2324 1676 ιι
2349 1626 2494 1680 Deus
2525 1631 2607 1680 est
2638 1624 2892 1678 Christus
2911 1639 3074 1695 quem
3108 1622 3443 1694 praedicant;
3481 1646 3506 1669 η

1907 1717 2130 1780 Clamat,
2172 1717 2378 1772 deinde
2408 1716 2715 1772 clanculam
2747 1716 2884 1785 petit
2907 1713 3113 1789 fugam,

1905 1808 2077 1872 Quem
2106 1805 2464 1862 conﬁtentem
2500 1804 2651 1860 fonte
2693 1802 2924 1860 Rufinus
2951 1819 3105 1858 sacro

176 1898 280 1962 Qui
308 1914 476 1952 censa
500 1897 656 1951 caelis
677 1898 910 1952 intulere
942 1905 1139 1960 terrea,

177 1991 367 2045 Primo
380 1990 621 2060 expediti
644 1999 926 2044 sumerent
955 1998 1015 2044 ut
1039 1989 1252 2056 ccelica,

179 2081 243 2135 Et
273 2082 426 2135 lucra
457 2080 614 2135 cadis
638 2087 695 2134 ut
725 2090 930 2151 queant
960 2081 1309 2152 impendere,

175 2171 620 2242 Centuplicanda
651 2173 871 2227 student
901 2173 1104 2227 talenta
1143 2172 1480 2242 expendere.

176 2261 352 2325 Queis
383 2276 509 2314 mox
537 2268 760 2314 senator
789 2260 994 2315 additis
1021 2261 1326 2331 acquiritur

175 2357 313 2426 Regi
343 2355 784 2426 supernoJulius
811 2356 1153 2422 domesticis,

171 2445 414 2499 Rufinus
443 2445 594 2498 unda
634 2459 774 2514 quos
805 2444 1041 2499 sacravit
1073 2445 1383 2516 presbyter,

173 2538 385 2592 Doctus
419 2537 699 2611 magistris
725 2537 961 2608 integris
992 2537 1052 2591 fit
1080 2537 1316 2611 integer,

172 2627 340 2683 Miles
369 2636 591 2683 senator
632 2629 794 2700 Regis
823 2628 942 2694 alti,
971 2638 1024 2683 et
1052 2629 1325 2700 particeps

177 2717 363 2790 Regni
396 2717 620 2772 caducis
645 2717 793 2788 quod
825 2718 1036 2788 paravit
1067 2718 1244 2788 copiis

177 2809 435 2864 Onerosa
465 2808 596 2864 celsi
626 2809 860 2863 tramitis
890 2809 1238 2876 docentium,

179 2901 436 2956 Tradens
465 2900 658 2974 egenis
688 2916 790 2972 per
818 2917 1012 2955 manus
1037 2901 1340 2970 obstacula,

185 2991 338 3044 [)ans
369 2990 689 3056 terrulenta,
711 2995 766 3044 et
797 3005 1125 3059 comparans
1151 2991 1418 3056 coelestia,

183 3080 443 3155 Fugitiva
474 3094 760 3150 spargens,
791 3078 1130 3149 sempiterna
1155 3079 1440 3151 colligens.

181 3170 352 3235 Quod
385 3170 682 3240 imperator
699 3186 830 3224 aure
860 3186 1087 3224 sumens
1127 3171 1462 3226 Commodus

182 3259 363 3314 Jubet
391 3260 540 3314 hunc
556 3259 731 3314 teneri
765 3259 956 3328 iratus,
978 3269 1031 3314 et
1049 3259 1275 3327 Vitellii,

187 3349 452 3403 Peditum
485 3348 756 3423 magistri,
787 3349 949 3402 tradit
973 3349 1291 3413 audientiae,

185 3437 343 3508 Opes
373 3437 614 3507 requirat
643 3452 882 3507 eumque
908 3437 1090 3491 flectat
1116 3437 1404 3503 delubris;

187 3529 401 3583 Tribus
430 3529 522 3582 dat
554 3528 645 3582 ille
676 3545 840 3599 quem
874 3528 1071 3582 diebus
1098 3529 1325 3595 carceri,

188 3615 439 3670 Posthac
463 3617 672 3672 catenis
703 3619 928 3672 mandat
958 3626 1139 3672 actum
1182 3619 1462 3673 assistere.

185 3709 232 3761 Α
269 3723 386 3779 quo
413 3723 538 3764 orsa
576 3709 804 3781 capiens
831 3710 959 3777 alta,
992 3711 1148 3774 dura,
1177 3711 1379 3774 vivida,

188 3800 575 3856 Caediseveris
613 3802 806 3856 tandiu
842 3803 953 3874 egit
985 3802 1242 3868 fustibus,

186 3890 341 3944 Dum
372 3889 607 3944 liberum
633 3892 954 3946 transmittit
980 3900 1125 3946 astra
1152 3891 1404 3962 spiritum

190 3983 411 4037 Senior
439 3997 694 4052 supernae
708 3983 1024 4038 dedicatum
1060 3983 1243 4037 curiae.

187 4076 281 4130 Pii
322 4075 572 4150 magistri
604 4091 805 4147 corpus
844 4077 1049 4131 almum
1080 4075 1371 4149 colligunt,

197 4171 479 4240 Interque
509 4169 673 4223 busta
701 4169 974 4225 collocant
1003 4168 1302 4239 Calepodii.

197 4261 358 4315 Hinc
387 4260 776 4331 comprehensi
806 4261 1092 4336 cognitore
1119 4259 1361 4324 Vitellio,

201 4353 357 4407 Dum
374 4351 622 4422 pensiles
650 4353 920 4408 libranmr
951 4354 1191 4424 equuleo
1219 4353 1456 4418 eminus,

195 4441 524 4513 Nervisque
541 4442 936 4498 distenduntur
961 4450 1108 4497 artus
1129 4441 1381 4509 fortibus,

200 4533 648 4606 Crudeliterque
681 4542 1032 4590 macerantur
1057 4535 1314 4601 fustibus,

196 4623 594 4696 Flammisque
614 4624 782 4679 latera
811 4623 1158 4698 conflagrant
1186 4627 1494 4692 atrocibus,

194 4717 540 4772 Tueturista
571 4718 675 4771 sub
703 4719 954 4789 palaestra
985 4717 1246 4774 carnifex.

193 4810 466 4864 Stantem
497 4810 709 4864 mederi
734 4811 1006 4866 Antonius
1036 4827 1161 4866 cum
1190 4812 1424 4884 spongia

196 4914 490 4980 Juvenem
525 4899 856 4972 piorumque
889 4900 1219 4956 allevantem
1249 4901 1476 4957 vulnera
1513 4920 1525 4956 :

1910 1899 2078 1953 Lavit.
2115 1898 2384 1953 Reversus
2416 1898 2484 1951 ad
2515 1903 2805 1967 tyrannum
2836 1894 3008 1950 libere

1835 2016 1884 2083 Β
1910 1989 2047 2042 Dum
2079 1987 2448 2042 Christianum
2481 2002 2539 2041 se
2573 1985 2794 2082 fatetur,
2827 1984 3110 2081 plectitur,

1907 2075 2206 2150 Jugulique
2226 2073 2294 2129 ad
2315 2085 2460 2128 astra
2489 2072 2725 2127 mittitur
2754 2071 3052 2137 sententia,

1907 2165 2114 2236 Viaque
2139 2172 2297 2218 terrae
2325 2163 2432 2218 lata
2459 2162 2708 2216 membra
2731 2161 2970 2216 Aurelia.

1981 2262 2038 2313 In
2061 2259 2225 2313 laude
2257 2258 2454 2312 Christi
2491 2258 2718 2311 immota
2746 2262 2852 2310 stat
2881 2254 3151 2310 sodalitas

1909 2351 2281 2416 Robusta,seu
2308 2364 2598 2419 suspensa,
2627 2363 2726 2402 seu
2751 2347 3056 2412 remissior,

1911 2448 2019 2501 Nec
2045 2445 2214 2501 fracta
2244 2445 2418 2511 duris,
2453 2460 2557 2499 nec
2572 2444 2801 2498 subacta
2826 2442 3111 2498 mollibus.

1911 2537 2164 2592 I-‘uriatus
2193 2550 2325 2607 ergo
2347 2549 2544 2589 censor
2569 2533 2820 2589 abscindi
2851 2533 3001 2587 ferus

1917 2630 2183 2684 Plectrum
2215 2628 2394 2683 beatte
2421 2627 2504 2682 vis
2534 2625 2769 2680 Eusebio
2795 2624 2954 2694 jubet
2986 2638 2999 2690 ;

1915 2718 2021 2772 Sed
2048 2717 2172 2786 jura
2197 2717 2395 2771 Christi
2427 2717 2776 2771 internecare
2793 2731 2914 2770 non
2940 2714 3107 2781 valet,

1917 2812 2190 2882 Datorque
2219 2808 2424 2883 linguae
2449 2807 2600 2863 suffit
2622 2807 2736 2863 oris
2764 2807 2970 2874 munia,

1919 2908 1979 2962 Et
2007 2907 2218 2978 absque
2249 2907 2438 2977 lingua
2467 2905 2636 2960 verba
2666 2904 2872 2979 linguae
2904 2910 3182 2974 procreat,

1923 2998 2238 3068 Clamatque
2271 3007 2458 3051 sectus
2473 3011 2606 3051 voce
2637 2996 2794 3050 testis
2824 2995 3037 3065 integra
3069 3011 3082 3046 :

1926 3108 1949 3138 (ι
1978 3086 2093 3140 Tibi
2127 3086 2632 3157 sempiterna,.lesu
2656 3085 2892 3150 Christe,
2924 3083 3120 3158 gloria.
3165 3103 3186 3131 ιι

1919 3175 2100 3246 Septis
2131 3176 2330 3230 retrusi
2359 3183 2481 3245 post
2510 3189 2745 3247 agonem
2781 3171 3020 3227 carceris

1922 3268 2133 3322 Laudes
2160 3267 2338 3321 datori
2356 3275 2658 3337 personant
2686 3263 2950 3319 victoriae.

1843 3385 1892 3453 Ο
1923 3357 2011 3411 Sic
2042 3357 2170 3410 dum
2196 3355 2394 3410 diebus
2421 3371 2482 3408 ac
2507 3353 2771 3407 resultant
2803 3352 3056 3407 noctibus

1925 3446 2152 3511 Quidam
2181 3444 2439 3498 sacerdos
2473 3442 2756 3514 Lappulus
2789 3439 3066 3512 Capitolii,

1927 3535 2190 3588 Obsessus
2211 3533 2370 3587 annis
2391 3531 2635 3587 caecitate
2663 3538 2948 3602 quattuOr,

1929 3626 2084 3680 Venit
2115 3624 2360 3679 tenebris
2383 3631 2437 3678 et
2469 3622 2920 3687 receditlumine,

1931 3716 2272 3768 Illumiuatus
2302 3713 2489 3778 corde,
2514 3727 2750 3766 cernens
2771 3725 3024 3781 corpore.
3064 3729 3080 3734 ·

1931 3805 2196 3882 Ergastuli
2217 3813 2428 3877 patrata
2456 3804 2774 3874 Simplicius
2802 3803 3002 3858 videns

1935 3897 2210 3962 Servator,
2235 3897 2344 3951 aris
2375 3896 2690 3952 daemonum
2725 3893 3029 3959 renuntiat,

1937 3990 2254 4060 Passusque
2289 3987 2561 4042 Christum
2593 3993 2778 4040 mente
2806 3985 2950 4041 lotus
2977 3984 3238 4041 candidat

1940 4079 2068 4143 Quae
2105 4077 2441 4150 gestajudex
2471 4074 2689 4130 nuntiat
2719 4075 2850 4129 dum
2884 4073 3182 4129 Commodo

1943 4166 2009 4222 Ut
2037 4167 2336 4237 puniantur
2369 4163 2592 4219 mandat
2613 4163 2713 4218 ille
2736 4163 2972 4219 concito.

1946 4264 2076 4318 Post
2098 4262 2166 4316 ad
2199 4277 2434 4317 coronas
2462 4260 2675 4316 evocati
2717 4271 3004 4332 martyres,

1952 4357 2228 4410 Scelerata
2266 4353 2440 4410 fertur
2469 4362 2624 4424 petra
2655 4370 2763 4426 qua
2794 4361 2994 4412 metam
3016 4357 3213 4424 petunt

1958 4447 2180 4516 lllicquc
2213 4444 2441 4515 plumbo
2473 4453 2598 4499 vota
2627 4443 2754 4499 caesi
2787 4459 3039 4514 corpora,

1955 4538 2179 4592 Molesta
2210 4537 2487 4608 linquunt,
2524 4537 2644 4591 Izeta
2675 4536 2947 4590 scandunt
2974 4535 3216 4590 domata.

1955 4631 2195 4694 Quorum
2230 4644 2517 4682 resumens
2544 4628 2793 4682 membra
2823 4627 3053 4682 Rufinus
3080 4643 3236 4682 sacer

1879 4735 1932 4803 ί)
1957 4726 2117 4779 Sexto
2150 4723 2402 4779 recondit
2441 4723 2508 4776 ab
2535 4723 2678 4777 Urbe
2711 4724 2986 4779 milliario.

1964 4813 2222 4868 Macrone
2257 4811 2604 4867 Mediolanus
2624 4812 2732 4867 hoc
2763 4813 2866 4867 sub
2903 4819 3153 4884 tempore

1965 4905 2265 4960 Faustinus
2295 4911 2448 4959 actus
2481 4904 2676 4960 transit
2707 4911 2850 4960 astra
2877 4903 3169 4978 sanguine.

1740 5061 1951 5116 CAPUT
1993 5063 2091 5118 III.

1367 5189 1444 5247 De
1474 5189 1746 5250 vindicta
1770 5190 2031 5268 praefatae
2061 5191 2458 5253 crudelitatis.

213 5326 588 5398 Iniquitatem
627 5326 776 5400 regis
803 5325 962 5380 Urbis
993 5327 1139 5382 ustio

208 5418 462 5480 Secuta,
496 5414 623 5469 divo
646 5413 1004 5469 convibratur
1030 5413 1287 5480 fulmine,

210 5507 460 5580 Insigne
494 5511 696 5560 tactum
725 5521 834 5576 quo
866 5505 1059 5579 ﬂagrat
1087 5507 1411 5579 Capitolium

221 5599 484 5653 Incensa
510 5594 846 5650 bibliotheca
873 5595 1146 5664 majorum
1180 5596 1347 5661 nitor,

218 5688 523 5759 Edesque
546 5687 703 5758 juxta
733 5693 1084 5742 concremata
1114 5686 1341 5742 consitae
1381 5705 1396 5752 ;

234 5779 450 5838 Potius
479 5778 720 5835 subinde
750 5784 1108 5836 consecutum
1135 5778 1459 5835 incendium

1979 5331 2136 5386 Vasta
2163 5332 2282 5387 aede
2313 5333 2488 5387 Vestae
2527 5331 2811 5402 nobilique
2843 5330 3068 5402 palatio,

1980 5423 2247 5478 Stravisse
2281 5432 2492 5494 partem
2526 5422 2700 5478 fertur
2731 5423 2861 5478 Urbi
2891 5423 3205 5494 plurimam.

1986 5515 2375 5570 Incommodus
2404 5515 2496 5570 hic
2524 5515 2652 5569 Urbi
2683 5522 2737 5569 et
2769 5514 2893 5570 orbi
2926 5515 3280 5581 Commodus,

1987 5604 2391 5676 Hominumque
2412 5604 2696 5672 judicatus
2718 5604 2894 5660 hostis
2923 5605 3204 5676 publicus,

1990 5693 2193 5749 Furore
2223 5692 2405 5764 plebis
2432 5692 2810 5766 strangulatus
2836 5694 3124 5750 sternitur.
