3890 6418
121 443 219 496 657

123 561 475 632 Sacriﬁcique
507 564 675 613 ruunt
702 559 830 610 ante
870 553 1023 624 ipsas
1051 549 1300 607 fulminis
1340 564 1464 604 aras

124 655 364 713 Caelestis
391 652 578 709 subita
606 651 660 708 vi
690 655 952 723 quattuor
971 643 1290 708 exanimati,

119 748 286 818 Atque
313 743 425 815 poli
447 741 690 798 ﬂammis
717 741 899 813 ipsum
929 733 1086 791 Jovis
1112 731 1290 788 uritur
1318 728 1479 794 altar,

124 835 184 889 Ut
212 838 392 904 pateat
411 846 524 885 non
557 843 682 885 esse
709 827 864 885 ‘Jovis
893 821 1135 879 caelestia
1167 819 1297 885 tela,

120 924 361 998 Caligare
392 922 536 988 dies,
570 920 855 975 obducere
877 913 1072 971 nubila
1099 912 1322 974 coelum,

117 1021 562 1088 Praesentemque
584 1015 696 1070 reis
714 1010 1044 1068 mortalibus
1066 1006 1254 1064 omnia
1276 1011 1510 1060 mortem

119 1113 412 1165 Intentare.
449 1106 590 1163 Urbs
619 1105 760 1176 ipsa,
791 1103 919 1175 polo
951 1105 1254 1172 pugnante,
1287 1103 1475 1168 putata

121 1198 175 1253 In
197 1198 409 1253 subitas
437 1195 590 1252 orbis
604 1193 800 1249 victrix
829 1191 1049 1248 abitura
1083 1187 1313 1243 favillas.

117 1290 324 1345 Suadet
353 1288 490 1344 inire
521 1287 706 1360 fugam
736 1282 969 1355 trepidis
997 1281 1165 1337 timor
1198 1279 1340 1335 Urbe
1369 1276 1584 1346 relicta,

116 1380 367 1450 Dumque
389 1383 543 1433 metu
569 1374 709 1430 vada
741 1381 891 1429 trans
919 1371 1126 1427 abeunt
1172 1366 1430 1422 Tiberina
1459 1369 1742 1430 monente,

114 1470 382 1524 Securum
413 1483 600 1523 rerum
630 1465 864 1522 Domino
884 1479 986 1518 sua
1006 1468 1130 1517 vota
1155 1459 1419 1515 Calixtum

115 1559 393 1616 Laudibus
419 1557 713 1614 inveniunt
737 1556 984 1621 dantem,
1016 1552 1268 1624 latisque
1298 1555 1585 1605 vacantem

112 1651 488 1708 Carminibus.
521 1648 720 1706 Consul
749 1662 986 1720 prepere
1017 1643 1316 1700 Palmatius
1344 1640 1494 1696 istud

115 1744 316 1800 Pandit
338 1743 670 1805 Alexandro,
698 1741 793 1814 qui
815 1755 943 1796 mox
966 1739 1186 1813 delegat
1205 1737 1384 1793 eidem

117 1834 327 1908 Cogere
354 1830 708 1888 Christicolas
734 1829 864 1896 aris,
893 1829 982 1884 vel
1017 1827 1262 1883 subdere
1290 1825 1489 1898 prunis.

119 1925 212 1980 Ille
248 1924 443 1979 decem
472 1921 542 1977 de
583 1920 798 1986 militia,
823 1935 1019 1990 parere
1047 1923 1290 1989 paratos,

115 2014 410 2072 Devincire
436 2013 611 2080 viros,
655 2011 979 2082 clerumque
1019 2010 1341 2080 Patremque
1375 2006 1638 2062 Calixtum

114 2100 280 2156 Mittit
312 2118 326 2167 ;
360 2108 414 2155 at
440 2109 500 2156 ut
527 2100 772 2156 subeunt
803 2115 910 2171 qua
932 2098 1128 2154 concio
1150 2097 1290 2152 lucis
1319 2097 1538 2172 agebat,

115 2191 366 2247 Pectoris
385 2191 687 2247 obscurum
717 2191 901 2246 vultus
929 2189 1168 2264 caligine
1198 2187 1461 2258 produnt,

118 2282 472 2356 Indignoque
504 2283 694 2340 videre
725 2289 1020 2355 queantne
1042 2280 1250 2337 lumine
1271 2296 1446 2339 sacra.

112 2369 384 2430 Frustrati
411 2374 685 2429 immerito
718 2382 1045 2446 conspectu,
1079 2372 1288 2428 lumina
1321 2380 1554 2444 ponunt.
1615 2378 1621 2385 '

63 2508 86 2529 κ
111 2463 367 2519 Territus
389 2463 472 2518 his
501 2464 697 2520 consul
725 2463 840 2538 regi
873 2471 1084 2534 patrata
1116 2462 1321 2517 revelat

114 2552 533 2626 Praasentatque
555 2554 725 2622 viros,
753 2561 916 2610 cauto
934 2568 1075 2625 quos
1104 2553 1198 2608 ille
1230 2567 1538 2608 renoscens

119 2647 354 2713 lntuitu,
387 2646 610 2702 atraciis
643 2647 759 2701 haec
789 2646 1018 2718 deputat
1043 2654 1161 2701 acta
1193 2646 1443 2712 venenis,
1474 2678 1485 2687 ς

116 2734 327 2789 Consul
357 2734 427 2789 ad
459 2735 576 2790 haec
609 2751 622 2790 :
657 2756 686 2786 (ι
712 2735 938 2811 Magicis
953 2735 998 2790 si
1026 2735 1318 2791 fraudibus
1350 2736 1450 2790 ista
1466 2742 1746 2810 gerantur,

113 2827 362 2882 Virtutes
388 2827 481 2882 ubi
507 2835 638 2883 sunt
667 2835 982 2884 nostrorum
1014 2837 1069 2882 et
1100 2828 1330 2882 numina
1360 2828 1545 2884 divum
1578 2827 1606 2881 ?

113 2923 263 2988 Quin
293 2922 488 2992 jubeat
515 2929 607 2978 tua
638 2923 723 2978 dis
743 2923 921 2994 pietas
953 2922 1216 2978 libamina
1239 2922 1388 2988 ferri,

109 3015 349 3070 Publica
374 3030 462 3070 res
490 3031 716 3086 pessum
750 3031 822 3071 ne
855 3015 1049 3072 horum
1099 3030 1202 3086 per
1229 3013 1477 3070 carmina
1505 3016 1688 3072 detur.
1724 3040 1749 3064 ιι

110 3103 453 3159 Mercurium
485 3104 980 3179 monet-Augustus
1007 3119 1108 3175 per
1133 3119 1288 3160 sacra
1313 3103 1644 3179 rogandum,

113 3194 528 3267 Propositaque
553 3193 642 3249 die
671 3194 861 3250 cuncti
895 3201 1098 3265 praesto
1128 3209 1250 3249 esse
1283 3193 1522 3260 Quirites

113 3283 386 3340 Prodenti
409 3290 625 3339 secreta
649 3283 818 3339 deum
847 3299 1106 3354 praecone
1134 3283 1424 3353 jubentur.

109 3375 356 3431 Pollutis
387 3375 662 3447 pecudum
681 3376 909 3451 sanguis
928 3376 1061 3431 dum
1103 3375 1353 3431 funditur
1381 3375 1513 3442 aris,

109 3467 386 3525 Indomiti
417 3468 549 3524 inde
587 3468 792 3524 cadunt
809 3469 991 3536 vituli,
1017 3469 1169 3540 porci
1202 3469 1330 3524 inde
1363 3476 1649 3536 necantur,

115 3563 264 3618 Inde
290 3561 609 3618 sacerdotes
638 3562 833 3618 Bacchi
863 3577 962 3634 per
991 3561 1224 3618 delubra
1256 3562 1401 3618 misti

117 3655 531 3726 Lympbantur,
561 3654 772 3726 rapitur
793 3661 938 3711 torto
965 3655 1297 3730 virguncula
1317 3656 1468 3723 divo,

119 3745 523 3817 Exclamatque
550 3744 730 3815 palam
760 3761 775 3798 :
806 3763 828 3796 ι
851 3744 1018 3801 Vivus
1047 3753 1320 3817 verusque
1349 3743 1543 3800 Calixti

116 3835 214 3890 Est
243 3835 396 3889 Deus
421 3853 438 3900 ;
469 3832 771 3907 indignans
792 3834 988 3889 harum
1021 3834 1343 3891 cantamine
1373 3849 1556 3889 rerum

117 3925 433 3998 Imperium
460 3932 602 3982 teret
639 3925 729 3980 hic
750 3932 1013 3994 vestrum,
1046 3927 1196 3998 quod
1229 3943 1372 3983 vana
1404 3925 1618 3998 petatis.
1643 3945 1668 3976 ι

117 4019 216 4074 llis
248 4017 512 4089 stupidus
541 4003 718 4088 captis
736 4017 1034 4074 Palmatius
1066 4018 1216 4074 ilicet
1245 4019 1452 4074 almum

117 4104 464 4164 Pontiﬁcem
505 4106 650 4162 Petri
682 4106 978 4175 accedens,
1004 4107 1238 4184 vestigia
1267 4123 1478 4178 pronus

117 4198 440 4274 Astringit:
478 4218 497 4248 ι
534 4197 986 4270 Cognovi,aiens,
1016 4198 1424 4272 Dominumque
1457 4200 1762 4273 Deumque,

120 4293 316 4368 Digno
341 4291 470 4360 jure
495 4289 948 4363 cceliChristum,
975 4308 1140 4364 quem
1173 4289 1458 4347 daemones
1487 4293 1593 4348 acti

119 4381 285 4437 Fassi
319 4386 451 4435 sunt
481 4379 648 4435 hodie
675 4397 690 4446 ;
723 4395 916 4452 quare,
950 4379 1182 4449 conjuro
1215 4397 1314 4452 per
1342 4380 1545 4452 ipsum,

114 4477 299 4548 Eripe
325 4489 415 4530 me
445 4471 596 4530 cultu
627 4473 920 4542 larvarum,
953 4473 1196 4546 almique
1227 4473 1452 4534 lavacri.

113 4566 248 4629 Quo
275 4561 516 4618 renitere
544 4561 713 4617 doces
733 4560 936 4630 justos,
968 4577 1057 4617 me
1079 4561 1230 4617 dilue
1257 4563 1512 4634 lymphis.
1555 4585 1575 4612 ο

109 4654 338 4711 Prsesul
356 4653 450 4708 ubi
486 4654 604 4729 haec
635 4667 774 4724 puro
808 4653 1006 4725 probat
1025 4653 1180 4710 hunc
1211 4655 1542 4726 depromere
1570 4657 1760 4723 corde,

116 4746 402 4802 lndicens
421 4743 723 4800 catechizat
746 4743 797 4800 ei
819 4744 1036 4814 jejunia
1061 4760 1216 4802 more
1249 4763 1264 4812 ;

119 4841 308 4896 Lotus
335 4844 397 4894 ut
421 4835 677 4893 almificis
705 4837 1056 4910 mundusque
1085 4837 1324 4912 resurgit
1349 4837 1419 4892 ab
1447 4837 1634 4904 undis,

117 4930 422 4987 Exclamat
455 4946 468 4984 :
506 4949 532 4980 α
556 4928 694 4984 Vere
724 4927 1081 4984 manifestum
1115 4928 1301 4983 lumen
1323 4927 1513 4983 Jesum

120 5019 442 5092 Conspexi,
474 5034 677 5091 supero
706 5019 804 5092 qui
833 5035 923 5075 me
953 5007 1246 5074 illustravit
1266 5019 1498 5074 honore.
1531 5037 1556 5068 ››

118 5117 456 5191 Gignuntur
481 5112 656 5189 geniti
685 5111 968 5179 Ecclesiae,
1001 5111 1356 5187 conjungitur
1368 5125 1524 5178 uxor,

117 5202 514 5274 Abluiturque
545 5201 750 5258 domus
777 5200 1106 5260 famulorum
1138 5209 1290 5277 grata
1313 5207 1529 5257 caterva

121 5290 562 5366 Quinquaginta
587 5289 698 5346 duo
725 5290 952 5346 discreti
979 5289 1160 5346 limite
1191 5307 1375 5346 sexus.

123 5384 284 5440 Inde
315 5381 607 5437 facultates
629 5381 837 5437 sanctis
865 5381 1180 5454 expendere
1209 5381 1403 5457 egenis

125 5470 411 5539 Quaesitis
437 5479 632 5535 certat,
661 5469 866 5527 victum
893 5471 1248 5544 tegimenque
1277 5471 1571 5526 ministrat.

209 5562 352 5617 Post
381 5561 606 5634 triginta
627 5559 750 5615 dies
783 5561 926 5616 hunc
953 5561 1131 5615 caesar
1163 5561 1380 5633 quaerit,
1400 5567 1455 5615 et
1480 5560 1636 5614 audit

127 5652 536 5711 Christicolam
555 5651 779 5719 factum,
805 5652 1029 5708 mandat
1048 5653 1154 5708 sibi
1186 5653 1368 5708 sistier
1396 5660 1598 5717 actum,

219 5818 487 5888 (179-80)
519 5819 596 5874 Id.
631 5825 713 5875 est
733 5820 922 5888 jacens
953 5825 1103 5876 tecto.

743 431 828 487 DE
867 427 1126 485 CHRISTI
1163 423 1525 481 TRIUMPHIS
1563 421 1736 477 APUD
1777 417 2048 476 ITALIAM
2092 417 2269 473 LIBRI
2308 415 2442 470 XIV.
2484 444 2542 455 —
2591 413 2716 469 LIB.
2760 412 2845 468 IV.

1770 551 1821 617 Α
1846 545 2050 600 Tentus
2075 543 2350 614 Torquato
2380 540 2620 612 quodam
2652 537 2950 594 insidiante
2971 536 3215 603 tribuno,

1776 3241 1827 3309 C

3367 410 3473 466 658

1845 636 2102 691 Truditur
2127 635 2183 690 in
2211 632 2518 689 Mamertini
2552 630 2790 704 caligine
2819 628 3063 686 claustri.

1843 727 1974 781 'I‘res
2004 732 2132 797 post
2163 725 2292 779 inde
2325 723 2449 777 dies
2470 721 2666 777 vinclis
2695 720 2992 776 adducitur
3015 727 3144 774 ante

1847 818 2068 873 Cinctus
2096 815 2483 881 Alexandrum,
2514 812 2653 868 solvi
2676 828 2840 884 quem
2865 811 3116 882 praecipit
3145 810 3239 866 ille
3271 828 3286 877 ;

1844 909 2106 973 Solvitur,
2129 907 2277 962 haud
2298 913 2633 969 exarmatur,
2655 911 2787 960 tunc
2814 903 3179 974 induperator
3204 919 3218 956 :

1850 1023 1870 1052 ι
1909 1001 2148 1057 Siccine.
2191 999 2421 1055 Palmati
2459 1000 2712 1065 demens,
2745 998 2852 1053 heu
2885 997 2898 1051 l
2929 996 3104 1052 factus
3133 996 3380 1064 haberis,

1840 1093 1911 1149 Ut
1941 1094 2203 1165 linquens
2229 1092 2386 1148 divos
2415 1091 2698 1148 hominem
2719 1096 2933 1146 sectere
2962 1090 3267 1161 sepultum.
3299 1109 3324 1140 υ

1846 1185 1942 1241 Cui
1965 1185 2180 1241 diversa
2211 1184 2357 1240 inter
2386 1184 2580 1240 consul
2610 1183 2738 1238 data
2763 1183 2892 1238 talia
2919 1182 3099 1238 reddit
3132 1199 3147 1236 :

1849 1303 1874 1326 ιι
1909 1277 2137 1333 Nescius
2161 1276 2468 1348 infelixque
2490 1276 2623 1332 olim
2647 1292 2748 1348 per
2777 1292 2917 1331 vana
2943 1275 3204 1350 vagabar,

1847 1371 2004 1427 Nunc
2053 1385 2245 1426 verum
2296 1383 2536 1425 noscens
2580 1368 2873 1424 Dominum
2931 1367 3200 1424 Christum
3267 1375 3467 1439 expeto

3151 1461 3401 1534 [supplex

1852 1557 2043 1612 Pareat
2070 1562 2128 1610 ut
2148 1555 2322 1611 errori
2347 1554 2595 1610 tenebris
2624 1553 2985 1610 hebetudinis
3009 1560 3152 1610 acto.
3191 1571 3213 1604 ο

1854 1653 1950 1707 Ille
1987 1651 2116 1708 dolo
2158 1651 2348 1707 ridens
2377 1650 2543 1707 tradit
2567 1650 2716 1706 claro
2747 1665 2872 1705 arce
2889 1659 3113 1706 senatus

1851 1743 2154 1814 Simplicio,
2194 1752 2413 1799 revocet
2433 1743 2618 1798 divum
2643 1759 2744 1813 per
2768 1742 2956 1798 mollia
2975 1741 3116 1797 fanis

1767 1867 1820 1934 Β
1849 1833 2204 1905 Prmcipiens,
2235 1831 2568 1904 blandisque
2599 1833 2802 1906 adigat,
2835 1833 2966 1888 dum
2994 1833 3217 1890 turbida
3245 1834 3395 1891 vitet.

1847 1926 1963 1991 Quo
1995 1923 2303 1980 delenifico
2326 1924 2647 1996 celebrique
2677 1931 2940 1996 exceptus
2977 1926 3187 1983 honore

1848 2015 2107 2070 Excubiis
2129 2014 2497 2087 precibusque
2531 2014 2637 2086 piis
2657 2015 2871 2084 jejunia
2899 2015 3088 2083 comit,

1849 2105 2137 2161 Summum
2167 2117 2333 2161 orans
2363 2103 2623 2176 lacrymis
2677 2103 2892 2159 Patrem
2949 2104 3312 2177 Genitumque
3343 2122 3474 2176 pro-

3223 2194 3400 2268 [fusis,

1852 2285 2274 2357 Priscarumque
2293 2291 2490 2356 petens
2514 2285 2732 2340 veniam
2753 2299 2820 2340 ex
2843 2301 3031 2342 errore
3057 2286 3290 2342 viarum.

1851 2377 2075 2433 Accedit
2106 2378 2329 2449 quidam
2353 2377 2568 2431 interea
2588 2377 2681 2448 qui
2714 2378 2953 2451 conjuge
2976 2379 3155 2447 poscit

1854 2469 2007 2524 Hunc
2031 2483 2202 2540 super
2230 2475 2454 2539 aegrota,
2485 2483 2628 2540 quae,
2684 2469 2884 2525 clinica
2941 2469 3186 2541 (179-80)
3217 2477 3478 2541 quattuor

3201 2561 3403 2632 [annis,

1852 2649 2128 2706 Semineci
2158 2651 2382 2722 longum
2416 2648 2682 2705 tractabat
2709 2665 2941 2720 corpore
2968 2649 3179 2705 lethum
3210 2668 3223 2703 :

1851 2741 2128 2796 Sternitur
2159 2739 2250 2794 ille
2279 2739 2420 2806 solo,
2444 2738 2662 2794 famulis
2688 2747 2742 2794 et
2768 2739 3005 2812 conjuge
3031 2755 3215 2795 coram

1851 2827 2147 2900 Simplicii,
2180 2829 2550 2901 madidusque
2577 2829 2864 2884 oculorum
2887 2828 3040 2884 fonte
3072 2836 3326 2898 precatur
3360 2849 3372 2885 :

1857 2939 1882 2970 α
1916 2918 2538 2990 Omnipotens,servum
2564 2921 2657 2991 qui
2680 2919 2908 2974 luminis
2940 2920 3208 2975 irradiasti

1855 3014 1999 3070 Luce
2028 3014 2126 3086 pii,
2160 3021 2426 3069 aeternum
2444 3013 2700 3084 praebens
2727 3013 2858 3068 mihi
2877 3013 3065 3068 lumen
3089 3015 3265 3069 Iesum

1859 3105 2080 3170 Quaeso,
2111 3111 2260 3159 tuam
2293 3105 2512 3159 salvans
2541 3102 2820 3166 famulam,
2845 3102 2990 3158 lecto
3017 3103 3168 3178 erige
3195 3103 3478 3171 blandam,

1863 3196 2189 3252 Cunctarum
2223 3205 2282 3252 ut
2310 3213 2490 3251 rerum
2517 3195 2668 3250 solus
2695 3210 2924 3250 noscare
2954 3202 3186 3250 creator.
3221 3216 3243 3245 ι

1858 3290 2010 3347 Illico
2043 3288 2246 3343 blanda
2275 3289 2391 3342 suis
2428 3287 2681 3361 gaudens
2707 3301 2997 3342 accurrere
3029 3286 3250 3357 plantis.

1856 3378 2126 3450 Simplicii
2146 3379 2286 3449 petit
2313 3378 2435 3449 ipsa
2464 3376 2716 3444 domum,
2745 3376 3058 3449 clamatque
3089 3382 3356 3451 rogatque
3387 3397 3401 3434 :

1855 3495 1882 3524 «
1917 3475 1976 3530 In
2013 3473 2237 3529 Domini
2263 3471 2394 3527 Jesu
2417 3487 2506 3527 me
2525 3471 2751 3528 nomine
2772 3471 2926 3546 tinge
2950 3471 3190 3539 lavacro,

1855 3568 1897 3621 A
1926 3582 2037 3638 quo
2059 3581 2179 3620 sum
2203 3579 2533 3636 comprensa
2569 3579 2760 3631 manu,
2793 3565 3011 3620 sublata
3039 3567 3291 3641 grabato.
3325 3588 3355 3618 ν»

1858 3657 2008 3712 Felix
2027 3662 2147 3712 acta
2175 3654 2370 3711 videns
2401 3654 2517 3709 haec
2538 3652 2966 3727 Simpliciusque
2977 3664 3202 3712 senator

1861 3751 2292 3808 Puriﬁcarentur
2321 3765 2540 3822 cmpere
2563 3765 2760 3825 urgere
2782 3749 3028 3807 beatum.

1862 3850 2112 3906 Actutum
2148 3848 2240 3904 ille
2263 3849 2478 3904 Patrem
2507 3847 2693 3903 studet
2719 3845 2990 3904 accersire
3017 3847 3284 3905 Calixtum
3313 3867 3328 3916 ;

1865 3938 1965 4004 Qui
1999 3937 2232 3993 veniens
2271 3935 2470 3992 Christi
2510 3943 2688 3991 sacrat
2715 3935 3047 4008 baptismate
3077 3945 3307 3994 cunctos

1866 4025 2252 4098 Simpliciique
2281 4025 2530 4092 domum,
2558 4038 2808 4092 uxorem,
2830 4024 3112 4100 genitoset
3141 4025 3413 4095 alumnos,

1864 4120 2159 4195 Sexaginta
2183 4117 2396 4173 animas
2413 4117 2550 4190 ipsis
2565 4134 2734 4190 super
2749 4117 2986 4190 amplius
3015 4125 3161 4174 octo.

1939 4213 2221 4269 Exsultant
2246 4212 2421 4268 sancti
2445 4209 2762 4267 veneranda
2779 4218 2985 4284 trepaza
3008 4212 3279 4280 colentes,

1866 4306 2005 4361 Dant
2036 4306 2230 4361 laudes
2257 4305 2513 4370 Domino,
2547 4321 2646 4376 per
2673 4320 2836 4377 quem
2862 4302 3112 4369 victOria,
3141 4319 3372 4361 summo.

1869 4397 2228 4468 Comperiens
2264 4395 2413 4467 quod
2441 4393 2767 4450 Alexander
2796 4394 3124 4465 baptismate
3154 4395 3355 4450 multos

1869 4487 2124 4544 Delubris
2149 4487 2422 4558 demptos,
2441 4502 2540 4540 cur
2567 4501 2759 4540 eorum
2791 4485 2981 4558 dirigit
3000 4501 3153 4539 arma

1779 4567 1836 4635 Ι)
1864 4579 2116 4632 Armatos
2144 4582 2338 4632 contra
2359 4573 2492 4630 fidei
2515 4574 2846 4640 munimine,
2874 4571 3146 4640 membra,

1867 4669 1995 4733 Quae
2027 4683 2129 4722 nec
2151 4679 2500 4739 pr0pugnare
2527 4671 2740 4735 parant,
2783 4663 2903 4719 leve
2935 4669 3112 4717 terrea
3143 4669 3348 4734 captat,

1870 4762 2044 4833 Atque
2075 4769 2270 4815 omnes
2297 4755 2497 4829 capitis
2521 4756 2790 4825 jacturam
2831 4757 3052 4809 sumere"
3073 4763 3263 4809 censet
3294 4771 3308 4820 ;

1875 4850 2038 4906 Urbis
2067 4859 2123 4904 et
2147 4848 2365 4904 eximiae
2397 4846 2580 4919 capita
2611 4845 2668 4900 in
2699 4843 2919 4922 fastigia
2945 4844 3166 4908 tollens,
3349 4914 3355 4918 .

1874 4942 2160 5014 Depromit
2186 4941 2338 4997 necis
2369 4939 2683 5010 exemplum
2708 4937 2954 5008 fideique
2984 4935 3347 5006 triumphum.

1871 5033 2259 5106 Presbyterum
2291 5031 2648 5104 Calepodiur'n
2670 5031 2785 5100 jam
2806 5028 3076 5102 sanguine
3109 5026 3337 5094 fessum,

1866 5125 2114 5182 Flamine
2153 5122 2663 5198 robustum,rigido
2695 5123 2845 5177 ferus
2875 5137 3008 5175 ense
3030 5118 3289 5184 truridat,

1876 5216 2314 5287 Romuleamque
2341 5213 2482 5270 trahi
2501 5212 2712 5268 faciens
2741 5209 2892 5264 senis
2919 5221 3045 5264 ossa
3075 5222 3178 5278 per
3204 5205 3422 5271 urbem,

1877 5309 2180 5366 Abscondit
2210 5307 2391 5362 Tiberi
2424 5307 2646 5372 ;bonus
2675 5310 2730 5358 at
2749 5303 2910 5357 Pater
2938 5301 3058 5372 ipsa
3086 5300 3329 5356 Calixtus

1881 5403 2161 5459 Undarum
2187 5406 2522 5456 scrutatores
2551 5396 2873 5469 perquirere
2913 5394 3093 5467 poscit
3125 5411 3139 5460 ;

1883 5493 1966 5548 llli
2008 5493 2231 5547 inventa
2256 5491 2440 5545 levant
2464 5485 2706 5543 sinuosis
2737 5483 2968 5539 flumine
2997 5483 3162 5539 textis

1881 5585 1943 5640 Et
1976 5601 2176 5656 papam
2207 5583 2516 5637 exhilarant
2545 5578 2686 5633 lictis
2715 5593 2816 5648 per
2845 5576 3042 5630 nuntia
3072 5575 3256 5631 dictis.

1882 5673 2146 5730 Dulcibus
2167 5672 2261 5727 ille
2287 5669 2508 5743 hymnis
2537 5664 2770 5724 Domino
2803 5665 2895 5740 pia
2923 5665 3170 5720 carmina
3191 5662 3432 5719 reddens
