3890 6430
362 435 468 490 659
1143 418 1508 475 FLODOARDI
1541 412 1848 469 CANONICI
1891 407 2222 465 REMENSIS
2261 407 2599 463 OPUSCULA
2637 406 2944 462 METRICA.
3619 407 3733 461 060

367 559 630 632 Suscipit,
663 573 728 611 ac
747 553 921 610 multo
941 556 1194 606 sanctum
1227 545 1686 617 impletaromate
1709 541 1899 606 funus,

368 655 754 721 Carbaseoque
787 654 978 720 tegens
1011 641 1250 714 pretiosa
1271 637 1502 693 monilia
1532 635 1703 697 cultu,

369 750 490 819 Ipse
513 743 662 816 quod
691 739 943 796 ediderat
969 735 1158 790 senior
1185 732 1467 787 studiosus
1506 729 1718 783 honore

371 837 569 894 (.hristi
600 835 931 890 athletarum
962 828 1158 899 recipit
1190 825 1433 897 pollente
1459 821 1735 892 sepulcro.

445 932 743 985 Ramorum
773 925 941 978 dansa
965 921 1144 975 lanius
1175 915 1482 989 propagine
1510 929 1670 976 caesa,

377 1023 560 1092 Ipsum
587 1012 940 1087 persequitur
956 1009 1126 1063 fetum
1151 1007 1294 1061 almo
1316 1002 1568 1076 germine
1609 999 1799 1064 robur,

377 1087 812 1173 Pontiﬁcemque
833 1110 1030 1154 tenens
1060 1095 1384 1167 lymphante
1410 1090 1595 1146 furore
1627 1088 1649 1141 f
1668 1087 1892 1142 alixtum

378 1199 596 1255 Molitur
626 1207 888 1266 superare
917 1189 1064 1244 fame
1089 1205 1101 1242 :
1135 1187 1443 1258 quintoque
1472 1181 1659 1239 voluto

378 1292 503 1347 Sole
534 1287 709 1362 magis
737 1281 1036 1340 confortari
1071 1280 1201 1334 dum
1237 1276 1492 1332 tristibus
1521 1273 1676 1330 audit

380 1379 617 1437 ltlarcida
645 1373 887 1431 robustis
911 1371 1125 1444 jejunia
1146 1368 1384 1423 fustibus
1407 1372 1592 1438 auget,

381 1476 740 1544 ltoboreaquc
770 1468 892 1522 dies
920 1467 1254 1537 impugnans
1284 1468 1486 1516 mactat
1505 1460 1574 1531 [in
1593 1473 1789 1513 omnes

381 1565 538 1621 Caede
564 1562 766 1626 virum,
793 1555 1098 1628 prohibens
1127 1569 1195 1608 ne
1227 1551 1352 1623 quis
1369 1548 1564 1604 solatia
1593 1546 1788 1600 saltem

380 1653 606 1711 Visendi
646 1651 748 1705 sub
781 1653 940 1703 nocte
968 1645 1108 1700 ferat
1136 1661 1150 1709 ;
1175 1642 1268 1714 qui
1300 1640 1440 1696 forte
1468 1645 1721 1708 repertus

381 1752 599 1806 Crimen
622 1752 800 1800 morte
833 1745 964 1796 luat.
1002 1737 1184 1793 Multis
1215 1735 1306 1790 hic
1335 1741 1492 1789 antra
1521 1731 1724 1786 diebus

381 1847 519 1901 Dum
553 1843 700 1897 fovet
730 1839 1021 1908 impastus,
1043 1830 1317 1887 solamina
1339 1828 1548 1899 praebet
1579 1825 1630 1880 ei
1649 1824 1840 1880 aethra.

383 1939 622 2010 Legatur
649 1928 983 2002 Calepodius
1011 1927 1131 1980 haec
1151 1921 1338 1978 dulcia
1363 1925 1588 1991 portans
1621 1935 1634 1971 :

392 2053 411 2076 α
457 2009 601 2089 Esto,
633 2024 814 2086 Pater,
847 2018 1059 2081 ﬁrmus,
1091 2023 1183 2070 tua
1215 2029 1342 2068 nam
1377 2009 1623 2083 perfecta
1647 2021 1854 2063 corona
1883 2011 1984 2060 est.

389 2113 695 2172 Mercedem
729 2117 790 2166 ut
818 2107 1006 2179 capias
1037 2103 1230 2160 aeterni
1257 2099 1508 2156 muneris
1535 2097 1796 2169 amplam.
1831 2115 1856 2146 υ

391 2211 502 2265 Nec
527 2211 692 2263 vacat
715 2202 1002 2257 abstrusus
1029 2194 1409 2251 medicamina
1440 2191 1687 2263 pendere
1709 2194 1874 2244 tutor.

391 2297 548 2354 Miles
579 2300 698 2348 erat
717 2289 967 2363 quidam,
1001 2286 1254 2342 Privatus
1286 2279 1537 2346 nomine,
1561 2278 1762 2349 plenus

394 2385 705 2450 Ulceribus,
738 2380 898 2436 dolor
926 2376 1180 2432 assiduus
1210 2368 1493 2428 cruciabat
1531 2366 1792 2420 anhelum
1830 2379 1846 2432 ;

394 2485 452 2538 Is
474 2481 710 2556 pedibus
740 2493 800 2533 se
827 2481 1186 2546 prosternens
1210 2483 1333 2523 cum
1367 2463 1572 2520 famine
1602 2476 1760 2534 papae

400 2553 601 2630 Devote
641 2569 824 2643 precis
839 2564 1085 2638 exposcit
1116 2562 1385 2635 languore
1405 2553 1597 2611 levari.

403 2670 611 2726 Suadet
640 2667 846 2722 habere
877 2661 1044 2717 ﬁdem
1068 2659 1252 2724 Pater,
1272 2655 1637 2722 hortaturque
1658 2648 1874 2703 lavacro

2017 543 2070 608 Α
2092 536 2362 603 Mundari,
2395 537 2678 608 spondens
2711 535 2912 589 animae
2942 534 3238 606 carnisque
3267 535 3495 590 nitelam

2095 627 2327 683 Credere
2352 630 2444 701 qui
2479 629 2674 691 fassus,
2706 628 3028 698 donumque
3053 626 3374 698 indemptus
3393 638 3726 698 utrumque.

2095 721 2353 792 Corporis
2375 721 2580 776 indicio
2612 719 2814 774 mentis
2834 719 3114 790 depromit
3133 719 3426 785 honorem,

2094 814 2270 885 Atque
2303 815 2474 868 Deum
2504 829 2696 868 verum
2722 811 2982 882 jocundis
3008 811 3270 866 laudibus
3301 810 3478 866 effert.

2097 905 2242 960 Facti
2272 921 2466 960 rumor
2495 904 2788 959 Alexandri
2821 904 2952 958 dum
2981 903 3220 975 perculit
3249 920 3427 971 aures,

2097 1001 2344 1074 Exagitat
2369 1000 2562 1067 furor;
2597 1000 2898 1056 invalidum
2930 1001 3024 1071 qui
3059 999 3305 1071 pondere
3333 1015 3584 1071 pressus,

2102 1093 2312 1147 Irarum
2343 1091 2558 1164 plumbi
2579 1092 2855 1146 Privatum
2881 1091 3129 1162 pondere
3158 1099 3380 1157 mactat,

2106 1180 2541 1253 Pontiﬁcemque
2567 1180 2774 1250 jubens
2812 1180 3116 1252 propellier
3142 1180 3283 1247 aede,
3317 1180 3562 1234 fenestra

2113 1273 2460 1345 Praecipitem
2477 1273 2624 1329 celsa
2653 1273 2746 1328 dat
2767 1289 2900 1329 saxo
2921 1273 3062 1329 colla
3085 1281 3368 1348 gravatum

2103 1362 2357 1437 Demergi
2399 1362 2454 1416 in
2487 1371 2738 1432 puteum,
2769 1363 3081 1417 cumulatur
3099 1362 3260 1417 sorde
3283 1362 3626 1416 barathrum.

2108 1457 2347 1528 Postque
2381 1457 2574 1510 decem
2596 1463 2926 1527 septemque
2958 1455 3078 1510 dies
3109 1464 3338 1511 curante
3360 1455 3621 1509 levantur

2107 1549 2322 1604 Asterie
2340 1555 2504 1603 noctu
2526 1549 2722 1618 juncto
2753 1564 2909 1602 sacra
2939 1547 3174 1620 pignora
3203 1547 3374 1612 clero,

2110 1643 2237 1705 Quae
2271 1640 2552 1711 Calepodii
2585 1639 2764 1695 bustis
2801 1639 3020 1694 Aurelia
3051 1638 3306 1709 sumpsit.

2109 1733 2201 1787 Ast
2229 1733 2453 1808 longum
2488 1734 2740 1804 posthac,
2771 1732 2962 1786 divino
2991 1730 3241 1795 numine,
3270 1729 3457 1784 Remis

2035 1864 2086 1931 Β
2113 1821 2390 1931 Delegata,
2418 1821 2513 1876 Dei
2553 1821 2818 1891 templum
2849 1819 3142 1874 Genitrieis
3173 1820 3467 1884 adornant,

2118 1911 2282 1966 Isthic
2302 1920 2614 1966 consortem
2642 1911 2800 1979 juxta
2828 1909 3137 1981 palmaeque
3155 1910 3471 1981 gradusque

2120 2003 2338 2058 Consita
2371 2001 2672 2069 Nicasium,
2698 2001 2794 2073 qui
2824 2001 2980 2055 urbis
3010 2002 3120 2056 duo
3149 2001 3359 2054 lumina
3395 2007 3603 2054 nostrae.

2121 2095 2504 2151 Condecorant
2526 2096 2835 2166 clypeoque
2869 2109 3095 2164 precum
3121 2093 3246 2147 data
3272 2091 3482 2146 moenia
3512 2098 3748 2145 servant

2123 2191 2416 2262 Presbyter
2453 2188 2721 2254 Asterius,
2755 2187 2915 2259 patrii
2941 2194 3160 2242 curator
3188 2187 3436 2253 honoris,

2122 2284 2328 2339 Tentus
2356 2281 2688 2348 Alexandro,
2705 2281 2876 2335 decus
2898 2280 3000 2335 hoc
3031 2280 3242 2334 zelante
3262 2279 3531 2349 sepulcri,

2129 2376 2380 2446 thuem
2411 2375 2761 2446 praestiterat,
2794 2380 2917 2444 post
2947 2372 3066 2442 ipse
3094 2380 3308 2426 careret
3333 2372 3572 2434 honore,

2132 2464 2514 2535 Praecipitatur
2538 2479 2710 2536 aquas
2741 2463 2851 2517 alto
2882 2462 2951 2516 de
2983 2468 3153 2532 ponte
3182 2460 3285 2515 sub
3319 2459 3458 2514 imas
3493 2478 3509 2523 ς

2134 2557 2344 2630 Excipit
2365 2556 2624 2613 attollens
2655 2557 2821 2628 hujus
2851 2564 3036 2611 tamen
3056 2554 3202 2610 Ostia
3229 2551 3498 2609 membra.

1907 2762 2120 2818 CAPUT
2165 2761 2251 2818 IX.

1737 2868 1815 2926 De
1855 2874 2066 2926 sancta
2109 2865 2397 2925 Martina.

410 3021 682 3074 Praeterea
705 3011 913 3066 multos
945 3007 1112 3062 variis
1142 3000 1476 3060 cruciatibus
1504 3006 1657 3054 actos

414 3112 622 3184 Impius
652 3107 745 3161 hic
765 3105 946 3159 Caesar
974 3097 1194 3171 capitali
1221 3098 1341 3168 lege
1366 3092 1620 3149 trucidat.

411 3205 523 3258 Sub
557 3216 664 3274 quo
690 3199 844 3271 virgo
871 3195 1056 3249 nitens
1085 3197 1239 3255 natu,
1270 3185 1568 3242 virtutibus
1597 3183 1725 3248 alta,

414 3295 636 3350 Ornavit
661 3289 914 3363 percelsa
953 3284 1131 3340 crucis
1157 3279 1387 3336 Martina
1419 3285 1645 3347 tropaea.

414 3387 543 3450 Qum
573 3381 734 3438 claris
752 3377 971 3450 pollens
989 3373 1210 3444 opibus,
1236 3378 1389 3441 patre
1409 3365 1634 3422 consule
1659 3368 1807 3428 nata,

417 3469 757 3528 Christicolis
777 3469 925 3541 large
945 3463 1150 3518 victum
1184 3458 1470 3530 praebebat
1499 3453 1710 3527 egenis.

422 3564 626 3617 Prensa
648 3558 716 3612 ab
747 3529 1082 3617 Alexandro,
1113 3529 1322 3603 Phtebo
1342 3547 1475 3600 dare
1507 3546 1666 3599 thura
1689 3529 1939 3611 jubetur.

424 3657 517 3711 1113
539 3668 734 3726 preces
766 3657 825 3704 ut
856 3646 1055 3709 fundit,
1077 3645 1302 3698 humum
1330 3637 1624 3694 concussio
1651 3635 1877 3688 vibrans

425 3743 699 3805 Percellit,
736 3740 923 3796 tremit
945 3736 1109 3802 Urbs,
1144 3734 1254 3788 fani
1280 3747 1409 3803 pars
1439 3745 1598 3784 versa
1630 3726 1885 3782 residens

422 3837 713 3896 Sacriﬁcos
728 3835 952 3908 promit,
992 3830 1206 3904 efﬁgies
1231 3827 1473 3882 resoluta
1505 3822 1727 3878 fatiscit.

427 3930 520 3985 llis
535 3927 770 3984 furiatus
798 3917 1280 3988 Alexanderjubet
1307 3931 1402 3972 ora
1425 3911 1624 3984 puellae

427 4020 607 4078 Tundi
638 4017 832 4090 alapis,
865 4015 994 4070 cilia
1021 4009 1295 4067 horriﬁcis
1320 4005 1616 4077 irrumpier
1643 4001 1844 4068 hamis,

429 4109 726 4168 Carniﬁces
744 4114 948 4162 sancta),
988 4101 1171 4174 pcenis
1211 4094 1642 4164 insisterejussi.
1765 4097 1774 4103 '

430 4205 658 4262 Defectu
689 4198 920 4271 stupidi,
949 4195 1134 4250 subito
1166 4192 1408 4247 clamore
1437 4191 1680 4244 fatentur

435 4296 670 4351 Cernere
691 4308 751 4346 se
781 4289 948 4345 rutilo
965 4285 1246 4340 radiantes
1266 4288 1526 4354 quattuor
1554 4293 1649 4333 ore

435 4390 588 4442 Stare
615 4384 783 4447 viros,
815 4380 989 4452 ipsam
1017 4376 1142 4430 laeto
1174 4371 1267 4444 qui
1301 4370 1506 4425 famine
1543 4367 1764 4422 ﬁrment
1796 4385 1810 4423 :

439 4480 506 4534 At
532 4477 640 4532 sibi
672 4471 995 4548 segniﬁcam
1029 4470 1277 4538 perstent
1307 4460 1562 4536 inﬂigere
1596 4472 1812 4528 poenam

441 4574 728 4647 Fragmine
750 4577 1012 4625 testarum
1045 4563 1276 4635 posthac
1305 4559 1434 4613 dum
1453 4555 1727 4611 scinditur
1753 4551 1916 4616 alma,

439 4663 814 4732 Perduratque
846 4663 1044 4729 potens
1081 4652 1305 4708 lictores
1335 4649 1436 4703 ista
1467 4650 1746 4718 patrantes

443 4757 574 4811 Octo
601 4751 806 4824 quibus
829 4748 1045 4816 jussum
1075 4742 1371 4796 sceleratas
1398 4737 1566 4792 edere
1599 4749 1808 4806 pcenas.

445 4848 637 4905 Divina
673 4843 919 4900 bonitate
949 4839 1042 4910 pio
1073 4842 1216 4890 stant
1243 4833 1455 4890 lumine
1479 4828 1702 4885 tandem

448 4940 629 4997 Induti
661 4944 828 5009 atque
859 4927 1230 4987 ministerium
1261 4925 1485 4982 crudele
1517 4928 1784 4996 negantes

448 5033 662 5089 Christo
676 5029 1018 5102 proclamant
1033 5022 1265 5079 Domino
1287 5036 1347 5075 se
1376 5017 1604 5073 credere
1629 5028 1778 5069 vero.

449 5127 596 5191 Quos
624 5129 814 5178 contra
847 5119 1025 5174 Caesar
1054 5113 1412 5170 furibundam
1435 5123 1701 5164 accensus
1732 5104 1964 5166 iniram,

451 5221 710 5290 Praecipit
737 5216 1001 5290 appensis
1031 5210 1487 5269 lacerariviscera
1518 5206 1664 5261 ferro
1696 5221 1708 5256 :

452 5315 556 5382 Qui
589 5312 856 5366 mundum
884 5317 939 5366 et
967 5308 1174 5364 lanium
1203 5311 1351 5360 secta
1377 5301 1594 5358 cervice
1619 5297 1942 5368 relinquunt

451 5405 738 5467 Martyres,
771 5407 827 5452 et
864 5398 990 5454 coeli
1015 5395 1198 5450 felicia
1226 5408 1396 5467 regna
1417 5395 1738 5461 capessunt.

518 5481 824 5549 Suppliciis
851 5487 1102 5556 pulsatur
1132 5483 1261 5536 item
1302 5479 1533 5535 Martina
1565 5482 1770 5531 retecta

441 5570 734 5638 Vestibus,
773 5591 836 5630 ae
864 5576 1042 5648 plagis
1065 5590 1259 5629 omnes
1290 5573 1462 5628 incisa
1492 5587 1592 5640 per
1618 5575 1788 5634 artus,

434 5661 723 5728 Quattuor
745 5660 870 5716 hinc
892 5662 1034 5732 palis
1060 5661 1318 5721 distenta.
1345 5668 1399 5715 et
1429 5659 1627 5714 robore
1659 5673 1821 5723 caesa,

423 5750 508 5803 Cu
521 5745 657 5795 ﬁcta
687 5747 871 5805 animo
899 5747 1027 5803 forti
1055 5757 1312 5818 suscepta
1334 5747 1580 5819 pericula
1598 5747 1757 5801 ridet.

414 5827 583 5887 Inde
614 5839 833 5900 recepta
856 5836 1016 5907 nigro
1047 5833 1328 5890 tenebrosi
1352 5835 1588 5890 carceris
1609 5843 1787 5900 antro,

2143 2993 2444 3048 Discissum
2476 2992 2670 3066 pingui
2701 2990 3053 3064 perfunditur
3081 2991 3329 3066 unguine
3358 3003 3586 3059 corpus,

2145 3084 2352 3138 Rursus
2381 3083 2690 3138 Alexandro
2721 3098 2905 3138 coram
2937 3080 3256 3136 decernitur
3284 3085 3405 3133 acta

2143 3171 2384 3226 Delubro
2413 3171 2612 3238 subici,
2646 3170 2863 3226 Christo
2890 3169 2988 3224 sed
3021 3167 3212 3241 dirigit
3240 3167 3334 3222 illa

2142 3265 2209 3320 Ut
2247 3265 2315 3319 de
2356 3280 2508 3320 more
2539 3281 2784 3335 precem,
2817 3262 3126 3318 demittitur
3153 3261 3300 3334 ignis
3327 3260 3397 3314 ab
3427 3260 3627 3325 aethra,

2060 3389 2110 3456 Ο
2142 3354 2461 3456 Percutitac
2492 3354 2695 3426 redigit
2723 3352 3078 3408 simulacrum
3110 3352 3166 3406 in
3194 3357 3376 3424 strage
3398 3347 3629 3411 favillm,

2147 3443 2445 3514 Exuritque
2471 3443 2786 3500 sacerdotes
2813 3442 3118 3513 sternitque
3149 3439 3449 3512 popellum.

2147 3535 2392 3591 Territus
2424 3536 2510 3591 his
2537 3535 2800 3607 princeps
2831 3535 3142 3606 victusque,
3184 3549 3250 3587 ea
3281 3531 3427 3586 bella
3458 3529 3777 3596 remittens,

2150 3631 2418 3687 Praefecto
2441 3631 2658 3687 cuidam
2687 3631 2905 3686 Iustino
2923 3629 3172 3704 urgenda
3201 3628 3444 3700 relegat;

2155 3733 2255 3798 Qui
2283 3739 2446 3788 conto
2477 3733 2620 3788 hanc
2644 3731 2806 3801 jubet
2829 3727 3346 3799 extendispatisque
3375 3724 3582 3791 secari,

2157 3829 2445 3902 Unguibus
2473 3826 2671 3883 effossa
2690 3827 2909 3882 tractari
2941 3841 3107 3881 carne
3134 3823 3404 3878 mamillas
3435 3829 3452 3874 ἑ

2157 3929 2387 3986 llorrida
2411 3929 2541 3984 dum
2581 3928 2875 3984 scrobibus
2906 3935 3129 3983 centum
3161 3931 3285 3980 octo
3326 3923 3640 3993 decemque
3675 3939 3782 3992 pa-

3507 4022 3716 4093 [teseit,

2157 4131 2385 4186 Carcere
2415 4129 2497 4184 sic
2525 4129 2743 4194 victrix,
2769 4127 3129 4198 tenebrisque
3162 4123 3460 4178 retruditur
3481 4121 3641 4176 atris.

2157 4231 2601 4304 Amphitreatrali
2630 4228 2808 4285 belvis
2840 4235 2962 4300 post
2991 4226 3222 4299 praebita
3258 4224 3389 4279 ludo

2158 4337 2387 4392 Immani
2409 4351 2607 4392 secura
2638 4339 2822 4388 manet
2845 4347 3140 4404 congressa
3165 4328 3337 4395 leoni,

2157 4433 2577 4505 Quiquepedes
2605 4445 2833 4486 currens
2860 4429 2928 4483 ad
2958 4426 3195 4502 virginis
3217 4441 3312 4480 ora
3339 4429 3584 4487 coercet,

2158 4535 2348 4591 Nativa
2367 4541 2421 4588 et
2454 4532 2671 4588 feritate
2703 4545 2906 4586 vacans
2942 4528 3094 4583 velut
3115 4540 3289 4599 agnus
3309 4523 3583 4579 habetur:

2159 4636 2251 4689 Ast
2275 4633 2372 4688 ubi
2406 4631 2646 4704 plaeanti
2678 4629 2848 4684 furias
2877 4628 3122 4683 dimotus
3151 4625 3220 4680 ad
3241 4631 3398 4678 antra

2085 4769 2142 4837 D
2173 4734 2444 4804 Impastus
2470 4745 2649 4786 caveae
2671 4733 2976 4793 revocatur,
3003 4725 3208 4781 omissa
3225 4721 3456 4777 resumit

2172 4830 2275 4885 Ore
2305 4844 2523 4884 venena
2554 4826 2736 4892 famis,
2767 4825 3049 4895 rictusque
3081 4821 3138 4876 in
3165 4835 3398 4893 corpora
3429 4818 3609 4873 tendit

2173 4931 2363 4997 Obvia,
2396 4935 2805 5002 cognatumque
2845 4925 2983 4996 petit
3013 4923 3184 4979 crudo
3206 4921 3427 4997 agmine
3454 4919 3630 4993 regis,

2170 5029 2532 5100 Vindictaque
2552 5026 2659 5098 piae
2697 5023 2909 5098 subigit
2938 5020 3276 5094 perimitque
3297 5016 3521 5089 puellae.

2170 5136 2283 5190 Nec
2314 5146 2501 5206 regem
2534 5125 2854 5200 aggreditur
2879 5123 3045 5178 charo
3074 5136 3144 5174 ne
3174 5119 3329 5193 virgo
3356 5121 3575 5172 careret

2171 5232 2447 5305 Martyrio.
2477 5236 2570 5284 aut
2600 5241 2803 5283 saevum
2836 5230 3115 5296 pateretur
3141 5219 3312 5274 inulta
3344 5224 3666 5288 tyrannum.

2174 5333 2401 5390 Caesaris
2425 5331 2567 5385 hanc
2592 5327 2787 5382 iterum
2813 5323 2984 5394 jussis
3008 5320 3282 5396 ergastula
3303 5318 3592 5374 claudunt.

2178 5437 2312 5491 Inde
2333 5435 2474 5489 duos
2505 5438 2626 5503 post
2658 5436 2776 5484 acta
2806 5427 2925 5482 dies
2945 5423 3174 5481 offertur
3203 5421 3356 5477 eunti

2180 5533 2429 5587 Libatum
2463 5529 2578 5602 regi
2612 5546 2627 5594 ;
2662 5525 2894 5582 Domino
2920 5524 3051 5578 dum
3085 5521 3190 5575 ﬁxa
3221 5519 3490 5591 probatur

2176 5634 2484 5688 Tormentis
2514 5631 2714 5685 iterum
2746 5643 2920 5699 pensa
2948 5632 3048 5688 est,
3084 5624 3285 5678 iterum
3313 5636 3502 5692 ungue
3521 5627 3730 5676 cavata.

2180 5734 2374 5787 Omnia
2392 5731 2522 5785 dum
2555 5733 2801 5799 superat,
2834 5724 3047 5798 magica
3080 5727 3337 5777 censetur
3358 5718 3428 5772 ab
3463 5726 3585 5776 arte

2179 5832 2401 5900 Victrix,
2437 5830 2674 5902 impexis
2704 5828 2985 5897 ferturque
3015 5825 3187 5879 latere
3211 5819 3450 5892 capillis.
