3890 6396
143 376 242 431 661

749 371 834 427 DE
872 367 1132 424 CHRISTI
1175 367 1538 424 TRIUMPIIIS
1576 368 1748 424 APUD
1790 367 2053 422 ITALIAM
2097 368 2270 423 LIBRI
2311 368 2443 423 XIV.
2487 399 2556 410 -——
2597 369 2722 423 LIB.
2771 371 2856 424 IV.

3401 373 3506 429 662

145 503 300 556 Tunc
345 515 467 555 raso
498 497 815 570 exspoliant
843 501 1090 551 sanctam
1133 493 1286 566 quasi
1329 493 1482 548 crine
1514 508 1772 564 premen-
1796 496 1848 565 Α
1877 491 2138 547 Noctibus
2158 492 2248 547 hic
2279 492 2490 548 inclusa
2521 492 2695 548 tribus
2725 493 2953 548 totidem
2985 494 3184 550 diebus

1548 580 1674 651 [tem
1685 620 1700 646 ,

142 690 421 761 All0phyli
457 688 654 744 fortem
683 685 962 758 quondam
998 690 1058 738 ut
1087 683 1336 738 Sansona
1361 681 1627 755 ligarunt:

145 782 209 835 At
235 779 437 834 Christi
459 778 660 832 virtute
680 776 767 831 sui
805 781 958 828 stans
991 773 1188 828 fortior
1213 772 1328 838 illa,

141 873 252 926 Nec
280 872 428 928 cedit
457 870 637 933 aevis,
673 884 776 923 nec
805 865 1076 941 frangitur
1103 865 1280 920 obsita
1301 863 1464 919 fedis

143 962 426 1016 Clauditur
449 959 577 1014 hinc
605 956 802 1012 Trivie
824 955 1165 1027 armipotens
1205 954 1405 1010 invicta
1424 953 1660 1020 sacello;

1874 583 2050 637 Torva
2077 582 2406 653 pharetrate
2436 582 2492 637 in
2515 583 2731 637 cineres
2754 582 2868 655 agit
2888 598 2984 637 ora
3009 584 3212 638 Diane.

1877 675 1968 730 Sic
1983 691 2157 741 sacra,
2189 675 2268 730 sic
2299 690 2557 746 proceres
2584 691 2872 746 superans,
2907 684 3167 732 censetur
3196 678 3398 749 agonis

1879 768 2185 822 Extremam
2227 767 2390 840 rigidi
2421 767 2606 842 gladio
2635 767 2969 823 concludere
3009 776 3235 834 metam,

1878 863 2103 935 Hocque
2135 863 2452 935 triumphali
2481 870 2694 935 partum
2726 863 2861 935 petit
2887 865 3093 920 ethera
3118 866 3262 920 saltu

1670 1082 1876 1138 CAPUT
1913 1083 1976 1137 Χ.

1095 1191 1174 1249 De
1201 1197 1407 1250 sancto
1442 1188 1676 1250 Urbano
1707 1207 1871 1270 papa
1900 1199 1953 1248 et
1982 1199 2194 1250 sancta
2215 1189 2493 1250 Cecilia.

140 1309 396 1364 Urbanus
423 1304 593 1360 validi
625 1303 888 1359 robustus
903 1303 1029 1371 jura
1059 1301 1250 1359 Calixti

136 1398 375 1468 Excipit,
406 1412 473 1452 ac
511 1394 729 1451 Domini
759 1394 1056 1468 vigilanter
1086 1393 1275 1464 prelia
1301 1401 1528 1460 tractat;

135 1490 342 1563 Deligit
361 1488 597 1544 athletas
620 1486 809 1542 divina
839 1485 894 1540 in
925 1492 1106 1540 castra
1134 1485 1350 1551 ﬁdeles,

135 1579 406 1643 Roborat,
434 1581 676 1638 exercet,
708 1574 976 1645 disponit,
1003 1574 1198 1637 munit,
1236 1574 1488 1641 adornat,

135 1669 368 1736 lmbuit,
401 1673 596 1733 armat,
620 1666 753 1741 agit,
785 1665 1032 1720 celestia
1062 1665 1210 1720 bella
1241 1673 1519 1741 perurget.

133 1760 255 1814 Nec
283 1756 600 1828 supplenda
614 1755 766 1810 viros
788 1754 954 1809 modo
983 1753 1182 1808 Christi
1210 1755 1278 1809 ad
1303 1755 1509 1810 moenia
1534 1755 1703 1830 cogit,

135 1846 285 1911 Quin
317 1843 635 1899 bellatrices
672 1841 915 1897 admittit
946 1842 1001 1895 in
1034 1857 1184 1895 arma
1213 1841 1448 1912 puellas.

135 1939 383 2002 Quarum
409 1934 644 1989 Cecilie
674 1932 1000 2007 prefulgida
1041 1931 1180 1987 facta
1211 1932 1484 1997 feruntur,

137 2025 427 2100 Sanguine
453 2038 578 2096 que
616 2037 892 2096 generosa
915 2021 1031 2092 pio,
1063 2023 1388 2096 generosior
1416 2028 1561 2089 actu,

138 2114 438 2171 Nobilitate
469 2112 582 2184 poli
609 2121 769 2166 terre
786 2116 946 2166 ornat
977 2110 1341 2165 nobilitatem.

136 2211 315 2265 Nocte
335 2207 427 2262 die
459 2207 578 2261 hec
605 2213 754 2260 casta
771 2204 1000 2260 volvens
1033 2219 1190 2258 sacra
1221 2202 1430 2258 famina
1463 2209 1668 2270 mente,

141 2303 382 2358 Assidue
410 2299 672 2372 precibus
706 2297 1034 2369 Dominique
1063 2297 1118 2352 in
1150 2296 1274 2368 lege
1305 2295 1561 2363 vacabat;

138 2392 400 2448 Vestibus
427 2390 636 2446 auratis
675 2405 838 2461 quam
879 2389 1012 2443 dum
1044 2388 1310 2443 decorare
1342 2395 1603 2460 parentes

136 2483 486 2538 Ausonidum
518 2481 694 2536 veteri
722 2495 1051 2551 sponsarum
1084 2494 1240 2534 more
1270 2479 1523 2533 solerent

139 2571 379 2628 Velleris
406 2569 609 2625 hircini
633 2570 750 2623 hec
774 2568 1049 2624 velamine
1070 2566 1321 2621 membra
1349 2567 1631 2622 domabat.

142 2663 352 2719 Illustri
385 2663 664 2733 desponsa
692 2660 810 2715 viro
843 2675 966 2732 que
1003 2659 1290 2714 Valeriano

146 2757 386 2829 Urgetur
411 2753 670 2808 thalamis
709 2752 818 2828 legi
849 2767 1044 2823 parere
1063 2751 1276 2826 jugali;

142 2849 433 2906 Accelerat
459 2849 632 2903 tedas
664 2855 960 2918 superatus
989 2862 1177 2902 amore
1210 2845 1417 2917 petitor

146 2939 398 2994 Invitans
436 2939 589 2993 Ietas
621 2937 803 3008 epulis
829 2936 1070 3009 gaudere
1101 2936 1335 2990 choreas

141 3029 406 3102 Organici
426 3029 700 3100 psallente
729 3027 906 3082 melos
931 3027 1247 3082 achromate
1270 3026 1424 3092 festi,

148 3125 250 3178 Illa
283 3122 395 3176 Deo
421 3121 624 3174 mentis
652 3119 862 3174 cithara
891 3134 990 3173 sua
1021 3117 1162 3172 festa
1190 3118 1448 3185 canebat,

147 3214 259 3270 Cor
283 3211 551 3267 mundum
580 3217 732 3282 castp
763 3209 932 3265 tribui
957 3209 1061 3264 sibi
1101 3225 1331 3280 corpore
1359 3225 1612 3279 poscens.

153 3305 375 3357 Interea
397 3299 607 3354 crebris
637 3298 834 3354 coelum
870 3295 1229 3371 pingentibus
1266 3298 1429 3352 astris

148 3395 408 3464 Sponsus
435 3408 558 3446 cum
592 3406 798 3462 sponsa
819 3395 1029 3444 secreta
1059 3389 1264 3444 cubilia
1293 3390 1492 3456 sumit;

147 3485 523 3560 Magnanimis
553 3485 654 3540 sed
683 3485 838 3557 virgo
870 3484 1022 3555 prior
1055 3484 1361 3554 penetralia
1386 3485 1572 3541 cordis

149 3581 253 3637 Cui
285 3581 492 3652 pandat
520 3579 653 3635 ﬁdei
697 3577 868 3634 ﬁdum
898 3585 1173 3633 scrutatur
1202 3580 1441 3634 amicum
1467 3597 1482 3646 ;

153 3676 259 3731 [lle
286 3673 454 3730 fidem
481 3673 706 3730 ﬁrmans
736 3673 890 3728 nullo
920 3689 986 3728 se
1006 3689 1263 3744 promere
1289 3683 1449 3745 pacto

153 3767 357 3822 Abdita
378 3771 632 3831 testatur,
660 3766 779 3820 hec
807 3765 976 3820 corde
1005 3765 1244 3840 tegenda
1269 3763 1443 3829 ﬁdeli,

147 3862 294 3916 Tum
325 3867 474 3915 casta
497 3859 653 3932 virgo
686 3857 799 3929 poli
831 3859 1006 3913 civem
1037 3858 1318 3928 depromit
1341 3865 1615 3915 amantem

152 3951 568 4022 Custodemque
598 3949 684 4004 sui
711 3949 884 4004 multo
913 3964 972 4003 se
1003 3949 1202 4004 ardore
1232 3956 1501 4018 tuentem,

154 4044 330 4113 Cujus
358 4042 415 4096 in
445 4042 664 4112 impuro
691 4041 954 4111 procedat
985 4048 1045 4095 ut
1075 4041 1211 4096 ultio
1238 4047 1384 4096 tactu

155 4133 287 4187 Fert
309 4137 590 4202 queratur
611 4144 768 4184 amor
797 4129 1062 4184 tutamine
1083 4129 1432 4199 virginitatis.

155 4227 254 4281 llis
279 4224 537 4296 stupidus
560 4223 802 4292 juvenis,
835 4223 1023 4279 divino
1053 4239 1118 4279 ac
1148 4224 1376 4278 numine
1408 4222 1569 4288 ﬁxus,

158 4317 414 4373 Pandere
446 4315 750 4371 celicolam
793 4316 934 4386 petit
973 4316 1116 4370 hanc
1148 4331 1308 4387 quem
1335 4318 1504 4386 jactat
1532 4317 1790 4374 amicum.

152 4412 256 4468 Illa
285 4411 480 4466 favens
495 4410 736 4483 spondet
766 4391 934 4466 modo
965 4427 1028 4465 se
1053 4411 1200 4466 sinat
1227 4419 1354 4467 ante
1387 4413 1556 4483 piari;

152 4505 254 4560 Ille
285 4519 490 4579 rogans
526 4504 651 4575 quis
678 4503 747 4558 ad
771 4503 825 4557 id
850 4518 976 4558 sese
1007 4503 1281 4559 mundare
1314 4504 1549 4572 valeret,

151 4597 372 4667 Accipit
401 4595 681 4651 Urbanum
703 4595 1039 4652 venerande
1067 4596 1240 4652 heroa
1267 4604 1505 4652 senecte

155 4687 274 4742 Hoc
294 4693 484 4756 aptum
507 4692 812 4755 sanctoque
844 4684 942 4739 Dei
975 4685 1306 4758 purgamine
1339 4687 1598 4742 doctum:

153 4777 251 4833 Sic
278 4783 432 4832 notat
457 4775 720 4831 monitrix
759 4791 860 4846 per
879 4791 1039 4847 quos.
1073 4775 1169 4830 ubi
1197 4792 1447 4848 querere
1479 4785 1786 4834 monstrat:

157 4866 382 4922 Invenit
408 4864 728 4922 accelerans
758 4881 954 4921 cursor
992 4867 1248 4922 mandata
1276 4867 1496 4923 beatum

157 4955 512 5024 Pontiﬁcem,
546 4956 728 5012 fassus
750 4958 846 5030 qui
872 4959 986 5027 jam
1011 4959 1198 5014 divina
1227 4961 1476 5016 secundo

159 5047 519 5118 Principibus
558 5063 764 5114 coram,
789 5064 943 5103 sacra
972 5049 1118 5104 inter
1147 5049 1306 5106 busta
1337 5051 1560 5107 latebat.

163 5138 394 5215 Virgine
415 5139 504 5194 cui
529 5155 702 5214 gnara
727 5139 857 5194 dum
879 5139 1086 5196 famina
1107 5141 1276 5196 missa
1299 5141 1570 5212 feruntur,

169 5237 386 5292 Gaudia
414 5252 615 5309 magna
643 5236 870 5292 trahens
894 5237 1100 5303 animo,
1123 5253 1304 5312 genua
1332 5239 1386 5293 in
1417 5240 1535 5296 sola
1564 5241 1686 5317 ﬁgit

164 5327 314 5381 Dans
344 5326 614 5396 lacrymas
644 5324 963 5397 gaudendo,
1015 5341 1324 5398 manusque
1362 5327 1431 5382 ad
1470 5329 1655 5385 sidera
1685 5331 1794 5386 tol-

1608 5419 1728 5474 lens

165 5505 480 5561 Altithrono
510 5519 626 5578 regi
647 5511 941 5576 gratesque
967 5521 1274 5577 precesque
1304 5418 1602 5575 profundit[

168 5597 244 5649 Ac
273 5594 461 5649 verbis
490 5593 694 5664 aperiri
725 5594 848 5662 ejus
873 5594 1005 5648 hinc
1035 5597 1198 5650 corda
1224 5605 1514 5666 precatur;

168 5687 418 5758 Votaque
450 5685 581 5738 dum
613 5685 884 5756 promptis
923 5688 1157 5757 supplex
1203 5689 1318 5743 hec
1348 5689 1588 5744 destinat
1619 5691 1801 5756 aStris,

172 5773 468 5830 (Ethereus
495 5787 700 5843 supero
730 5773 881 5827 visus
919 5773 1300 5831 moderamine
1340 5777 1520 5833 vultus

1877 1303 2121 1358 Sidereis
2153 1319 2400 1375 auroque
2432 1303 2580 1360 notis
2605 1304 2822 1374 signata
2851 1305 3074 1373 tabella,

1879 1394 1952 1446 Ac
1981 1392 2107 1446 diva
2136 1392 2398 1448 irradiata
2419 1392 2529 1448 fide
2561 1394 2772 1465 perlata
2801 1394 3038 1452 citatur:

1879 1508 1902 1528 σ-
1949 1483 2099 1538 Unus
2138 1484 2298 1538 adest
2327 1484 2495 1548 Deus,
2528 1501 2639 1539 una
2679 1483 2838 1553 ﬁdes,
2870 1484 3192 1556 baptimatis
3236 1503 3426 1542 unum.
3477 1505 3500 1543 ι

1876 1575 2129 1629 Attremit
2157 1575 2240 1629 his
2259 1591 2517 1646 sponsus,
2542 1575 2740 1642 credit,
2776 1585 3082 1647 prostratus
3101 1580 3314 1644 adorat,

1879 1665 2119 1737 Erigitur
2138 1664 2391 1736 faturque
2422 1665 2610 1732 ﬁdem,
2641 1666 2922 1738 ﬂuctuque
2948 1674 3194 1722 sacratur

1878 1756 2106 1810 Sincere
2141 1756 2359 1822 doctus,
2390 1773 2718 1830 Sponseque
2760 1759 3060 1814 remittitur
3090 1760 3288 1815 almus.

1877 1845 2016 1899 Dum
2039 1846 2279 1900 veniens
2310 1846 2462 1900 illum
2491 1847 3075 1918 paranympffocelite
3101 1847 3291 1902 fultam

1880 1937 2434 2009 Repperitorantem,
2461 1939 2553 2010 qui
2583 1939 2824 1993 candida
2851 1939 2965 1994 lilia
2985 1941 3148 1995 sertis

1879 2031 2318 2102 Anteferensque
2341 2047 2491 2086 rosas
2518 2033 2872 2103 properantia
2896 2033 3124 2104 premia
3151 2033 3361 2106 pandit.

1881 2125 2018 2179 Iluic
2044 2140 2341 2197 germanus
2371 2132 2487 2179 erat
2513 2124 2677 2179 rebus
2707 2123 2987 2179 Tiburtius
3017 2142 3162 2180 unus

1883 2216 1998 2270 Pre
2028 2215 2242 2270 cunctis
2271 2216 2490 2281 charus,
2522 2215 2610 2270 cui
2643 2217 2883 2286 postulat
2914 2217 3008 2272 ille
3039 2217 3297 2284 salutem,

1887 2305 2276 2375 Pollicitusque
2309 2305 2420 2375 poli
2453 2321 2512 2360 se
2543 2306 2678 2360 civis
2715 2307 2772 2360 in
2812 2314 2957 2362 astra
2987 2315 3256 2378 receptat.

1883 2400 2100 2453 Interea
2129 2398 2357 2453 monitis
2393 2399 2623 2452 struitur
2651 2399 2780 2453 dum
2819 2400 2921 2455 tiro
2953 2401 3224 2456 colendus

1880 2485 1984 2543 Pro
2022 2487 2164 2542 votis
2190 2487 2425 2542 dilectus
2449 2487 2607 2542 adest
2635 2486 2936 2555 Tiburtius,
2961 2488 3151 2557 intrat,

1740 2557 1758 2574 ’
1805 2601 1854 2668 Β
1880 2579 2192 2634 Admiratur
2220 2577 2554 2635 odoriferam
2585 2594 2644 2632 se
2677 2595 2807 2634 nare
2841 2596 3091 2636 rosarum

1883 2671 2206 2742 Percepisse
2226 2687 2439 2735 auram,
2471 2672 2638 2727 viduo
2669 2689 2890 2744 quoque
2915 2673 3146 2728 ﬁoribus
3179 2691 3346 2736 anno,

1886 2764 1946 2818 Et
1970 2763 2086 2830 jam
2117 2779 2182 2823 se.
2207 2764 2355 2819 dulci
2385 2774 2656 2820 memorat
2681 2766 2924 2820 novitate
2954 2765 3219 2821 refectum

1883 2853 2243 2925 Prosequitur
2270 2852 2437 2908 frater
2475 2852 2625 2920 ﬁdei,
2676 2853 2918 2927 denique
2958 2855 3193 2910 salutem

1885 2942 2108 2996 Alterno
2142 2957 2386 2998 reserare
2410 2942 2639 2997 studens
2667 2940 2923 2997 aﬁ'amine
2952 2943 3156 3008 lucem,

1885 3033 2118 3104 Supplet
2151 3032 2306 3107 virgo
2330 3033 2553 3101 juvans,
2584 3040 2741 3105 grato
2772 3049 2876 3087 nec
2907 3033 3330 3108 egerejugalem

1887 3122 2156 3177 Permittit
2186 3119 2388 3192 spolio,
2420 3121 2586 3178 vitam
2619 3121 2855 3192 viteque
2885 3131 3137 3176 tenorem

1885 3215 2060 3284 Atque
2084 3212 2227 3266 viam
2256 3211 2508 3282 pandens
2536 3210 2788 3281 apprime
2808 3209 3065 3264 informat
3093 3212 3404 3278 alumnum,

1886 3301 2270 3371 Uberibusque
2300 3299 2446 3354 fovet
2471 3299 2745 3372 geminos,
2768 3305 2824 3352 et
2846 3298 2986 3354 lacte
3015 3299 3253 3370 Sophie.

1882 3393 1979 3447 Vix
2000 3408 2112 3447 una
2136 3397 2348 3446 tantum
2365 3407 2489 3461 que
2519 3389 2730 3445 credita
2760 3398 2922 3446 nocte
2954 3392 3172 3459 marita,

1884 3481 2102 3536 Nubere
2131 3495 2372 3550 namque
2399 3488 2614 3550 putata,
2639 3495 2799 3534 suum
2831 3480 2972 3550 parit
2993 3481 3115 3552 ipsa
3139 3482 3434 3550 maritum;

1891 3570 2001 3626 Hoc
2030 3584 2252 3642 quoque
2284 3584 2354 3622 ne
2384 3583 2611 3639 parvum
2641 3569 2901 3623 credatur
2933 3569 3162 3644 pignore
3194 3571 3306 3626 fcta

1887 3660 2130 3731 Augetur
2154 3657 2375 3731 genitus
2402 3671 2499 3728 pro
2524 3656 2738 3712 telluris
2756 3672 2885 3711 ecce
2911 3673 3223 3729 supernus:

1888 3755 2153 3830 Gignitur
2178 3771 2309 3828 ergo
2338 3754 2447 3810 ﬁde
2478 3751 2669 3809 matris
2695 3753 2976 3809 Tiburtius
3017 3755 3202 3824 hujus,

1814 3873 1865 3942 Ο
1891 3845 2114 3917 Perque
2135 3844 2501 3900 ministerium
2533 3860 2690 3916 pape
2724 3843 3048 3915 producitur
3077 3843 3263 3910 undis,

1891 3939 2061 3994 Filius
2091 3938 2368 4004 Ecclesie,
2401 3937 2634 3993 rationis
2664 3944 2717 3993 et
2746 3936 2920 3992 ubere
2949 3936 3149 4012 gliscit.

1891 4034 2008 4090 Jam
2039 4041 2162 4106 post
2192 4035 2277 4090 lac
2304 4033 2510 4104 majore
2550 4033 2676 4088 cibo
2708 4033 3024 4088 nutriuntur
3053 4034 3261 4089 alumni
3287 4051 3301 4100 ;

1894 4127 2231 4182 Excrescunt
2254 4127 2490 4197 juvenes
2515 4125 2737 4181 culmen
2768 4128 3131 4197 splendenter
3159 4127 3214 4182 in
3240 4126 3441 4190 altum;

1897 4215 2111 4271 Robore
2142 4217 2404 4287 perfecte
2428 4214 2662 4285 jamjam
2685 4216 2904 4272 virtutis
2934 4217 3229 4274 anhelant:

1895 4305 2162 4359 Attollunt
2194 4305 2413 4375 inopes,
2445 4303 2621 4359 fessos
2651 4305 2919 4359 solamine
2949 4313 3204 4375 portant;

1895 4395 2102 4451 Excisis
2128 4397 2304 4452 solum
2337 4405 2595 4467 superest
2615 4395 2763 4467 quod
2795 4397 3000 4451 dedere
3029 4413 3231 4451 munus

1894 4487 2188 4558 Exequiale
2216 4496 2412 4558 parant
2441 4487 2643 4543 celebri
2679 4487 2883 4558 pietate
2911 4487 3122 4554 viriles,

1892 4579 2168 4635 Turbidus
2197 4581 2511 4635 Almachius
2538 4581 2721 4635 Rome
2745 4579 3038 4650 prefectus
3066 4582 3273 4639 amicos

1893 4673 2299 4744 Omnipotentis
2329 4675 2447 4729 heri
2478 4674 2659 4746 penis
2685 4674 2970 4730 cruciabat
3009 4676 3261 4741 acerbis;

1894 4764 2031 4819 Huic
2069 4763 2242 4819 livore
2276 4764 2454 4837 niger,
2486 4773 2690 4820 sancte
2723 4765 3037 4820 dulcedinis
3069 4767 3262 4832 hostis,

1898 4859 2056 4914 Peste
2089 4876 2187 4930 per
2214 4858 2519 4934 armigeros
2550 4859 2696 4915 fellis
2729 4861 2824 4914 lita
2856 4861 2964 4915 tela
2995 4860 3235 4915 ferentes

1901 4949 2133 5005 Denotat
2155 4949 2424 5004 almorum
2452 4948 2641 5004 blandi
2674 4948 2963 5004 solaminis
2986 4956 3161 5004 actus.

1896 5041 2054 5097 Tenti
2077 5041 2372 5110 lethiferis,
2405 5041 2980 5108 hosteinstimulante,
3014 5039 3303 5106 ministris,

1896 5136 2126 5192 Tirones
2135 5136 2269 5206 justi
2297 5136 2515 5192 censori
2543 5136 2844 5209 adiguntur
2864 5134 3090 5206 iniquo;

1899 5232 2025 5297 Qui,
2057 5231 2276 5286 titulum
2308 5229 2582 5301 objiciens
2616 5229 2838 5284 famosae
2872 5227 3204 5292 nobilitatis,

1898 5323 2090 5397 Arguit
2119 5323 2221 5377 hos
2249 5337 2403 5376 vane
2430 5321 2578 5395 quod
2605 5334 2758 5376 more
2787 5318 3203 5390 superstitionis

1902 5413 2169 5467 Personas
2193 5427 2293 5466 sua
2324 5410 2636 5480 dilapident
2665 5407 3000 5479 patrimonia
3021 5407 3222 5464 alendo

1901 5501 2216 5562 Indecores,
2244 5499 2505 5570 lethoque
2527 5496 2670 5552 datis
2699 5511 2799 5567 pro
2815 5496 3047 5551 crimine
3080 5497 3312 5552 honesta

1904 5594 2067 5648 Busta
2098 5599 2313 5664 parent,
2347 5606 2458 5662 quo
2490 5605 2548 5644 se
2570 5591 2806 5645 doceant
2836 5588 2924 5642 his
2957 5589 3165 5644 federe
3188 5605 3379 5646 nexos.

1904 5684 1984 5739 Illi
2009 5701 2067 5739 se
2097 5683 2338 5738 famulos
2368 5698 2604 5754 quorum
2639 5691 2972 5736 accusantur
3001 5681 3164 5737 amici

1905 5779 2194 5850 Exoptant,
2216 5778 2474 5850 interque
2504 5776 2737 5833 calentis
2765 5777 2979 5848 spicula
3010 5777 3169 5832 lucte
