3890 6408
153 423 261 477 665
773 420 856 474 DE
898 421 1155 476 CHRISTI
1194 421 1554 480 TRIUMPHIS
1595 427 1764 483 APUD
1809 428 2074 484 ITALIAM
2116 428 2289 484 LIBRI
2331 430 2461 484 XIV.
2507 460 2566 468 —
2612 430 2734 484 LIB.
2782 430 2846 484 IV
3396 430 3502 486 666

1653 559 1862 616 CAPUT
1909 561 2023 618 XII.

1021 656 1098 715 De
1125 657 1387 717 Anth-ero
1416 677 1575 738 papa
1605 670 1656 720 et
1696 665 1930 722 ultione
1960 674 2136 725 sexta:
2160 667 2616 742 persecutionis.

153 769 427 824 Antheros
457 769 622 838 hujus
645 768 946 824 exsulantis
969 770 1211 826 culmina
1810 784 1858 848 Α
1885 779 2173 833 Grassatur
2201 779 2379 833 almos
2411 779 2530 832 dira
2555 788 2745 834 contra
2779 780 3047 851 praesules

153 857 405 928 Capessit
433 858 543 912 alta
572 873 918 929 prosequens
937 859 1188 932 vestigia.
1883 870 2214 943 Clerumque
2246 888 2415 926 sacrae
2445 872 2592 926 celsa
2623 872 2804 943 plebis
2835 873 3109 947 regmina,

157 949 253 1003 Hic
283 949 452 1023 digna
480 949 779 1024 diligenter
810 958 930 1004 acta
947 959 1244 1022 martyrum
1881 964 2190 1034 Tribusque
2220 963 2276 1018 in
2308 965 2469 1018 annis
2497 962 2607 1019 ﬁne
2627 965 2774 1038 regis
2790 965 3091 1021 clauditur.

155 1040 332 1094 Causa
352 1039 498 1095 beati
531 1040 726 1095 mortis
754 1041 912 1095 almae
951 1041 1189 1105 Maximi,
1883 1053 2147 1107 Vindicta
2164 1053 2322 1122 cujus
2353 1054 2602 1126 turgidos
2632 1055 2688 1108 in
2718 1055 3003 1126 principes

154 1131 254 1196 Qui
284 1147 451 1186 carne
473 1140 678 1203 martyr
694 1149 758 1187 ac
798 1133 1058 1189 sacerdos
1096 1136 1345 1192 solvitur.
1884 1143 2035 1197 Illata
2052 1144 2220 1212 juste,
2254 1159 2356 1198 ceu
2389 1143 2508 1198 lues
2537 1145 2834 1217 ngyptios

153 1221 316 1275 Notat
339 1220 631 1292 requirens
659 1237 722 1275 ac
755 1222 1006 1278 recondit
1032 1223 1086 1278 in
1127 1241 1281 1280 sacra
1314 1243 1329 1292 ;
1879 1231 2122 1305 Turgore
2144 1231 2280 1287 sexti
2323 1231 2618 1288 lancinavit
2662 1234 2932 1289 verberis.

154 1312 398 1376 Quorum
438 1321 702 1378 meretur,
737 1313 1030 1370 Maximino
1055 1315 1306 1388 principe
1572 1343 1575 1346 -
1881 1319 2086 1390 Nempe
2127 1321 2232 1375 hoc
2264 1333 2552 1391 perempto
2593 1321 2865 1393 Puppieni
2897 1323 3148 1393 cuspide,

154 1407 383 1462 Nostros
411 1415 610 1478 agente
641 1415 765 1478 post
794 1409 1064 1464 Neronem
1093 1411 1333 1466 turbinis
1881 1407 2013 1462 Cum
2049 1407 2212 1463 fratre
2247 1424 2484 1480 regnans
2513 1425 2685 1464 010801
2712 1410 2830 1480 ipse
2861 1410 3110 1465 caeditur.

156 1499 305 1553 Sexti
338 1506 545 1554 retecta
581 1498 726 1572 lege,
759 1499 1148 1567 contubernia,
1887 1499 2066 1554 Nostri
2089 1501 2408 1571 quotannis
2435 1502 2650 1557 enecati
2679 1502 2988 1574 praesules,

153 1594 282 1657 Quae
317 1593 425 1647 lata
454 1592 766 1648 decessoris
803 1595 934 1649 odio
968 1596 1214 1662 Caesaris,
1887 1596 2037 1655 Datis
2067 1605 2146 1650 tot
2172 1596 2324 1651 orbis
2349 1597 2419 1652 ad
2460 1614 2652 1652 necem
2686 1599 3051 1670 primatibus:

153 1684 324 1752 Cujus
351 1684 444 1756 pio
468 1685 684 1740 nitebat
711 1686 838 1741 aula
865 1687 1089 1743 nomine
1889 1688 2025 1743 Hinc
2051 1688 2358 1744 Gordianus
2387 1690 2534 1744 bella
2563 1694 3080 1763 spectatprospera.

153 1775 390 1831 Mamma
423 1784 600 1832 mater
626 1794 793 1850 quam
819 1778 1044 1835 fovebat
1084 1789 1332 1848 strenue,
1637 1854 1846 1910 CAPUT
1897 1853 2017 1906 “Il

563 1949 642 2007 De
673 1948 911 2008 duobus
959 1951 1263 2029 Philippis
1297 1956 1758 2031 imperatoribus
1801 1964 1854 2014 et
1897 1956 2112 2014 Pontio
2145 1961 2409 2030 martyre
2452 1962 2504 2012 et
2541 1963 2747 2013 sancto
2794 1953 3084 2013 Fabiano.

159 2063 394 2136 Egregia
417 2071 541 2134 post
565 2064 667 2118 1108
696 2063 1100 2134 splendescens
1135 2083 1268 2137 pace
1304 2068 1611 2138 Philippus,
1811 2075 1861 2141 Β
1887 2069 2112 2124 Instruit
2143 2068 2388 2143 anguina
2417 2068 2636 2122 liventis
2661 2068 2856 2123 fraude
2877 2068 3103 2130 veneni,

148 2155 418 2210 1³11000180
443 2171 661 2225 superae
693 2156 987 2211 decoratus
1006 2158 1228 2213 nomine
1271 2160 1426 2232 legis.
1883 2162 2112 2219 Exaeuit
2137 2161 2376 2214 stimulis
2407 2160 2686 2232 agitatque
2716 2161 2783 2214 ad
2807 2160 2950 2215 furta
2981 2160 3282 2216 furentem.

147 2245 481 2315 l’articipem
514 2245 684 2301 fastus
707 2247 954 2321 genitum
984 2248 1114 2304 facit
1144 2267 1266 2305 esse
1300 2251 1617 2322 Philippum
1653 2270 1668 2317 ;
1871 2255 1966 2310 Ille
1992 2254 2150 2308 dolos
2178 2254 2406 2307 volvens
2438 2252 2666 2323 inopino
2699 2253 2934 2308 crimine
2956 2254 3164 2323 justum

148 2334 378 2389 Pontius
417 2335 519 2389 hos
548 2343 759 2404 martyr
782 2335 972 2390 divina
1000 2337 1068 2391 ad
1103 2339 1291 2393 munia
1323 2339 1524 2394 Christi
1869 2345 2220 2419 Aggreditur,
2254 2344 2521 2416 furvoque
2554 2355 2711 2400 necat
2741 2344 3027 2400 molimine
3051 2361 3259 2417 regem.

147 2427 452 2481 Instituens
471 2426 717 2490 monitis,
759 2429 1020 2498 prudenti
1043 2431 1300 2504 dogmate
1315 2432 1479 2495 vexit,
1873 2435 2128 2504 Principe
2161 2433 2434 2488 subducto
2464 2434 2772 2504 pervadens
2807 2441 3022 2504 sceptra
3046 2441 3333 2504 tyrannus,

147 2518 340 2590 Fulget
365 2525 419 2572 at
445 2518 530 2572 his
550 2526 763 2574 mactus
793 2519 973 2590 palma
1004 2521 1107 2576 sub
1132 2523 1454 2587 Vateriano;
1878 2526 2012 2590 Quae
2045 2540 2143 2578 sua
2165 2533 2294 2578 sunt
2324 2523 2445 2578 diro
2463 2532 2620 2578 curat
2644 2523 2951 2593 producere
2983 2523 3130 2585 nisu,

145 2611 453 2665 .Eneadum
485 2611 698 2680 primus
728 2627 938 2684 regum,
966 2615 1313 2687 prolemque,
1342 2624 1670 2690 patremque
1884 2616 2192 2672 Prosternit
2221 2615 2494 2686 genitum,
2522 2623 2696 2670 totum
2747 2625 2930 2670 movet
2957 2631 3109 2668 arma
3145 2630 3245 2685 per
3263 2630 3462 2686 agmen
3492 2633 3507 2679 ;

145 2702 419 2758 Concordi
446 2718 716 2758 venerans
744 2705 896 2759 cultu
926 2721 1050 2760 cum
1085 2709 1239 2776 prole
1272 2709 1580 2780 Philippus,
1883 2706 2024 2761 Hinc
2055 2705 2262 2774 majora
2295 2713 2506 2775 petens,
2536 2704 2754 2759 Domini
2773 2704 3096 2758 subvertere
3123 2709 3298 2757 castra

151 2791 362 2862 Inclyta
392 2800 609 2862 sceptra
639 2793 1038 2866 regitconsorti
1074 2795 1284 2870 fulgida
1314 2800 1487 2854 cultu.
1881 2799 2121 2864 Nititur;
2155 2797 2303 2852 haud
2347 2812 2498 2852 mora
2525 2796 2811 2852 ductorem
2845 2795 3245 2851 moderaminis
3277 2794 3442 2863 hujus

148 2882 413 2936 Fascibus
443 2882 533 2936 hic
557 2882 721 2950 altus,
750 2883 949 2939 Christi
979 2886 1047 2939 ad
1079 2889 1342 2956 mysteria
1371 2906 1593 2952 curvus,
1889 2893 2136 2964 Impetit,
2168 2900 2335 2964 atque
2365 2891 2494 2946 data
2524 2880 2828 2946 Fabianum
2855 2890 2979 2964 lege
3011 2889 3269 2945 trucidat.

149 2973 284 3026 Dum
320 2972 538 3027 Paschte
555 2973 808 3028 excubiis
837 2974 965 3029 ferri
999 2976 1106 3031 sibi
1139 2994 1294 3033 sacra
1325 2990 1564 3053 rogaret,
1889 2982 2140 3037 Crudelis
2170 2983 2385 3053 Scythae
2419 2980 2544 3036 velli
2578 2981 2800 3056 agmina
2830 2990 3021 3036 sancta
3046 2978 3299 3048 jubentis

150 3063 476 3118 Luctisonos
505 3063 649 3118 inter
677 3073 822 3120 stare
852 3074 907 3122 et
937 3083 1038 3121 sua
1069 3068 1305 3124 crimina
1339 3070 1541 3126 ﬂentes
1884 3073 2210 3142 Sumpserat
2243 3071 2334 3126 hic
2357 3070 2564 3125 celebri
2598 3069 2801 3140 praesul
2833 3068 3216 3124 moderamina
3244 3073 3381 3122 nutu
3413 3084 3427 3131 ;

148 3155 495 3226 Praecipitur,
522 3155 738 3228 farique
769 3166 824 3213 et
855 3159 1078 3230 propria
1105 3161 1240 3217 ﬂere
1261 3162 1459 3234 piacla.
1884 3164 2077 3218 Fertur
2103 3163 2252 3218 enim
2274 3163 2558 3236 digressus
2587 3177 2741 3234 agro,
2773 3160 3068 3216 comitatus
3087 3159 3283 3214 amicis

152 3248 244 3302 llle
265 3248 574 3305 sacerdotis
595 3258 721 3306 voto
752 3252 1009 3307 mandata
1040 3269 1359 3324 capessens,
1888 3251 2145 3307 Ecclesia:
2171 3258 2494 3321 penetrasse
2524 3249 2772 3315 domum,
2793 3264 2902 3319 qua
2929 3247 3124 3303 concio
3156 3246 3337 3317 plebis

151 3341 379 3397 Pectore
393 3348 502 3397 stat
528 3359 724 3414 prono,
748 3345 1254 3416 dispellitculmina
1283 3355 1490 3404 mente.
1816 3405 1852 3416 η
1887 3341 1948 3394 In
1978 3339 2196 3394 diversa
2223 3338 2452 3393 studens
2481 3337 2747 3402 certabat,
2781 3344 2836 3391 et
2863 3336 3017 3407 optio
3049 3335 3221 3406 patris
3253 3352 3268 3401 ;

152 3430 382 3486 Maxima
410 3434 655 3502 supremi
688 3435 883 3490 recolit
910 3436 1039 3490 dum
1072 3437 1316 3493 eulmina
1344 3438 1523 3511 regni.
1806 3405 1855 3474 Ο
1886 3433 2071 3488 Α811111
2096 3432 2186 3487 1110
2218 3431 2356 3486 nihil
2377 3431 2687 3486 subeunda),
2718 3429 2975 3486 conscius
3002 3429 3166 3496 arcis,

150 3519 425 3592 Lugubris
447 3528 502 3574 at
533 3522 753 3577 tandem
784 3531 1108 3596 patrataque
1131 3526 1366 3581 crimina
1397 3527 1575 3583 fassus
1883 3527 1948 3580 At
1976 3541 2246 3579 summam
2280 3532 2447 3578 tantae
2479 3522 2698 3578 visurus
2717 3523 2786 3577 ad
2815 3523 3020 3577 extima
3053 3537 3223 3577 011110.

154 3611 416 3682 lmplorat
444 3613 679 3685 supplex
700 3617 900 3670 summi
926 3633 1018 3672 rex
1040 3618 1267 3673 numina
1294 3619 1462 3693 regis,
1888 3612 1984 3667 1110
2015 3612 2228 3667 discors
2258 3612 2478 3666 diversa
2498 3620 2688 3680 crepat
2718 3612 2850 3666 dum
2883 3610 3092 3666 famina
3119 3617 3318 3677 C(BIUS,

153 3699 523 3772 Divinumque
553 3718 776 3758 manere
801 3705 892 3774 pio
920 3705 1028 3760 sibi
1055 3708 1222 3762 corde
1255 3708 1511 3764 timorem
1888 3705 2194 3760 Dissociata
2225 3719 2428 3776 parans
2457 3703 2625 3778 digne
2655 3702 2868 3758 sociare
2899 3702 3178 3768 columba,

157 3794 522 3864 Depromens.
548 3795 778 3866 quaasita
802 3797 998 3852 humili
1025 3815 1179 3854 sacra
1207 3811 1433 3872 pectore
1466 3802 1636 3858 sumit
1663 3820 1675 3857 :
1891 3799 2046 3855 Pacis
2078 3799 2276 3864 amica,
2307 3797 2460 3852 venit
2487 3796 2717 3851 livorem
2754 3793 2897 3849 fellis
2921 3793 3121 3848 abesse

153 3887 215 3940 At
256 3885 525 3941 Dominus
539 3902 776 3958 pronum
805 3889 971 3946 solito
1001 3892 1290 3948 sustollere
1322 3903 1496 3962 curat,
1889 3889 2402 3962 Praecipienstibris
2432 3906 2445 3955 ;
2479 3887 2688 3942 sentire
2709 3887 2802 3940 dat
2831 3885 3095 3940 omnibus
3126 3899 3324 3950 unum,

151 3977 417 4032 Fascibus
450 3979 780 4048 ampliﬁcat;
815 3981 918 4036 soli
953 3982 1187 4052 piajura
1211 3987 1469 4041 trementi
1887 3982 2064 4038 Unum
2097 3983 2164 4036 de
2204 3981 2394 4036 multis
2425 3995 2659 4035 00118οη8
2691 3992 3014 4049 pneponere
3044 3975 3260 4031 cunctis

154 4066 360 4121 Unicus
387 4065 476 4121 hic
495 4066 780 4123 confertur
812 4069 988 4125 honos
1014 4088 1217 4142 supero
1249 4074 1446 4129 ordine
1478 4077 1619 4149 regi,
1888 4072 2059 4127 Unius
2090 4087 2200 4126 una
2230 4077 2428 4141 petens
2454 4078 2620 4140 caput
2641 4067 2798 4140 eligit
2827 4066 3298 4127 omnibusunum,

156 4159 317 4212 Urbis
347 4166 408 4213 ut
438 4160 653 4214 eductae
673 4161 969 4236 praesignia
995 4163 1196 4235 gaudia
1231 4165 1411 4235 plebis
1897 4161 2319 4232 Concordesque
2346 4175 2542 4215 omnes
2572 4168 2784 4229 patrem
2810 4157 3084 4213 connectit
3113 4155 3182 4209 ad
3213 4165 3405 4209 unum.

155 4250 400 4323 Augusto
434 4250 538 4305 hoc
568 4252 892 4307 moderante
913 4255 1079 4309 micet
1108 4256 1440 4312 millesimus
1464 4274 1661 4327 annus,
1893 4251 2247 4306 conelamaut
2265 4249 2449 4304 cuncti
2479 4247 2692 4302 cuclesti
2724 4247 2964 4303 culmine
2994 4245 3244 4320 dignum.

159 4342 358 4396 Eximii
391 4342 572 4398 cultus
604 4360 820 4400 summo
842 4346 1156 4402 celebratus
1183 4349 1418 4416 honore,
1894 4343 2330 4415 Pontilicemque
2361 4341 2555 4416 legunt
2585 4341 2776 4396 divino
2807 4338 3031 4394 numine
3055 4343 3263 4398 notum.

156 4434 310 4497 Quod
341 4434 514 4489 decus
542 4435 644 4490 hoc
660 4437 784 4490 urbi
809 4455 1038 4494 summae
1068 4440 1214 4495 inter
1242 4452 1460 4513 sceptra
1486 4443 1716 4514 feratur,
1891 4438 2068 4507 Atque
2109 4435 2253 4491 Petri
2284 4435 2562 4490 cathede
2585 4434 2831 4488 Fabiano
2858 4432 3105 4504 tegmina
3126 4431 3351 4484 cedunt-

159 4522 296 4576 Urbs
327 4531 382 4578 et
403 4523 710 4593 apostolico
744 4525 858 4594 jam
890 4527 1100 4584 dudum
1132 4529 1388 4602 dogmate
1419 4533 1588 4601 clara,
1891 4525 2110 4596 Quique
2143 4525 2552 4594 triumphorum
2585 4529 2774 4577 εθΐνθῐ
2802 4529 2862 4575 ιιι
2887 4526 3042 4593 gesta
3067 4519 3310 4589 litorum»

157 4617 411 4673 Numinis
448 4625 612 4690 atque
641 4620 718 4690 pii
747 4631 937 4678 sancto
964 4623 1229 4697 insignita
1261 4625 1484 4694 decore,
1894 4616 2349 4690 Colligithoeque
2372 4614 2594 4669 studere
2617 4613 2773 4683 aperi
2805 4612 3059 4668 decernit
3087 4612 3380 4675 alumnos;

160 4709 417 4814 Principe
451 4710 773 4768 Christicola
807 4713 956 4769 celso
985 4716 1089 4770 hoc
1111 4718 1346 4787 polleret
1370 4719 1600 4775 honore.
1805 4745 1864 4814 D
1893 4709 2193 4814 FCCleSium
2225 4706 2438 4814 fulsere
2466 4705 2631 4814 docet
2657 4719 2892 4814 quoque.
2923 4703 3139 4814 leinhus
3163 4703 3362 4814 ulmis;

229 4801 450 4872 Septies
476 4810 533 4855 at
564 4809 855 4874 postquam
887 4807 1119 4861 vestitur
1147 4807 1398 4880 gramine
1429 4809 1618 4878 tellus,
1805 4799 1860 4814 ”
1895 4806 2016 4876 Ipse
2049 4802 2370 4874 triumphali
2401 4816 2528 4857 mox
2557 4808 2616 4856 ut
2637 4801 2966 4869 conjunctus
2993 4799 3190 4855 honori
3218 4805 3323 4865 est,

158 4892 522 4964 Septenoque
553 4894 732 4964 replet
762 4894 1001 4950 ridentia
1042 4897 1247 4952 moenia
1268 4898 1468 4965 fructu,
1894 4894 2295 4967 Disperguntur
2325 4905 2477 4954 oves,
2497 4889 2830 4959 lacerantur,
2848 4887 3276 4959 carceribusque

159 4979 384 5036 Munere
414 4981 606 5037 divino
637 4983 800 5037 terris
831 4992 1097 5058 regnante
1126 4986 1385 5058 Philippo
1892 4985 2232 5051 Truduntur,
2265 4998 2500 5055 quorum
2532 4982 2744 5054 Moyses
2771 4981 3045 5055 ergastula
3075 4979 3300 5054 longum

158 5067 430 5125 Gentibus
457 5080 513 5125 et
543 5071 878 5143 populisque
909 5073 1145 5129 nitentia
1171 5075 1297 5143 jura
1332 5076 1574 5150 dicante,
1897 5076 2021 5132 Post
2049 5076 2280 5131 tolerata
2311 5074 2482 5149 nigris
2500 5075 2636 5144 petit
2663 5073 2886 5128 aetheris
2915 5071 3061 5127 edita
3088 5071 3282 5142 septis.

158 5159 366 5216 lEstuat
395 5161 661 5234 antiquus
687 5163 946 5237 viresque
977 5166 1252 5241 recolligit
1281 5169 1500 5242 anguis,
1892 5171 2134 5227 Diversis
2150 5171 2366 5226 diversa
2398 5171 2539 5244 gerit
2559 5167 2918 5240 praedonibus
2942 5166 3139 5232 hostis,

158 5253 390 5310 Attritus
418 5256 622 5311 totiens
645 5273 746 5328 per
771 5267 922 5314 tanta
945 5267 1154 5331 trOpaaa
1186 5262 1388 5317 relisus
1416 5281 1430 5328 ;
1892 5269 2144 5323 Exterius
2169 5265 2392 5338 patulis,
2415 5265 2562 5319 intus
2592 5261 2936 5318 latitantibus
2965 5261 3157 5327 armis,

160 5344 499 5418 Insidiisque
530 5356 687 5418 parat
720 5349 914 5406 Christi
935 5367 1134 5406 vexare
1167 5353 1494 5429 phalanges,
1893 5356 2297 5426 Latronemque
2329 5369 2531 5408 novum
2564 5351 2766 5406 furtiva
2795 5349 2862 5404 ad
2880 5349 3028 5404 bella
3054 5357 3314 5406 novatum

161 5437 564 5512 Latronemque
596 5440 742 5498 dolis
772 5443 1002 5498 Decium
1034 5443 1142 5498 sibi
1174 5455 1448 5518 praeparat
1472 5456 1659 5519 aptum
1696 5467 1710 5504 :
1893 5447 2112 5521 Deligit,
2139 5445 2472 5518 impugnans
2493 5441 2682 5497 bifidis
2711 5441 2802 5513 pia
2832 5450 3012 5497 castra
3032 5441 3285 5498 catervis.

1643 5575 1860 5632 CAPUT
1900 5574 2032 5630 XIV.

715 5672 794 5731 De
821 5684 1028 5735 sancto
1075 5675 1356 5738 Cornelio
1380 5697 1543 5756 papa
1577 5689 1632 5741 ct
1674 5680 1981 5759 Cypriane
2011 5685 2280 5753 martyre
2315 5677 2614 5751 sociisque
2646 5677 2918 5752 ipsorum

161 5776 417 5836 Providet
446 5781 577 5837 inde
596 5783 685 5854 pio
719 5785 986 5842 Dominus
1016 5789 1346 5846 charismate
1370 5800 1579 5864 patrem
1889 5793 2032 5847 Dum
2065 5789 2270 5863 praesul
2299 5790 2460 5845 datur
2481 5789 2698 5845 eximiae
2729 5788 2991 5863 Patrique
3011 5791 3310 5859 cathedras,

163 5867 400 5927 Desertae
414 5874 700 5949 egregium
735 5877 915 5948 plebi;
952 5879 1240 5937 Cornelius
1266 5883 1393 5938 urbi
1888 5889 1968 5945 Ad
1990 5903 2155 5961 quem
2186 5886 2369 5942 dulcia
2394 5901 2496 5942 ceu
2524 5887 2695 5956 patris
2719 5885 2964 5943 fomenta
2987 5886 3212 5960 benigni
