3890 6418
362 378 466 434 667
1063 386 1434 444 FLODOARDI
1473 389 1779 447 CANONICI
1819 393 2152 449 REMENSIS
2190 396 2531 454 OPUSCULA
2567 397 2877 455 METRICA.

364 508 600 580 Dispersi
634 523 934 583 praperant
960 518 1113 590 gnati
1150 519 1380 590 lapsuve
1407 522 1591 589 recisi,

365 601 631 657 Maximus
661 613 715 658 et
736 605 957 678 reliqui,
991 609 1452 685 confessoresque
1480 612 1694 669 fideles,

367 693 572 765 Inclyta
605 695 748 751 bella
778 698 888 767 poli
921 707 1156 756 tractant
1189 711 1405 759 rectore
1437 702 1606 760 ﬁdeli.

365 783 554 839 Fertur
583 787 687 842 hoc
719 787 1018 845 instructus
1047 792 1272 848 doctore
1301 795 1367 848 ad
1403 795 1550 850 bella
1579 797 1824 867 gerenda

307 865 309 868 ’
363 876 562 933 Caelica
593 879 932 945 Pancratius,
968 892 1167 954 patruo
1189 885 1450 941 ductante
1484 865 1648 943 beato
1678 906 1693 954 ;

358 966 567 1037 Impius
597 969 899 1024 exhorrens
938 971 1089 1027 dolet
1124 975 1346 1048 agmina
1375 983 1564 1031 sancta
1595 977 1765 1041 coire,

357 1056 730 1132 Densatasque
762 1077 963 1132 parans
989 1063 1187 1119 Christi
1216 1067 1442 1122 turbare
1479 1068 1756 1136 cohortes,

355 1148 646 1204 Ductorem
675 1151 814 1222 rapit
841 1167 870 1206 e
897 1153 1103 1218 medio,
1137 1155 1403 1227 pellitque
1431 1157 1700 1230 'relegans

362 1239 641 1296 Extorrem
667 1241 1005 1317 Centumque
1035 1246 1222 1302 locans
1245 1248 1438 1318 juncto
1461 1250 1658 1305 ordine
1688 1250 1869 1306 Cellis.

363 1328 568 1384 Militiae
600 1347 916 1402 procerum,
940 1336 1134 1407 nequit
1163 1337 1303 1392 adse
1329 1338 1567 1412 jungere
1597 1355 1840 1396 amorem
1867 1359 1880 1407 ;

361 1417 633 1489 Principis
651 1422 967 1495 agminibus
999 1433 1296 1496 properant
1325 1427 1563 1482 invisere
1585 1429 1742 1483 multi

361 1507 536 1578 Atque
563 1509 743 1565 levare
771 1526 870 1581 pro
901 1513 1119 1587 pulsum
1138 1515 1403 1570 lenimine
1429 1533 1650 1587 papam.

359 1597 510 1654 Tunc
545 1601 743 1657 Africae
775 1605 886 1667 lux,
918 1584 1017 1659 ore
1047 1605 1158 1660 fide
1189 1584 1723 1679 Cyprianus—Opima,

362 1691 495 1746 Huic
516 1692 702 1768 jungit
733 1697 1117 1765 radiosjubari
1146 1699 1418 1772 signando
1451 1700 1632 1755 beatis

359 1785 763 1840 Crammatibus
782 1787 980 1842 valida:
1009 1789 1247 1844 Celerini
1279 1799 1436 1864 gesta
1470 1793 1723 1862 palcstrae
1759 1811 1771 1848 :

371 1880 726 1951 Comperiens
758 1883 960 1938 multos
986 1901 1143 1954 papae
1174 1885 1446 1942 solamina
1469 1887 1615 1943 ferre

365 1973 666 2040 Grassator,
703 1983 922 2029 revocat
947 1975 1200 2048 falsoque
1231 1979 1570 2049 s0phismate
1600 1981 1810 2050 justum

370 2069 676 2136 lnsimulat,
708 2079 898 2127 contra
921 2073 1069 2144 quod
1102 2074 1326 2145 publica
1335 2075 1460 2144 jura
1490 2077 1711 2132 libellos

366 2159 674 2231 Sumpserit
702 2177 765 2215 ac
795 2162 1028 2217 schedas
1050 2165 1346 2238 peregrino
1377 2181 1408 2219 a
1435 2166 1618 2222 littore
1651 2167 1808 2224 latas.

373 2271 393 2297 ι
432 2250 740 2306 Grammata
757 2253 973 2324 suscepi
994 2255 1210 2310 Domini
1229 2271 1398 2326 super
1424 2258 1554 2328 (ille)
1577 2274 1804 2326 corona,

369 2342 482 2396 Non
525 2359 637 2398 rem
669 2345 966 2400 Romanam
997 2347 1082 2402 vel
1127 2349 1348 2417 publica
1397 2353 1688 2408 commoda
1723 2362 1934 2410 contra.
1967 2378 1987 2406 ιι

367 2435 431 2487 At
459 2435 602 2490 veris
630 2435 782 2491 furor
803 2437 1010 2492 auditis
1039 2437 1285 2505 effervet,
1319 2448 1374 2496 et
1398 2457 1494 2497 ora

365 2525 494 2578 Tam
537 2535 790 2597 prompte
813 2529 1038 2598 plumbo
1056 2537 1164 2585 tam
1201 2549 1338 2603 pura
1359 2532 1589 2589 fatentia
1612 2537 1818 2592 tundit.

366 2618 701 2688 Oppressare
735 2621 920 2676 hebeti
955 2622 1112 2678 nisus
1142 2625 1467 2681 discrimine
1485 2645 1681 2683 verum

365 2707 592 2762 Ducitur
630 2708 759 2764 hinc
790 2710 992 2780 praesul
1026 2711 1286 2767 Mavortia
1324 2729 1477 2770 sacra
1504 2716 1738 2779 litatum,

367 2797 462 2850 Sin
497 2809 749 2853 temnens
788 2807 1005 2866 renuat,
1037 2803 1238 2857 crudas
1268 2813 1539 2861 mactetur
1559 2808 1626 2861 ad
1655 2824 1793 2862 aras.

367 2886 502 2940 Dum
534 2902 689 2942 sacra
714 2887 956 2944 facturus
985 2899 1245 2960 properat
1271 2893 1448 2967 magis
1481 2894 1604 2965 ipse
1662 2897 1987 2964 sacrandus,

323 3020 340 3031 .
372 2977 479 3032 Hac
499 2994 563 3032 ex
595 2978 789 3034 militia
819 2981 1044 3051 quidam
1079 2983 1306 3038 Cerialis
1337 2985 1530 3040 adacta

370 3066 623 3138 Quinque
654 3083 752 3138 per
779 3077 1000 3124 aestates
1040 3071 1201 3126 cunis
1233 3089 1330 3142 pro
1354 3074 1593 3147 conjuge
1627 3076 1824 3146 poscit,

371 3155 541 3223 Hujus
567 3163 626 3211 ut
653 3156 708 3210 in
742 3157 858 3212 visu
891 3158 1069 3213 valeat
1099 3161 1342 3234 gaudere
1369 3163 1548 3218 salute

370 3245 504 3311 Ejus
529 3252 582 3299 at
611 3245 702 3299 ille
731 3247 955 3301 domum
972 3249 1202 3303 subiens
1231 3251 1374 3305 hanc
1402 3251 1566 3326 erigit
1596 3255 1794 3326 (aiens)
1830 3273 1842 3310 :

375 3335 616 3409 «Surge,
653 3337 874 3408 tuisque
904 3338 1046 3393 insta
1077 3339 1314 3409 pedibus
1351 3343 1453 3396 sub
1512 3344 1738 3400 nomine
1776 3346 1928 3402 Jesu.
1971 3369 1989 3396 ι

372 3427 523 3483 Illico
555 3429 675 3483 laeta
697 3428 846 3482 subit
876 3437 1141 3501 percepto
1164 3433 1388 3500 robore,
1417 3451 1610 3490 verum

371 3515 498 3568 Esse
521 3516 614 3569 Dei
639 3516 886 3588 genitum
920 3518 1165 3572 clamans
1194 3520 1453 3576 Sallustia
1482 3522 1780 3593 Christum,

373 3604 432 3658 Et
461 3620 691 3659 currens
710 3621 805 3659 vas
835 3605 1031 3676 implet
1061 3622 1226 3678 aqua,
1259 3611 1515 3679 conjurat
1537 3621 1591 3666 et
1615 3621 1733 3668 orat

372 3695 496 3764 Ipsa
526 3695 738 3750 lavacra
764 3695 950 3751 ferens
973 3696 1147 3751 sacris
1176 3713 1238 3752 se
1266 3700 1519 3774 spargier
1544 3703 1712 3757 undis
1741 3720 1756 3767 ;

2088 617 2186 681 Qui
2223 619 2422 689 punire
2452 619 2566 675 dati
2598 620 2947 692 pedibusque
2961 620 3270 678 advolvitur
3285 620 3436 674 ultor

2087 705 2364 773 Concessi,
2397 709 2686 780 poscitque
2716 709 2906 764 datum
2946 709 3050 763 sibi
3085 709 3274 763 munia
3303 707 3454 763 ferre
3487 726 3504 774 ;

2085 793 2350 849 Subditur
2387 796 2608 851 addicto
2640 806 3140 868 consternaturque
3171 797 3425 851 subacto.

2087 885 2184 939 Ille
2214 886 2298 940 sui
2331 893 2654 943 tractatorcs
2683 904 2842 944 verso
2869 889 3068 944 ordine
3099 896 3312 954 tractat,

2088 977 2462 1052 Captoresque
2492 980 2662 1051 capit,
2688 982 3151 1054 devinctoresque
3174 982 3432 1050 revincit,

2084 1069 2478 1142 Emaculatque
2507 1071 2674 1126 undis
2703 1087 2826 1126 sese
2857 1071 3069 1128 foedare
3102 1081 3359 1142 parantes
3386 1091 3401 1139 ;

2083 1157 2305 1230 Quique
2336 1159 2660 1215 laborabant
2681 1161 2829 1215 hunc
2855 1160 3132 1215 associare
3162 1159 3416 1230 profanis

2087 1247 2390 1319 Participes
2420 1248 2616 1304 Christi
2657 1249 2747 1320 pia
2773 1250 2866 1304 dat
2893 1265 2992 1321 per
3022 1251 3282 1320 mysteria
3311 1252 3512 1318 sacris,

2084 1337 2248 1393 Addit
2272 1345 2327 1392 et
2358 1338 2614 1394 Ecclesia
2645 1339 2887 1393 nitentes
2915 1355 2977 1394 se
3002 1339 3210 1395 addere
3243 1342 3429 1408 larvas,

2083 1427 2338 1482 Annectit
2368 1427 2524 1482 nexis
2551 1427 2847 1482 tendentes
2877 1427 3135 1483 scindere
3165 1444 3359 1491 nexos,

2083 1524 2275 1576 Saevus
2307 1522 2361 1576 id
2387 1539 2521 1577 aure
2552 1523 2777 1576 trahens
2798 1522 3292 1594 Deciusmittitque
3316 1531 3592 1596 tenetque.

2085 1613 2438 1676 Candidulos,
2467 1612 2709 1682 (lucique
2727 1611 2899 1664 sacris
2929 1627 3054 1666 cum
3089 1612 3328 1682 praesule
3359 1615 3630 1680 mandat,

2086 1702 2202 1757 Mox
2235 1701 2416 1772 puniri
2445 1700 2555 1754 aris
2582 1701 2628 1774 si
2662 1716 2870 1771 ponere
2893 1703 3053 1755 thura
3078 1710 3397 1757 retractent.

2081 1792 2312 1846 Tirones
2341 1791 2527 1844 divina
2559 1790 2725 1845 rudes
2751 1791 2820 1844 ad
2851 1791 2997 1845 bella
3029 1793 3291 1867 magistro

2031 1886 2058 1911 "
2089 1888 2446 1942 Praecedente
2486 1887 2713 1952 abeunt,
2744 1902 2812 1941 ne
2833 1886 2946 1941 fors
2974 1903 3005 1940 a
3037 1888 3291 1958 principe
3325 1895 3512 1943 turma

2091 1983 2413 2037 Desciscens
2436 1981 2583 2037 hosti
2617 1988 2892 2052 praecepta
2918 1987 3126 2052 tmpeea
3155 1981 3416 2036 remittat.

2096 2074 2306 2128 Incedit
2335 2073 2536 2144 praesul
2571 2078 2721 2128 tutus
2749 2072 3071 2127 caelestibus
3103 2073 3292 2139 armis,

2094 2166 2265 2230 Quem
2296 2163 2501 2239 gaudet
2522 2178 2663 2218 nova
2690 2169 2868 2217 turma
2898 2163 3078 2233 sequi,
3108 2170 3386 2234 sputoque
3413 2163 3631 2219 sacello

2094 2259 2321 2311 Sumere
2353 2255 2637 2326 conspersi
2670 2261 2944 2309 maturant
2971 2255 3244 2330 sanguine
3274 2257 3519 2326 palmam
3558 2298 3575 2320 ,

2097 2349 2242 2420 Papa
2281 2355 2578 2403 coronatus
2598 2362 2739 2418 quos
2759 2347 2964 2402 aethera
2995 2347 3213 2401 ducitin
3241 2347 3433 2403 altum.

2097 2438 2159 2491 At
2194 2437 2396 2492 Lucina
2420 2436 2509 2506 pio
2537 2434 2738 2489 mulier
2760 2434 3099 2489 venerabilis
3125 2443 3271 2500 actu,

2099 2530 2133 2583 F
2140 2530 2250 2584 ulta
2278 2529 2371 2583 Dei
2404 2528 2574 2593 clero,
2608 2526 2876 2581 famulum
2905 2526 3144 2597 stipante
3171 2533 3410 2589 caterva,

2093 2621 2418 2673 Sanctorum
2459 2633 2613 2671 sacra
2643 2615 3043 2687 membralegit
3071 2623 3378 2688 cryptaque
3409 2616 3611 2671 Calixti

2095 2708 2266 2780 inque
2306 2722 2406 2761 suo
2447 2707 2595 2761 cultu
2626 2706 2875 2777 pollente
2897 2704 3212 2759 recondidit
3240 2721 3398 2774 arvo,

2096 2797 2264 2865 Hujus
2293 2797 2513 2850 Lucina:
2544 2794 2835 2851 Cornelius
2861 2794 2966 2848 iste
2996 2800 3190 2868 rogatu

2093 2891 2415 2944 Sanctorum
2443 2904 2736 2959 procerum
2767 2887 3103 2943 catacumbis
3131 2902 3255 2942 ossa
3287 2887 3518 2952 levarat,

2095 2983 2434 3055 Legaratque
2465 2979 2606 3034 Petri
2640 2979 2744 3034 sub
2775 2985 2960 3034 monte
2991 2978 3224 3034 Neronia
3253 2978 3306 3032 in
3337 2978 3546 3045 aulam,

2093 3071 2302 3124 Aureus
2345 3071 2398 3123 in
2432 3069 2695 3123 Vaticano
2728 3067 2820 3139 qui
2854 3067 3055 3134 dictus,
3090 3075 3145 3121 et
3169 3067 3223 3120 in
3255 3081 3368 3137 quo

2097 3159 2420 3212 Arcitenens
2439 3164 2632 3212 nactus
2661 3156 2935 3210 habitarat
2962 3155 3199 3210 delubra
3225 3154 3490 3210 thbus.

2027 3214 2075 3278 (ἱ
2102 3254 2224 3323 Ipse
2255 3252 2434 3306 locum
2457 3251 2615 3319 juxta
2640 3265 2802 3304 cruce
2833 3263 2943 3320 quo
2974 3247 3298 3303 conscendit
3318 3247 3374 3300 in
3401 3253 3552 3301 astra

2099 3342 2386 3395 Sidereum
2421 3338 2634 3408 Cephas
2659 3337 2952 3392 Dominum
2986 3353 3085 3406 per
3113 3335 3260 3391 celsa
3297 3344 3547 3400 secutus,

2100 3433 2335 3506 Pignora
2377 3439 2506 3485 tunc
2535 3429 2687 3484 Pauli
2717 3429 2898 3484 studio
2927 3429 3018 3483 via
3041 3429 3282 3499 sumpsit
3311 3426 3509 3481 eodem

2104 3523 2405 3589 Hostensis,
2437 3521 2636 3592 capitis
2654 3538 2766 3592 qua
2786 3535 3020 3592 corpore
3051 3519 3202 3575 caede
3231 3518 3451 3574 solutus

2101 3615 2398 3681 Quaesitum
2432 3612 2642 3669 Christo
2671 3612 2845 3669 subiit
2863 3611 3188 3668 convinctus
3216 3611 3509 3666 honorem.

1865 3827 2077 3886 CAPUT
2127 3831 2232 3886 XV.

1581 3926 1659 3986 De
1680 3931 1908 3989 sanctis
1939 3931 2141 3990 Abdon
2177 3940 2229 3990 et
2255 3933 2514 3991 Sennen.

373 4035 524 4089 Haud
557 4043 768 4092 tantum
789 4039 844 4092 in
876 4054 1136 4109 proceres
1166 4047 1337 4094 totum
1366 4041 1500 4111 quin
1530 4041 1686 4097 saevit
1711 4043 1768 4097 in
1797 4060 1995 4119 agmen

371 4123 577 4179 Militia:
607 4124 759 4180 furor
787 4125 876 4181 hic
905 4126 1154 4190 rabidus,
1187 4128 1408 4198 lateque
1437 4131 1712 4199 petendos

368 4215 622 4270 Decernit
644 4217 848 4283 Justos,
881 4219 1086 4288 patrias
1117 4217 1434 4288 lymphatus
1461 4220 1516 4274 in
1544 4238 1758 4290 omnes,

369 4310 484 4372 Qua
511 4309 824 4365 dominatur
862 4312 1008 4366 hera:
1031 4311 1298 4383 probrosa
1329 4314 1576 4383 potentia
1603 4316 1810 4384 Romae,

370 4400 794 4474 lnsequiturque
826 4402 948 4474 pios
977 4419 1211 4477 magnus
1233 4420 1342 4475 qua
1364 4406 1610 4462 tenditur
1637 4407 1788 4462 orbis
1817 4426 1829 4461 :

371 4495 598 4549 Discutit
625 4495 913 4563 Occasum;
942 4497 1113 4552 ditem
1150 4499 1380 4554 rimatur
1409 4501 1578 4556 Eoum

368 4586 763 4660 Sepositosque
795 4591 986 4660 procul
1016 4592 1194 4662 quatit
1223 4592 1343 4647 haec
1371 4592 1573 4662 injuria
1602 4595 1810 4650 Persas.

373 4674 489 4729 Huc
518 4675 667 4729 Decii
685 4675 868 4732 rabies
889 4677 1048 4733 furiis
1077 4679 1306 4735 advecta
1337 4697 1650 4751 pererrans.

371 4765 638 4822 Primates
665 4768 850 4842 gentis
870 4769 1111 4826 Sennem
1140 4772 1247 4826 sibi
1279 4775 1502 4829 mandat
1533 4783 1586 4831 et
1610 4776 1803 4832 Abdon

373 4857 679 4913 Praesentes
709 4858 852 4922 ﬁeri,
885 4861 1092 4916 cultum
1121 4863 1328 4933 quibus
1366 4867 1669 4936 opprobrat
1697 4868 1924 4937 almum,

375 4949 550 5021 thue
580 4951 722 5005 Deos
745 4957 1166 5008 contemnentes
1191 4954 1304 5009 sint
1328 4955 1454 5024 jure
1480 4956 1695 5013 subacti

372 5043 634 5098 Romanis
671 5045 1148 5111 merito,victores
1179 5047 1290 5103 imo
1318 5048 1562 5104 fatentur

371 5133 441 5187 Se
460 5132 677 5189 Christo
707 5134 989 5191 tribuente
1016 5136 1148 5202 Deo,
1170 5153 1280 5209 quo
1311 5154 1480 5213 regna
1507 5139 1867 5211 triumphant,

373 5221 646 5291 Perﬁdiae,
667 5228 828 5296 cujus
859 5227 1085 5282 laudant
1116 5228 1170 5282 in
1194 5231 1399 5285 saacula
1425 5232 1668 5299 culmen,

370 5315 621 5384 Dumque
640 5325 924 5374 catenatos
942 5322 1194 5376 custodia
1223 5322 1457 5393 suscipit
1485 5329 1605 5378 arta

371 5403 692 5462 Gloriﬁcaut
720 5407 1017 5474 Christum,
1075 5413 1248 5469 decus
1295 5413 1350 5468 id
1392 5413 1540 5486 quod
1597 5431 1820 5489 semper
1843 5433 1998 5472 ama—

1804 5517 1926 5564 rant

372 5587 500 5656 Ejus
531 5587 822 5658 magniﬁca
851 5595 1134 5662 gratanter
1162 5593 1324 5650 laude
1355 5594 1617 5650 ferentes.
1784 5509 1799 5579 [

370 5677 510 5733 Hinc
537 5674 631 5730 alii
663 5678 798 5732 tenti
826 5692 1031 5748 supera
1061 5695 1159 5745 pro
1190 5684 1312 5759 lege
1351 5692 1639 5740 necantur.

368 5769 460 5825 Bis
490 5767 656 5822 binos
683 5768 847 5838 plena
877 5772 1008 5839 post
1038 5764 1222 5830 fronte
1254 5781 1628 5845 resumpserat
1655 5777 1820 5834 orbes

367 5855 618 5930 Cynthia,
642 5853 940 5913 Romularis
970 5849 1153 5910 Caesar
1176 5860 1306 5917 dum
1339 5859 1612 5917 maenibus
1639 5861 1774 5920 istos

2101 4046 2316 4100 invehit
2342 4051 2505 4116 atque
2538 4049 2691 4114 parat
2719 4042 2788 4096 de
2817 4040 3035 4096 invictis
3063 4039 3210 4094 clara
3240 4045 3467 4109 tropaea,

2099 4139 2221 4193 Fert
2247 4155 2305 4192 se
2337 4138 2599 4192 victorem
2620 4134 2771 4190 velut
2797 4148 2931 4188 ense
2960 4131 3244 4206 subegerit
3283 4131 3506 4195 hostes;

2095 4227 2194 4292 Qui
2229 4242 2338 4298 quo
2370 4226 2608 4280 victores
2641 4228 2888 4294 perstant
2913 4219 3179 4276 studuere
3208 4218 3417 4282 duello,

2091 4319 2276 4375 Acciet
2304 4317 2596 4383 Aineades,
2628 4320 2916 4389 magnetes
2945 4311 3145 4367 excolit
3172 4326 3329 4374 auro,

2095 4411 2325 4467 Exhibet
2354 4415 2580 4464 ornatos
2612 4406 2796 4461 baccis
2818 4405 3140 4474 cinctosque
3180 4401 3415 4467 catenis,

2095 4501 2360 4556 Monstrat
2395 4495 2733 4553 honorificos
2756 4509 2881 4549 sese
2911 4507 3207 4564 superasse
3233 4491 3556 4562 toparchas.

2103 4592 2313 4646 Laudes
2346 4589 2401 4643 in
2436 4586 2685 4660 proPrias
2716 4585 2921 4651 studet,
2955 4584 3157 4639 excitet
3185 4598 3282 4638 ora
3314 4583 3548 4654 popelli,

2098 4683 2503 4753 Praetenditque
2535 4680 2681 4734 feros
2711 4679 2901 4732 hostes
2931 4675 3409 4747 pictatisamicos:

2099 4775 2270 4830 Jactat
2293 4772 2539 4827 devictos
2561 4786 2655 4824 cor
2677 4768 2930 4822 libertate
2960 4773 3198 4829 tuentes,

2104 4875 2161 4920 In
2190 4865 2560 4933 manibusque
2582 4861 2738 4914 datos
2768 4858 3046 4914 calcantes
3080 4868 3297 4927 sceptra
3330 4856 3555 4912 fatetur.

2101 4953 2326 5008 Miratur
2349 4966 2638 5022 procerum
2672 4947 2927 5018 stupidus
2949 4946 3250 5001 reverenda
3281 4954 3515 5000 senatus

2101 5047 2203 5101 Ora
2223 5045 2513 5099 beatorum
2543 5041 2740 5096 Christi
2773 5059 2787 5105 ;
2821 5046 3141 5096 constanter
3169 5047 3223 5094 at
3252 5037 3329 5093 illi

2105 5143 2238 5197 Dum
2266 5155 2449 5195 coram
2483 5135 2743 5206 intrepidi
2771 5133 3052 5205 przeconia
3076 5133 3270 5188 coelica
3299 5131 3512 5198 fantur,

2101 5233 2322 5289 Devicto
2353 5229 2514 5284 Decio
2547 5228 2840 5282 traduntur
2871 5225 3182 5291 Valeriano,

2098 5321 2276 5388 Quini
2305 5317 2621 5374 thuriﬁcent
2649 5315 2826 5370 belvis
2869 5315 2970 5370 hos
2993 5313 3195 5384 pabula
3219 5312 3383 5384 leget.

2099 5415 2194 5470 llle
2224 5413 2369 5467 viros
2398 5409 2545 5464 ferus
2571 5406 2902 5482 aggrediens
2931 5413 3218 5476 segmenta
3248 5404 3487 5468 revellit,

2102 5501 2485 5570 Lathoidazque
2513 5497 2763 5552 litaturos
2787 5494 2936 5549 velut
2964 5494 3221 5549 admovet
3248 5492 3358 5546 aris
3386 5509 3398 5546 :

2101 5590 2264 5660 Cujus
2289 5598 2350 5645 ut
2374 5593 2708 5658 cxspuerant
2739 5583 2958 5650 faciem,
2982 5583 3318 5638 exsecranda
3346 5583 3665 5654 probantes

2099 5687 2202 5741 Ora
2231 5683 2326 5739 Dei
2361 5681 2590 5754 plumbo
2615 5679 2719 5734 sub
2753 5679 2880 5734 tecti
2910 5686 3062 5752 terga
3090 5684 3370 5748 petuntur.

2100 5772 2330 5829 Fortiter
2370 5770 2475 5825 ista
2509 5768 2616 5840 piis
2633 5766 3018 5833 tolerantibus,
3041 5781 3170 5821 ecce
3199 5764 3438 5820 ferarum

2099 5864 2348 5921 Poscitur
2379 5862 2481 5918 hos
2503 5864 2695 5915 contra
2719 5856 3006 5924 auxilium,
3036 5855 3357 5931 geminique
3387 5855 3623 5914 leones:

3620 399 3735 455 668

2015 532 2062 595 λ
2090 524 2535 600 Cunctorumque
2566 545 2761 599 preces
2783 527 2944 597 hujus
2970 543 3097 583 mox
3127 536 3254 584 vota
3281 534 3606 600 sequuntur
3640 544 3656 591 ;
