  <div class='ocr_page' id='page_1' title='image "/cluster/home/n/w/nwhite01/storage/ocr_20150623/134-135/uc1.31175013627537/854.png"; bbox 0 0 3890 6410; ppageno 0'>
   <div class='ocr_carea' id='block_1_1' title="bbox 183 399 286 455">
    <p class='ocr_par' dir='ltr' id='par_1_1' title="bbox 183 399 286 455">
     <span class='ocr_line' id='line_1_1' title="bbox 183 399 286 455; baseline 0.019 -3"><span class='ocrx_word' id='word_1_1' title='bbox 183 399 286 455; x_wconf 88' lang='grc'>669</span> 
     </span>
    </p>
   </div>
   <div class='ocr_carea' id='block_1_2' title="bbox 183 524 1522 602">
    <p class='ocr_par' dir='ltr' id='par_1_2' title="bbox 183 524 1522 602">
     <span class='ocr_line' id='line_1_2' title="bbox 183 524 1522 602; baseline 0.01 -24"><span class='ocrx_word' id='word_1_2' title='bbox 183 524 425 589; x_wconf 82' lang='lat' dir='ltr'><strong>Quatuor</strong></span> <span class='ocrx_word' id='word_1_3' title='bbox 455 532 621 598; x_wconf 91' lang='lat' dir='ltr'><strong>atque</strong></span> <span class='ocrx_word' id='word_1_4' title='bbox 651 527 764 582; x_wconf 89' lang='lat' dir='ltr'><strong>dati</strong></span> <span class='ocrx_word' id='word_1_5' title='bbox 798 530 1084 584; x_wconf 82' lang='lat' dir='ltr'><strong>metuendi</strong></span> <span class='ocrx_word' id='word_1_6' title='bbox 1120 532 1351 588; x_wconf 78' lang='lat' dir='ltr'><strong>rictibus</strong></span> <span class='ocrx_word' id='word_1_7' title='bbox 1386 537 1522 602; x_wconf 91' lang='lat' dir='ltr'><strong>ursi,</strong></span> 
     </span>
    </p>
   </div>
   <div class='ocr_carea' id='block_1_3' title="bbox 183 615 1738 692">
    <p class='ocr_par' dir='ltr' id='par_1_3' title="bbox 183 615 1738 692">
     <span class='ocr_line' id='line_1_3' title="bbox 183 615 1738 692; baseline 0.012 -22"><span class='ocrx_word' id='word_1_8' title='bbox 183 615 504 673; x_wconf 87' lang='lat' dir='ltr'><strong>Sanctorum</strong></span> <span class='ocrx_word' id='word_1_9' title='bbox 527 636 704 692; x_wconf 88' lang='lat' dir='ltr'><strong>usque</strong></span> <span class='ocrx_word' id='word_1_10' title='bbox 731 621 903 691; x_wconf 89' lang='lat' dir='ltr'><strong>pedes</strong></span> <span class='ocrx_word' id='word_1_11' title='bbox 927 621 1176 680; x_wconf 74' lang='lat' dir='ltr'><strong>fremitus</strong></span> <span class='ocrx_word' id='word_1_12' title='bbox 1208 626 1435 683; x_wconf 90' lang='lat' dir='ltr'><strong>horrore</strong></span> <span class='ocrx_word' id='word_1_13' title='bbox 1466 629 1738 692; x_wconf 88' lang='lat' dir='ltr'><strong>feruntur.</strong></span> 
     </span>
    </p>
   </div>
   <div class='ocr_carea' id='block_1_4' title="bbox 188 706 1524 787">
    <p class='ocr_par' dir='ltr' id='par_1_4' title="bbox 188 706 1524 787">
     <span class='ocr_line' id='line_1_4' title="bbox 188 706 1524 787; baseline 0.01 -28"><span class='ocrx_word' id='word_1_14' title='bbox 188 706 392 778; x_wconf 89' lang='lat' dir='ltr'><strong>Hicque</strong></span> <span class='ocrx_word' id='word_1_15' title='bbox 425 709 551 782; x_wconf 87' lang='lat' dir='ltr'><strong>agni</strong></span> <span class='ocrx_word' id='word_1_16' title='bbox 584 709 752 764; x_wconf 88' lang='lat' dir='ltr'><strong>veluti</strong></span> <span class='ocrx_word' id='word_1_17' title='bbox 789 718 946 780; x_wconf 88' lang='lat' dir='ltr'><strong>pacto</strong></span> <span class='ocrx_word' id='word_1_18' title='bbox 973 712 1197 780; x_wconf 88' lang='lat' dir='ltr'><strong>jacuere</strong></span> <span class='ocrx_word' id='word_1_19' title='bbox 1227 719 1524 787; x_wconf 88' lang='lat' dir='ltr'><strong>stupendo,</strong></span> 
     </span>
    </p>
   </div>
   <div class='ocr_carea' id='block_1_5' title="bbox 191 797 1562 876">
    <p class='ocr_par' dir='ltr' id='par_1_5' title="bbox 191 797 1562 876">
     <span class='ocr_line' id='line_1_5' title="bbox 191 797 1562 876; baseline 0.01 -27"><span class='ocrx_word' id='word_1_20' title='bbox 191 797 331 851; x_wconf 84' lang='lat' dir='ltr'><strong>Lene</strong></span> <span class='ocrx_word' id='word_1_21' title='bbox 354 797 498 853; x_wconf 90' lang='lat' dir='ltr'><strong>feras</strong></span> <span class='ocrx_word' id='word_1_22' title='bbox 528 809 586 854; x_wconf 92' lang='lat' dir='ltr'><strong>ut</strong></span> <span class='ocrx_word' id='word_1_23' title='bbox 615 801 669 854; x_wconf 93' lang='lat' dir='ltr'><strong>in</strong></span> <span class='ocrx_word' id='word_1_24' title='bbox 690 801 1024 874; x_wconf 86' lang='lat' dir='ltr'><strong>obsequium</strong></span> <span class='ocrx_word' id='word_1_25' title='bbox 1053 804 1273 859; x_wconf 86' lang='lat' dir='ltr'><strong>venisse</strong></span> <span class='ocrx_word' id='word_1_26' title='bbox 1297 808 1562 876; x_wconf 78' lang='lat' dir='ltr'><strong>probares</strong></span> 
     </span>
    </p>
   </div>
   <div class='ocr_carea' id='block_1_6' title="bbox 189 889 1489 966">
    <p class='ocr_par' dir='ltr' id='par_1_6' title="bbox 189 889 1489 966">
     <span class='ocr_line' id='line_1_6' title="bbox 189 889 1489 966; baseline 0.01 -25"><span class='ocrx_word' id='word_1_27' title='bbox 189 889 640 962; x_wconf 87' lang='lat' dir='ltr'><strong>Belligeratorum</strong></span> <span class='ocrx_word' id='word_1_28' title='bbox 669 891 868 947; x_wconf 81' lang='lat' dir='ltr'><strong>Christi</strong></span> <span class='ocrx_word' id='word_1_29' title='bbox 901 910 1044 965; x_wconf 92' lang='lat' dir='ltr'><strong>quos</strong></span> <span class='ocrx_word' id='word_1_30' title='bbox 1077 911 1212 964; x_wconf 84' lang='lat' dir='ltr'><strong>pace</strong></span> <span class='ocrx_word' id='word_1_31' title='bbox 1245 904 1489 966; x_wconf 75' lang='lat' dir='ltr'><strong>tuantur,</strong></span> 
     </span>
    </p>
   </div>
   <div class='ocr_carea' id='block_1_7' title="bbox 189 979 1561 1057">
    <p class='ocr_par' dir='ltr' id='par_1_7' title="bbox 189 979 1561 1057">
     <span class='ocr_line' id='line_1_7' title="bbox 189 979 1561 1057; baseline 0.011 -26"><span class='ocrx_word' id='word_1_32' title='bbox 189 979 493 1034; x_wconf 79' lang='lat' dir='ltr'><strong>Delluarum</strong></span> <span class='ocrx_word' id='word_1_33' title='bbox 522 982 712 1036; x_wconf 85' lang='lat' dir='ltr'><strong>feritas</strong></span> <span class='ocrx_word' id='word_1_34' title='bbox 742 983 985 1041; x_wconf 86' lang='lat' dir='ltr'><strong>humana</strong></span> <span class='ocrx_word' id='word_1_35' title='bbox 1019 985 1073 1038; x_wconf 93' lang='lat' dir='ltr'><strong>in</strong></span> <span class='ocrx_word' id='word_1_36' title='bbox 1097 996 1320 1056; x_wconf 88' lang='lat' dir='ltr'><strong>pectora</strong></span> <span class='ocrx_word' id='word_1_37' title='bbox 1344 990 1561 1057; x_wconf 82' lang='lat' dir='ltr'><strong>transit,</strong></span> 
     </span>
    </p>
   </div>
   <div class='ocr_carea' id='block_1_8' title="bbox 187 1068 1602 1148">
    <p class='ocr_par' dir='ltr' id='par_1_8' title="bbox 187 1068 1602 1148">
     <span class='ocr_line' id='line_1_8' title="bbox 187 1068 1602 1148; baseline 0.01 -27"><span class='ocrx_word' id='word_1_38' title='bbox 187 1068 547 1141; x_wconf 91' lang='lat' dir='ltr'><strong>Belluinoque</strong></span> <span class='ocrx_word' id='word_1_39' title='bbox 578 1070 773 1142; x_wconf 87' lang='lat' dir='ltr'><strong>legunt</strong></span> <span class='ocrx_word' id='word_1_40' title='bbox 795 1072 1052 1128; x_wconf 87' lang='lat' dir='ltr'><strong>homines</strong></span> <span class='ocrx_word' id='word_1_41' title='bbox 1082 1073 1294 1130; x_wconf 83' lang='lat' dir='ltr'><strong>fervore</strong></span> <span class='ocrx_word' id='word_1_42' title='bbox 1328 1080 1602 1148; x_wconf 91' lang='lat' dir='ltr'><strong>petendos</strong></span> 
     </span>
    </p>
   </div>
   <div class='ocr_carea' id='block_1_9' title="bbox 184 1159 1370 1239">
    <p class='ocr_par' dir='ltr' id='par_1_9' title="bbox 184 1159 1370 1239">
     <span class='ocr_line' id='line_1_9' title="bbox 184 1159 1370 1239; baseline 0.008 -26"><span class='ocrx_word' id='word_1_43' title='bbox 184 1159 412 1216; x_wconf 84' lang='lat' dir='ltr'><strong>Paciﬁce</strong></span> <span class='ocrx_word' id='word_1_44' title='bbox 448 1179 479 1216; x_wconf 89' lang='lat' dir='ltr'><strong>a</strong></span> <span class='ocrx_word' id='word_1_45' title='bbox 511 1163 688 1219; x_wconf 90' lang='lat' dir='ltr'><strong>belvis</strong></span> <span class='ocrx_word' id='word_1_46' title='bbox 713 1165 954 1220; x_wconf 89' lang='lat' dir='ltr'><strong>humana</strong></span> <span class='ocrx_word' id='word_1_47' title='bbox 977 1167 1101 1239; x_wconf 79' lang='lat' dir='ltr'><strong>lege</strong></span> <span class='ocrx_word' id='word_1_48' title='bbox 1133 1169 1370 1238; x_wconf 84' lang='lat' dir='ltr'><strong>petitos;</strong></span> 
     </span>
    </p>
   </div>
   <div class='ocr_carea' id='block_1_10' title="bbox 812 403 2926 475">
    <p class='ocr_par' dir='ltr' id='par_1_10' title="bbox 812 403 2926 475">
     <span class='ocr_line' id='line_1_10' title="bbox 812 403 2926 475; baseline 0.009 -20"><span class='ocrx_word' id='word_1_49' title='bbox 812 403 896 457; x_wconf 86' lang='lat' dir='ltr'><strong>DE</strong></span> <span class='ocrx_word' id='word_1_50' title='bbox 936 403 1199 462; x_wconf 80' lang='lat' dir='ltr'><strong>CHRISTI</strong></span> <span class='ocrx_word' id='word_1_51' title='bbox 1242 408 1604 468; x_wconf 80' lang='lat' dir='ltr'><strong>TRIUMPHIS</strong></span> <span class='ocrx_word' id='word_1_52' title='bbox 1647 417 1820 473; x_wconf 85' lang='lat' dir='ltr'><strong>APUD</strong></span> <span class='ocrx_word' id='word_1_53' title='bbox 1863 419 2132 474; x_wconf 82' lang='lat' dir='ltr'><strong>ITALIAM</strong></span> <span class='ocrx_word' id='word_1_54' title='bbox 2172 419 2349 474; x_wconf 82' lang='lat' dir='ltr'><strong>LIBRI</strong></span> <span class='ocrx_word' id='word_1_55' title='bbox 2392 417 2520 472; x_wconf 81' lang='lat' dir='ltr'><strong>XIV.</strong></span> <span class='ocrx_word' id='word_1_56' title='bbox 2567 447 2620 457; x_wconf 83' lang='lat'><strong>-—</strong></span> <span class='ocrx_word' id='word_1_57' title='bbox 2672 418 2796 472; x_wconf 86' lang='lat' dir='ltr'><strong>LIB.</strong></span> <span class='ocrx_word' id='word_1_58' title='bbox 2841 417 2926 475; x_wconf 90' lang='lat' dir='ltr'><strong>IV.</strong></span> 
     </span>
    </p>
   </div>
   <div class='ocr_carea' id='block_1_11' title="bbox 3431 415 3539 470">
    <p class='ocr_par' dir='ltr' id='par_1_11' title="bbox 3431 415 3539 470">
     <span class='ocr_line' id='line_1_11' title="bbox 3431 415 3539 470; baseline 0 -1"><span class='ocrx_word' id='word_1_59' title='bbox 3431 415 3539 470; x_wconf 86' lang='lat'><strong>670</strong></span> 
     </span>
    </p>
   </div>
   <div class='ocr_carea' id='block_1_12' title="bbox 1839 537 3387 615">
    <p class='ocr_par' dir='ltr' id='par_1_12' title="bbox 1839 537 3387 615">
     <span class='ocr_line' id='line_1_12' title="bbox 1839 537 3387 615; baseline -0.003 -19"><span class='ocrx_word' id='word_1_60' title='bbox 1839 551 1882 613; x_wconf 75' lang='grc' dir='ltr'>Α</span> <span class='ocrx_word' id='word_1_61' title='bbox 1915 542 2305 615; x_wconf 79' lang='lat' dir='ltr'><strong>Mittanturque</strong></span> <span class='ocrx_word' id='word_1_62' title='bbox 2326 540 2582 596; x_wconf 88' lang='lat' dir='ltr'><strong>homines</strong></span> <span class='ocrx_word' id='word_1_63' title='bbox 2623 539 2823 595; x_wconf 84' lang='lat' dir='ltr'><strong>furiata</strong></span> <span class='ocrx_word' id='word_1_64' title='bbox 2853 549 3038 594; x_wconf 90' lang='lat' dir='ltr'><strong>mente</strong></span> <span class='ocrx_word' id='word_1_65' title='bbox 3069 537 3387 604; x_wconf 88' lang='lat' dir='ltr'><strong>frementes,</strong></span> 
     </span>
    </p>
   </div>
   <div class='ocr_carea' id='block_1_13' title="bbox 1914 631 3286 707">
    <p class='ocr_par' dir='ltr' id='par_1_13' title="bbox 1914 631 3286 707">
     <span class='ocr_line' id='line_1_13' title="bbox 1914 631 3286 707; baseline -0.003 -18"><span class='ocrx_word' id='word_1_66' title='bbox 1914 635 2088 707; x_wconf 82' lang='lat' dir='ltr'><strong>Atque</strong></span> <span class='ocrx_word' id='word_1_67' title='bbox 2119 634 2246 690; x_wconf 67' lang='lat' dir='ltr'><strong>ferae</strong></span> <span class='ocrx_word' id='word_1_68' title='bbox 2278 633 2438 688; x_wconf 91' lang='lat' dir='ltr'><strong>mites</strong></span> <span class='ocrx_word' id='word_1_69' title='bbox 2464 649 2605 704; x_wconf 89' lang='lat' dir='ltr'><strong>quos</strong></span> <span class='ocrx_word' id='word_1_70' title='bbox 2635 647 2949 696; x_wconf 80' lang='lat' dir='ltr'><strong>servavere,</strong></span> <span class='ocrx_word' id='word_1_71' title='bbox 2990 631 3286 686; x_wconf 88' lang='lat' dir='ltr'><strong>trucidant.</strong></span> 
     </span>
    </p>
   </div>
   <div class='ocr_carea' id='block_1_14' title="bbox 1915 720 3052 779">
    <p class='ocr_par' dir='ltr' id='par_1_14' title="bbox 1915 720 3052 779">
     <span class='ocr_line' id='line_1_14' title="bbox 1915 720 3052 779; baseline -0.002 -3"><span class='ocrx_word' id='word_1_72' title='bbox 1915 723 2162 779; x_wconf 87' lang='lat' dir='ltr'><strong>Perfecto</strong></span> <span class='ocrx_word' id='word_1_73' title='bbox 2183 725 2262 778; x_wconf 87' lang='lat' dir='ltr'><strong>sic</strong></span> <span class='ocrx_word' id='word_1_74' title='bbox 2294 723 2508 778; x_wconf 87' lang='lat' dir='ltr'><strong>emeriti</strong></span> <span class='ocrx_word' id='word_1_75' title='bbox 2543 721 2845 776; x_wconf 87' lang='lat' dir='ltr'><strong>certamine</strong></span> <span class='ocrx_word' id='word_1_76' title='bbox 2877 720 3052 776; x_wconf 87' lang='lat' dir='ltr'><strong>functi</strong></span> 
     </span>
    </p>
   </div>
   <div class='ocr_carea' id='block_1_15' title="bbox 1913 811 3356 884">
    <p class='ocr_par' dir='ltr' id='par_1_15' title="bbox 1913 811 3356 884">
     <span class='ocr_line' id='line_1_15' title="bbox 1913 811 3356 884; baseline -0.001 -17"><span class='ocrx_word' id='word_1_77' title='bbox 1913 815 2145 870; x_wconf 66' lang='lat' dir='ltr'><strong>Athletae</strong></span> <span class='ocrx_word' id='word_1_78' title='bbox 2176 815 2417 870; x_wconf 89' lang='lat' dir='ltr'><strong>subeunt</strong></span> <span class='ocrx_word' id='word_1_79' title='bbox 2444 814 2589 869; x_wconf 90' lang='lat' dir='ltr'><strong>victo</strong></span> <span class='ocrx_word' id='word_1_80' title='bbox 2617 813 2804 884; x_wconf 90' lang='lat' dir='ltr'><strong>polum</strong></span> <span class='ocrx_word' id='word_1_81' title='bbox 2829 812 2899 866; x_wconf 88' lang='lat' dir='ltr'><strong>ab</strong></span> <span class='ocrx_word' id='word_1_82' title='bbox 2927 811 3356 882; x_wconf 87' lang='lat' dir='ltr'><strong>amphitheatro.</strong></span> 
     </span>
    </p>
   </div>
   <div class='ocr_carea' id='block_1_16' title="bbox 1921 898 3378 975">
    <p class='ocr_par' dir='ltr' id='par_1_16' title="bbox 1921 898 3378 975">
     <span class='ocr_line' id='line_1_16' title="bbox 1921 898 3378 975; baseline -0.002 -20"><span class='ocrx_word' id='word_1_83' title='bbox 1921 903 2187 973; x_wconf 90' lang='lat' dir='ltr'><strong>lndeptus</strong></span> <span class='ocrx_word' id='word_1_84' title='bbox 2211 919 2442 975; x_wconf 92' lang='lat' dir='ltr'><strong>quorum</strong></span> <span class='ocrx_word' id='word_1_85' title='bbox 2476 909 2641 956; x_wconf 88' lang='lat' dir='ltr'><strong>noctu</strong></span> <span class='ocrx_word' id='word_1_86' title='bbox 2681 916 2835 955; x_wconf 86' lang='lat' dir='ltr'><strong>sacra</strong></span> <span class='ocrx_word' id='word_1_87' title='bbox 2863 900 3112 956; x_wconf 89' lang='lat' dir='ltr'><strong>membra</strong></span> <span class='ocrx_word' id='word_1_88' title='bbox 3145 898 3378 969; x_wconf 85' lang='lat' dir='ltr'><strong>Cyrinus</strong></span> 
     </span>
    </p>
   </div>
   <div class='ocr_carea' id='block_1_17' title="bbox 1917 991 3359 1066">
    <p class='ocr_par' dir='ltr' id='par_1_17' title="bbox 1917 991 3359 1066">
     <span class='ocr_line' id='line_1_17' title="bbox 1917 991 3359 1066; baseline -0.001 -19"><span class='ocrx_word' id='word_1_89' title='bbox 1917 994 2088 1066; x_wconf 88' lang='lat' dir='ltr'><strong>Eripit</strong></span> <span class='ocrx_word' id='word_1_90' title='bbox 2109 1004 2278 1066; x_wconf 87' lang='lat' dir='ltr'><strong>atque</strong></span> <span class='ocrx_word' id='word_1_91' title='bbox 2308 994 2480 1060; x_wconf 85' lang='lat' dir='ltr'><strong>vehit,</strong></span> <span class='ocrx_word' id='word_1_92' title='bbox 2505 991 2828 1064; x_wconf 84' lang='lat' dir='ltr'><strong>plumbique</strong></span> <span class='ocrx_word' id='word_1_93' title='bbox 2858 991 3112 1047; x_wconf 89' lang='lat' dir='ltr'><strong>recondit</strong></span> <span class='ocrx_word' id='word_1_94' title='bbox 3135 991 3188 1045; x_wconf 88' lang='lat' dir='ltr'><strong>in</strong></span> <span class='ocrx_word' id='word_1_95' title='bbox 3211 1007 3359 1056; x_wconf 88' lang='lat' dir='ltr'><strong>arca,</strong></span> 
     </span>
    </p>
   </div>
   <div class='ocr_carea' id='block_1_18' title="bbox 1839 1079 3453 1158">
    <p class='ocr_par' dir='ltr' id='par_1_18' title="bbox 1839 1079 3453 1158">
     <span class='ocr_line' id='line_1_18' title="bbox 1839 1079 3453 1158; baseline -0.001 -24"><span class='ocrx_word' id='word_1_96' title='bbox 1839 1131 1842 1134; x_wconf 83' lang='lat'><strong>.</strong></span> <span class='ocrx_word' id='word_1_97' title='bbox 1915 1083 2068 1149; x_wconf 69' lang='lat' dir='ltr'><strong>Quae,</strong></span> <span class='ocrx_word' id='word_1_98' title='bbox 2100 1083 2312 1140; x_wconf 83' lang='lat' dir='ltr'><strong>Christo</strong></span> <span class='ocrx_word' id='word_1_99' title='bbox 2341 1090 2653 1158; x_wconf 87' lang='lat' dir='ltr'><strong>retegente,</strong></span> <span class='ocrx_word' id='word_1_100' title='bbox 2673 1091 2863 1155; x_wconf 90' lang='lat' dir='ltr'><strong>patent</strong></span> <span class='ocrx_word' id='word_1_101' title='bbox 2893 1091 3016 1152; x_wconf 87' lang='lat' dir='ltr'><strong>post</strong></span> <span class='ocrx_word' id='word_1_102' title='bbox 3042 1079 3251 1135; x_wconf 89' lang='lat' dir='ltr'><strong>lumine</strong></span> <span class='ocrx_word' id='word_1_103' title='bbox 3279 1079 3453 1151; x_wconf 86' lang='lat' dir='ltr'><strong>pacis.</strong></span> 
     </span>
    </p>
   </div>
   <div class='ocr_carea' id='block_1_19' title="bbox 1665 1275 2058 1333">
    <p class='ocr_par' dir='ltr' id='par_1_19' title="bbox 1665 1275 2058 1333">
     <span class='ocr_line' id='line_1_19' title="bbox 1665 1275 2058 1333; baseline 0.01 -4"><span class='ocrx_word' id='word_1_104' title='bbox 1665 1275 1877 1330; x_wconf 88' lang='lat' dir='ltr'><strong>CAPUT</strong></span> <span class='ocrx_word' id='word_1_105' title='bbox 1925 1277 2058 1333; x_wconf 84' lang='lat' dir='ltr'><strong>XVI.</strong></span> 
     </span>
    </p>
   </div>
   <div class='ocr_carea' id='block_1_20' title="bbox 1279 1379 2426 1447">
    <p class='ocr_par' dir='ltr' id='par_1_20' title="bbox 1279 1379 2426 1447">
     <span class='ocr_line' id='line_1_20' title="bbox 1279 1379 2426 1447; baseline 0.008 -11"><span class='ocrx_word' id='word_1_106' title='bbox 1279 1379 1356 1437; x_wconf 86' lang='lat' dir='ltr'><strong>De</strong></span> <span class='ocrx_word' id='word_1_107' title='bbox 1383 1384 1606 1441; x_wconf 80' lang='lat' dir='ltr'><strong>sanctis</strong></span> <span class='ocrx_word' id='word_1_108' title='bbox 1655 1381 1978 1445; x_wconf 77' lang='lat' dir='ltr'><strong>l&#39;hartenio</strong></span> <span class='ocrx_word' id='word_1_109' title='bbox 2009 1394 2065 1446; x_wconf 84' lang='lat' dir='ltr'><strong>et</strong></span> <span class='ocrx_word' id='word_1_110' title='bbox 2100 1385 2426 1447; x_wconf 79' lang='lat' dir='ltr'><strong>Catocer-io.</strong></span> 
     </span>
    </p>
   </div>
   <div class='ocr_carea' id='block_1_21' title="bbox 177 1510 1470 1588">
    <p class='ocr_par' dir='ltr' id='par_1_21' title="bbox 177 1510 1470 1588">
     <span class='ocr_line' id='line_1_21' title="bbox 177 1510 1470 1588; baseline 0.008 -25"><span class='ocrx_word' id='word_1_111' title='bbox 177 1510 504 1566; x_wconf 89' lang='lat' dir='ltr'><strong>Parthenius</strong></span> <span class='ocrx_word' id='word_1_112' title='bbox 529 1511 976 1586; x_wconf 86' lang='lat' dir='ltr'><strong>Calloceriusque</strong></span> <span class='ocrx_word' id='word_1_113' title='bbox 996 1516 1184 1588; x_wconf 77' lang='lat' dir='ltr'><strong>vigore</strong></span> <span class='ocrx_word' id='word_1_114' title='bbox 1209 1519 1470 1588; x_wconf 89' lang='lat' dir='ltr'><strong>nitentes,</strong></span> 
     </span>
    </p>
   </div>
   <div class='ocr_carea' id='block_1_22' title="bbox 179 1602 1309 1675">
    <p class='ocr_par' dir='ltr' id='par_1_22' title="bbox 179 1602 1309 1675">
     <span class='ocr_line' id='line_1_22' title="bbox 179 1602 1309 1675; baseline 0.007 -20"><span class='ocrx_word' id='word_1_115' title='bbox 179 1602 486 1658; x_wconf 65' lang='lat' dir='ltr'><strong>Cmsareum</strong></span> <span class='ocrx_word' id='word_1_116' title='bbox 504 1603 635 1658; x_wconf 80' lang='lat' dir='ltr'><strong>fidei</strong></span> <span class='ocrx_word' id='word_1_117' title='bbox 658 1605 819 1675; x_wconf 92' lang='lat' dir='ltr'><strong>positi</strong></span> <span class='ocrx_word' id='word_1_118' title='bbox 850 1622 1070 1661; x_wconf 88' lang='lat' dir='ltr'><strong>servare</strong></span> <span class='ocrx_word' id='word_1_119' title='bbox 1101 1607 1309 1673; x_wconf 90' lang='lat' dir='ltr'><strong>cubile,</strong></span> 
     </span>
    </p>
   </div>
   <div class='ocr_carea' id='block_1_23' title="bbox 179 1691 1482 1766">
    <p class='ocr_par' dir='ltr' id='par_1_23' title="bbox 179 1691 1482 1766">
     <span class='ocr_line' id='line_1_23' title="bbox 179 1691 1482 1766; baseline 0.008 -23"><span class='ocrx_word' id='word_1_120' title='bbox 179 1691 442 1764; x_wconf 87' lang='lat' dir='ltr'><strong>Egregios</strong></span> <span class='ocrx_word' id='word_1_121' title='bbox 467 1698 614 1747; x_wconf 90' lang='lat' dir='ltr'><strong>casto</strong></span> <span class='ocrx_word' id='word_1_122' title='bbox 647 1694 986 1750; x_wconf 87' lang='lat' dir='ltr'><strong>decorabant</strong></span> <span class='ocrx_word' id='word_1_123' title='bbox 1012 1713 1246 1766; x_wconf 83' lang='lat' dir='ltr'><strong>corpore</strong></span> <span class='ocrx_word' id='word_1_124' title='bbox 1275 1713 1482 1764; x_wconf 90' lang='lat' dir='ltr'><strong>mores,</strong></span> 
     </span>
    </p>
   </div>
   <div class='ocr_carea' id='block_1_24' title="bbox 178 1780 1504 1858">
    <p class='ocr_par' dir='ltr' id='par_1_24' title="bbox 178 1780 1504 1858">
     <span class='ocr_line' id='line_1_24' title="bbox 178 1780 1504 1858; baseline 0.008 -25"><span class='ocrx_word' id='word_1_125' title='bbox 178 1780 237 1833; x_wconf 85' lang='lat' dir='ltr'><strong>Et</strong></span> <span class='ocrx_word' id='word_1_126' title='bbox 267 1780 483 1836; x_wconf 89' lang='lat' dir='ltr'><strong>Christo</strong></span> <span class='ocrx_word' id='word_1_127' title='bbox 504 1789 558 1835; x_wconf 89' lang='lat' dir='ltr'><strong>et</strong></span> <span class='ocrx_word' id='word_1_128' title='bbox 587 1782 701 1855; x_wconf 87' lang='lat' dir='ltr'><strong>regi</strong></span> <span class='ocrx_word' id='word_1_129' title='bbox 729 1799 830 1838; x_wconf 90' lang='lat' dir='ltr'><strong>sua</strong></span> <span class='ocrx_word' id='word_1_130' title='bbox 864 1786 1050 1840; x_wconf 92' lang='lat' dir='ltr'><strong>munia</strong></span> <span class='ocrx_word' id='word_1_131' title='bbox 1085 1786 1228 1842; x_wconf 88' lang='lat' dir='ltr'><strong>ferre</strong></span> <span class='ocrx_word' id='word_1_132' title='bbox 1262 1789 1504 1858; x_wconf 90' lang='lat' dir='ltr'><strong>probati,</strong></span> 
     </span>
    </p>
   </div>
   <div class='ocr_carea' id='block_1_25' title="bbox 176 1877 1539 1950">
    <p class='ocr_par' dir='ltr' id='par_1_25' title="bbox 176 1877 1539 1950">
     <span class='ocr_line' id='line_1_25' title="bbox 176 1877 1539 1950; baseline 0.003 -20"><span class='ocrx_word' id='word_1_133' title='bbox 176 1877 304 1941; x_wconf 63' lang='lat' dir='ltr'><strong>Quae</strong></span> <span class='ocrx_word' id='word_1_134' title='bbox 340 1878 486 1950; x_wconf 87' lang='lat' dir='ltr'><strong>regis</strong></span> <span class='ocrx_word' id='word_1_135' title='bbox 511 1878 648 1950; x_wconf 89' lang='lat' dir='ltr'><strong>regi,</strong></span> <span class='ocrx_word' id='word_1_136' title='bbox 676 1895 801 1950; x_wconf 62' lang='lat' dir='ltr'><strong>qua;</strong></span> <span class='ocrx_word' id='word_1_137' title='bbox 829 1878 1030 1935; x_wconf 87' lang='lat' dir='ltr'><strong>Christi</strong></span> <span class='ocrx_word' id='word_1_138' title='bbox 1054 1882 1285 1937; x_wconf 88' lang='lat' dir='ltr'><strong>reddere</strong></span> <span class='ocrx_word' id='word_1_139' title='bbox 1311 1882 1539 1939; x_wconf 89' lang='lat' dir='ltr'><strong>Christo.</strong></span> 
     </span>
    </p>
   </div>
   <div class='ocr_carea' id='block_1_26' title="bbox 179 1966 1491 2044">
    <p class='ocr_par' dir='ltr' id='par_1_26' title="bbox 179 1966 1491 2044">
     <span class='ocr_line' id='line_1_26' title="bbox 179 1966 1491 2044; baseline 0.007 -25"><span class='ocrx_word' id='word_1_140' title='bbox 179 1966 308 2030; x_wconf 86' lang='lat' dir='ltr'><strong>Quis</strong></span> <span class='ocrx_word' id='word_1_141' title='bbox 344 1966 547 2036; x_wconf 90' lang='lat' dir='ltr'><strong>opibus</strong></span> <span class='ocrx_word' id='word_1_142' title='bbox 577 1967 793 2037; x_wconf 90' lang='lat' dir='ltr'><strong>pollens</strong></span> <span class='ocrx_word' id='word_1_143' title='bbox 821 1969 1072 2025; x_wconf 85' lang='lat' dir='ltr'><strong>Anatolia</strong></span> <span class='ocrx_word' id='word_1_144' title='bbox 1103 1971 1257 2044; x_wconf 85' lang='lat' dir='ltr'><strong>virgo</strong></span> <span class='ocrx_word' id='word_1_145' title='bbox 1278 1973 1491 2036; x_wconf 85' lang='lat' dir='ltr'><strong>relicta,</strong></span> 
     </span>
    </p>
   </div>
   <div class='ocr_carea' id='block_1_27' title="bbox 179 2059 1414 2132">
    <p class='ocr_par' dir='ltr' id='par_1_27' title="bbox 179 2059 1414 2132">
     <span class='ocr_line' id='line_1_27' title="bbox 179 2059 1414 2132; baseline 0.007 -22"><span class='ocrx_word' id='word_1_146' title='bbox 179 2059 418 2115; x_wconf 82' lang='lat' dir='ltr'><strong>Consule</strong></span> <span class='ocrx_word' id='word_1_147' title='bbox 445 2068 598 2131; x_wconf 87' lang='lat' dir='ltr'><strong>patre</strong></span> <span class='ocrx_word' id='word_1_148' title='bbox 637 2061 728 2131; x_wconf 89' lang='lat' dir='ltr'><strong>pio</strong></span> <span class='ocrx_word' id='word_1_149' title='bbox 761 2061 1068 2118; x_wconf 88' lang='lat' dir='ltr'><strong>decedente</strong></span> <span class='ocrx_word' id='word_1_150' title='bbox 1100 2063 1414 2132; x_wconf 61' lang='lat' dir='ltr'><strong>rEmiliano,</strong></span> 
     </span>
    </p>
   </div>
   <div class='ocr_carea' id='block_1_28' title="bbox 1905 1524 3516 1600">
    <p class='ocr_par' dir='ltr' id='par_1_28' title="bbox 1905 1524 3516 1600">
     <span class='ocr_line' id='line_1_28' title="bbox 1905 1524 3516 1600; baseline -0.003 -21"><span class='ocrx_word' id='word_1_151' title='bbox 1905 1525 2192 1596; x_wconf 78' lang='lat' dir='ltr'><strong>Quamque</strong></span> <span class='ocrx_word' id='word_1_152' title='bbox 2225 1527 2428 1582; x_wconf 87' lang='lat' dir='ltr'><strong>docent</strong></span> <span class='ocrx_word' id='word_1_153' title='bbox 2457 1543 2638 1582; x_wconf 89' lang='lat' dir='ltr'><strong>mores</strong></span> <span class='ocrx_word' id='word_1_154' title='bbox 2667 1535 2721 1582; x_wconf 90' lang='lat' dir='ltr'><strong>et</strong></span> <span class='ocrx_word' id='word_1_155' title='bbox 2748 1543 2883 1598; x_wconf 83' lang='lat' dir='ltr'><strong>Opes</strong></span> <span class='ocrx_word' id='word_1_156' title='bbox 2911 1526 3247 1600; x_wconf 81' lang='lat' dir='ltr'><strong>conjungere</strong></span> <span class='ocrx_word' id='word_1_157' title='bbox 3278 1524 3516 1579; x_wconf 79' lang='lat' dir='ltr'><strong>Christo.</strong></span> 
     </span>
    </p>
   </div>
   <div class='ocr_carea' id='block_1_29' title="bbox 1905 1617 3174 1690">
    <p class='ocr_par' dir='ltr' id='par_1_29' title="bbox 1905 1617 3174 1690">
     <span class='ocr_line' id='line_1_29' title="bbox 1905 1617 3174 1690; baseline -0.001 -19"><span class='ocrx_word' id='word_1_158' title='bbox 1905 1617 2040 1672; x_wconf 92' lang='lat' dir='ltr'><strong>Turn</strong></span> <span class='ocrx_word' id='word_1_159' title='bbox 2071 1635 2241 1673; x_wconf 90' lang='lat' dir='ltr'><strong>vanas</strong></span> <span class='ocrx_word' id='word_1_160' title='bbox 2262 1619 2389 1690; x_wconf 88' lang='lat' dir='ltr'><strong>quia</strong></span> <span class='ocrx_word' id='word_1_161' title='bbox 2420 1621 2728 1675; x_wconf 91' lang='lat' dir='ltr'><strong>detrectant</strong></span> <span class='ocrx_word' id='word_1_162' title='bbox 2757 1635 2915 1674; x_wconf 90' lang='lat' dir='ltr'><strong>orare</strong></span> <span class='ocrx_word' id='word_1_163' title='bbox 2947 1618 3174 1690; x_wconf 84' lang='lat' dir='ltr'><strong>ﬁguras,</strong></span> 
     </span>
    </p>
   </div>
   <div class='ocr_carea' id='block_1_30' title="bbox 1911 1707 3070 1782">
    <p class='ocr_par' dir='ltr' id='par_1_30' title="bbox 1911 1707 3070 1782">
     <span class='ocr_line' id='line_1_30' title="bbox 1911 1707 3070 1782; baseline 0.002 -22"><span class='ocrx_word' id='word_1_164' title='bbox 1911 1707 2339 1780; x_wconf 89' lang='lat' dir='ltr'><strong>lgnibusinjecti</strong></span> <span class='ocrx_word' id='word_1_165' title='bbox 2374 1720 2637 1782; x_wconf 88' lang='lat' dir='ltr'><strong>superant</strong></span> <span class='ocrx_word' id='word_1_166' title='bbox 2661 1709 2919 1765; x_wconf 90' lang='lat' dir='ltr'><strong>incendia</strong></span> <span class='ocrx_word' id='word_1_167' title='bbox 2952 1709 3070 1774; x_wconf 89' lang='lat' dir='ltr'><strong>tuti,</strong></span> 
     </span>
    </p>
   </div>
   <div class='ocr_carea' id='block_1_31' title="bbox 1910 1799 3166 1857">
    <p class='ocr_par' dir='ltr' id='par_1_31' title="bbox 1910 1799 3166 1857">
     <span class='ocr_line' id='line_1_31' title="bbox 1910 1799 3166 1857; baseline 0.001 -5"><span class='ocrx_word' id='word_1_168' title='bbox 1910 1799 2170 1855; x_wconf 88' lang='lat' dir='ltr'><strong>Torribus</strong></span> <span class='ocrx_word' id='word_1_169' title='bbox 2203 1807 2258 1855; x_wconf 90' lang='lat' dir='ltr'><strong>et</strong></span> <span class='ocrx_word' id='word_1_170' title='bbox 2288 1801 2435 1856; x_wconf 86' lang='lat' dir='ltr'><strong>tunsi</strong></span> <span class='ocrx_word' id='word_1_171' title='bbox 2461 1802 2735 1856; x_wconf 88' lang='lat' dir='ltr'><strong>scandunt</strong></span> <span class='ocrx_word' id='word_1_172' title='bbox 2761 1801 3005 1857; x_wconf 71' lang='lat' dir='ltr'><strong>cmlestia</strong></span> <span class='ocrx_word' id='word_1_173' title='bbox 3033 1801 3166 1855; x_wconf 63' lang='lat' dir='ltr'><strong>laeti.</strong></span> 
     </span>
    </p>
   </div>
   <div class='ocr_carea' id='block_1_32' title="bbox 1844 1890 3142 1990">
    <p class='ocr_par' dir='ltr' id='par_1_32' title="bbox 1844 1890 3142 1990">
     <span class='ocr_line' id='line_1_32' title="bbox 1844 1890 3142 1990; baseline 0.004 -47"><span class='ocrx_word' id='word_1_174' title='bbox 1844 1925 1890 1990; x_wconf 66' lang='grc' dir='ltr'><strong>Β</strong></span> <span class='ocrx_word' id='word_1_175' title='bbox 1912 1890 2095 1945; x_wconf 88' lang='lat' dir='ltr'><strong>Terris</strong></span> <span class='ocrx_word' id='word_1_176' title='bbox 2126 1891 2375 1966; x_wconf 87' lang='lat' dir='ltr'><strong>virgineo</strong></span> <span class='ocrx_word' id='word_1_177' title='bbox 2398 1894 2689 1964; x_wconf 90' lang='lat' dir='ltr'><strong>rapiuntur</strong></span> <span class='ocrx_word' id='word_1_178' title='bbox 2707 1909 2939 1965; x_wconf 90' lang='lat' dir='ltr'><strong>corpora</strong></span> <span class='ocrx_word' id='word_1_179' title='bbox 2979 1893 3142 1957; x_wconf 88' lang='lat' dir='ltr'><strong>furto;</strong></span> 
     </span>
    </p>
   </div>
   <div class='ocr_carea' id='block_1_33' title="bbox 1915 1980 3106 2060">
    <p class='ocr_par' dir='ltr' id='par_1_33' title="bbox 1915 1980 3106 2060">
     <span class='ocr_line' id='line_1_33' title="bbox 1915 1980 3106 2060; baseline 0.004 -26"><span class='ocrx_word' id='word_1_180' title='bbox 1915 1980 2142 2037; x_wconf 89' lang='lat' dir='ltr'><strong>Sidereo</strong></span> <span class='ocrx_word' id='word_1_181' title='bbox 2170 1984 2324 2039; x_wconf 58' lang='lat' dir='ltr'><strong>caelis</strong></span> <span class='ocrx_word' id='word_1_182' title='bbox 2347 1985 2644 2056; x_wconf 91' lang='lat' dir='ltr'><strong>capiuntur</strong></span> <span class='ocrx_word' id='word_1_183' title='bbox 2673 1985 2892 2040; x_wconf 85' lang='lat' dir='ltr'><strong>ﬂamina</strong></span> <span class='ocrx_word' id='word_1_184' title='bbox 2915 2001 3106 2060; x_wconf 88' lang='lat' dir='ltr'><strong>regno.</strong></span> 
     </span>
    </p>
   </div>
   <div class='ocr_carea' id='block_1_34' title="bbox 1660 2169 2065 2230">
    <p class='ocr_par' dir='ltr' id='par_1_34' title="bbox 1660 2169 2065 2230">
     <span class='ocr_line' id='line_1_34' title="bbox 1660 2169 2065 2230; baseline 0.025 -11"><span class='ocrx_word' id='word_1_185' title='bbox 1660 2169 1869 2224; x_wconf 78' lang='lat' dir='ltr'><strong>CAPUT</strong></span> <span class='ocrx_word' id='word_1_186' title='bbox 1909 2173 2065 2230; x_wconf 84' lang='lat' dir='ltr'><strong>XVII.</strong></span> 
     </span>
    </p>
   </div>
   <div class='ocr_carea' id='block_1_35' title="bbox 1323 2270 2395 2344">
    <p class='ocr_par' dir='ltr' id='par_1_35' title="bbox 1323 2270 2395 2344">
     <span class='ocr_line' id='line_1_35' title="bbox 1323 2270 2395 2344; baseline 0.01 -13"><span class='ocrx_word' id='word_1_187' title='bbox 1323 2270 1405 2332; x_wconf 83' lang='lat' dir='ltr'><strong>De</strong></span> <span class='ocrx_word' id='word_1_188' title='bbox 1434 2278 1661 2334; x_wconf 75' lang='lat' dir='ltr'><strong>sanctis</strong></span> <span class='ocrx_word' id='word_1_189' title='bbox 1695 2278 1981 2340; x_wconf 83' lang='lat' dir='ltr'><strong>Anatotia</strong></span> <span class='ocrx_word' id='word_1_190' title='bbox 2023 2293 2073 2340; x_wconf 84' lang='lat' dir='ltr'><strong>et</strong></span> <span class='ocrx_word' id='word_1_191' title='bbox 2121 2283 2395 2344; x_wconf 74' lang='lat' dir='ltr'><strong>Victoria.</strong></span> 
     </span>
    </p>
   </div>
   <div class='ocr_carea' id='block_1_36' title="bbox 183 2403 1428 2476">
    <p class='ocr_par' dir='ltr' id='par_1_36' title="bbox 183 2403 1428 2476">
     <span class='ocr_line' id='line_1_36' title="bbox 183 2403 1428 2476; baseline 0.005 -18"><span class='ocrx_word' id='word_1_192' title='bbox 183 2406 512 2476; x_wconf 88' lang='lat' dir='ltr'><strong>lmpugnare</strong></span> <span class='ocrx_word' id='word_1_193' title='bbox 541 2403 690 2476; x_wconf 82' lang='lat' dir='ltr'><strong>yiros</strong></span> <span class='ocrx_word' id='word_1_194' title='bbox 730 2406 876 2462; x_wconf 90' lang='lat' dir='ltr'><strong>lanio</strong></span> <span class='ocrx_word' id='word_1_195' title='bbox 909 2425 1013 2463; x_wconf 90' lang='lat' dir='ltr'><strong>nec</strong></span> <span class='ocrx_word' id='word_1_196' title='bbox 1042 2407 1250 2464; x_wconf 84' lang='lat' dir='ltr'><strong>sufficit</strong></span> <span class='ocrx_word' id='word_1_197' title='bbox 1278 2417 1428 2465; x_wconf 89' lang='lat' dir='ltr'><strong>atro:</strong></span> 
     </span>
    </p>
   </div>
   <div class='ocr_carea' id='block_1_37' title="bbox 181 2493 1546 2569">
    <p class='ocr_par' dir='ltr' id='par_1_37' title="bbox 181 2493 1546 2569">
     <span class='ocr_line' id='line_1_37' title="bbox 181 2493 1546 2569; baseline 0.005 -22"><span class='ocrx_word' id='word_1_198' title='bbox 181 2495 318 2558; x_wconf 83' lang='lat' dir='ltr'><strong>Quin</strong></span> <span class='ocrx_word' id='word_1_199' title='bbox 355 2493 498 2549; x_wconf 83' lang='lat' dir='ltr'><strong>ferro</strong></span> <span class='ocrx_word' id='word_1_200' title='bbox 531 2503 752 2550; x_wconf 87' lang='lat' dir='ltr'><strong>teneras</strong></span> <span class='ocrx_word' id='word_1_201' title='bbox 777 2497 934 2566; x_wconf 89' lang='lat' dir='ltr'><strong>pellit</strong></span> <span class='ocrx_word' id='word_1_202' title='bbox 953 2513 1123 2568; x_wconf 88' lang='lat' dir='ltr'><strong>super</strong></span> <span class='ocrx_word' id='word_1_203' title='bbox 1143 2507 1287 2554; x_wconf 88' lang='lat' dir='ltr'><strong>astra</strong></span> <span class='ocrx_word' id='word_1_204' title='bbox 1315 2501 1546 2569; x_wconf 88' lang='lat' dir='ltr'><strong>puellas,</strong></span> 
     </span>
    </p>
   </div>
   <div class='ocr_carea' id='block_1_38' title="bbox 178 2588 1663 2658">
    <p class='ocr_par' dir='ltr' id='par_1_38' title="bbox 178 2588 1663 2658">
     <span class='ocr_line' id='line_1_38' title="bbox 178 2588 1663 2658; baseline 0.005 -16"><span class='ocrx_word' id='word_1_205' title='bbox 178 2592 417 2652; x_wconf 81' lang='lat' dir='ltr'><strong>Quarum</strong></span> <span class='ocrx_word' id='word_1_206' title='bbox 440 2588 692 2643; x_wconf 88' lang='lat' dir='ltr'><strong>Anatolia</strong></span> <span class='ocrx_word' id='word_1_207' title='bbox 716 2590 808 2658; x_wconf 91' lang='lat' dir='ltr'><strong>jus</strong></span> <span class='ocrx_word' id='word_1_208' title='bbox 827 2591 1019 2645; x_wconf 93' lang='lat' dir='ltr'><strong>mundi</strong></span> <span class='ocrx_word' id='word_1_209' title='bbox 1052 2599 1106 2646; x_wconf 91' lang='lat' dir='ltr'><strong>et</strong></span> <span class='ocrx_word' id='word_1_210' title='bbox 1137 2591 1376 2648; x_wconf 90' lang='lat' dir='ltr'><strong>Victoria</strong></span> <span class='ocrx_word' id='word_1_211' title='bbox 1402 2593 1663 2657; x_wconf 87' lang='lat' dir='ltr'><strong>vincunt,</strong></span> 
     </span>
    </p>
   </div>
   <div class='ocr_carea' id='block_1_39' title="bbox 178 2684 1515 2759">
    <p class='ocr_par' dir='ltr' id='par_1_39' title="bbox 178 2684 1515 2759">
     <span class='ocr_line' id='line_1_39' title="bbox 178 2684 1515 2759; baseline 0.004 -21"><span class='ocrx_word' id='word_1_212' title='bbox 178 2685 307 2739; x_wconf 91' lang='lat' dir='ltr'><strong>Dein</strong></span> <span class='ocrx_word' id='word_1_213' title='bbox 329 2684 524 2739; x_wconf 91' lang='lat' dir='ltr'><strong>mundi</strong></span> <span class='ocrx_word' id='word_1_214' title='bbox 544 2699 803 2755; x_wconf 88' lang='lat' dir='ltr'><strong>proceres</strong></span> <span class='ocrx_word' id='word_1_215' title='bbox 826 2686 952 2741; x_wconf 64' lang='lat' dir='ltr'><strong>caeli</strong></span> <span class='ocrx_word' id='word_1_216' title='bbox 981 2703 1228 2743; x_wconf 88' lang='lat' dir='ltr'><strong>convexa</strong></span> <span class='ocrx_word' id='word_1_217' title='bbox 1253 2689 1515 2759; x_wconf 89' lang='lat' dir='ltr'><strong>petendo,</strong></span> 
     </span>
    </p>
   </div>
   <div class='ocr_carea' id='block_1_40' title="bbox 179 2780 1570 2855">
    <p class='ocr_par' dir='ltr' id='par_1_40' title="bbox 179 2780 1570 2855">
     <span class='ocr_line' id='line_1_40' title="bbox 179 2780 1570 2855; baseline 0.005 -22"><span class='ocrx_word' id='word_1_218' title='bbox 179 2780 381 2834; x_wconf 82' lang='lat' dir='ltr'><strong>Harum</strong></span> <span class='ocrx_word' id='word_1_219' title='bbox 404 2797 576 2854; x_wconf 89' lang='lat' dir='ltr'><strong>regna</strong></span> <span class='ocrx_word' id='word_1_220' title='bbox 606 2781 807 2836; x_wconf 89' lang='lat' dir='ltr'><strong>bonam</strong></span> <span class='ocrx_word' id='word_1_221' title='bbox 840 2783 1038 2839; x_wconf 91' lang='lat' dir='ltr'><strong>melior</strong></span> <span class='ocrx_word' id='word_1_222' title='bbox 1067 2785 1318 2855; x_wconf 84' lang='lat' dir='ltr'><strong>provexit</strong></span> <span class='ocrx_word' id='word_1_223' title='bbox 1351 2786 1404 2839; x_wconf 95' lang='lat' dir='ltr'><strong>in</strong></span> <span class='ocrx_word' id='word_1_224' title='bbox 1439 2786 1570 2852; x_wconf 90' lang='lat' dir='ltr'><strong>alta,</strong></span> 
     </span>
    </p>
   </div>
   <div class='ocr_carea' id='block_1_41' title="bbox 179 2872 1588 2948">
    <p class='ocr_par' dir='ltr' id='par_1_41' title="bbox 179 2872 1588 2948">
     <span class='ocr_line' id='line_1_41' title="bbox 179 2872 1588 2948; baseline 0.005 -22"><span class='ocrx_word' id='word_1_225' title='bbox 179 2872 417 2929; x_wconf 82' lang='lat' dir='ltr'><strong>Moribus</strong></span> <span class='ocrx_word' id='word_1_226' title='bbox 447 2881 501 2928; x_wconf 90' lang='lat' dir='ltr'><strong>et</strong></span> <span class='ocrx_word' id='word_1_227' title='bbox 523 2873 730 2928; x_wconf 87' lang='lat' dir='ltr'><strong>sanctis</strong></span> <span class='ocrx_word' id='word_1_228' title='bbox 759 2882 965 2930; x_wconf 88' lang='lat' dir='ltr'><strong>castam</strong></span> <span class='ocrx_word' id='word_1_229' title='bbox 995 2876 1304 2931; x_wconf 87' lang='lat' dir='ltr'><strong>castissima</strong></span> <span class='ocrx_word' id='word_1_230' title='bbox 1330 2879 1588 2948; x_wconf 87' lang='lat' dir='ltr'><strong>compsit,</strong></span> 
     </span>
    </p>
   </div>
   <div class='ocr_carea' id='block_1_42' title="bbox 180 2961 1455 3020">
    <p class='ocr_par' dir='ltr' id='par_1_42' title="bbox 180 2961 1455 3020">
     <span class='ocr_line' id='line_1_42' title="bbox 180 2961 1455 3020; baseline 0.005 -7"><span class='ocrx_word' id='word_1_231' title='bbox 180 2961 249 3015; x_wconf 88' lang='lat' dir='ltr'><strong>Ac</strong></span> <span class='ocrx_word' id='word_1_232' title='bbox 264 2977 505 3016; x_wconf 88' lang='lat' dir='ltr'><strong>vernans</strong></span> <span class='ocrx_word' id='word_1_233' title='bbox 527 2962 718 3016; x_wconf 87' lang='lat' dir='ltr'><strong>nitidis</strong></span> <span class='ocrx_word' id='word_1_234' title='bbox 744 2971 991 3017; x_wconf 90' lang='lat' dir='ltr'><strong>ornatam</strong></span> <span class='ocrx_word' id='word_1_235' title='bbox 1023 2965 1266 3019; x_wconf 92' lang='lat' dir='ltr'><strong>cultibus</strong></span> <span class='ocrx_word' id='word_1_236' title='bbox 1283 2967 1455 3020; x_wconf 83' lang='lat' dir='ltr'><strong>auxit.</strong></span> 
     </span>
    </p>
   </div>
   <div class='ocr_carea' id='block_1_43' title="bbox 178 3052 1447 3122">
    <p class='ocr_par' dir='ltr' id='par_1_43' title="bbox 178 3052 1447 3122">
     <span class='ocr_line' id='line_1_43' title="bbox 178 3052 1447 3122; baseline 0.005 -17"><span class='ocrx_word' id='word_1_237' title='bbox 178 3052 306 3106; x_wconf 87' lang='lat' dir='ltr'><strong>Nam</strong></span> <span class='ocrx_word' id='word_1_238' title='bbox 327 3052 608 3122; x_wconf 90' lang='lat' dir='ltr'><strong>desponsa</strong></span> <span class='ocrx_word' id='word_1_239' title='bbox 636 3053 752 3107; x_wconf 91' lang='lat' dir='ltr'><strong>viro</strong></span> <span class='ocrx_word' id='word_1_240' title='bbox 774 3053 988 3108; x_wconf 86' lang='lat' dir='ltr'><strong>ductrix</strong></span> <span class='ocrx_word' id='word_1_241' title='bbox 1011 3055 1260 3110; x_wconf 84' lang='lat' dir='ltr'><strong>Anatolia</strong></span> <span class='ocrx_word' id='word_1_242' title='bbox 1277 3072 1447 3119; x_wconf 78' lang='lat' dir='ltr'><strong>saevo,</strong></span> 
     </span>
    </p>
   </div>
   <div class='ocr_carea' id='block_1_44' title="bbox 179 3143 1438 3219">
    <p class='ocr_par' dir='ltr' id='par_1_44' title="bbox 179 3143 1438 3219">
     <span class='ocr_line' id='line_1_44' title="bbox 179 3143 1438 3219; baseline 0.005 -23"><span class='ocrx_word' id='word_1_243' title='bbox 179 3145 310 3197; x_wconf 88' lang='lat' dir='ltr'><strong>Dum</strong></span> <span class='ocrx_word' id='word_1_244' title='bbox 343 3143 548 3219; x_wconf 80' lang='lat' dir='ltr'><strong>refugit</strong></span> <span class='ocrx_word' id='word_1_245' title='bbox 566 3145 737 3198; x_wconf 79' lang='lat' dir='ltr'><strong>taedas</strong></span> <span class='ocrx_word' id='word_1_246' title='bbox 758 3155 812 3199; x_wconf 92' lang='lat' dir='ltr'><strong>et</strong></span> <span class='ocrx_word' id='word_1_247' title='bbox 832 3146 959 3212; x_wconf 88' lang='lat' dir='ltr'><strong>jura</strong></span> <span class='ocrx_word' id='word_1_248' title='bbox 980 3147 1170 3202; x_wconf 90' lang='lat' dir='ltr'><strong>subire</strong></span> <span class='ocrx_word' id='word_1_249' title='bbox 1201 3147 1438 3218; x_wconf 89' lang='lat' dir='ltr'><strong>profani,</strong></span> 
     </span>
    </p>
   </div>
   <div class='ocr_carea' id='block_1_45' title="bbox 177 3235 1512 3304">
    <p class='ocr_par' dir='ltr' id='par_1_45' title="bbox 177 3235 1512 3304">
     <span class='ocr_line' id='line_1_45' title="bbox 177 3235 1512 3304; baseline 0.005 -16"><span class='ocrx_word' id='word_1_250' title='bbox 177 3235 404 3290; x_wconf 79' lang='lat' dir='ltr'><strong>Mittitur</strong></span> <span class='ocrx_word' id='word_1_251' title='bbox 422 3237 552 3290; x_wconf 92' lang='lat' dir='ltr'><strong>huic</strong></span> <span class='ocrx_word' id='word_1_252' title='bbox 578 3235 757 3292; x_wconf 90' lang='lat' dir='ltr'><strong>licitos</strong></span> <span class='ocrx_word' id='word_1_253' title='bbox 787 3253 1015 3292; x_wconf 87' lang='lat' dir='ltr'><strong>suasum</strong></span> <span class='ocrx_word' id='word_1_254' title='bbox 1050 3239 1283 3294; x_wconf 89' lang='lat' dir='ltr'><strong>Victoria</strong></span> <span class='ocrx_word' id='word_1_255' title='bbox 1317 3256 1512 3304; x_wconf 86' lang='lat' dir='ltr'><strong>nexus,</strong></span> 
     </span>
    </p>
   </div>
   <div class='ocr_carea' id='block_1_46' title="bbox 182 3324 1451 3400">
    <p class='ocr_par' dir='ltr' id='par_1_46' title="bbox 182 3324 1451 3400">
     <span class='ocr_line' id='line_1_46' title="bbox 182 3324 1451 3400; baseline 0.004 -24"><span class='ocrx_word' id='word_1_256' title='bbox 182 3324 393 3398; x_wconf 83' lang='lat' dir='ltr'><strong>Pagano</strong></span> <span class='ocrx_word' id='word_1_257' title='bbox 426 3325 656 3395; x_wconf 89' lang='lat' dir='ltr'><strong>depacta</strong></span> <span class='ocrx_word' id='word_1_258' title='bbox 689 3326 806 3380; x_wconf 91' lang='lat' dir='ltr'><strong>viro</strong></span> <span class='ocrx_word' id='word_1_259' title='bbox 834 3326 1179 3398; x_wconf 87' lang='lat' dir='ltr'><strong>jamjamque</strong></span> <span class='ocrx_word' id='word_1_260' title='bbox 1207 3328 1451 3400; x_wconf 82' lang='lat' dir='ltr'><strong>juganda</strong></span> 
     </span>
    </p>
   </div>
   <div class='ocr_carea' id='block_1_47' title="bbox 179 3413 1542 3488">
    <p class='ocr_par' dir='ltr' id='par_1_47' title="bbox 179 3413 1542 3488">
     <span class='ocr_line' id='line_1_47' title="bbox 179 3413 1542 3488; baseline 0.003 -20"><span class='ocrx_word' id='word_1_261' title='bbox 179 3415 444 3488; x_wconf 80' lang='lat' dir='ltr'><strong>Eugenio,</strong></span> <span class='ocrx_word' id='word_1_262' title='bbox 477 3430 601 3485; x_wconf 62' lang='lat' dir='ltr'><strong>qua)</strong></span> <span class='ocrx_word' id='word_1_263' title='bbox 621 3413 1003 3486; x_wconf 82' lang='lat' dir='ltr'><strong>deprOperans</strong></span> <span class='ocrx_word' id='word_1_264' title='bbox 1034 3416 1270 3470; x_wconf 89' lang='lat' dir='ltr'><strong>suadere</strong></span> <span class='ocrx_word' id='word_1_265' title='bbox 1293 3417 1542 3482; x_wconf 90' lang='lat' dir='ltr'><strong>docetur,</strong></span> 
     </span>
    </p>
   </div>
   <div class='ocr_carea' id='block_1_48' title="bbox 179 3507 1732 3582">
    <p class='ocr_par' dir='ltr' id='par_1_48' title="bbox 179 3507 1732 3582">
     <span class='ocr_line' id='line_1_48' title="bbox 179 3507 1732 3582; baseline 0.004 -21"><span class='ocrx_word' id='word_1_266' title='bbox 179 3507 238 3561; x_wconf 90' lang='lat' dir='ltr'><strong>Et</strong></span> <span class='ocrx_word' id='word_1_267' title='bbox 253 3515 475 3579; x_wconf 88' lang='lat' dir='ltr'><strong>captare</strong></span> <span class='ocrx_word' id='word_1_268' title='bbox 508 3524 704 3578; x_wconf 89' lang='lat' dir='ltr'><strong>parans</strong></span> <span class='ocrx_word' id='word_1_269' title='bbox 722 3509 954 3578; x_wconf 89' lang='lat' dir='ltr'><strong>capitur,</strong></span> <span class='ocrx_word' id='word_1_270' title='bbox 983 3525 1303 3582; x_wconf 83' lang='lat' dir='ltr'><strong>venansque</strong></span> <span class='ocrx_word' id='word_1_271' title='bbox 1332 3513 1606 3582; x_wconf 89' lang='lat' dir='ltr'><strong>prehensa</strong></span> <span class='ocrx_word' id='word_1_272' title='bbox 1629 3519 1732 3568; x_wconf 91' lang='lat' dir='ltr'><strong>est.</strong></span> 
     </span>
    </p>
   </div>
   <div class='ocr_carea' id='block_1_49' title="bbox 181 3598 1484 3672">
    <p class='ocr_par' dir='ltr' id='par_1_49' title="bbox 181 3598 1484 3672">
     <span class='ocr_line' id='line_1_49' title="bbox 181 3598 1484 3672; baseline 0.005 -21"><span class='ocrx_word' id='word_1_273' title='bbox 181 3598 420 3672; x_wconf 87' lang='lat' dir='ltr'><strong>Erigitur</strong></span> <span class='ocrx_word' id='word_1_274' title='bbox 440 3615 661 3653; x_wconf 84' lang='lat' dir='ltr'><strong>versare</strong></span> <span class='ocrx_word' id='word_1_275' title='bbox 679 3599 875 3654; x_wconf 88' lang='lat' dir='ltr'><strong>abiens</strong></span> <span class='ocrx_word' id='word_1_276' title='bbox 906 3617 1047 3671; x_wconf 92' lang='lat' dir='ltr'><strong>opus</strong></span> <span class='ocrx_word' id='word_1_277' title='bbox 1067 3602 1484 3672; x_wconf 89' lang='lat' dir='ltr'><strong>omnipotentis,</strong></span> 
     </span>
    </p>
   </div>
   <div class='ocr_carea' id='block_1_50' title="bbox 179 3689 1656 3762">
    <p class='ocr_par' dir='ltr' id='par_1_50' title="bbox 179 3689 1656 3762">
     <span class='ocr_line' id='line_1_50' title="bbox 179 3689 1656 3762; baseline 0.003 -18"><span class='ocrx_word' id='word_1_278' title='bbox 179 3689 539 3761; x_wconf 88' lang='lat' dir='ltr'><strong>Complanare</strong></span> <span class='ocrx_word' id='word_1_279' title='bbox 563 3699 778 3760; x_wconf 86' lang='lat' dir='ltr'><strong>petens,</strong></span> <span class='ocrx_word' id='word_1_280' title='bbox 813 3690 870 3746; x_wconf 85' lang='lat' dir='ltr'><strong>ﬁt</strong></span> <span class='ocrx_word' id='word_1_281' title='bbox 905 3708 1046 3762; x_wconf 91' lang='lat' dir='ltr'><strong>opus</strong></span> <span class='ocrx_word' id='word_1_282' title='bbox 1073 3693 1391 3748; x_wconf 85' lang='lat' dir='ltr'><strong>venerabile</strong></span> <span class='ocrx_word' id='word_1_283' title='bbox 1416 3693 1617 3748; x_wconf 90' lang='lat' dir='ltr'><strong>Christi</strong></span> <span class='ocrx_word' id='word_1_284' title='bbox 1643 3711 1656 3748; x_wconf 90' lang='lat'><strong>:</strong></span> 
     </span>
    </p>
   </div>
   <div class='ocr_carea' id='block_1_51' title="bbox 183 3779 1744 3854">
    <p class='ocr_par' dir='ltr' id='par_1_51' title="bbox 183 3779 1744 3854">
     <span class='ocr_line' id='line_1_51' title="bbox 183 3779 1744 3854; baseline 0.006 -25"><span class='ocrx_word' id='word_1_285' title='bbox 183 3797 206 3827; x_wconf 83' lang='grc' dir='ltr'><strong><em>α</em></strong></span> <span class='ocrx_word' id='word_1_286' title='bbox 247 3779 388 3832; x_wconf 87' lang='lat' dir='ltr'><strong>Audi</strong></span> <span class='ocrx_word' id='word_1_287' title='bbox 416 3794 526 3845; x_wconf 87' lang='lat' dir='ltr'><strong>me,</strong></span> <span class='ocrx_word' id='word_1_288' title='bbox 556 3794 732 3845; x_wconf 91' lang='lat' dir='ltr'><strong>soror,</strong></span> <span class='ocrx_word' id='word_1_289' title='bbox 768 3780 1045 3851; x_wconf 90' lang='lat' dir='ltr'><strong>incipiens</strong></span> <span class='ocrx_word' id='word_1_290' title='bbox 1063 3781 1315 3836; x_wconf 81' lang='lat' dir='ltr'><strong>Anatolia</strong></span> <span class='ocrx_word' id='word_1_291' title='bbox 1345 3783 1511 3851; x_wconf 81' lang='grc'><strong>(181),</strong></span> <span class='ocrx_word' id='word_1_292' title='bbox 1542 3791 1596 3837; x_wconf 91' lang='lat' dir='ltr'><strong>et</strong></span> <span class='ocrx_word' id='word_1_293' title='bbox 1625 3783 1744 3854; x_wconf 91' lang='lat' dir='ltr'><strong>ipsa</strong></span> 
     </span>
    </p>
   </div>
   <div class='ocr_carea' id='block_1_52' title="bbox 179 3865 1494 3944">
    <p class='ocr_par' dir='ltr' id='par_1_52' title="bbox 179 3865 1494 3944">
     <span class='ocr_line' id='line_1_52' title="bbox 179 3865 1494 3944; baseline 0.003 -24"><span class='ocrx_word' id='word_1_294' title='bbox 179 3865 374 3922; x_wconf 90' lang='lat' dir='ltr'><strong>Christi</strong></span> <span class='ocrx_word' id='word_1_295' title='bbox 412 3883 533 3921; x_wconf 91' lang='lat' dir='ltr'><strong>sum</strong></span> <span class='ocrx_word' id='word_1_296' title='bbox 567 3867 793 3935; x_wconf 85' lang='lat' dir='ltr'><strong>famula,</strong></span> <span class='ocrx_word' id='word_1_297' title='bbox 825 3884 889 3924; x_wconf 89' lang='lat' dir='ltr'><strong>ac</strong></span> <span class='ocrx_word' id='word_1_298' title='bbox 912 3869 1039 3924; x_wconf 90' lang='lat' dir='ltr'><strong>novi</strong></span> <span class='ocrx_word' id='word_1_299' title='bbox 1083 3869 1284 3944; x_wconf 88' lang='lat' dir='ltr'><strong>legalia</strong></span> <span class='ocrx_word' id='word_1_300' title='bbox 1315 3869 1494 3926; x_wconf 90' lang='lat' dir='ltr'><strong>vincla</strong></span> 
     </span>
    </p>
   </div>
   <div class='ocr_carea' id='block_1_53' title="bbox 179 3956 1814 4035">
    <p class='ocr_par' dir='ltr' id='par_1_53' title="bbox 179 3956 1814 4035">
     <span class='ocr_line' id='line_1_53' title="bbox 179 3956 1814 4035; baseline 0.006 -25"><span class='ocrx_word' id='word_1_301' title='bbox 179 3956 294 4011; x_wconf 84' lang='lat' dir='ltr'><strong>Non</strong></span> <span class='ocrx_word' id='word_1_302' title='bbox 319 3957 584 4013; x_wconf 90' lang='lat' dir='ltr'><strong>damnare</strong></span> <span class='ocrx_word' id='word_1_303' title='bbox 619 3959 810 4026; x_wconf 90' lang='lat' dir='ltr'><strong>Deum,</strong></span> <span class='ocrx_word' id='word_1_304' title='bbox 852 3970 1074 4016; x_wconf 87' lang='lat' dir='ltr'><strong>sanctos</strong></span> <span class='ocrx_word' id='word_1_305' title='bbox 1105 3961 1227 4016; x_wconf 72' lang='lat' dir='ltr'><strong>haec</strong></span> <span class='ocrx_word' id='word_1_306' title='bbox 1256 3962 1439 4016; x_wconf 89' lang='lat' dir='ltr'><strong>vincla</strong></span> <span class='ocrx_word' id='word_1_307' title='bbox 1493 3964 1814 4035; x_wconf 85' lang='lat' dir='ltr'><strong>prophetas,</strong></span> 
     </span>
    </p>
   </div>
   <div class='ocr_carea' id='block_1_54' title="bbox 191 4050 1621 4130">
    <p class='ocr_par' dir='ltr' id='par_1_54' title="bbox 191 4050 1621 4130">
     <span class='ocr_line' id='line_1_54' title="bbox 191 4050 1621 4130; baseline 0.004 -26"><span class='ocrx_word' id='word_1_308' title='bbox 191 4051 314 4105; x_wconf 62' lang='lat' dir='ltr'><strong>Haec</strong></span> <span class='ocrx_word' id='word_1_309' title='bbox 339 4050 531 4105; x_wconf 90' lang='lat' dir='ltr'><strong>iniisse</strong></span> <span class='ocrx_word' id='word_1_310' title='bbox 558 4058 742 4121; x_wconf 90' lang='lat' dir='ltr'><strong>patres</strong></span> <span class='ocrx_word' id='word_1_311' title='bbox 771 4068 1004 4124; x_wconf 92' lang='lat' dir='ltr'><strong>quorum</strong></span> <span class='ocrx_word' id='word_1_312' title='bbox 1029 4054 1327 4108; x_wconf 89' lang='lat' dir='ltr'><strong>benedicta</strong></span> <span class='ocrx_word' id='word_1_313' title='bbox 1345 4070 1621 4130; x_wconf 87' lang='lat' dir='ltr'><strong>prOpago;</strong></span> 
     </span>
    </p>
   </div>
   <div class='ocr_carea' id='block_1_55' title="bbox 189 4141 1430 4216">
    <p class='ocr_par' dir='ltr' id='par_1_55' title="bbox 189 4141 1430 4216">
     <span class='ocr_line' id='line_1_55' title="bbox 189 4141 1430 4216; baseline 0.006 -23"><span class='ocrx_word' id='word_1_314' title='bbox 189 4141 350 4208; x_wconf 80' lang='lat' dir='ltr'><strong>Audi,</strong></span> <span class='ocrx_word' id='word_1_315' title='bbox 370 4157 458 4196; x_wconf 90' lang='lat' dir='ltr'><strong>me</strong></span> <span class='ocrx_word' id='word_1_316' title='bbox 484 4151 539 4196; x_wconf 90' lang='lat' dir='ltr'><strong>et</strong></span> <span class='ocrx_word' id='word_1_317' title='bbox 564 4144 777 4199; x_wconf 91' lang='lat' dir='ltr'><strong>sociare</strong></span> <span class='ocrx_word' id='word_1_318' title='bbox 810 4144 927 4200; x_wconf 90' lang='lat' dir='ltr'><strong>viro</strong></span> <span class='ocrx_word' id='word_1_319' title='bbox 953 4145 1046 4216; x_wconf 90' lang='lat' dir='ltr'><strong>qui</strong></span> <span class='ocrx_word' id='word_1_320' title='bbox 1080 4145 1222 4200; x_wconf 86' lang='lat' dir='ltr'><strong>celet</strong></span> <span class='ocrx_word' id='word_1_321' title='bbox 1253 4145 1430 4200; x_wconf 90' lang='lat' dir='ltr'><strong>amice</strong></span> 
     </span>
    </p>
   </div>
   <div class='ocr_carea' id='block_1_56' title="bbox 187 4230 1601 4306">
    <p class='ocr_par' dir='ltr' id='par_1_56' title="bbox 187 4230 1601 4306">
     <span class='ocr_line' id='line_1_56' title="bbox 187 4230 1601 4306; baseline 0.006 -23"><span class='ocrx_word' id='word_1_322' title='bbox 187 4230 474 4287; x_wconf 88' lang='lat' dir='ltr'><strong>Secretum</strong></span> <span class='ocrx_word' id='word_1_323' title='bbox 505 4233 671 4288; x_wconf 70' lang='lat' dir='ltr'><strong>sociae</strong></span> <span class='ocrx_word' id='word_1_324' title='bbox 703 4234 902 4289; x_wconf 86' lang='lat' dir='ltr'><strong>Christi</strong></span> <span class='ocrx_word' id='word_1_325' title='bbox 937 4251 1040 4290; x_wconf 92' lang='lat' dir='ltr'><strong>nec</strong></span> <span class='ocrx_word' id='word_1_326' title='bbox 1071 4235 1269 4306; x_wconf 89' lang='lat' dir='ltr'><strong>prodat</strong></span> <span class='ocrx_word' id='word_1_327' title='bbox 1299 4236 1601 4303; x_wconf 82' lang='lat' dir='ltr'><strong>alumnam,</strong></span> 
     </span>
    </p>
   </div>
   <div class='ocr_carea' id='block_1_57' title="bbox 189 4321 1601 4386">
    <p class='ocr_par' dir='ltr' id='par_1_57' title="bbox 189 4321 1601 4386">
     <span class='ocr_line' id='line_1_57' title="bbox 189 4321 1601 4386; baseline 0.002 -10"><span class='ocrx_word' id='word_1_328' title='bbox 189 4321 329 4386; x_wconf 87' lang='lat' dir='ltr'><strong>Quin</strong></span> <span class='ocrx_word' id='word_1_329' title='bbox 362 4322 766 4381; x_wconf 90' lang='lat' dir='ltr'><strong>faveatnostris</strong></span> <span class='ocrx_word' id='word_1_330' title='bbox 794 4327 1011 4381; x_wconf 69' lang='lat' dir='ltr'><strong>blanda:</strong></span> <span class='ocrx_word' id='word_1_331' title='bbox 1043 4327 1271 4383; x_wconf 91' lang='lat' dir='ltr'><strong>dulcore</strong></span> <span class='ocrx_word' id='word_1_332' title='bbox 1297 4328 1531 4384; x_wconf 58' lang='lat' dir='ltr'><strong>maritat.</strong></span> <span class='ocrx_word' id='word_1_333' title='bbox 1580 4351 1601 4379; x_wconf 73' lang='grc' dir='ltr'><strong><em>ι</em></strong></span> 
     </span>
    </p>
   </div>
   <div class='ocr_carea' id='block_1_58' title="bbox 191 4414 1529 4486">
    <p class='ocr_par' dir='ltr' id='par_1_58' title="bbox 191 4414 1529 4486">
     <span class='ocr_line' id='line_1_58' title="bbox 191 4414 1529 4486; baseline 0.006 -19"><span class='ocrx_word' id='word_1_334' title='bbox 191 4414 315 4471; x_wconf 58' lang='lat' dir='ltr'><strong>Haec</strong></span> <span class='ocrx_word' id='word_1_335' title='bbox 344 4416 440 4470; x_wconf 90' lang='lat' dir='ltr'><strong>illa</strong></span> <span class='ocrx_word' id='word_1_336' title='bbox 467 4423 710 4484; x_wconf 88' lang='lat' dir='ltr'><strong>texente,</strong></span> <span class='ocrx_word' id='word_1_337' title='bbox 739 4418 905 4473; x_wconf 79' lang='lat' dir='ltr'><strong>refert</strong></span> <span class='ocrx_word' id='word_1_338' title='bbox 937 4419 1222 4474; x_wconf 87' lang='lat' dir='ltr'><strong>Anatolia:</strong></span> <span class='ocrx_word' id='word_1_339' title='bbox 1272 4440 1296 4470; x_wconf 83' lang='lat'><strong>«</strong></span> <span class='ocrx_word' id='word_1_340' title='bbox 1340 4420 1529 4486; x_wconf 91' lang='lat' dir='ltr'><strong>Vince,</strong></span> 
     </span>
    </p>
   </div>
   <div class='ocr_carea' id='block_1_59' title="bbox 190 4504 1429 4564">
    <p class='ocr_par' dir='ltr' id='par_1_59' title="bbox 190 4504 1429 4564">
     <span class='ocr_line' id='line_1_59' title="bbox 190 4504 1429 4564; baseline 0.005 -6"><span class='ocrx_word' id='word_1_341' title='bbox 190 4504 228 4558; x_wconf 87' lang='grc' dir='ltr'><strong>Ο</strong></span> <span class='ocrx_word' id='word_1_342' title='bbox 254 4505 506 4564; x_wconf 85' lang='lat' dir='ltr'><strong>victoria.</strong></span> <span class='ocrx_word' id='word_1_343' title='bbox 541 4505 606 4560; x_wconf 93' lang='lat' dir='ltr'><strong>ad</strong></span> <span class='ocrx_word' id='word_1_344' title='bbox 626 4506 730 4561; x_wconf 90' lang='lat' dir='ltr'><strong>hoc</strong></span> <span class='ocrx_word' id='word_1_345' title='bbox 756 4508 997 4564; x_wconf 90' lang='lat' dir='ltr'><strong>Zabulon</strong></span> <span class='ocrx_word' id='word_1_346' title='bbox 1030 4509 1271 4564; x_wconf 78' lang='lat' dir='ltr'><strong>Victoria</strong></span> <span class='ocrx_word' id='word_1_347' title='bbox 1299 4525 1429 4564; x_wconf 86' lang='lat' dir='ltr'><strong>vere</strong></span> 
     </span>
    </p>
   </div>
   <div class='ocr_carea' id='block_1_60' title="bbox 191 4596 1665 4671">
    <p class='ocr_par' dir='ltr' id='par_1_60' title="bbox 191 4596 1665 4671">
     <span class='ocr_line' id='line_1_60' title="bbox 191 4596 1665 4671; baseline 0.004 -21"><span class='ocrx_word' id='word_1_348' title='bbox 191 4596 316 4652; x_wconf 91' lang='lat' dir='ltr'><strong>Esse</strong></span> <span class='ocrx_word' id='word_1_349' title='bbox 337 4613 542 4668; x_wconf 86' lang='lat' dir='ltr'><strong>queas;</strong></span> <span class='ocrx_word' id='word_1_350' title='bbox 571 4614 745 4653; x_wconf 84' lang='lat' dir='ltr'><strong>vacuo</strong></span> <span class='ocrx_word' id='word_1_351' title='bbox 776 4599 1138 4671; x_wconf 74' lang='lat' dir='ltr'><strong>Omnipotens</strong></span> <span class='ocrx_word' id='word_1_352' title='bbox 1167 4600 1497 4656; x_wconf 90' lang='lat' dir='ltr'><strong>mortalibus</strong></span> <span class='ocrx_word' id='word_1_353' title='bbox 1535 4601 1665 4656; x_wconf 90' lang='lat' dir='ltr'><strong>olim</strong></span> 
     </span>
    </p>
   </div>
   <div class='ocr_carea' id='block_1_61' title="bbox 189 4681 1569 4760">
    <p class='ocr_par' dir='ltr' id='par_1_61' title="bbox 189 4681 1569 4760">
     <span class='ocr_line' id='line_1_61' title="bbox 189 4681 1569 4760; baseline 0.004 -22"><span class='ocrx_word' id='word_1_354' title='bbox 189 4681 430 4739; x_wconf 90' lang='lat' dir='ltr'><strong>Crescite</strong></span> <span class='ocrx_word' id='word_1_355' title='bbox 463 4685 742 4740; x_wconf 88' lang='lat' dir='ltr'><strong>mandavit</strong></span> <span class='ocrx_word' id='word_1_356' title='bbox 772 4687 1002 4751; x_wconf 90' lang='lat' dir='ltr'><strong>mundo,</strong></span> <span class='ocrx_word' id='word_1_357' title='bbox 1043 4688 1328 4760; x_wconf 91' lang='lat' dir='ltr'><strong>multoque</strong></span> <span class='ocrx_word' id='word_1_358' title='bbox 1361 4688 1569 4758; x_wconf 88' lang='lat' dir='ltr'><strong>replete</strong></span> 
     </span>
    </p>
   </div>
   <div class='ocr_carea' id='block_1_62' title="bbox 192 4774 1678 4852">
    <p class='ocr_par' dir='ltr' id='par_1_62' title="bbox 192 4774 1678 4852">
     <span class='ocr_line' id='line_1_62' title="bbox 192 4774 1678 4852; baseline 0.004 -24"><span class='ocrx_word' id='word_1_359' title='bbox 192 4774 404 4830; x_wconf 84' lang='lat' dir='ltr'><strong>Fenore</strong></span> <span class='ocrx_word' id='word_1_360' title='bbox 434 4775 710 4841; x_wconf 90' lang='lat' dir='ltr'><strong>tellurem,</strong></span> <span class='ocrx_word' id='word_1_361' title='bbox 745 4794 852 4848; x_wconf 91' lang='lat' dir='ltr'><strong>qua</strong></span> <span class='ocrx_word' id='word_1_362' title='bbox 877 4778 990 4845; x_wconf 89' lang='lat' dir='ltr'><strong>jam</strong></span> <span class='ocrx_word' id='word_1_363' title='bbox 1033 4779 1198 4833; x_wconf 93' lang='lat' dir='ltr'><strong>modo</strong></span> <span class='ocrx_word' id='word_1_364' title='bbox 1229 4779 1480 4852; x_wconf 83' lang='lat' dir='ltr'><strong>germine</strong></span> <span class='ocrx_word' id='word_1_365' title='bbox 1513 4780 1678 4850; x_wconf 88' lang='lat' dir='ltr'><strong>plena</strong></span> 
     </span>
    </p>
   </div>
   <div class='ocr_carea' id='block_1_63' title="bbox 196 4870 1710 4945">
    <p class='ocr_par' dir='ltr' id='par_1_63' title="bbox 196 4870 1710 4945">
     <span class='ocr_line' id='line_1_63' title="bbox 196 4870 1710 4945; baseline 0.005 -22"><span class='ocrx_word' id='word_1_366' title='bbox 196 4870 470 4935; x_wconf 87' lang='lat' dir='ltr'><strong>Humano,</strong></span> <span class='ocrx_word' id='word_1_367' title='bbox 507 4871 751 4926; x_wconf 86' lang='lat' dir='ltr'><strong>Christus</strong></span> <span class='ocrx_word' id='word_1_368' title='bbox 785 4880 1070 4945; x_wconf 81' lang='lat' dir='ltr'><strong>postquam</strong></span> <span class='ocrx_word' id='word_1_369' title='bbox 1097 4873 1474 4930; x_wconf 84' lang='lat' dir='ltr'><strong>descenditab</strong></span> <span class='ocrx_word' id='word_1_370' title='bbox 1498 4877 1670 4930; x_wconf 68' lang='lat' dir='ltr'><strong>aathra</strong></span> <span class='ocrx_word' id='word_1_371' title='bbox 1695 4894 1710 4943; x_wconf 89' lang='lat'><strong>;</strong></span> 
     </span>
    </p>
   </div>
   <div class='ocr_carea' id='block_1_64' title="bbox 190 4963 1546 5036">
    <p class='ocr_par' dir='ltr' id='par_1_64' title="bbox 190 4963 1546 5036">
     <span class='ocr_line' id='line_1_64' title="bbox 190 4963 1546 5036; baseline 0.005 -19"><span class='ocrx_word' id='word_1_372' title='bbox 190 4963 548 5036; x_wconf 80' lang='lat' dir='ltr'><strong>Multiplicate</strong></span> <span class='ocrx_word' id='word_1_373' title='bbox 580 4965 768 5031; x_wconf 85' lang='lat' dir='ltr'><strong>fidem,</strong></span> <span class='ocrx_word' id='word_1_374' title='bbox 793 4976 1003 5023; x_wconf 90' lang='lat' dir='ltr'><strong>crescat</strong></span> <span class='ocrx_word' id='word_1_375' title='bbox 1035 4969 1279 5034; x_wconf 85' lang='lat' dir='ltr'><strong>dilectio,</strong></span> <span class='ocrx_word' id='word_1_376' title='bbox 1313 4971 1546 5036; x_wconf 87' lang='lat' dir='ltr'><strong>clamat;</strong></span> 
     </span>
    </p>
   </div>
   <div class='ocr_carea' id='block_1_65' title="bbox 192 5055 1710 5132">
    <p class='ocr_par' dir='ltr' id='par_1_65' title="bbox 192 5055 1710 5132">
     <span class='ocr_line' id='line_1_65' title="bbox 192 5055 1710 5132; baseline 0.004 -24"><span class='ocrx_word' id='word_1_377' title='bbox 192 5055 538 5126; x_wconf 83' lang='lat' dir='ltr'><strong>ApprOperat</strong></span> <span class='ocrx_word' id='word_1_378' title='bbox 573 5073 826 5132; x_wconf 82' lang='lat' dir='ltr'><strong>regnum,</strong></span> <span class='ocrx_word' id='word_1_379' title='bbox 859 5060 1030 5115; x_wconf 76' lang='lat' dir='ltr'><strong>coelos</strong></span> <span class='ocrx_word' id='word_1_380' title='bbox 1060 5062 1291 5132; x_wconf 85' lang='lat' dir='ltr'><strong>replete,</strong></span> <span class='ocrx_word' id='word_1_381' title='bbox 1317 5077 1638 5131; x_wconf 90' lang='lat' dir='ltr'><strong>supernum.</strong></span> <span class='ocrx_word' id='word_1_382' title='bbox 1685 5083 1710 5114; x_wconf 70' lang='grc' dir='ltr'><strong>υ</strong></span> 
     </span>
    </p>
   </div>
   <div class='ocr_carea' id='block_1_66' title="bbox 192 5148 1709 5228">
    <p class='ocr_par' dir='ltr' id='par_1_66' title="bbox 192 5148 1709 5228">
     <span class='ocr_line' id='line_1_66' title="bbox 192 5148 1709 5228; baseline 0.007 -26"><span class='ocrx_word' id='word_1_383' title='bbox 192 5148 342 5204; x_wconf 89' lang='lat' dir='ltr'><strong>Talia</strong></span> <span class='ocrx_word' id='word_1_384' title='bbox 369 5157 492 5221; x_wconf 91' lang='lat' dir='ltr'><strong>post</strong></span> <span class='ocrx_word' id='word_1_385' title='bbox 521 5151 721 5207; x_wconf 88' lang='lat' dir='ltr'><strong>infert:</strong></span> <span class='ocrx_word' id='word_1_386' title='bbox 772 5180 789 5196; x_wconf 69' lang='grc' dir='ltr'><strong>ις</strong></span> <span class='ocrx_word' id='word_1_387' title='bbox 840 5155 949 5228; x_wconf 86' lang='lat' dir='ltr'><strong>Ego</strong></span> <span class='ocrx_word' id='word_1_388' title='bbox 987 5173 1110 5227; x_wconf 57' lang='lat' dir='ltr'><strong>quae</strong></span> <span class='ocrx_word' id='word_1_389' title='bbox 1144 5172 1242 5227; x_wconf 85' lang='lat' dir='ltr'><strong>per</strong></span> <span class='ocrx_word' id='word_1_390' title='bbox 1263 5155 1474 5210; x_wconf 88' lang='lat' dir='ltr'><strong>viscera</strong></span> <span class='ocrx_word' id='word_1_391' title='bbox 1511 5156 1709 5214; x_wconf 90' lang='lat' dir='ltr'><strong>Christi</strong></span> 
     </span>
    </p>
   </div>
   <div class='ocr_carea' id='block_1_67' title="bbox 194 5237 1534 5316">
    <p class='ocr_par' dir='ltr' id='par_1_67' title="bbox 194 5237 1534 5316">
     <span class='ocr_line' id='line_1_67' title="bbox 194 5237 1534 5316; baseline 0.01 -26"><span class='ocrx_word' id='word_1_392' title='bbox 194 5237 654 5297; x_wconf 87' lang='lat' dir='ltr'><strong>Ornamentorum</strong></span> <span class='ocrx_word' id='word_1_393' title='bbox 679 5244 920 5316; x_wconf 86' lang='lat' dir='ltr'><strong>explicui</strong></span> <span class='ocrx_word' id='word_1_394' title='bbox 944 5255 1060 5302; x_wconf 89' lang='lat' dir='ltr'><strong>sata</strong></span> <span class='ocrx_word' id='word_1_395' title='bbox 1083 5249 1235 5302; x_wconf 88' lang='lat' dir='ltr'><strong>lucra</strong></span> <span class='ocrx_word' id='word_1_396' title='bbox 1263 5263 1534 5315; x_wconf 91' lang='lat' dir='ltr'><strong>meorum,</strong></span> 
     </span>
    </p>
   </div>
   <div class='ocr_carea' id='block_1_68' title="bbox 193 5327 1605 5402">
    <p class='ocr_par' dir='ltr' id='par_1_68' title="bbox 193 5327 1605 5402">
     <span class='ocr_line' id='line_1_68' title="bbox 193 5327 1605 5402; baseline 0.011 -21"><span class='ocrx_word' id='word_1_397' title='bbox 193 5327 368 5384; x_wconf 89' lang='lat' dir='ltr'><strong>Cerno</strong></span> <span class='ocrx_word' id='word_1_398' title='bbox 394 5332 485 5388; x_wconf 86' lang='lat' dir='ltr'><strong>die</strong></span> <span class='ocrx_word' id='word_1_399' title='bbox 510 5333 772 5402; x_wconf 80' lang='lat' dir='ltr'><strong>juvenem</strong></span> <span class='ocrx_word' id='word_1_400' title='bbox 798 5336 853 5390; x_wconf 92' lang='lat' dir='ltr'><strong>in</strong></span> <span class='ocrx_word' id='word_1_401' title='bbox 887 5339 1097 5393; x_wconf 87' lang='lat' dir='ltr'><strong>somnis</strong></span> <span class='ocrx_word' id='word_1_402' title='bbox 1120 5339 1449 5394; x_wconf 88' lang='lat' dir='ltr'><strong>diadematis</strong></span> <span class='ocrx_word' id='word_1_403' title='bbox 1470 5355 1605 5396; x_wconf 91' lang='lat' dir='ltr'><strong>auro</strong></span> 
     </span>
    </p>
   </div>
   <div class='ocr_carea' id='block_1_69' title="bbox 191 5416 1638 5500">
    <p class='ocr_par' dir='ltr' id='par_1_69' title="bbox 191 5416 1638 5500">
     <span class='ocr_line' id='line_1_69' title="bbox 191 5416 1638 5500; baseline 0.008 -30"><span class='ocrx_word' id='word_1_404' title='bbox 191 5416 430 5486; x_wconf 90' lang='lat' dir='ltr'><strong>Cultum,</strong></span> <span class='ocrx_word' id='word_1_405' title='bbox 466 5439 744 5493; x_wconf 81' lang='lat' dir='ltr'><strong>purpurea</strong></span> <span class='ocrx_word' id='word_1_406' title='bbox 775 5436 1050 5500; x_wconf 86' lang='lat' dir='ltr'><strong>gemmata</strong></span> <span class='ocrx_word' id='word_1_407' title='bbox 1081 5438 1136 5482; x_wconf 92' lang='lat' dir='ltr'><strong>et</strong></span> <span class='ocrx_word' id='word_1_408' title='bbox 1164 5435 1314 5484; x_wconf 87' lang='lat' dir='ltr'><strong>veste</strong></span> <span class='ocrx_word' id='word_1_409' title='bbox 1346 5427 1638 5492; x_wconf 89' lang='lat' dir='ltr'><strong>nitentem,</strong></span> 
     </span>
    </p>
   </div>
   <div class='ocr_carea' id='block_1_70' title="bbox 190 5509 1528 5594">
    <p class='ocr_par' dir='ltr' id='par_1_70' title="bbox 190 5509 1528 5594">
     <span class='ocr_line' id='line_1_70' title="bbox 190 5509 1528 5594; baseline 0.01 -30"><span class='ocrx_word' id='word_1_410' title='bbox 190 5509 387 5583; x_wconf 85' lang='lat' dir='ltr'><strong>Meque</strong></span> <span class='ocrx_word' id='word_1_411' title='bbox 418 5525 580 5571; x_wconf 90' lang='lat' dir='ltr'><strong>tuens</strong></span> <span class='ocrx_word' id='word_1_412' title='bbox 611 5517 802 5574; x_wconf 88' lang='lat' dir='ltr'><strong>hilaris</strong></span> <span class='ocrx_word' id='word_1_413' title='bbox 827 5530 981 5594; x_wconf 87' lang='lat' dir='ltr'><strong>grato</strong></span> <span class='ocrx_word' id='word_1_414' title='bbox 1009 5522 1089 5578; x_wconf 91' lang='lat' dir='ltr'><strong>sic</strong></span> <span class='ocrx_word' id='word_1_415' title='bbox 1121 5539 1214 5578; x_wconf 94' lang='lat' dir='ltr'><strong>ore</strong></span> <span class='ocrx_word' id='word_1_416' title='bbox 1247 5523 1528 5594; x_wconf 91' lang='lat' dir='ltr'><strong>profatur:</strong></span> 
     </span>
    </p>
   </div>
   <div class='ocr_carea' id='block_1_71' title="bbox 199 5598 1600 5684">
    <p class='ocr_par' dir='ltr' id='par_1_71' title="bbox 199 5598 1600 5684">
     <span class='ocr_line' id='line_1_71' title="bbox 199 5598 1600 5684; baseline 0.014 -33"><span class='ocrx_word' id='word_1_417' title='bbox 199 5619 226 5645; x_wconf 73' lang='grc' dir='ltr'><strong>α</strong></span> <span class='ocrx_word' id='word_1_418' title='bbox 267 5598 305 5652; x_wconf 95' lang='grc' dir='ltr'><strong>Ο</strong></span> <span class='ocrx_word' id='word_1_419' title='bbox 333 5600 426 5670; x_wconf 89' lang='lat' dir='ltr'><strong>pia</strong></span> <span class='ocrx_word' id='word_1_420' title='bbox 453 5601 746 5676; x_wconf 79' lang='lat' dir='ltr'><strong>virginitas</strong></span> <span class='ocrx_word' id='word_1_421' title='bbox 759 5621 923 5676; x_wconf 88' lang='lat' dir='ltr'><strong>quam</strong></span> <span class='ocrx_word' id='word_1_422' title='bbox 947 5625 1092 5664; x_wconf 92' lang='lat' dir='ltr'><strong>mors</strong></span> <span class='ocrx_word' id='word_1_423' title='bbox 1121 5611 1375 5668; x_wconf 90' lang='lat' dir='ltr'><strong>evincere</strong></span> <span class='ocrx_word' id='word_1_424' title='bbox 1401 5615 1600 5684; x_wconf 90' lang='lat' dir='ltr'><strong>nescit,</strong></span> 
     </span>
    </p>
   </div>
   <div class='ocr_carea' id='block_1_72' title="bbox 267 5768 1297 5850">
    <p class='ocr_par' dir='ltr' id='par_1_72' title="bbox 267 5768 1297 5850">
     <span class='ocr_line' id='line_1_72' title="bbox 267 5768 1297 5850; baseline 0.014 -28"><span class='ocrx_word' id='word_1_425' title='bbox 267 5768 418 5839; x_wconf 82' lang='grc'>(181)</span> <span class='ocrx_word' id='word_1_426' title='bbox 459 5770 687 5828; x_wconf 89' lang='lat' dir='ltr'><strong>Videtur</strong></span> <span class='ocrx_word' id='word_1_427' title='bbox 718 5776 1017 5850; x_wconf 89' lang='lat' dir='ltr'><strong>tegendum</strong></span> <span class='ocrx_word' id='word_1_428' title='bbox 1058 5781 1297 5836; x_wconf 55' lang='lat' dir='ltr'><strong>Victam</strong></span> 
     </span>
    </p>
   </div>
   <div class='ocr_carea' id='block_1_73' title="bbox 1823 3204 1872 3272">
    <p class='ocr_par' dir='ltr' id='par_1_73' title="bbox 1823 3204 1872 3272">
     <span class='ocr_line' id='line_1_73' title="bbox 1823 3204 1872 3272; baseline 0 0"><span class='ocrx_word' id='word_1_429' title='bbox 1823 3204 1872 3272; x_wconf 88' lang='lat' dir='ltr'><strong>C</strong></span> 
     </span>
    </p>
   </div>
   <div class='ocr_carea' id='block_1_74' title="bbox 1911 2417 3450 2493">
    <p class='ocr_par' dir='ltr' id='par_1_74' title="bbox 1911 2417 3450 2493">
     <span class='ocr_line' id='line_1_74' title="bbox 1911 2417 3450 2493; baseline 0.001 -24"><span class='ocrx_word' id='word_1_430' title='bbox 1911 2439 1936 2468; x_wconf 75' lang='grc' dir='ltr'>α</span> <span class='ocrx_word' id='word_1_431' title='bbox 1982 2419 2253 2489; x_wconf 85' lang='lat' dir='ltr'><strong>Perpetua</strong></span> <span class='ocrx_word' id='word_1_432' title='bbox 2283 2421 2417 2493; x_wconf 88' lang='lat' dir='ltr'><strong>quin</strong></span> <span class='ocrx_word' id='word_1_433' title='bbox 2454 2428 2631 2477; x_wconf 88' lang='lat' dir='ltr'><strong>morte</strong></span> <span class='ocrx_word' id='word_1_434' title='bbox 2669 2420 2817 2492; x_wconf 90' lang='lat' dir='ltr'><strong>rapis</strong></span> <span class='ocrx_word' id='word_1_435' title='bbox 2848 2428 2941 2475; x_wconf 89' lang='lat' dir='ltr'><strong>tua</strong></span> <span class='ocrx_word' id='word_1_436' title='bbox 2965 2421 3088 2489; x_wconf 87' lang='lat' dir='ltr'><strong>jura</strong></span> <span class='ocrx_word' id='word_1_437' title='bbox 3118 2417 3450 2490; x_wconf 86' lang='lat' dir='ltr'><strong>sequentes!</strong></span> 
     </span>
    </p>
   </div>
   <div class='ocr_carea' id='block_1_75' title="bbox 1912 2511 3358 2588">
    <p class='ocr_par' dir='ltr' id='par_1_75' title="bbox 1912 2511 3358 2588">
     <span class='ocr_line' id='line_1_75' title="bbox 1912 2511 3358 2588; baseline 0.003 -22"><span class='ocrx_word' id='word_1_438' title='bbox 1912 2532 1935 2560; x_wconf 74' lang='grc' dir='ltr'><em>α</em></span> <span class='ocrx_word' id='word_1_439' title='bbox 1983 2511 2021 2566; x_wconf 90' lang='grc' dir='ltr'>Ο</span> <span class='ocrx_word' id='word_1_440' title='bbox 2054 2511 2200 2568; x_wconf 89' lang='lat' dir='ltr'><strong>bona</strong></span> <span class='ocrx_word' id='word_1_441' title='bbox 2231 2514 2518 2588; x_wconf 86' lang='lat' dir='ltr'><strong>virginitas</strong></span> <span class='ocrx_word' id='word_1_442' title='bbox 2539 2514 2893 2569; x_wconf 90' lang='lat' dir='ltr'><strong>tenebrarum</strong></span> <span class='ocrx_word' id='word_1_443' title='bbox 2916 2513 3061 2568; x_wconf 86' lang='lat' dir='ltr'><strong>facta</strong></span> <span class='ocrx_word' id='word_1_444' title='bbox 3092 2512 3358 2571; x_wconf 84' lang='lat' dir='ltr'><strong>refutans.</strong></span> 
     </span>
    </p>
   </div>
   <div class='ocr_carea' id='block_1_76' title="bbox 1913 2598 3386 2678">
    <p class='ocr_par' dir='ltr' id='par_1_76' title="bbox 1913 2598 3386 2678">
     <span class='ocr_line' id='line_1_76' title="bbox 1913 2598 3386 2678; baseline 0 -24"><span class='ocrx_word' id='word_1_445' title='bbox 1913 2623 1932 2650; x_wconf 74' lang='grc' dir='ltr'>α</span> <span class='ocrx_word' id='word_1_446' title='bbox 1982 2602 2208 2658; x_wconf 87' lang='lat' dir='ltr'><strong>Sidereo</strong></span> <span class='ocrx_word' id='word_1_447' title='bbox 2233 2620 2453 2674; x_wconf 85' lang='lat' dir='ltr'><strong>semper</strong></span> <span class='ocrx_word' id='word_1_448' title='bbox 2479 2604 2638 2678; x_wconf 87' lang='lat' dir='ltr'><strong>degis</strong></span> <span class='ocrx_word' id='word_1_449' title='bbox 2667 2620 2791 2676; x_wconf 65' lang='lat' dir='ltr'><strong>qua:</strong></span> <span class='ocrx_word' id='word_1_450' title='bbox 2814 2603 3028 2658; x_wconf 89' lang='lat' dir='ltr'><strong>lumine</strong></span> <span class='ocrx_word' id='word_1_451' title='bbox 3059 2598 3313 2672; x_wconf 83' lang='lat' dir='ltr'><strong>compta!</strong></span> <span class='ocrx_word' id='word_1_452' title='bbox 3361 2622 3386 2646; x_wconf 80' lang='grc' dir='ltr'><strong>ι·</strong></span> 
     </span>
    </p>
   </div>
   <div class='ocr_carea' id='block_1_77' title="bbox 1910 2694 3093 2770">
    <p class='ocr_par' dir='ltr' id='par_1_77' title="bbox 1910 2694 3093 2770">
     <span class='ocr_line' id='line_1_77' title="bbox 1910 2694 3093 2770; baseline 0.001 -23"><span class='ocrx_word' id='word_1_453' title='bbox 1910 2694 2124 2749; x_wconf 89' lang='lat' dir='ltr'><strong>Auditis</strong></span> <span class='ocrx_word' id='word_1_454' title='bbox 2155 2696 2360 2767; x_wconf 88' lang='lat' dir='ltr'><strong>quibus</strong></span> <span class='ocrx_word' id='word_1_455' title='bbox 2389 2696 2594 2769; x_wconf 87' lang='lat' dir='ltr'><strong>evigilo</strong></span> <span class='ocrx_word' id='word_1_456' title='bbox 2625 2695 2870 2767; x_wconf 85' lang='lat' dir='ltr'><strong>ﬂetuque</strong></span> <span class='ocrx_word' id='word_1_457' title='bbox 2898 2695 3093 2770; x_wconf 88' lang='lat' dir='ltr'><strong>rigata,</strong></span> 
     </span>
    </p>
   </div>
   <div class='ocr_carea' id='block_1_78' title="bbox 1912 2788 3287 2862">
    <p class='ocr_par' dir='ltr' id='par_1_78' title="bbox 1912 2788 3287 2862">
     <span class='ocr_line' id='line_1_78' title="bbox 1912 2788 3287 2862; baseline -0.001 -19"><span class='ocrx_word' id='word_1_458' title='bbox 1912 2790 2083 2862; x_wconf 89' lang='lat' dir='ltr'><strong>Inque</strong></span> <span class='ocrx_word' id='word_1_459' title='bbox 2115 2791 2432 2862; x_wconf 90' lang='lat' dir='ltr'><strong>pavimento</strong></span> <span class='ocrx_word' id='word_1_460' title='bbox 2461 2793 2752 2848; x_wconf 90' lang='lat' dir='ltr'><strong>Dominum</strong></span> <span class='ocrx_word' id='word_1_461' title='bbox 2783 2796 3058 2862; x_wconf 88' lang='lat' dir='ltr'><strong>prostrato</strong></span> <span class='ocrx_word' id='word_1_462' title='bbox 3090 2788 3287 2860; x_wconf 86' lang='lat' dir='ltr'><strong>fatigo;</strong></span> 
     </span>
    </p>
   </div>
   <div class='ocr_carea' id='block_1_79' title="bbox 1911 2882 3433 2956">
    <p class='ocr_par' dir='ltr' id='par_1_79' title="bbox 1911 2882 3433 2956">
     <span class='ocr_line' id='line_1_79' title="bbox 1911 2882 3433 2956; baseline -0.002 -19"><span class='ocrx_word' id='word_1_463' title='bbox 1911 2884 2040 2938; x_wconf 62' lang='lat' dir='ltr'><strong>Haec</strong></span> <span class='ocrx_word' id='word_1_464' title='bbox 2067 2885 2222 2952; x_wconf 89' lang='lat' dir='ltr'><strong>mihi,</strong></span> <span class='ocrx_word' id='word_1_465' title='bbox 2256 2884 2350 2956; x_wconf 92' lang='lat' dir='ltr'><strong>qui</strong></span> <span class='ocrx_word' id='word_1_466' title='bbox 2380 2886 2602 2951; x_wconf 91' lang='lat' dir='ltr'><strong>tulerat,</strong></span> <span class='ocrx_word' id='word_1_467' title='bbox 2643 2884 2845 2940; x_wconf 87' lang='lat' dir='ltr'><strong>referat</strong></span> <span class='ocrx_word' id='word_1_468' title='bbox 2872 2882 3192 2938; x_wconf 90' lang='lat' dir='ltr'><strong>dulcissima</strong></span> <span class='ocrx_word' id='word_1_469' title='bbox 3213 2895 3433 2942; x_wconf 88' lang='lat' dir='ltr'><strong>rursus.</strong></span> 
     </span>
    </p>
   </div>
   <div class='ocr_carea' id='block_1_80' title="bbox 1908 2972 3360 3049">
    <p class='ocr_par' dir='ltr' id='par_1_80' title="bbox 1908 2972 3360 3049">
     <span class='ocr_line' id='line_1_80' title="bbox 1908 2972 3360 3049; baseline -0.003 -20"><span class='ocrx_word' id='word_1_470' title='bbox 1908 2974 1998 3030; x_wconf 93' lang='lat' dir='ltr'><strong>Sic</strong></span> <span class='ocrx_word' id='word_1_471' title='bbox 2041 2983 2224 3032; x_wconf 74' lang='lat' dir='ltr'><strong>stratze</strong></span> <span class='ocrx_word' id='word_1_472' title='bbox 2254 2976 2388 3031; x_wconf 89' lang='lat' dir='ltr'><strong>mihi</strong></span> <span class='ocrx_word' id='word_1_473' title='bbox 2411 2977 2766 3049; x_wconf 88' lang='lat' dir='ltr'><strong>prosequitur</strong></span> <span class='ocrx_word' id='word_1_474' title='bbox 2795 2975 3138 3046; x_wconf 83' lang='lat' dir='ltr'><strong>gratissimus</strong></span> <span class='ocrx_word' id='word_1_475' title='bbox 3163 2972 3360 3027; x_wconf 92' lang='lat' dir='ltr'><strong>isdem.</strong></span> 
     </span>
    </p>
   </div>
   <div class='ocr_carea' id='block_1_81' title="bbox 1914 3067 3276 3141">
    <p class='ocr_par' dir='ltr' id='par_1_81' title="bbox 1914 3067 3276 3141">
     <span class='ocr_line' id='line_1_81' title="bbox 1914 3067 3276 3141; baseline -0.004 -20"><span class='ocrx_word' id='word_1_476' title='bbox 1914 3087 1938 3116; x_wconf 70' lang='grc' dir='ltr'><strong>ι</strong></span> <span class='ocrx_word' id='word_1_477' title='bbox 1983 3067 2282 3141; x_wconf 89' lang='lat' dir='ltr'><strong>Virginitas</strong></span> <span class='ocrx_word' id='word_1_478' title='bbox 2322 3068 2498 3122; x_wconf 91' lang='lat' dir='ltr'><strong>nitide</strong></span> <span class='ocrx_word' id='word_1_479' title='bbox 2531 3067 2734 3141; x_wconf 89' lang='lat' dir='ltr'><strong>regalis</strong></span> <span class='ocrx_word' id='word_1_480' title='bbox 2762 3081 3007 3137; x_wconf 90' lang='lat' dir='ltr'><strong>purpura</strong></span> <span class='ocrx_word' id='word_1_481' title='bbox 3039 3079 3276 3118; x_wconf 87' lang='lat' dir='ltr'><strong>vernans</strong></span> 
     </span>
    </p>
   </div>
   <div class='ocr_carea' id='block_1_82' title="bbox 1912 3150 3372 3229">
    <p class='ocr_par' dir='ltr' id='par_1_82' title="bbox 1912 3150 3372 3229">
     <span class='ocr_line' id='line_1_82' title="bbox 1912 3150 3372 3229; baseline -0.004 -18"><span class='ocrx_word' id='word_1_482' title='bbox 1912 3156 2008 3211; x_wconf 90' lang='lat' dir='ltr'><strong>Est</strong></span> <span class='ocrx_word' id='word_1_483' title='bbox 2029 3173 2138 3228; x_wconf 89' lang='lat' dir='ltr'><strong>qua</strong></span> <span class='ocrx_word' id='word_1_484' title='bbox 2169 3156 2263 3229; x_wconf 91' lang='lat' dir='ltr'><strong>qui</strong></span> <span class='ocrx_word' id='word_1_485' title='bbox 2294 3157 2547 3211; x_wconf 88' lang='lat' dir='ltr'><strong>induitur</strong></span> <span class='ocrx_word' id='word_1_486' title='bbox 2577 3155 2808 3226; x_wconf 90' lang='lat' dir='ltr'><strong>reliquis</strong></span> <span class='ocrx_word' id='word_1_487' title='bbox 2843 3152 3193 3225; x_wconf 58' lang='lat' dir='ltr'><strong>praestantior</strong></span> <span class='ocrx_word' id='word_1_488' title='bbox 3223 3150 3372 3215; x_wconf 83' lang='lat' dir='ltr'><strong>exit;</strong></span> 
     </span>
    </p>
   </div>
   <div class='ocr_carea' id='block_1_83' title="bbox 1915 3245 3219 3326">
    <p class='ocr_par' dir='ltr' id='par_1_83' title="bbox 1915 3245 3219 3326">
     <span class='ocr_line' id='line_1_83' title="bbox 1915 3245 3219 3326; baseline -0.007 -17"><span class='ocrx_word' id='word_1_489' title='bbox 1915 3252 2212 3326; x_wconf 85' lang='lat' dir='ltr'><strong>Virginitas</strong></span> <span class='ocrx_word' id='word_1_490' title='bbox 2242 3250 2353 3306; x_wconf 92' lang='lat' dir='ltr'><strong>divi</strong></span> <span class='ocrx_word' id='word_1_491' title='bbox 2377 3265 2595 3321; x_wconf 89' lang='lat' dir='ltr'><strong>gemma</strong></span> <span class='ocrx_word' id='word_1_492' title='bbox 2609 3256 2693 3302; x_wconf 91' lang='lat' dir='ltr'><strong>est</strong></span> <span class='ocrx_word' id='word_1_493' title='bbox 2724 3247 2969 3318; x_wconf 87' lang='lat' dir='ltr'><strong>pretiosa</strong></span> <span class='ocrx_word' id='word_1_494' title='bbox 2996 3245 3219 3301; x_wconf 90' lang='lat' dir='ltr'><strong>monilis</strong></span> 
     </span>
    </p>
   </div>
   <div class='ocr_carea' id='block_1_84' title="bbox 1911 3335 3224 3419">
    <p class='ocr_par' dir='ltr' id='par_1_84' title="bbox 1911 3335 3224 3419">
     <span class='ocr_line' id='line_1_84' title="bbox 1911 3335 3224 3419; baseline -0.008 -21"><span class='ocrx_word' id='word_1_495' title='bbox 1911 3342 2208 3419; x_wconf 86' lang='lat' dir='ltr'><strong>Virginitas</strong></span> <span class='ocrx_word' id='word_1_496' title='bbox 2231 3339 2378 3414; x_wconf 84' lang='lat' dir='ltr'><strong>regis</strong></span> <span class='ocrx_word' id='word_1_497' title='bbox 2405 3337 2689 3408; x_wconf 91' lang='lat' dir='ltr'><strong>inopinum</strong></span> <span class='ocrx_word' id='word_1_498' title='bbox 2718 3352 2922 3390; x_wconf 90' lang='lat' dir='ltr'><strong>munus</strong></span> <span class='ocrx_word' id='word_1_499' title='bbox 2957 3335 3224 3399; x_wconf 86' lang='lat' dir='ltr'><strong>habetur;</strong></span> 
     </span>
    </p>
   </div>
   <div class='ocr_carea' id='block_1_85' title="bbox 1909 3423 3296 3490">
    <p class='ocr_par' dir='ltr' id='par_1_85' title="bbox 1909 3423 3296 3490">
     <span class='ocr_line' id='line_1_85' title="bbox 1909 3423 3296 3490; baseline -0.008 -2"><span class='ocrx_word' id='word_1_500' title='bbox 1909 3433 2189 3488; x_wconf 85' lang='lat' dir='ltr'><strong>Thesauro</strong></span> <span class='ocrx_word' id='word_1_501' title='bbox 2217 3429 2448 3484; x_wconf 89' lang='lat' dir='ltr'><strong>insidias</strong></span> <span class='ocrx_word' id='word_1_502' title='bbox 2472 3426 2689 3482; x_wconf 86' lang='lat' dir='ltr'><strong>latitant</strong></span> <span class='ocrx_word' id='word_1_503' title='bbox 2709 3425 2842 3481; x_wconf 90' lang='lat' dir='ltr'><strong>huic</strong></span> <span class='ocrx_word' id='word_1_504' title='bbox 2871 3425 3101 3481; x_wconf 91' lang='lat' dir='ltr'><strong>tendere</strong></span> <span class='ocrx_word' id='word_1_505' title='bbox 3124 3423 3296 3490; x_wconf 90' lang='lat' dir='ltr'><strong>fures,</strong></span> 
     </span>
    </p>
   </div>
   <div class='ocr_carea' id='block_1_86' title="bbox 1911 3514 3287 3590">
    <p class='ocr_par' dir='ltr' id='par_1_86' title="bbox 1911 3514 3287 3590">
     <span class='ocr_line' id='line_1_86' title="bbox 1911 3514 3287 3590; baseline -0.007 -14"><span class='ocrx_word' id='word_1_506' title='bbox 1911 3522 2082 3586; x_wconf 85' lang='lat' dir='ltr'><strong>Quem</strong></span> <span class='ocrx_word' id='word_1_507' title='bbox 2105 3526 2161 3574; x_wconf 93' lang='lat' dir='ltr'><strong>tu</strong></span> <span class='ocrx_word' id='word_1_508' title='bbox 2188 3517 2426 3575; x_wconf 91' lang='lat' dir='ltr'><strong>sollicito</strong></span> <span class='ocrx_word' id='word_1_509' title='bbox 2454 3517 2767 3590; x_wconf 87' lang='lat' dir='ltr'><strong>advigilans</strong></span> <span class='ocrx_word' id='word_1_510' title='bbox 2797 3514 3068 3570; x_wconf 89' lang='lat' dir='ltr'><strong>tutamine</strong></span> <span class='ocrx_word' id='word_1_511' title='bbox 3094 3529 3287 3576; x_wconf 85' lang='lat' dir='ltr'><strong>serva;</strong></span> 
     </span>
    </p>
   </div>
   <div class='ocr_carea' id='block_1_87' title="bbox 1918 3604 3216 3680">
    <p class='ocr_par' dir='ltr' id='par_1_87' title="bbox 1918 3604 3216 3680">
     <span class='ocr_line' id='line_1_87' title="bbox 1918 3604 3216 3680; baseline -0.007 -14"><span class='ocrx_word' id='word_1_512' title='bbox 1918 3609 2145 3666; x_wconf 88' lang='lat' dir='ltr'><strong>Divitias</strong></span> <span class='ocrx_word' id='word_1_513' title='bbox 2171 3622 2394 3680; x_wconf 90' lang='lat' dir='ltr'><strong>quoque</strong></span> <span class='ocrx_word' id='word_1_514' title='bbox 2425 3606 2610 3677; x_wconf 90' lang='lat' dir='ltr'><strong>potius</strong></span> <span class='ocrx_word' id='word_1_515' title='bbox 2639 3605 2736 3660; x_wconf 87' lang='lat' dir='ltr'><strong>has</strong></span> <span class='ocrx_word' id='word_1_516' title='bbox 2761 3605 2944 3660; x_wconf 89' lang='lat' dir='ltr'><strong>noscis</strong></span> <span class='ocrx_word' id='word_1_517' title='bbox 2976 3604 3216 3658; x_wconf 87' lang='lat' dir='ltr'><strong>habere:</strong></span> 
     </span>
    </p>
   </div>
   <div class='ocr_carea' id='block_1_88' title="bbox 1918 3693 3282 3771">
    <p class='ocr_par' dir='ltr' id='par_1_88' title="bbox 1918 3693 3282 3771">
     <span class='ocr_line' id='line_1_88' title="bbox 1918 3693 3282 3771; baseline -0.008 -16"><span class='ocrx_word' id='word_1_518' title='bbox 1918 3699 2027 3755; x_wconf 81' lang='lat' dir='ltr'><strong>Hoc</strong></span> <span class='ocrx_word' id='word_1_519' title='bbox 2059 3706 2237 3754; x_wconf 84' lang='lat' dir='ltr'><strong>tutare</strong></span> <span class='ocrx_word' id='word_1_520' title='bbox 2261 3697 2434 3771; x_wconf 84' lang='lat' dir='ltr'><strong>magis</strong></span> <span class='ocrx_word' id='word_1_521' title='bbox 2455 3695 2609 3750; x_wconf 89' lang='lat' dir='ltr'><strong>furva</strong></span> <span class='ocrx_word' id='word_1_522' title='bbox 2633 3710 2701 3749; x_wconf 90' lang='lat' dir='ltr'><strong>ne</strong></span> <span class='ocrx_word' id='word_1_523' title='bbox 2723 3693 2918 3748; x_wconf 89' lang='lat' dir='ltr'><strong>fraude</strong></span> <span class='ocrx_word' id='word_1_524' title='bbox 2938 3693 3216 3748; x_wconf 83' lang='lat' dir='ltr'><strong>fatiscant.</strong></span> <span class='ocrx_word' id='word_1_525' title='bbox 3261 3715 3282 3741; x_wconf 78' lang='grc' dir='ltr'>ι</span> 
     </span>
    </p>
   </div>
   <div class='ocr_carea' id='block_1_89' title="bbox 1918 3781 3226 3861">
    <p class='ocr_par' dir='ltr' id='par_1_89' title="bbox 1918 3781 3226 3861">
     <span class='ocr_line' id='line_1_89' title="bbox 1918 3781 3226 3861; baseline -0.008 -17"><span class='ocrx_word' id='word_1_526' title='bbox 1918 3790 2012 3844; x_wconf 84' lang='lat' dir='ltr'><strong>His</strong></span> <span class='ocrx_word' id='word_1_527' title='bbox 2032 3789 2266 3861; x_wconf 89' lang='lat' dir='ltr'><strong>aliisque</strong></span> <span class='ocrx_word' id='word_1_528' title='bbox 2298 3787 2404 3858; x_wconf 85' lang='lat' dir='ltr'><strong>piis</strong></span> <span class='ocrx_word' id='word_1_529' title='bbox 2441 3784 2682 3840; x_wconf 89' lang='lat' dir='ltr'><strong>animata</strong></span> <span class='ocrx_word' id='word_1_530' title='bbox 2707 3781 3036 3839; x_wconf 89' lang='lat' dir='ltr'><strong>hortaminis</strong></span> <span class='ocrx_word' id='word_1_531' title='bbox 3066 3781 3226 3846; x_wconf 89' lang='lat' dir='ltr'><strong>orsis,</strong></span> 
     </span>
    </p>
   </div>
   <div class='ocr_carea' id='block_1_90' title="bbox 1917 3869 3249 3934">
    <p class='ocr_par' dir='ltr' id='par_1_90' title="bbox 1917 3869 3249 3934">
     <span class='ocr_line' id='line_1_90' title="bbox 1917 3869 3249 3934; baseline -0.006 0"><span class='ocrx_word' id='word_1_532' title='bbox 1917 3877 2180 3934; x_wconf 87' lang='lat' dir='ltr'><strong>Distrahit</strong></span> <span class='ocrx_word' id='word_1_533' title='bbox 2217 3892 2380 3932; x_wconf 91' lang='lat' dir='ltr'><strong>omne</strong></span> <span class='ocrx_word' id='word_1_534' title='bbox 2419 3875 2592 3930; x_wconf 89' lang='lat' dir='ltr'><strong>decus</strong></span> <span class='ocrx_word' id='word_1_535' title='bbox 2622 3871 2759 3928; x_wconf 88' lang='lat' dir='ltr'><strong>varii</strong></span> <span class='ocrx_word' id='word_1_536' title='bbox 2777 3869 3016 3926; x_wconf 88' lang='lat' dir='ltr'><strong>Victoria</strong></span> <span class='ocrx_word' id='word_1_537' title='bbox 3053 3869 3249 3926; x_wconf 88' lang='lat' dir='ltr'><strong>cultus.</strong></span> 
     </span>
    </p>
   </div>
   <div class='ocr_carea' id='block_1_91' title="bbox 1919 3961 3252 4041">
    <p class='ocr_par' dir='ltr' id='par_1_91' title="bbox 1919 3961 3252 4041">
     <span class='ocr_line' id='line_1_91' title="bbox 1919 3961 3252 4041; baseline -0.01 -14"><span class='ocrx_word' id='word_1_538' title='bbox 1919 3971 2328 4041; x_wconf 68' lang='lat' dir='ltr'><strong>Quaesitumque</strong></span> <span class='ocrx_word' id='word_1_539' title='bbox 2359 3970 2471 4024; x_wconf 92' lang='lat' dir='ltr'><strong>Deo</strong></span> <span class='ocrx_word' id='word_1_540' title='bbox 2513 3967 2749 4038; x_wconf 91' lang='lat' dir='ltr'><strong>pretium</strong></span> <span class='ocrx_word' id='word_1_541' title='bbox 2781 3963 3011 4036; x_wconf 91' lang='lat' dir='ltr'><strong>largitur</strong></span> <span class='ocrx_word' id='word_1_542' title='bbox 3041 3961 3252 4034; x_wconf 87' lang='lat' dir='ltr'><strong>egenis.</strong></span> 
     </span>
    </p>
   </div>
   <div class='ocr_carea' id='block_1_92' title="bbox 1919 4059 3181 4138">
    <p class='ocr_par' dir='ltr' id='par_1_92' title="bbox 1919 4059 3181 4138">
     <span class='ocr_line' id='line_1_92' title="bbox 1919 4059 3181 4138; baseline -0.007 -17"><span class='ocrx_word' id='word_1_543' title='bbox 1919 4065 2208 4138; x_wconf 89' lang='lat' dir='ltr'><strong>Accipiunt</strong></span> <span class='ocrx_word' id='word_1_544' title='bbox 2235 4064 2426 4136; x_wconf 90' lang='lat' dir='ltr'><strong>sponsi</strong></span> <span class='ocrx_word' id='word_1_545' title='bbox 2448 4071 2731 4135; x_wconf 88' lang='lat' dir='ltr'><strong>pactarum</strong></span> <span class='ocrx_word' id='word_1_546' title='bbox 2751 4059 2986 4135; x_wconf 83' lang='lat' dir='ltr'><strong>insignia</strong></span> <span class='ocrx_word' id='word_1_547' title='bbox 3005 4066 3181 4134; x_wconf 89' lang='lat' dir='ltr'><strong>gesta,</strong></span> 
     </span>
    </p>
   </div>
   <div class='ocr_carea' id='block_1_93' title="bbox 1922 4145 3428 4227">
    <p class='ocr_par' dir='ltr' id='par_1_93' title="bbox 1922 4145 3428 4227">
     <span class='ocr_line' id='line_1_93' title="bbox 1922 4145 3428 4227; baseline -0.009 -16"><span class='ocrx_word' id='word_1_548' title='bbox 1922 4158 1983 4212; x_wconf 92' lang='lat' dir='ltr'><strong>Et</strong></span> <span class='ocrx_word' id='word_1_549' title='bbox 2010 4156 2270 4227; x_wconf 89' lang='lat' dir='ltr'><strong>quoniam</strong></span> <span class='ocrx_word' id='word_1_550' title='bbox 2305 4153 2501 4208; x_wconf 89' lang='lat' dir='ltr'><strong>Christi</strong></span> <span class='ocrx_word' id='word_1_551' title='bbox 2533 4157 2816 4224; x_wconf 91' lang='lat' dir='ltr'><strong>nequeunt</strong></span> <span class='ocrx_word' id='word_1_552' title='bbox 2838 4151 3095 4221; x_wconf 88' lang='lat' dir='ltr'><strong>laqueare</strong></span> <span class='ocrx_word' id='word_1_553' title='bbox 3122 4145 3428 4207; x_wconf 87' lang='lat' dir='ltr'><strong>columbas,</strong></span> 
     </span>
    </p>
   </div>
   <div class='ocr_carea' id='block_1_94' title="bbox 1922 4241 3365 4316">
    <p class='ocr_par' dir='ltr' id='par_1_94' title="bbox 1922 4241 3365 4316">
     <span class='ocr_line' id='line_1_94' title="bbox 1922 4241 3365 4316; baseline -0.008 -16"><span class='ocrx_word' id='word_1_554' title='bbox 1922 4246 2129 4302; x_wconf 90' lang='lat' dir='ltr'><strong>Pellere</strong></span> <span class='ocrx_word' id='word_1_555' title='bbox 2155 4245 2524 4316; x_wconf 64' lang='lat' dir='ltr'><strong>praecipitant,</strong></span> <span class='ocrx_word' id='word_1_556' title='bbox 2557 4243 2836 4314; x_wconf 89' lang='lat' dir='ltr'><strong>Decioque</strong></span> <span class='ocrx_word' id='word_1_557' title='bbox 2875 4241 3090 4296; x_wconf 89' lang='lat' dir='ltr'><strong>sinente</strong></span> <span class='ocrx_word' id='word_1_558' title='bbox 3125 4253 3222 4309; x_wconf 86' lang='lat' dir='ltr'><strong>per</strong></span> <span class='ocrx_word' id='word_1_559' title='bbox 3240 4251 3365 4291; x_wconf 86' lang='lat' dir='ltr'><strong>arva</strong></span> 
     </span>
    </p>
   </div>
   <div class='ocr_carea' id='block_1_95' title="bbox 1923 4325 3274 4408">
    <p class='ocr_par' dir='ltr' id='par_1_95' title="bbox 1923 4325 3274 4408">
     <span class='ocr_line' id='line_1_95' title="bbox 1923 4325 3274 4408; baseline -0.009 -18"><span class='ocrx_word' id='word_1_560' title='bbox 1923 4336 2149 4407; x_wconf 82' lang='lat' dir='ltr'><strong>Propria</strong></span> <span class='ocrx_word' id='word_1_561' title='bbox 2187 4335 2436 4408; x_wconf 88' lang='lat' dir='ltr'><strong>legantes</strong></span> <span class='ocrx_word' id='word_1_562' title='bbox 2465 4333 2599 4387; x_wconf 89' lang='lat' dir='ltr'><strong>arcti</strong></span> <span class='ocrx_word' id='word_1_563' title='bbox 2628 4332 2794 4388; x_wconf 88' lang='lat' dir='ltr'><strong>modo</strong></span> <span class='ocrx_word' id='word_1_564' title='bbox 2827 4329 3096 4402; x_wconf 88' lang='lat' dir='ltr'><strong>fragmina</strong></span> <span class='ocrx_word' id='word_1_565' title='bbox 3116 4325 3274 4396; x_wconf 89' lang='lat' dir='ltr'><strong>panis</strong></span> 
     </span>
    </p>
   </div>
   <div class='ocr_carea' id='block_1_96' title="bbox 1921 4417 3318 4490">
    <p class='ocr_par' dir='ltr' id='par_1_96' title="bbox 1921 4417 3318 4490">
     <span class='ocr_line' id='line_1_96' title="bbox 1921 4417 3318 4490; baseline -0.009 -10"><span class='ocrx_word' id='word_1_566' title='bbox 1921 4426 2015 4480; x_wconf 87' lang='lat' dir='ltr'><strong>Vix</strong></span> <span class='ocrx_word' id='word_1_567' title='bbox 2037 4425 2123 4481; x_wconf 91' lang='lat' dir='ltr'><strong>vel</strong></span> <span class='ocrx_word' id='word_1_568' title='bbox 2144 4441 2270 4481; x_wconf 88' lang='lat' dir='ltr'><strong>sero</strong></span> <span class='ocrx_word' id='word_1_569' title='bbox 2297 4424 2516 4486; x_wconf 91' lang='lat' dir='ltr'><strong>ferunt;</strong></span> <span class='ocrx_word' id='word_1_570' title='bbox 2549 4421 2649 4476; x_wconf 91' lang='lat' dir='ltr'><strong>sed</strong></span> <span class='ocrx_word' id='word_1_571' title='bbox 2691 4436 2799 4476; x_wconf 92' lang='lat' dir='ltr'><strong>non</strong></span> <span class='ocrx_word' id='word_1_572' title='bbox 2821 4418 3032 4488; x_wconf 87' lang='lat' dir='ltr'><strong>jejunia</strong></span> <span class='ocrx_word' id='word_1_573' title='bbox 3055 4417 3318 4490; x_wconf 89' lang='lat' dir='ltr'><strong>frangunt</strong></span> 
     </span>
    </p>
   </div>
   <div class='ocr_carea' id='block_1_97' title="bbox 1836 4507 3303 4584">
    <p class='ocr_par' dir='ltr' id='par_1_97' title="bbox 1836 4507 3303 4584">
     <span class='ocr_line' id='line_1_97' title="bbox 1836 4507 3303 4584; baseline -0.012 -5"><span class='ocrx_word' id='word_1_574' title='bbox 1836 4511 1895 4579; x_wconf 89' lang='lat' dir='ltr'><strong>D</strong></span> <span class='ocrx_word' id='word_1_575' title='bbox 1923 4519 2065 4584; x_wconf 87' lang='lat' dir='ltr'><strong>Quas</strong></span> <span class='ocrx_word' id='word_1_576' title='bbox 2091 4517 2287 4572; x_wconf 86' lang='lat' dir='ltr'><strong>Christi</strong></span> <span class='ocrx_word' id='word_1_577' title='bbox 2314 4516 2590 4572; x_wconf 89' lang='lat' dir='ltr'><strong>confortat</strong></span> <span class='ocrx_word' id='word_1_578' title='bbox 2616 4530 2804 4579; x_wconf 89' lang='lat' dir='ltr'><strong>amor;</strong></span> <span class='ocrx_word' id='word_1_579' title='bbox 2837 4511 3122 4566; x_wconf 90' lang='lat' dir='ltr'><strong>molimina</strong></span> <span class='ocrx_word' id='word_1_580' title='bbox 3155 4507 3303 4563; x_wconf 88' lang='lat' dir='ltr'><strong>nulla</strong></span> 
     </span>
    </p>
   </div>
   <div class='ocr_carea' id='block_1_98' title="bbox 1926 4600 3111 4664">
    <p class='ocr_par' dir='ltr' id='par_1_98' title="bbox 1926 4600 3111 4664">
     <span class='ocr_line' id='line_1_98' title="bbox 1926 4600 3111 4664; baseline -0.008 -2"><span class='ocrx_word' id='word_1_581' title='bbox 1926 4607 2227 4662; x_wconf 83' lang='lat' dir='ltr'><strong>Proficiunt</strong></span> <span class='ocrx_word' id='word_1_582' title='bbox 2251 4605 2411 4660; x_wconf 74' lang='lat' dir='ltr'><strong>taedis</strong></span> <span class='ocrx_word' id='word_1_583' title='bbox 2439 4605 2537 4658; x_wconf 91' lang='lat' dir='ltr'><strong>has</strong></span> <span class='ocrx_word' id='word_1_584' title='bbox 2562 4604 2828 4658; x_wconf 91' lang='lat' dir='ltr'><strong>inclinare</strong></span> <span class='ocrx_word' id='word_1_585' title='bbox 2856 4600 2938 4655; x_wconf 88' lang='lat' dir='ltr'><strong>vel</strong></span> <span class='ocrx_word' id='word_1_586' title='bbox 2971 4600 3111 4664; x_wconf 88' lang='lat' dir='ltr'><strong>aris;</strong></span> 
     </span>
    </p>
   </div>
   <div class='ocr_carea' id='block_1_99' title="bbox 1926 4691 3300 4768">
    <p class='ocr_par' dir='ltr' id='par_1_99' title="bbox 1926 4691 3300 4768">
     <span class='ocr_line' id='line_1_99' title="bbox 1926 4691 3300 4768; baseline -0.008 -15"><span class='ocrx_word' id='word_1_587' title='bbox 1926 4699 2130 4753; x_wconf 86' lang='lat' dir='ltr'><strong>Durant</strong></span> <span class='ocrx_word' id='word_1_588' title='bbox 2160 4698 2377 4753; x_wconf 64' lang='lat' dir='ltr'><strong>invicta:</strong></span> <span class='ocrx_word' id='word_1_589' title='bbox 2407 4703 2532 4768; x_wconf 92' lang='lat' dir='ltr'><strong>post</strong></span> <span class='ocrx_word' id='word_1_590' title='bbox 2572 4697 2729 4767; x_wconf 91' lang='lat' dir='ltr'><strong>plura</strong></span> <span class='ocrx_word' id='word_1_591' title='bbox 2757 4691 3030 4764; x_wconf 90' lang='lat' dir='ltr'><strong>stupenda</strong></span> <span class='ocrx_word' id='word_1_592' title='bbox 3059 4695 3300 4761; x_wconf 86' lang='lat' dir='ltr'><strong>patrata;</strong></span> 
     </span>
    </p>
   </div>
   <div class='ocr_carea' id='block_1_100' title="bbox 1922 4785 3273 4862">
    <p class='ocr_par' dir='ltr' id='par_1_100' title="bbox 1922 4785 3273 4862">
     <span class='ocr_line' id='line_1_100' title="bbox 1922 4785 3273 4862; baseline -0.008 -18"><span class='ocrx_word' id='word_1_593' title='bbox 1922 4790 2234 4862; x_wconf 85' lang='lat' dir='ltr'><strong>Martyrium</strong></span> <span class='ocrx_word' id='word_1_594' title='bbox 2264 4788 2470 4845; x_wconf 91' lang='lat' dir='ltr'><strong>celebri</strong></span> <span class='ocrx_word' id='word_1_595' title='bbox 2500 4803 2624 4843; x_wconf 91' lang='lat' dir='ltr'><strong>cum</strong></span> <span class='ocrx_word' id='word_1_596' title='bbox 2655 4786 2971 4860; x_wconf 87' lang='lat' dir='ltr'><strong>virginitate</strong></span> <span class='ocrx_word' id='word_1_597' title='bbox 2996 4785 3273 4858; x_wconf 88' lang='lat' dir='ltr'><strong>jugantes.</strong></span> 
     </span>
    </p>
   </div>
   <div class='ocr_carea' id='block_1_101' title="bbox 1925 4875 3240 4944">
    <p class='ocr_par' dir='ltr' id='par_1_101' title="bbox 1925 4875 3240 4944">
     <span class='ocr_line' id='line_1_101' title="bbox 1925 4875 3240 4944; baseline -0.007 -11"><span class='ocrx_word' id='word_1_598' title='bbox 1925 4879 2060 4934; x_wconf 88' lang='lat' dir='ltr'><strong>Lilia</strong></span> <span class='ocrx_word' id='word_1_599' title='bbox 2082 4880 2244 4934; x_wconf 88' lang='lat' dir='ltr'><strong>mista</strong></span> <span class='ocrx_word' id='word_1_600' title='bbox 2269 4878 2410 4934; x_wconf 90' lang='lat' dir='ltr'><strong>rosis</strong></span> <span class='ocrx_word' id='word_1_601' title='bbox 2435 4893 2467 4932; x_wconf 90' lang='lat' dir='ltr'><strong>a</strong></span> <span class='ocrx_word' id='word_1_602' title='bbox 2495 4875 2708 4932; x_wconf 88' lang='lat' dir='ltr'><strong>Christo</strong></span> <span class='ocrx_word' id='word_1_603' title='bbox 2738 4881 2881 4930; x_wconf 89' lang='lat' dir='ltr'><strong>serta</strong></span> <span class='ocrx_word' id='word_1_604' title='bbox 2913 4879 3240 4944; x_wconf 87' lang='lat' dir='ltr'><strong>capessunt;</strong></span> 
     </span>
    </p>
   </div>
   <div class='ocr_carea' id='block_1_102' title="bbox 1923 4965 3251 5046">
    <p class='ocr_par' dir='ltr' id='par_1_102' title="bbox 1923 4965 3251 5046">
     <span class='ocr_line' id='line_1_102' title="bbox 1923 4965 3251 5046; baseline -0.006 -20"><span class='ocrx_word' id='word_1_605' title='bbox 1923 4972 2211 5046; x_wconf 88' lang='lat' dir='ltr'><strong>Virgineos</strong></span> <span class='ocrx_word' id='word_1_606' title='bbox 2240 4970 2498 5042; x_wconf 90' lang='lat' dir='ltr'><strong>equidem</strong></span> <span class='ocrx_word' id='word_1_607' title='bbox 2533 4970 2798 5040; x_wconf 71' lang='lat' dir='ltr'><strong>przeclara</strong></span> <span class='ocrx_word' id='word_1_608' title='bbox 2827 4966 3058 5022; x_wconf 92' lang='lat' dir='ltr'><strong>monilia</strong></span> <span class='ocrx_word' id='word_1_609' title='bbox 3087 4965 3251 5019; x_wconf 80' lang='lat' dir='ltr'><strong>flores</strong></span> 
     </span>
    </p>
   </div>
   <div class='ocr_carea' id='block_1_103' title="bbox 1921 5055 3218 5137">
    <p class='ocr_par' dir='ltr' id='par_1_103' title="bbox 1921 5055 3218 5137">
     <span class='ocr_line' id='line_1_103' title="bbox 1921 5055 3218 5137; baseline -0.007 -18"><span class='ocrx_word' id='word_1_610' title='bbox 1921 5064 2130 5131; x_wconf 74' lang='lat' dir='ltr'><strong>Iunxit,</strong></span> <span class='ocrx_word' id='word_1_611' title='bbox 2154 5063 2250 5119; x_wconf 89' lang='lat' dir='ltr'><strong>ubi</strong></span> <span class='ocrx_word' id='word_1_612' title='bbox 2267 5063 2510 5137; x_wconf 85' lang='lat' dir='ltr'><strong>gladium</strong></span> <span class='ocrx_word' id='word_1_613' title='bbox 2535 5060 2772 5117; x_wconf 88' lang='lat' dir='ltr'><strong>Victoria</strong></span> <span class='ocrx_word' id='word_1_614' title='bbox 2799 5056 2965 5114; x_wconf 82' lang='lat' dir='ltr'><strong>corde</strong></span> <span class='ocrx_word' id='word_1_615' title='bbox 2991 5055 3218 5128; x_wconf 88' lang='lat' dir='ltr'><strong>recepit.</strong></span> 
     </span>
    </p>
   </div>
   <div class='ocr_carea' id='block_1_104' title="bbox 1925 5149 3223 5224">
    <p class='ocr_par' dir='ltr' id='par_1_104' title="bbox 1925 5149 3223 5224">
     <span class='ocr_line' id='line_1_104' title="bbox 1925 5149 3223 5224; baseline -0.007 -14"><span class='ocrx_word' id='word_1_616' title='bbox 1925 5156 2222 5211; x_wconf 76' lang='lat' dir='ltr'><strong>Percussor</strong></span> <span class='ocrx_word' id='word_1_617' title='bbox 2242 5155 2419 5224; x_wconf 90' lang='lat' dir='ltr'><strong>cujus,</strong></span> <span class='ocrx_word' id='word_1_618' title='bbox 2448 5152 2786 5220; x_wconf 89' lang='lat' dir='ltr'><strong>Taliarchus,</strong></span> <span class='ocrx_word' id='word_1_619' title='bbox 2807 5149 3023 5205; x_wconf 88' lang='lat' dir='ltr'><strong>vindice</strong></span> <span class='ocrx_word' id='word_1_620' title='bbox 3055 5150 3223 5220; x_wconf 69' lang='lat' dir='ltr'><strong>leprae</strong></span> 
     </span>
    </p>
   </div>
   <div class='ocr_carea' id='block_1_105' title="bbox 1925 5244 3259 5319">
    <p class='ocr_par' dir='ltr' id='par_1_105' title="bbox 1925 5244 3259 5319">
     <span class='ocr_line' id='line_1_105' title="bbox 1925 5244 3259 5319; baseline -0.007 -14"><span class='ocrx_word' id='word_1_621' title='bbox 1925 5251 2242 5312; x_wconf 87' lang='lat' dir='ltr'><strong>Percussus,</strong></span> <span class='ocrx_word' id='word_1_622' title='bbox 2270 5250 2536 5319; x_wconf 82' lang='lat' dir='ltr'><strong>languore</strong></span> <span class='ocrx_word' id='word_1_623' title='bbox 2559 5247 2733 5313; x_wconf 85' lang='lat' dir='ltr'><strong>brevi,</strong></span> <span class='ocrx_word' id='word_1_624' title='bbox 2767 5262 2860 5300; x_wconf 90' lang='lat' dir='ltr'><strong>sex</strong></span> <span class='ocrx_word' id='word_1_625' title='bbox 2884 5244 3094 5300; x_wconf 90' lang='lat' dir='ltr'><strong>scilicet</strong></span> <span class='ocrx_word' id='word_1_626' title='bbox 3115 5244 3259 5297; x_wconf 88' lang='lat' dir='ltr'><strong>intra</strong></span> 
     </span>
    </p>
   </div>
   <div class='ocr_carea' id='block_1_106' title="bbox 1921 5332 3219 5394">
    <p class='ocr_par' dir='ltr' id='par_1_106' title="bbox 1921 5332 3219 5394">
     <span class='ocr_line' id='line_1_106' title="bbox 1921 5332 3219 5394; baseline -0.007 0"><span class='ocrx_word' id='word_1_627' title='bbox 1921 5340 2063 5394; x_wconf 90' lang='lat' dir='ltr'><strong>Solis</strong></span> <span class='ocrx_word' id='word_1_628' title='bbox 2095 5355 2281 5394; x_wconf 91' lang='lat' dir='ltr'><strong>amare</strong></span> <span class='ocrx_word' id='word_1_629' title='bbox 2312 5339 2477 5393; x_wconf 90' lang='lat' dir='ltr'><strong>orbes</strong></span> <span class='ocrx_word' id='word_1_630' title='bbox 2509 5353 2709 5391; x_wconf 88' lang='lat' dir='ltr'><strong>exesus</strong></span> <span class='ocrx_word' id='word_1_631' title='bbox 2737 5335 3018 5390; x_wconf 84' lang='lat' dir='ltr'><strong>vermibus</strong></span> <span class='ocrx_word' id='word_1_632' title='bbox 3048 5332 3219 5388; x_wconf 84' lang='lat' dir='ltr'><strong>efflat.</strong></span> 
     </span>
    </p>
   </div>
   <div class='ocr_carea' id='block_1_107' title="bbox 1919 5427 3224 5507">
    <p class='ocr_par' dir='ltr' id='par_1_107' title="bbox 1919 5427 3224 5507">
     <span class='ocr_line' id='line_1_107' title="bbox 1919 5427 3224 5507; baseline -0.004 -22"><span class='ocrx_word' id='word_1_633' title='bbox 1919 5431 2159 5507; x_wconf 85' lang='lat' dir='ltr'><strong>Virginis</strong></span> <span class='ocrx_word' id='word_1_634' title='bbox 2184 5439 2238 5486; x_wconf 88' lang='lat' dir='ltr'><strong>at</strong></span> <span class='ocrx_word' id='word_1_635' title='bbox 2265 5431 2464 5505; x_wconf 86' lang='lat' dir='ltr'><strong>pignus</strong></span> <span class='ocrx_word' id='word_1_636' title='bbox 2491 5435 2737 5484; x_wconf 88' lang='lat' dir='ltr'><strong>curatum</strong></span> <span class='ocrx_word' id='word_1_637' title='bbox 2771 5444 3002 5481; x_wconf 90' lang='lat' dir='ltr'><strong>munere</strong></span> <span class='ocrx_word' id='word_1_638' title='bbox 3033 5427 3224 5501; x_wconf 88' lang='lat' dir='ltr'><strong>digno,</strong></span> 
     </span>
    </p>
   </div>
   <div class='ocr_carea' id='block_1_108' title="bbox 1919 5517 3152 5594">
    <p class='ocr_par' dir='ltr' id='par_1_108' title="bbox 1919 5517 3152 5594">
     <span class='ocr_line' id='line_1_108' title="bbox 1919 5517 3152 5594; baseline -0.002 -19"><span class='ocrx_word' id='word_1_639' title='bbox 1919 5522 2082 5594; x_wconf 87' lang='lat' dir='ltr'><strong>Virgo</strong></span> <span class='ocrx_word' id='word_1_640' title='bbox 2113 5522 2319 5577; x_wconf 91' lang='lat' dir='ltr'><strong>decens</strong></span> <span class='ocrx_word' id='word_1_641' title='bbox 2345 5517 2532 5573; x_wconf 75' lang='lat' dir='ltr'><strong>effulta</strong></span> <span class='ocrx_word' id='word_1_642' title='bbox 2564 5519 2668 5589; x_wconf 91' lang='lat' dir='ltr'><strong>piis</strong></span> <span class='ocrx_word' id='word_1_643' title='bbox 2698 5519 2946 5573; x_wconf 88' lang='lat' dir='ltr'><strong>Anatelia</strong></span> <span class='ocrx_word' id='word_1_644' title='bbox 2972 5518 3152 5585; x_wconf 88' lang='lat' dir='ltr'><strong>factis,</strong></span> 
     </span>
    </p>
   </div>
   <div class='ocr_carea' id='block_1_109' title="bbox 1919 5612 3208 5687">
    <p class='ocr_par' dir='ltr' id='par_1_109' title="bbox 1919 5612 3208 5687">
     <span class='ocr_line' id='line_1_109' title="bbox 1919 5612 3208 5687; baseline -0.003 -17"><span class='ocrx_word' id='word_1_645' title='bbox 1919 5614 2105 5670; x_wconf 89' lang='lat' dir='ltr'><strong>Piceni</strong></span> <span class='ocrx_word' id='word_1_646' title='bbox 2142 5621 2434 5687; x_wconf 90' lang='lat' dir='ltr'><strong>postquam</strong></span> <span class='ocrx_word' id='word_1_647' title='bbox 2461 5613 2664 5668; x_wconf 89' lang='lat' dir='ltr'><strong>multos</strong></span> <span class='ocrx_word' id='word_1_648' title='bbox 2692 5619 2911 5668; x_wconf 88' lang='lat' dir='ltr'><strong>curarat</strong></span> <span class='ocrx_word' id='word_1_649' title='bbox 2949 5612 3208 5680; x_wconf 90' lang='lat' dir='ltr'><strong>anhelos,</strong></span> 
     </span>
    </p>
   </div>
  </div>
