3890 6404
296 405 395 460 671
1059 407 1426 467 ΡιουοΑιωι
1466 409 1702 467 ΟΛΝΟΝῘ
1711 412 1770 468 CI
1811 413 1832 467 l

2111 411 2142 465 S
2182 407 2522 468 OPUSCULA
2565 399 2884 466 METRICA.
3538 408 3647 463 672

297 533 670 606 Daemoneque
699 535 938 602 invasos,
968 538 1227 610 quaaque
1257 555 1480 596 recursa
1519 547 1804 613 paventes,
1942 549 1990 611 Α
2019 539 2305 596 Admissus
2331 541 2523 596 dextro
2554 545 2870 612 penetraret
2900 553 3087 593 mucro
3117 536 3422 592 sinistrum.

298 625 538 680 Venatur
567 626 712 681 varia
742 625 939 699 Tyriae
969 629 1233 700 perducta
1265 629 1517 700 palaestra
1547 649 1563 686 :
2017 629 2252 704 Spiritus
2280 631 2571 687 Altithroni
2607 629 2906 686 thalamum
2938 627 3269 684 conscendit
3292 626 3490 694 amati;

298 714 432 768 Cum
452 727 712 787 serpente
737 734 960 790 quoque
981 719 1208 774 illaesam
1232 735 1338 776 nox
1370 722 1583 796 integra
1615 722 1843 788 clausit;
2019 723 2342 795 Suscipiunt
2380 723 2599 778 thecam
2621 721 2913 792 Tyrienses
2946 719 3174 792 cuspide
3199 719 3424 775 fossam.

299 806 417 861 Mox
458 809 638 879 ipsum
671 819 917 867 monstro
943 813 1300 888 anguilegum
1352 823 1581 885 parente
1607 815 1915 871 vorandum
2021 818 2205 872 Audax
2237 817 2304 872 ad
2348 818 2616 872 Christum
2651 814 2937 891 anguifero
2971 829 3273 869 conversus
3294 813 3361 868 ab
3392 819 3535 876 astu,

299 896 456 952 Mane
489 900 628 970 rapit
659 900 967 973 Christique
1001 903 1092 957 Dei
1121 904 1326 974 pietate
1345 911 1632 970 venustat;
2025 909 2060 960 A
2094 906 2348 962 claustris
2378 905 2602 961 rabidos
2629 905 2835 975 rapitur
2855 904 2967 972 jam
3001 901 3150 958 mitis
3178 901 3245 958 ad
3278 919 3468 957 enses:

299 989 512 1060 Quique
540 991 717 1062 palam
750 993 1042 1048 Dominum
1078 994 1257 1050 fassus
1294 1012 1354 1050 se
1385 997 1614 1052 credere
1647 996 1920 1052 Christum
2024 995 2143 1052 Mox
2213 1001 2380 1067 caput
2452 995 2754 1059 abscissus,
2833 1000 3182 1066 mortemque
3244 993 3524 1065 trumphat
3601 999 3657 1046 et

299 1080 546 1136 Carceris
573 1083 674 1137 hac
704 1083 852 1138 clara
877 1083 981 1139 sub
1010 1085 1173 1140 laude
1207 1087 1506 1142 retruditur
1534 1087 1742 1153 antris;
3331 1085 3582 1157 langues,

302 1174 462 1246 Virgo
491 1174 580 1245 pia
607 1177 848 1232 extensis
879 1178 1138 1233 manibus
1166 1179 1298 1233 dum
1327 1187 1452 1236 vota
1481 1178 1786 1250 profundit,
2029 1177 2090 1232 Et
2120 1177 2380 1250 quoniam
2413 1159 2540 1232 hinc
2572 1176 2748 1248 patria
2786 1185 2996 1232 mactus
3027 1175 3352 1232 transfertur
3392 1174 3582 1233 Eoum.

301 1266 662 1342 Transfigitur
688 1266 836 1322 ferro
859 1268 1022 1336 latus,
1053 1276 1112 1324 ut
1141 1277 1552 1344 per-utrumque
1575 1269 1803 1324 reclusaa

1759 1369 1971 1426 CAPUT
2011 1370 2193 1426 XVIII.

1353 1475 1430 1535 De
1457 1477 1686 1536 sanctis
1714 1474 2074 1550 Pergentino
2104 1481 2156 1532 et
2187 1468 2589 1532 Laurentino.

302 1578 456 1633 Tunc
485 1578 852 1650 Pergentinus
878 1579 1351 1653 Laurentinusque
1369 1581 1538 1646 beati,
2038 1580 2198 1642 Arva,
2227 1576 2362 1648 petit
2388 1593 2447 1631 se
2479 1582 2794 1632 sanctorum
2828 1575 2883 1629 iu
2915 1574 3203 1647 laniosque
3233 1573 3495 1646 ferosque

302 1668 493 1740 Flagra
522 1668 669 1737 apud
693 1667 936 1722 Aretium
968 1669 1125 1738 pueri
1166 1669 1368 1740 pietate
1401 1669 1645 1744 gemelli,
2035 1672 2326 1737 Censores,
2359 1671 2638 1726 delatores
2667 1678 2918 1740 nutuque
2950 1668 3234 1731 faventes;

304 1758 445 1811 Dura
478 1758 889 1828 triumpharunt
918 1758 1180 1813 miracula
1211 1775 1410 1832 magna
1438 1759 1714 1825 ferentes;
2038 1753 2512 1835 Exeriturlpassim
2546 1761 2778 1818 Romani
2812 1761 2865 1816 in
2885 1761 3106 1816 climata
3136 1761 3291 1833 regni

304 1849 439 1902 'l‘um
471 1848 616 1904 ferro
645 1847 811 1902 laceri
839 1847 1001 1902 simul
1023 1865 1191 1904 aurea
1216 1865 1388 1922 regna
1421 1857 1752 1920 capessunt;
2039 1857 2181 1912 Ultio
2223 1865 2375 1927 peste
2405 1871 2632 1929 vagans,
2665 1861 3041 1925 corruptoque
3071 1868 3199 1909 aere
3229 1851 3433 1907 crudos

309 1943 505 1998 Moenia
534 1945 860 2016 corporibus
885 1945 1083 2002 ﬂorent
1103 1946 1394 2002 animabus
1420 1955 1477 2000 et
1507 1947 1700 2001 tBlIlI‘a.
1964 1977 2012 2043 Β
2039 1946 2284 2002 lnfundit
2320 1946 2708 2018 pecudumque
2739 1944 3143 2016 hominumque
3191 1959 3411 2000 venena
3458 1957 3557 2012 per
3586 1958 3674 1996 ar-

310 2037 542 2108 Haecque
573 2037 711 2092 nitet
742 2037 964 2112 gemina
994 2040 1244 2110 gaudens
1266 2038 1398 2094 urbs
1427 2038 1548 2094 luce
1581 2040 1818 2112 piorum.
1964 2034 2008 2043 ”
3459 2034 3597 2106 [ωδε

307 2130 370 2183 Et
399 2129 586 2184 multis
618 2131 816 2185 Decius
843 2132 1049 2186 sanctis
1079 2132 1173 2186 ubi
1199 2132 1403 2206 gaudia
1433 2134 1560 2188 vitae
2038 2131 2194 2186 Nulla
2233 2138 2390 2186 vacat
2421 2129 2596 2204 regio,
2625 2144 2735 2185 non
2761 2128 2892 2184 urbs
2925 2144 3152 2200 aspersa
3181 2142 3379 2183 cruore

307 2218 582 2290 Praeparat
613 2222 890 2285 zethereze,
933 2237 1074 2292 quos
1103 2222 1173 2276 de
1203 2223 1542 2278 cruciatibus
1573 2229 1720 2277 astra
2035 2223 2336 2289 Justorum,
2369 2229 2707 2292 cunctasque
2741 2219 2936 2275 domos
2958 2217 3280 2293 perstringit
3310 2227 3364 2272 et
3387 2216 3526 2288 ipsis

313 2308 520 2382 Dirigit,
556 2309 810 2364 indicens
841 2309 1121 2382 generalia
1151 2311 1419 2382 septimus
1445 2327 1597 2366 arma
2040 2314 2288 2368 Exantlat
2313 2313 2528 2369 meritis
2554 2329 2692 2368 nece
2719 2311 3128 2384 spectatoribus
3158 2310 3334 2374 actis;

311 2399 369 2452 ln
399 2397 597 2453 Christi
629 2399 894 2470 populum
923 2400 1098 2454 rabidi
1133 2401 1423 2471 postbella
1461 2401 1717 2468 Neronis,
2037 2407 2110 2459 Ac
2138 2420 2240 2458 ceu
2274 2403 2536 2475 pestifero
2577 2403 2726 2457 trivit
2756 2401 3038 2473 quondam
3070 2415 3199 2454 aera
3231 2415 3358 2454 rura

308 2491 630 2547 Barbaricos
660 2491 806 2546 inter
835 2508 1043 2548 cuneos
1071 2492 1171 2548 luit
1197 2501 1316 2548 aeta
1348 2509 1573 2558 cruore;
2039 2494 2258 2550 Grande
2283 2510 2451 2550 ruens
2481 2493 2661 2549 Pharii
2685 2492 2872 2546 divino
2896 2490 3130 2545 verbere
3161 2488 3328 2564 regis,

312 2582 376 2635 Et
404 2583 498 2654 qui
527 2591 854 2654 regnantem
886 2584 1054 2654 patris
1083 2585 1370 2656 genitique
1398 2584 1680 2640 tuucidans
2041 2586 2309 2652 Cultores,
2343 2595 2585 2661 segetes,
2595 2584 2846 2653 jumenta
2869 2592 2923 2636 et
2945 2590 3438 2652 pascuasternens,

310 2672 624 2727 Fraudibus
651 2673 927 2743 implicuit
958 2674 1219 2728 famulum
1249 2691 1372 2730 cum
1406 2675 1561 2745 prole
1595 2674 1936 2746 Philippum,
2040 2679 2298 2734 Etliereo
2328 2678 2560 2732 veniens
2580 2693 2742 2747 aequo
2776 2673 3069 2729 libramine
3093 2673 3282 2742 regnis

313 2765 622 2819 Mercedem
647 2765 882 2831 meritis,
913 2766 1130 2820 Christo
1152 2783 1277 2820 cum
1306 2766 1464 2821 Patre
1487 2766 1723 2832 ferente,
2040 2768 2297 2823 .lEneadze
2332 2765 2504 2837 pestis
2532 2765 2699 2840 digna
2727 2763 2833 2819 sub
2864 2762 3021 2818 clade
3055 2761 3274 2831 tyranni

317 2854 427 2907 Rex
456 2869 626 2926 regno
655 2853 847 2924 procul
878 2864 1100 2908 evectus
1121 2870 1244 2910 cum
1272 2855 1427 2926 prole
1456 2864 1721 2927 receptat.
2043 2857 2236 2922 Urbes,
2277 2855 2562 2921 ruricolas,
2597 2853 2839 2925 pecudes
2865 2859 2922 2906 et
2953 2850 3155 2922 pabula
3184 2858 3390 2906 vastat.

317 2945 487 3017 quue
518 2962 710 3017 parum
747 2961 913 3002 cruor
942 2946 1134 3001 ulcisci
1168 2963 1268 3018 per
1297 2964 1534 3021 quaeque
1568 2949 1764 3024 rigavit

1797 3057 2162 3068 —-_—_—

1587 3127 1907 3182 CAPITULA
1938 3127 2115 3181 LIBRI
2147 3124 2392 3191 QUINTI.

463 3225 586 3280 CAP.
691 3228 730 3280 I.
771 3257 821 3265 —
862 3229 938 3281 De
957 3228 1160 3281 sanctis
1188 3228 1353 3282 Lucio
1380 3242 1530 3298 papa
1555 3233 1607 3283 et
1631 3229 1920 3298 Stephano.

679 3299 743 3352 Il.
776 3328 846 3337 —
872 3300 948 3353 De
973 3302 1165 3352 sancta
1193 3301 1455 3367 Eugenia.

684 3369 774 3440 III.
807 3399 873 3408 —
899 3371 975 3424 De
993 3372 1198 3423 sanctis
1235 3373 1435 3440 Ruﬁna
1459 3375 1508 3425 et
1538 3371 1802 3427 Secunda.

682 3438 765 3494 IV.
803 3442 975 3512 —_De
1002 3444 1186 3495 sancto
1215 3438 1372 3496 Sixto
1407 3457 1560 3512 papa
1589 3449 1636 3496 et
1667 3447 1852 3497 sancto
1885 3442 2191 3498 Laurentio.

685 3511 725 3563 V
777 3541 845 3550 -—
869 3509 944 3566 De
971 3517 1160 3566 sancto
1180 3509 1494 3583 Hippolyto.

681 3583 768 3635 Vl.
802 3612 872 3622 —
899 3585 974 3637 De
1001 3586 1205 3638 sanctis
1235 3587 1504 3639 Herennio
1543 3590 1592 3639 et
1621 3586 1897 3641 Abundio.

681 3652 798 3726 VII.
833 3685 890 3693 —
921 3657 997 3708 De
1024 3655 1227 3710 ultione
1257 3657 1420 3724 hujus
1448 3659 1838 3726 persecutionis
1877 3658 1937 3712 in
1975 3657 2322 3710 Valerianum
2352 3658 2400 3708 et
2433 3669 2597 3720 regno
2627 3653 3010 3726 Romanorum.

682 3725 820 3778 VIII.
853 3755 921 3764 -—
950 3727 1026 3780 De
1048 3721 1422 3796 persecutione
1446 3721 1665 3784 Claudii
1693 3733 1742 3782 et
1772 3729 1973 3783 sanctis
2003 3729 2191 3791 Lucio,
2225 3729 2428 3792 Marco,
2458 3727 2612 3780 Petro
2633 3726 2682 3777 et
2714 3721 3026 3777 Theodorio.

685 3797 768 3850 IX.
801 3827 871 3836 —
894 3797 966 3851 De
995 3796 1240 3852 ducentis
1269 3803 1321 3853 et
1347 3801 1631 3868 sexaginta
1658 3800 1822 3854 simul
1848 3799 2204 3868 martyribus.

679 3868 739 3922 X.
776 3899 842 3907 —
874 3871 948 3924 De
975 3873 1160 3924 sancto
1177 3872 1411 3926 Casario
1439 3877 1682 3940 martyre

1607 3975 1926 4032 CAPITULA
1959 3973 2135 4029 LIBRI
2166 3972 2378 4028 SEXTI.

466 4046 593 4100 Car.
693 4046 732 4100 I.
778 4073 842 4084 —
875 4049 948 4099 De
985 4051 1172 4102 sancto
1195 4048 1360 4102 Felice
1381 4063 1548 4118 papa.
2033 4053 2041 4057 “

683 4118 747 4172 Il.
794 4145 856 4156 —
888 4120 964 4170 De
991 4123 1190 4173 sanctis
1216 4121 1485 4185 Basilicas,
1525 4119 1733 4175 Modali
1761 4124 1810 4174 et
1837 4120 2016 4174 sociis.

681 4189 770 4242 Ill.
806 4191 976 4259 —‘De
1012 4194 1200 4244 sancto
1228 4190 1492 4259 Agapeto.

683 4259 767 4314 IV.
801 4256 972 4328 —{Dc
1001 4277 1247 4330 repressa
1279 4256 1647 4331 persecutione
1679 4260 1916 4317 Claudii.

683 4332 742 4382 V.
777 4361 844 4370 —
871 4332 941 4384 De
966 4335 1170 4387 sanctis
1191 4333 1493 4400 (thrysanto
1509 4337 1558 4386 et
1584 4335 1773 4387 Daria.

682 4403 768 4457 Vl.
806 4433 867 4444 —
898 4406 972 4458 De
997 4409 1180 4460 sancto
1209 4406 1344 4462 Gaio
1372 4419 1543 4473 papa.

680 4474 791 4538 VII,
822 4505 891 4514 --
927 4477 1003 4531 De
1027 4477 1230 4532 sanctis
1259 4476 1611 4532 Marcelliano
1641 4479 1690 4529 et
1721 4476 1905 4529 Marco
1934 4477 2101 4544 atque
2131 4473 2452 4528 Sebastiano

1571 4575 1883 4630 CAPITULA
1926 4573 2103 4629 LIBRI
2135 4571 2392 4628 SEPTIMI

472 4674 596 4729 CAP.
679 4675 719 4728 l.
752 4704 815 4713 —
847 4677 921 4729 De
947 4680 1133 4730 sancto
1163 4674 1396 4732 Gabinio
1421 4679 1471 4729 et
1499 4675 1773 4730 Susanna.

686 4746 751 4800 II.
782 4775 851 4784 -—-
880 4749 955 4801 De
979 4750 1182 4802 sanctis
1209 4749 1392 4802 Primo
1429 4751 1480 4801 et
1506 4746 1794 4800 Feliciano.

689 4817 778 4870 III.
809 4847 880 4856 -—
907 4819 983 4872 De
1021 4823 1205 4872 sancto
1244 4820 1552 4874 Pancratio.

689 4888 772 4942 IV.
815 4918 882 4928 —
914 4889 986 4942 De
1004 4891 1209 4943 sanctis
1247 4889 1476 4945 Claudio
1506 4889 1814 4942 Nicostrate
1843 4892 1895 4942 et
1923 4888 2100 4942 sociis.

688 4960 750 5014 V.
779 4989 850 4999 ——
869 4961 946 5015 De
975 4963 1181 5014 sanctis
1210 4961 1401 5015 Seuero
1429 4964 1479 5014 et
1506 4960 1818 5023 Severiano,

687 5031 772 5086 VI.
817 5061 882 5071 —
904 5034 980 5087 De
1003 5036 1187 5087 sancto
1225 5032 1467 5087 Genesio.

688 5102 798 5156 VII.
835 5133 902 5141 —
931 5107 1006 5158 De
1044 5108 1236 5158 sancta
1265 5103 1458 5158 Lucia.

691 5173 826 5228 VIII.
850 5205 922 5214 —
951 5178 1027 5229 De
1053 5176 1258 5229 sanctis
1289 5173 1603 5228 Marcellino
1635 5176 1684 5226 et
1710 5174 1882 5227 Petro.

692 5245 777 5298 ΙΧ.
809 5276 874 5285 -
905 5250 982 5301 De
1009 5250 1209 5302 sanctis
1240 5245 1447 5300 duobus
1476 5245 1762 5299 Felicibus.

691 5315 752 5369 X.
785 5347 850 5357 —
882 5321 959 5374 De
985 5324 1171 5374 sancto
1199 5317 1544 5384 Chrysogono
1581 5320 1631 5370 et
1659 5316 1980 5371 Anastasia.

1200 5447 1698 5541 INCIPIT
1764 5441 2151 5532 LIBER
2218 5438 2829 5554 QUINTUS.

1745 5594 1958 5650 CAPUT
1987 5590 2271 5647 PRIMUM.

1421 5701 1516 5770 {De
1545 5707 1751 5758 sancto
1781 5697 1962 5758 Lucio
1986 5710 2148 5773 papa
2185 5701 2238 5752 et
2268 5692 2589 5771 Stephano.

344 5795 542 5852 Lucius
579 5800 858 5871 eXpositos
885 5803 1136 5874 sequitur
1167 5805 1464 5876 splendore
1493 5807 1688 5862 sacrati
2058 5796 2330 5855 Moenibus
2356 5796 2574 5852 exuitur
2599 5793 2885 5866 patriaque
2917 5791 3211 5848 abducitur
3239 5790 3394 5844 exul:

347 5883 638 5944 Pontifices
653 5889 795 5958 juris
813 5891 991 5961 cujus,
1018 5892 1395 5950 moderamine
1428 5894 1648 5968 fulgens
2069 5890 2327 5946 Servatur
2356 5884 2620 5959 profugus
2649 5883 2946 5955 salvusque
2982 5879 3268 5937 reducitur
3291 5879 3414 5933 urbi
3456 5897 3466 5930 τ
