3890 6436
185 417 292 472 673

185 545 370 602 Munia
407 545 675 616 disponit,
710 545 894 614 jussas
934 545 1250 600 moderatur
1280 545 1544 599 habenas.

188 638 439 694 Pontiﬁci
472 644 668 694 censet
694 638 869 692 lectos
897 647 1076 692 astare
1117 637 1421 702 ministros,

190 728 254 782 Et
285 735 452 784 testes
476 728 602 783 vitae
631 728 889 800 praesenti
929 743 1150 798 semper
1173 727 1390 793 adesse,

193 816 302 886 Ipsi
331 814 625 887 pontifices
657 815 811 886 pacis
840 832 965 888 quae
993 816 1210 872 vincula
1239 825 1482 882 servent,

191 906 490 983 Sacrilegis
504 922 676 978 super
701 907 958 962 arcendis
976 923 1098 979 quae
1121 907 1247 976 jura
1274 915 1606 980 sequantur;

193 996 447 1067 Dumque
472 996 569 1051 Dei
597 997 865 1068 populum
893 1013 992 1068 pro
1019 999 1268 1071 regmine
1285 997 1475 1070 dirigit
1493 1012 1676 1070 sequo,

194 1084 433 1140 Pastoris
463 1084 678 1159 fulgore
706 1085 901 1141 cluens
928 1087 1032 1141 sub
1060 1087 1371 1155 Valeriano,

191 1172 501 1228 Truncatus
540 1173 756 1230 cervice
788 1175 925 1245 petit
951 1175 1197 1231 ccelestia
1221 1182 1441 1246 martyr.

193 1266 426 1337 Quoque
458 1273 786 1337 potestatem
820 1283 1122 1339 preperans
1151 1269 1428 1324 contradit
1454 1267 1679 1322 alumno

193 1360 484 1433 Praecipuo
511 1360 773 1416 Ecclesiae
803 1360 1084 1431 Stephano
1110 1376 1441 1432 summoque
1463 1361 1741 1416 ministro.

195 1449 345 1520 Papa
382 1449 544 1505 datus
573 1464 684 1504 non
717 1447 944 1504 inferior
969 1449 1169 1505 virtute
1189 1451 1275 1505 vel
1296 1466 1393 1506 ore

193 1542 354 1596 Patre
385 1542 524 1597 nitet
547 1541 880 1611 Stephanus,
910 1541 1062 1617 leges
1085 1543 1419 1618 promulgat,
1448 1551 1503 1598 et
1525 1550 1683 1599 ornat

194 1631 522 1696 Ecclesiam,
545 1630 716 1686 sacris
746 1636 954 1686 tantum
984 1631 1053 1686 ad
1081 1648 1235 1688 sacra
1265 1632 1512 1719 vestibps
1532 1635 1610 1688 uti

194 1720 491 1785 Decernit;
525 1720 617 1776 hic
645 1720 789 1776 ovile
816 1720 912 1776 Dei
952 1720 1082 1775 dum
1115 1720 1437 1778 Valerianus

195 1812 334 1868 Cum
367 1813 519 1868 socio
549 1819 738 1868 octava
770 1812 898 1868 velli
935 1813 1029 1868 dat
1056 1814 1425 1882 theomacbia,

197 1904 397 1960 Ductat
423 1920 556 1960 oves
577 1903 732 1960 fortis
762 1905 893 1971 dux,
926 1905 1072 1960 inter
1096 1905 1241 1960 bella
1269 1907 1514 1973 leonum,

192 1993 438 2067 Colligit,
481 1993 750 2060 hortatur,
781 1993 982 2049 solidat
1012 2001 1274 2064 praestare
1314 1994 1502 2051 duello

197 2086 578 2158 Externosque
609 2093 765 2142 vocat
793 2085 978 2142 divina
1010 2086 1067 2140 in
1098 2085 1284 2157 praelia
1313 2087 1520 2142 multos

198 2175 598 2246 Pollentesque
625 2175 792 2239 viros,
833 2189 976 2246 quos
1008 2176 1152 2230 inter
1181 2175 1392 2231 honore
1432 2177 1687 2232 tribunus

196 2267 492 2323 Nemesius
513 2283 638 2323 cum
670 2267 832 2338 plebe
863 2268 1062 2323 domus
1083 2284 1147 2323 ac
1174 2268 1329 2339 prole
1370 2269 1576 2324 Lucilla

195 2361 559 2434 Depmperat,
592 2379 716 2434 quae
745 2378 890 2418 caeca
920 2363 1015 2418 diu
1044 2371 1329 2434 reparatur
1357 2373 1600 2436 utroque

198 2454 434 2508 Lumine
465 2453 714 2526 corporis
741 2469 807 2508 ac
836 2453 1037 2508 mentis
1068 2461 1322 2510 revocata
1350 2454 1617 2512 tenebris.

200 2545 316 2600 Hac
334 2561 393 2600 se
425 2546 690 2616 praeclara
720 2545 916 2600 Christi
951 2545 1251 2600 irradiante
1277 2546 1526 2614 lucerna,

206 2639 470 2694 Fascibus
499 2638 782 2694 excellens
807 2638 1017 2694 accedit
1045 2637 1330 2709 Olympius
1354 2638 1554 2709 aequis,

205 2727 459 2803 Ccnjuge
489 2743 611 2783 cum
643 2727 832 2801 genito
861 2727 1192 2799 famulisque
1219 2727 1479 2783 fidelibus
1499 2728 1695 2794 auctis,

207 2821 311 2887 Qui
345 2819 581 2875 ﬂammis
598 2835 790 2874 aurum
820 2819 972 2875 velut
991 2829 1395 2893 argentumque
1424 2820 1639 2891 probati

209 2911 547 2982 Sympronio
569 2910 696 2967 (ιωιί
728 2910 968 2966 subeunt
989 2911 1184 2980 juncto
1215 2911 1386 2966 ardua
1415 2911 1570 2967 clari.

209 3006 505 3063 Nemesius
535 3006 732 3062 Christi
763 3005 926 3063 levita
959 3014 1206 3062 sacratur
1237 3012 1295 3062 ut
1318 3005 1449 3074 aris,

214 3101 376 3156 Hunc
404 3099 527 3155 sine
543 3099 754 3169 judicio
783 3113 1043 3170 proceres
1070 3113 1402 3170 quacunque
1425 3107 1701 3170 repertum

213 3189 557 3260 Praecipiunt
586 3187 772 3262 plecti.
805 3188 1018 3258 Supera
1047 3187 1094 3242 is
1131 3187 1335 3242 virtute
1366 3186 1632 3258 repletus,

215 3286 339 3342 Non
373 3291 552 3340 cessat
583 3286 815 3340 lustrare
854 3283 1049 3340 domos
1075 3289 1240 3354 atque
1269 3289 1427 3337 antra
1456 3282 1703 3352 piorum:

218 3379 431 3444 Quaerit
460 3387 516 3433 et
555 3377 864 3442 abstrusos,
893 3391 1064 3434 censu
1090 3375 1300 3431 solatur
1336 3389 1565 3449 egenos,

218 3467 652 3538 Adveniensque
681 3465 828 3522 viam
851 3481 974 3537 quae
1007 3463 1203 3536 priscis
1225 3463 1398 3535 Appia
1425 3464 1570 3519 dicta

223 3559 505 3632 Comperit
535 3560 623 3615 hic
648 3574 804 3614 sacra
835 3557 1080 3628 pendere
1109 3555 1494 3611 Valerianum:

223 3657 310 3724 Et,
353 3654 591 3731 genibus
620 3653 799 3722 ﬂexis,
829 3652 1030 3708 caelum
1062 3659 1377 3722 terramque
1409 3650 1715 3725 Regentem

225 3749 447 3815 Exorat,
488 3745 677 3801 fanum
716 3760 878 3801 secus
907 3751 968 3799 ut
995 3743 1098 3799 sub
1131 3742 1357 3798 nomine
1388 3742 1584 3797 Christi

225 3841 402 3906 Quem
431 3837 592 3894 terris
620 3837 772 3893 misit
799 3837 1062 3909 dignetur
1089 3835 1234 3890 ferre
1265 3834 1523 3899 salutem,

233 3929 537 3988 Consilium
569 3927 780 3984 fraudis
812 3927 920 3983 hoc
957 3941 1068 3998 quo
1089 3926 1334 3982 solvatur
1363 3925 1639 3996 iniquum,

229 4023 272 4076 Α
306 4018 520 4091 laqueis
546 4017 763 4072 Satana:
795 4016 987 4070 miseri
1020 4021 1080 4070 ut
1110 4013 1437 4084 resipiscere
1467 4011 1704 4084 possint.

233 4110 502 4165 Maximus
529 4107 676 4164 intus
704 4111 824 4161 erat
854 4104 1047 4161 consul
1078 4103 1194 4174 qui,
1229 4102 1485 4158 daemone
1509 4107 1722 4172 captus,

239 4224 264 4247 οι
307 4197 619 4264 Nemesius,
649 4210 774 4251 mox
802 4195 1093 4258 exclamat,
1127 4207 1217 4246 me
1247 4189 1497 4246 incendit
1527 4195 1582 4243 et
1611 4189 1776 4259 hujus

238 4289 582 4347 Christicolas
613 4287 751 4342 dure
773 4285 1027 4342 crucians
1049 4299 1138 4338 me
1169 4283 1346 4338 oratio
1378 4287 1616 4352 torquet.
1661 4300 1686 4331 ιο

237 4379 481 4436 Delubro
510 4376 717 4452 egressi
746 4374 972 4446 quidam
1004 4380 1236 4427 tenuere
1265 4370 1514 4436 beatum,
1601 4376 1606 4382 ‘

237 4470 414 4534 Quem
447 4466 664 4538 probris
691 4464 823 4520 dum
857 4460 1182 4526 conﬁciunt,
1214 4475 1283 4514 en
1312 4458 1579 4516 Maximus
1609 4455 1780 4514 efﬂat.

238 4562 325 4617 Illi
347 4559 664 4620 Nemesium
698 4555 1018 4628 perducunt
1044 4551 1369 4618 Valeriano;

237 4653 457 4725 Quique
489 4650 615 4707 dolo
654 4647 906 4702 mulcens
935 4643 1176 4718 insignia
1206 4642 1389 4713 prisca
1417 4650 1691 4706 recenset,

241 4747 374 4816 Ejus
404 4742 656 4799 consiliis
673 4739 849 4794 fuerat
878 4753 1001 4808 quae
1031 4742 1297 4805 expertus
1321 4739 1376 4787 et
1413 4732 1584 4798 actis;

243 4836 619 4903 llortaturque
644 4828 748 4886 coli
781 4827 941 4884 divos
970 4825 1172 4896 quibus
1209 4823 1443 4877 haeserat
1481 4827 1629 4878 ante.

241 4931 380 4984 Tum
423 4923 679 4979 madidus
717 4919 972 4990 lacrymis
1012 4915 1313 4985 respondet
1339 4912 1410 4966 ad
1440 4912 1544 4965 ista
1572 4909 1801 4965 diacon:

246 5048 271 5070 α
319 5021 552 5092 Semper
582 5033 686 5092 ego
725 5015 920 5074 infelix
957 5027 1148 5074 verum
1188 5009 1506 5079 stultusque
1534 5006 1735 5081 refugi,

247 5109 540 5180 Eﬂ'udique
569 5123 698 5168 rcus
722 5110 974 5164 sanctum
1005 5102 1421 5168 innocuumque
1450 5111 1734 5162 cruorem;

247 5204 344 5260 His
360 5217 586 5275 quoque
611 5199 836 5273 ﬂagitiis
865 5194 1153 5271 vergentia
1182 5191 1329 5250 colla
1355 5197 1638 5266 gravatus,

244 5297 382 5352 Sero
409 5295 554 5360 licet,
582 5294 812 5364 plastem
840 5288 1082 5361 propria:
1102 5299 1381 5359 cognosco
1407 5281 1629 5358 figurae;

247 5389 637 5462 Propitiatoris
665 5386 868 5443 Christi
898 5385 1032 5440 utile
1064 5383 1267 5454 pignus
1296 5379 1552 5449 adeptus,

251 5486 409 5540 Hunc
440 5485 631 5547 timeo,
662 5494 918 5545 veneror,
958 5475 1282 5531 famulatum
1315 5471 1601 5542 impedere
1635 5474 1810 5534 certo,

250 5578 446 5634 Omnia
467 5583 612 5631 tacta
632 5588 799 5627 manu
833 5570 1097 5638 abjurans
1126 5564 1420 5620 simulacra
1449 5561 1650 5618 refuto.
1691 5580 1716 5612 ι)

255 5670 346 5724 [Iis
375 5669 558 5723 Caesar
586 5665 984 5720 furiatusatrox
1007 5661 1156 5714 hunc
1186 5655 1462 5726 mancipat
1488 5660 1669 5708 antro.

253 5759 436 5814 Tertia
467 5757 599 5811 dum
629 5752 842 5809 revehit
871 5750 1104 5822 posthac
1141 5760 1340 5802 aurora
1365 5743 1606 5806 labores,

261 5845 574 5904 Caesaribus
601 5855 851 5915 praesens
877 5838 1078 5914 agitur,
1101 5834 1400 5892 comitante
1433 5830 1662 5896 Lucilla,

818 413 900 467 DE
938 411 1196 470 CHRISTI
1235 410 1601 469 TBIUMPHIS
1640 407 1814 464 APUD
1853 403 2122 460 ΙΤΑΙᾸΛΜ
2162 405 2336 461 LIBRI
2378 405 2507 460 XVI.
2549 435 2618 446 —
2659 406 2762 460 LIB
2828 407 2885 461 V.

3433 411 3538 467 674

1833 543 1882 610 Α
1909 537 2079 602 Quam
2117 537 2289 608 patris
2316 543 2446 592 ante
2499 537 2691 593 oculos
2729 538 2894 608 plecti
2927 538 3081 608 dant,
3137 542 3239 597 hac
3270 545 3535 621 subigen-

3337 636 3465 692 dum

1922 717 2164 771 Flamine
2196 717 2482 772 robustum
2513 718 2701 773 divino
2732 719 2884 774 caede
2926 730 3216 791 putantes:
3319 635 3334 706 [

1920 806 2119 862 Laetior
2139 814 2193 861 et
2219 806 2428 862 sobolis
2452 808 2554 861 sub
2574 816 2754 881 strage
2782 809 3062 867 ardentior
3089 819 3258 883 atque
3311 807 3314 813 ’

1923 897 2170 954 Efficitur
2192 899 2307 968 jam
2339 915 2518 970 praeco
2551 900 2644 954 Dei
2672 918 2687 965 ;
2720 916 2824 955 nec
2841 916 3004 971 posse
3031 905 3300 974 probatus

1921 990 1961 1041 A
1991 987 2185 1042 Christi
2211 987 2394 1043 valido
2424 988 2568 1044 flecti
2599 988 2811 1045 fervore
2844 989 2995 1059 fidei,

1835 1141 1838 1144 ,
1922 1080 2052 1135 Duci
2087 1080 2408 1150 przecipitur
2445 1081 2623 1136 Martis
2652 1081 2734 1136 sic
2763 1090 2889 1137 ante
2923 1085 3217 1145 sacellum:

1920 1171 2035 1226 Jam
2077 1173 2275 1227 virtute
2306 1172 2702 1244 triumphatum
2728 1189 2991 1230 mucrone
3023 1177 3328 1248 palaestram

1920 1262 2220 1329 Terminat,
2250 1263 2636 1336 abscissusque
2659 1274 2823 1337 caput
2852 1267 2988 1336 petit
3009 1271 3214 1326 ethera
3237 1284 3467 1330 mactus.

1925 1355 2167 1410 Membra
2196 1356 2350 1410 addit
2378 1357 2692 1428 Stephanus
2729 1366 2975 1429 cognatae
3009 1369 3189 1416 terrea
3219 1370 3400 1433 terrae,

1924 1450 2054 1514 Quae
2081 1449 2266 1504 Sixtus
2292 1451 2546 1521 relegens
2579 1458 2701 1522 post
2731 1453 3036 1508 accuratius
3063 1454 3236 1511 abdit.

1924 1538 2331 1609 Symphronius
2373 1539 2534 1607 hujus
2562 1550 2685 1610 post
2713 1539 2905 1595 funera
2943 1542 3088 1597 fidus
3118 1544 3372 1602 alumnus

1927 1628 2145 1684 Sistitur
2176 1638 2418 1685 arctatus
2449 1627 2578 1683 fidei
2609 1646 2705 1700 pro
2735 1630 2860 1686 luce
2891 1639 3143 1702 tyranno;

1926 1716 2324 1789 Mandaturque
2359 1719 2476 1773 dari
2518 1719 2736 1774 cuidam
2767 1721 2833 1775 ad
2862 1730 3131 1778 tormenta
3161 1725 3407 1795 tribuno,

1929 1809 2104 1882 thue
2132 1811 2422 1867 facultates
2445 1814 2726 1884 perquirat
2755 1813 3036 1886 Olympius
3065 1818 3169 1872 acti

1848 1909 1899 1979 Β
1927 1901 2200 1968 Nemesii;
2234 1903 2327 1974 qui
2359 1903 2670 1975 suscipiens
2709 1913 2987 1977 praecepta
3017 1909 3264 1964 revolvit.

1927 1993 2358 2065 Symphronius:
2404 2015 2429 2046 α
2475 1996 2688 2051 Domini
2731 2013 2929 2052 census
2957 1998 3002 2052 si
3042 2016 3294 2071 quaerere
3334 2003 3553 2072 jussus,

1924 2082 2046 2137 Jam
2079 2085 2240 2140 retuli
2270 2083 2482 2139 Christo
2511 2085 2626 2161 regi
2654 2085 2971 2142 famularier
2999 2097 3162 2159 apto:

1928 2177 1991 2230 At
2009 2177 2054 2231 si
2085 2177 2395 2233 sacrificare
2430 2179 2611 2247 jubes,
2655 2196 2810 2236 sacra
2852 2181 2961 2236 libo
2993 2182 3252 2240 libenter.
3295 2249 3298 2252 ,

1931 2267 2039 2322 Sed
2070 2268 2199 2323 Jesu
2230 2270 2462 2326 Domino
2490 2277 2739 2326 votorum
2771 2288 2834 2326 ac
2873 2271 3054 2327 laudis
3084 2275 3374 2340 honorem,

1933 2357 2027 2412 Cui
2050 2357 2314 2412 Dominus
2339 2375 2397 2413 se
2429 2359 2718 2415 Nemesius
2747 2378 2904 2417 meus
2931 2363 3310 2420 obtulitaltor.
3349 2387 3374 2415 η

1936 2451 2061 2506 Hrec
2087 2453 2156 2506 ad
2187 2452 2333 2507 dicta
2354 2454 2493 2508 truci
2519 2455 2764 2524 repletus
2795 2456 3078 2527 Olympius
3111 2457 3190 2512 ira

1941 2545 2177 2616 Imperat
2196 2553 2482 2601 extensum
2502 2547 2672 2602 fustes
2693 2549 2929 2604 tolerare
2949 2558 3174 2605 castata.

1939 2636 2151 2691 Aureus
2175 2637 2372 2692 allatus
2411 2639 2629 2710 tripoda
2662 2650 2786 2711 post
2813 2642 3044 2696 verbera
3065 2641 3278 2696 Mavors

1943 2724 2076 2780 Cera
2107 2737 2165 2781 ut
2191 2727 2259 2781 ab
2283 2726 2412 2802 igne
2443 2728 2626 2784 ﬂuens
2655 2729 2724 2784 ad
2749 2729 2918 2785 verba
2957 2731 3250 2787 resolvitur
3275 2733 3459 2801 hujus.

1945 2817 2208 2893 Cognitur
2239 2821 2326 2875 his
2363 2821 2620 2892 stupidus
2641 2823 2852 2879 secedit
2881 2832 2937 2879 et
2963 2831 3082 2878 acta
3104 2824 3280 2898 jugali

1946 2909 2352 2967 Commemorat
2380 2911 2493 2968 divi
2519 2913 2803 2970 confessor
2821 2922 2879 2969 ut
2909 2931 3006 2971 ora
3035 2914 3257 2987 liquarit

1945 2999 2229 3076 Bellivagi,
2260 3010 2426 3073 atque
2451 3018 2547 3058 reo
2573 3003 2791 3058 veniam
2819 3005 3000 3075 placet
3023 3020 3147 3059 esse
3169 3005 3500 3075 petendam;

1946 3085 2246 3145 Consilium
2277 3091 2448 3146 menti
2478 3093 2627 3163 quod
2659 3099 2719 3146 ut
2747 3093 3032 3148 amborum
3067 3092 3202 3147 utile
3231 3092 3397 3158 sedit,

1946 3177 2161 3236 Fortior
2184 3186 2243 3234 ut
2266 3178 2390 3234 fuso
2410 3178 2577 3235 fuerit
2605 3179 2702 3251 qui
2733 3180 2902 3234 Marte
2933 3187 3176 3250 petatur,

1876 3276 1926 3344 C
1950 3270 2118 3325 Nocte
2145 3271 2310 3325 simul
2349 3270 2599 3336 veniunt,
2639 3279 2806 3346 gnato
2837 3271 3156 3337 comitante,
3194 3273 3296 3327 sub
3328 3273 3469 3344 ipsa,

1951 3360 2235 3417 Theodoto
2251 3363 2475 3434 genitus
2497 3362 2593 3432 qui
2623 3361 2776 3417 solus
2803 3361 3023 3433 utrique
3049 3364 3264 3433 parenti
3293 3382 3308 3430 ;

1953 3451 2153 3522 Sicque
2183 3452 2270 3507 sui
2302 3452 2540 3523 pedibus
2566 3452 2735 3507 vincti
2765 3469 2826 3508 se
2855 3461 3106 3509 sternere
3135 3455 3404 3527 gaudent,

1958 3540 2166 3596 Salvari
2197 3548 2417 3597 orantes
2456 3557 2520 3597 ac
2543 3541 2868 3612 paenituisse
2902 3543 3222 3614 probantes.

1959 3631 2180 3687 Accitus
2213 3633 2412 3704 praesul
2442 3631 2666 3687 monitis
2697 3633 3016 3687 caelestibus
3038 3633 3161 3688 illos

1962 3720 2186 3787 Imbuit,
2219 3722 2573 3792 aathereaque
2595 3719 2870 3775 nitescere
2902 3719 3117 3791 perﬁcit
3144 3721 3295 3777 unda

1964 3808 2147 3864 Gratia
2165 3826 2305 3881 quos
2335 3808 2530 3864 Christi
2553 3807 2736 3879 pluvia
2764 3809 3072 3879 penetravit
3091 3809 3300 3880 opima.

1964 3901 2164 3956 Auditu
2195 3917 2482 3972 procerum
2515 3916 2624 3972 quo
2651 3899 2860 3956 fervida
2891 3909 3117 3970 pectora
3147 3911 3368 3958 sanctos

1967 3992 2076 4048 Hos
2106 3991 2212 4048 sibi
2241 4000 2542 4064 pmsentes
2573 3991 2692 4048 fieri
2734 3999 2888 4048 torvo
2925 3993 3130 4064 impete
3160 3993 3447 4061 mandant,

1968 4079 2393 4153 Candentesque
2423 4081 2552 4156 agni
2574 4081 2757 4136 belvis
2784 4088 3071 4152 raptantur
3093 4081 3344 4136 acerbis:

1970 4171 2376 4244 Symphronius
2398 4171 2543 4227 ferro
2567 4187 2789 4243 pressus
2813 4172 3146 4242 strictusque
3172 4171 3454 4241 capistris,

1974 4264 2164 4320 Nudus
2189 4273 2246 4322 et
2283 4272 2502 4322 exertus
2531 4273 2685 4340 grato
2715 4265 3030 4340 assignetur
3059 4263 3245 4337 agoni.

1976 4354 2206 4428 Augusti
2245 4363 2555 4410 memorant
2585 4370 2778 4426 poenas
2811 4352 3034 4408 differre
3065 4353 3312 4420 tribuno,

1977 4443 2099 4502 Sint
2139 4446 2524 4502 velutindubii
2551 4446 2711 4501 divos
2737 4445 2882 4500 hunc
2913 4445 3168 4516 linquere
3201 4444 3350 4500 nolle

1977 4542 2209 4611 Semper
2238 4539 2515 4603 adoratos,
2550 4537 2702 4608 prius
2731 4536 2798 4590 ad
2841 4551 3074 4607 quorum
3103 4551 3256 4590 sacra
3297 4533 3501 4591 multos

1890 4598 1948 4667 D
1977 4598 2278 4700 Suppliciis
2307 4625 2438 4697 egit,
2465 4640 2568 4680 nec
2596 4625 2746 4680 iners
2766 4623 2981 4680 fudisse
3005 4640 3279 4685 cruorem.

1976 4723 2184 4795 Impius
2213 4721 2352 4776 hare.
2391 4719 2516 4774 Ille:
2570 4747 2582 4764 ο
2634 4719 2698 4773 Ut
2727 4734 2835 4773 non
2866 4717 3309 4789 sicutOlympius
3340 4718 3460 4791 egi;

1978 4819 2214 4875 Paenitet
2234 4822 2288 4871 at
2317 4813 2564 4880 sceleris,
2599 4814 2978 4886 lacrymasque
3001 4811 3227 4868 effando
3246 4812 3500 4875 Tonanti,

1978 4913 2072 4968 Cui
2094 4909 2350 4974 famulor,
2384 4907 2528 4963 Patri
2556 4915 2612 4962 et
2633 4907 2828 4962 Genito
2855 4923 2980 4961 cum
3008 4905 3255 4961 Flamine
3281 4912 3497 4973 sancto,

1978 5005 2206 5059 Parcere
2237 5001 2500 5076 dignetur
2531 4998 2746 5070 probris
2767 5014 2892 5070 quas
2926 4997 3189 5052 immania
3214 4996 3360 5068 gessi

1980 5097 2041 5151 In
2080 5101 2324 5158 sanctos,
2357 5107 2593 5164 quorum
2633 5107 2732 5161 per
2765 5106 2853 5145 me
2885 5105 3014 5144 arva
3042 5103 3239 5144 cruore
3269 5087 3537 5160 rigantur.
3585 5108 3608 5138 ι

1983 5185 2242 5252 Consumi
2272 5185 2478 5256 pariter
2507 5183 2748 5238 flammis
2773 5180 3050 5237 sententia
3079 5179 3325 5235 mandat.

1977 5280 2136 5336 Ducti
2159 5293 2285 5334 mox
2316 5283 2444 5332 ante
2475 5291 2571 5330 ora
2594 5274 2746 5329 Iovis
2778 5275 3097 5328 holocausta
3138 5279 3432 5343 parantur;

1985 5373 2210 5450 Ignibus
2234 5369 2506 5442 appliciti,
2538 5367 2750 5423 Christo
2781 5368 2872 5438 pia
2899 5366 3146 5422 carmina
3177 5366 3399 5434 dantes,

1987 5463 2180 5519 lntacti
2213 5457 2474 5523 ﬂammis,
2504 5462 2755 5527 praeeunt
2785 5457 2854 5509 ad
2886 5454 3035 5509 celsa
3064 5470 3329 5525 vapores;

1988 5555 2161 5624 Atque
2192 5550 2270 5605 ita
2296 5547 2552 5602 dimissas
2575 5545 2775 5615 recipit
2803 5560 3002 5598 manus
3033 5543 3266 5618 impigre
3294 5545 3507 5609 thecas,

1991 5645 2120 5699 Cum
2153 5642 2300 5698 clero
2320 5639 2638 5708 Stephanus
2665 5638 2836 5693 sociis
2863 5645 2918 5691 et
2942 5637 3262 5708 relligiosis,

1994 5733 2270 5790 Laudibus
2295 5726 2487 5784 aﬂ'usis
2511 5726 2847 5799 hymnisque
2867 5741 2935 5782 ex
2954 5740 3112 5781 more
3131 5725 3363 5792 solutis;

1995 5830 2230 5906 Pignora
2255 5840 2379 5899 quae
2407 5821 2568 5879 Sexto
2600 5824 2829 5896 posthac
2857 5820 3121 5890 translata
3143 5827 3374 5896 gerente
