3890 6406
357 412 469 471 675

356 539 685 612 Martyribus
713 552 896 592 curam
928 531 1205 589 celebrem
1239 529 1420 584 fecere
1451 527 1828 582 Decembrem.

430 632 538 684 llos
560 627 740 682 crucis
772 625 874 678 insi
898 623 1085 694 quitur
1117 636 1212 690 per
1242 617 1430 672 munia
1453 616 1799 670 Tertulianus

356 722 526 786 Quem
549 718 660 771 divi
683 715 999 786 Stephanus
1024 711 1193 767 fontis
1214 709 1509 780 splendore
1535 698 1779 770 novarat,

360 811 467 863 Nec
489 823 640 862 mora
673 803 1053 876 presbyterum
1087 800 1237 871 larga
1266 797 1517 852 bonitate
1541 801 1800 850 sacrarat.

360 903 454 957 Cui
495 908 675 957 castos
707 900 850 953 inter
879 895 1122 951 monitus
1153 903 1207 948 et
1235 893 1402 947 verba
1433 890 1627 945 salutis

361 993 634 1045 Caesorum
667 985 861 1042 Christi
903 983 1224 1054 perquirere
1264 978 1696 1050 corporajussit,

364 1088 462 1140 Per
481 1083 709 1138 biduum
732 1077 903 1133 sacris
929 1076 1017 1130 vix
1049 1074 1238 1128 debita
1267 1073 1503 1127 solverat
1532 1071 1663 1137 aris,

361 1181 648 1234 Tentus'et
677 1189 708 1227 a
736 1171 915 1225 Marco
947 1175 1052 1223 stat
1083 1167 1280 1222 ductus
1308 1165 1594 1220 Valeriano
1617 1181 1654 1216 εν

360 1270 471 1324 llnc
499 1268 592 1322 ille
622 1272 906 1320 extensum
940 1258 1164 1314 mactari
1187 1257 1387 1312 robore
1407 1255 1592 1320 tradit,

357 1359 593 1414 Caeditur
619 1354 960 1409 acelamans:
1005 1371 1034 1400 α
1076 1349 1266 1402 Grates
1295 1346 1393 1401 tibi
1417 1345 1620 1416 pendo,
1647 1343 1890 1415 benigne

352 1452 482 1506 Jesu
514 1447 722 1502 Christe
753 1445 919 1508 Deus,
943 1441 1084 1520 quia.
1101 1455 1184 1494 me
1217 1455 1327 1494 non
1367 1438 1569 1492 dividis
1599 1436 1781 1502 almis,

358 1543 421 1597 Ut
452 1539 586 1594 mihi
614 1539 729 1610 jam
766 1533 1315 1606 Dominusjungatur
1341 1529 1644 1600 Olympius,
1685 1535 1806 1583 acto

358 1636 458 1701 Qui
491 1650 580 1688 me
608 1631 866 1702 martyrio
898 1627 1179 1699 praecessit
1202 1625 1270 1680 ad
1298 1625 1407 1679 alta
1439 1623 1776 1696 sequendus.
1817 1641 1842 1673 ι

359 1726 484 1779 Haec
514 1723 646 1776 dum
665 1719 984 1791 proclamat,
1014 1715 1170 1770 lateri
1201 1713 1536 1768 mandantur
1559 1713 1780 1784 utrique

358 1813 574 1886 Apponi
603 1812 860 1873 flammae,
902 1812 1274 1875 constansque
1301 1819 1366 1857 ea
1397 1802 1555 1856 laetus
1586 1813 1641 1856 et
1667 1803 1841 1856 inter:

367 1931 392 1958 α
434 1908 637 1960 Matura
663 1902 810 1974 quod
843 1899 982 1972 agis,
1017 1897 1204 1963 miser,
1237 1904 1296 1952 ut
1324 1896 1625 1966 pernicius,
1660 1896 1858 1967 inquit,

360 2001 442 2052 ille
467 1999 569 2053 hoc
587 1996 802 2051 fervore
830 1993 981 2048 leves
1007 1990 1387 2046 holocaustum
1413 1996 1467 2042 et
1491 1995 1737 2043 aromata
1754 1987 1988 2053 Christo,

361 2087 608 2142 Peccatis
637 2083 924 2159 gravidum
955 2080 1106 2147 licet,
1129 2079 1234 2132 hoc
1255 2087 1439 2132 tamen
1460 2076 1684 2148 auspice
1707 2075 1924 2131 fultum.
1959 2098 1986 2120 ι»

363 2180 578 2234 Invidet
609 2178 693 2232 his
723 2175 924 2240 lanius,
949 2171 1153 2240 differt,
1185 2170 1328 2242 rapit
1357 2169 1580 2244 ignibus
1609 2179 1776 2242 atque

359 2275 546 2331 Tradit
576 2270 825 2342 Sapricio
854 2267 1058 2323 trucior
1088 2265 1182 2337 qui
1215 2265 1464 2320 creditus
1496 2263 1616 2334 ipso
1641 2281 1656 2329 ;

365 2372 550 2428 Rebus
581 2368 635 2423 id
665 2367 759 2422 ille
792 2365 1004 2436 probat,
1028 2363 1173 2417 saxis
1203 2377 1327 2416 nam
1363 2361 1593 2432 proterit
1621 2375 1738 2425 ora,

367 2464 571 2534 Sicque
602 2461 697 2514 diu
727 2465 951 2528 torquet
979 2472 1211 2526 pensum
1241 2451 1592 2525 amburitqué
1620 2458 1841 2506 catasta.

367 2552 594 2626 Ignibus
620 2550 675 2604 in
705 2548 908 2602 mediis
935 2545 1124 2600 divino
1150 2551 1300 2599 tutus
1331 2546 1562 2609 honore,

370 2639 636 2694 I’raedicat
661 2653 784 2691 esse
809 2635 981 2689 Deum
1015 2633 1170 2688 caelis
1199 2649 1368 2702 super
1389 2631 1576 2686 omnia
1604 2629 1894 2691 Christum.

368 2731 610 2786 Invictus
639 2727 842 2798 pcenis,
867 2725 960 2780 ubi
989 2724 1166 2778 fertur
1181 2723 1490 2788 Valeriano,

367 2819 488 2874 Mox
518 2826 682 2887 caput
711 2813 928 2869 abscidi
960 2812 1128 2866 celeri
1168 2826 1434 2865 mucrone
1454 2810 1702 2878 jubetur.

364 2905 620 2962 Tormine
650 2902 936 2973 depositus
959 2899 1214 2972 jugulum
1245 2899 1383 2969 petit
1411 2900 1617 2954 aethera
1642 2908 1848 2954 sectus.

368 2994 709 3068 Hymnidicis
739 2991 936 3065 praesul
957 2991 1270 3061 Stephanus
1301 2991 1444 3044 locat
1472 3005 1600 3045 ossa
1625 2990 1817 3046 Latina

367 3085 615 3156 Stipatus
643 3081 838 3138 cuneis
867 3080 1150 3150 scissaque
1178 3079 1430 3136 recondit
1467 3095 1657 3149 arena,

1129 399 1499 457 FLODUARDl
1537 395 1844 453 CANONlCl
1886 394 2216 452 REMENSIS
2258 395 2599 452 OPUSCULA
2639 397 2953 453 METRICA.

2018 1899 2069 1966 B

3611 407 3723 460 676

1999 531 2053 598 Α
2081 526 2187 580 Sed
2217 529 2368 584 solo:
2419 550 2443 580 σι
2481 527 2556 583 Tu
2583 545 2654 584 ne
2688 545 2748 584 es
2778 529 3112 600 Stephanus,
3144 530 3275 586 huic
3298 532 3643 598 Valerianus,

2084 619 2310 675 Publica
2340 622 2559 676 conaris
2583 623 2738 694 regni
2772 622 2865 693 qui
2906 631 3122 677 vertere
3146 624 3292 690 jura,

2081 711 2345 767 Suasibus
2376 722 2431 768 et
2463 714 2648 784 pravis
2679 714 2942 784 populum
2974 715 3312 786 monitisque
3343 716 3606 794 malignis

2082 802 2121 854 A
2151 801 2327 872 patrio
2350 800 2535 856 divum
2567 802 2721 877 cogis
2742 803 3054 859 discedetre
3083 805 3272 860 cultu?

2093 925 2142 931 -
2179 894 2296 950 Non
2319 895 2601 967 equidem,
2627 897 2879 961 antistes,
2899 897 3044 952 nitor
3073 913 3186 952 rem
3203 907 3417 956 vertere
3450 901 3634 975 regni,

2089 985 2152 1036 At
2183 999 2389 1039 moneo
2421 1001 2553 1056 quo,
2585 985 2821 1039 desertis
2849 986 2943 1056 qui
2977 987 3030 1040 in
3063 985 3189 1041 fana
3223 989 3479 1044 coluntur

2089 1075 2458 1140 Dzemonibus,
2485 1077 2775 1132 Dominum
2797 1077 2977 1132 vivum
2992 1095 3297 1150 verumque
3325 1089 3642 1148 renoscant,

2088 1164 2187 1228 Qui
2219 1164 2346 1218 coeli
2377 1171 2648 1236 terraque
2675 1164 2850 1231 Sator,
2886 1165 2981 1236 qui
3012 1181 3136 1220 cum
3170 1166 3324 1222 Patre
3348 1167 3594 1224 Christus

2089 1253 2350 1308 Flaminis
2377 1261 2431 1309 et
2455 1255 2632 1309 sancti
2667 1255 2868 1310 virtute
2900 1256 2956 1310 in
2979 1256 3181 1310 saecula
3212 1266 3424 1332 regnat,

2087 1341 2162 1398 Ne
2195 1355 2424 1414 pereant
2445 1345 2608 1399 simul
2633 1352 2837 1399 aeterna
2869 1361 2992 1400 cum
3024 1346 3278 1402 daemone
3310 1349 3530 1405 mulcta.
3579 1375 3606 1395 ι»

2085 1431 2408 1487 Valerianus
2441 1434 2508 1487 ad
2542 1434 2656 1489 haec
2687 1433 2870 1488 Martis
2900 1435 3166 1505 praecedit
3195 1437 3263 1491 ad
3293 1438 3470 1492 adem

2087 1524 2242 1580 Hunc
2271 1526 2446 1580 minui
2471 1526 2673 1596 capite,
2707 1527 2947 1602 efﬁgiem
2982 1527 3034 1581 ni
3062 1529 3308 1584 numinis
3341 1539 3476 1586 oret.

2086 1614 2374 1686 Aspiciens
2403 1615 2604 1690 ductus
2634 1616 2891 1672 Mavortia
2923 1615 3049 1670 fana
3079 1615 3272 1672 beatus

2090 1705 2281 1779 Dirigit
2301 1707 2370 1761 ad
2400 1709 2600 1762 caelum
2630 1709 2784 1763 visus
2812 1720 2866 1764 et
2895 1711 3083 1778 corda,
3116 1713 3418 1767 Tonantem

2091 1797 2181 1852 His
2241 1815 2510 1869 poscens:
2559 1823 2576 1846 ι
2624 1800 2854 1856 Domine
2910 1803 3285 1874 omnipotens,
3346 1805 3503 1858 Pater
3556 1804 3734 1858 unice

3415 1892 3660 1964 (Christi,

2091 1978 2191 2042 Qui
2225 1979 2541 2034 destruxisti
2577 1979 2747 2035 variis
2778 1980 3112 2052 Babylonica
3144 1982 3332 2037 turrim

2094 2070 2336 2139 Fatibus,
2366 2087 2462 2126 ora
2497 2079 2705 2141 terens,
2737 2073 2840 2128 hoc
2863 2082 2918 2128 tu
2946 2089 3170 2146 quoque
3191 2075 3414 2130 destrue
3436 2074 3655 2142 fanum,

2093 2164 2207 2227 Qua
2233 2163 2562 2234 populorum
2596 2164 2795 2219 animae
2835 2165 2982 2220 cultu
3015 2167 3320 2237 perduntur
3351 2167 3566 2239 iniquo.
3617 2189 3643 2219 ι

2093 2252 2297 2308 Annuit
2326 2253 2688 2326 Omnipotens
2719 2257 2880 2326 votis,
2910 2258 3259 2330 tonitrusque
3292 2258 3508 2332 fragore

2091 2344 2412 2416 Respondet
2434 2347 2694 2418 precibus
2723 2365 2937 2404 summa
2969 2351 3036 2404 de
3065 2353 3209 2407 nube
3241 2368 3562 2419 coruscans,

2094 2437 2342 2492 Fulmina
2373 2439 2677 2507 dissiliunt,
2708 2449 2763 2496 et
2794 2442 2962 2496 Marte
2995 2444 3274 2514 potentior
3302 2444 3477 2498 azdem

2099 2531 2283 2587 Martis
2296 2533 2461 2589 humo
2475 2537 2688 2591 sternit.
2707 2537 2917 2592 Mavors
2933 2539 3176 2593 imbellis
3191 2539 3257 2593 ad
3277 2539 3582 2606 ista(183i:a
3607 2540 3736 2595 Haec

2098 2627 2364 2682 Panditur
2391 2636 2444 2684 et
2473 2629 2694 2697 Christi,
2725 2632 2875 2687 Jovis
2919 2634 3035 2688 haec
3090 2651 3201 2689 non
3232 2633 3465 2690 fulmina
3497 2643 3658 2690 nutu.
3709 2659 3727 2683 ι

2095 2718 2399 2795 Diffugiunt
2426 2722 2710 2788 lanii,non
2741 2725 2843 2780 hos
2866 2725 3066 2780 fiducia
3098 2727 3282 2781 Martis

2096 2811 2386 2878 Continet;
2415 2814 2564 2868 haud
2593 2812 2752 2882 fidos,
2782 2817 2926 2870 haud
2957 2832 3016 2871 se
3047 2826 3273 2885 tutatur,
3306 2820 3582 2874 alumnos.

2097 2904 2161 2958 At
2193 2902 2334 2958 liber
2365 2904 2453 2973 pia
2480 2919 2636 2957 sacra
2663 2904 2775 2959 Deo
2808 2904 2980 2959 libare
3003 2907 3263 2961 sacerdos

2098 2993 2438 3050 Christisona
2463 2996 2746 3050 exsultans
2771 2996 2906 3061 abit,
2940 2997 3292 3071 adgaudente
3324 3007 3561 3058 caterva.

2099 3085 2268 3149 Quam
2299 3085 2460 3141 factis
2491 3087 2764 3158 dictisque
2803 3104 3023 3160 regens,
3053 3105 3117 3144 ac
3146 3089 3343 3145 robore
3376 3090 3552 3145 multo

368 3177 659 3248 Presbyter
693 3176 907 3246 hacque
955 3172 1134 3228 bonos
1187 3173 1330 3242 (182)
1383 3173 1614 3228 Faustus
1667 3173 1996 3246 Maurusque
2023 3216 2074 3285 Ο
2103 3176 2323 3232 Solatus
2353 3176 2626 3247 solidans,
2658 3178 2920 3249 mysteria
2950 3179 3228 3234 moenibus
3257 3180 3414 3235 almae

1675 3265 1922 3337 [recepti

368 3362 538 3424 Tunc,
572 3361 696 3415 aliis
727 3367 943 3432 septem
967 3359 1178 3428 junctis
1209 3358 1302 3430 qui
1333 3365 1582 3428 tempore
1606 3360 1660 3414 in
1690 3359 1810 3431 ipso

372 3451 574 3505 Caelica
604 3449 848 3519 martyrii
881 3449 1124 3503 subeunt
1145 3447 1449 3517 penetralia
1486 3447 1661 3503 lauro.

375 3541 464 3594 llis
494 3539 734 3594 cinctum
766 3537 986 3603 studiis,
1021 3538 1217 3592 missas
1237 3537 1303 3591 ad
1339 3537 1499 3591 busta
1531 3537 1746 3608 piorum

372 3628 430 3681 ln
470 3627 746 3698 specubus
776 3626 1081 3693 celebrare,
1113 3642 1301 3682 sacros
1331 3626 1439 3681 huc
1467 3641 1667 3698 cogere
1695 3634 1892 3688 coetus.

374 3719 661 3792 Lymphati
703 3734 962 3789 proceres
997 3719 1340 3790 Stephanum
1378 3719 1448 3778 ad
1489 3726 1769 3775 tormenta
1816 3721 2005 3792 requi-

1782 3822 1909 3868 runt

1782 3822 1909 3868 runt

374 3899 692 3970 Militiaeque
722 3913 892 3952 manu
925 3905 1138 3969 raptum
1170 3906 1418 3966 tenuere,
1437 3897 1646 3972 jugatis
1759 3810 1775 3881 [
1914 3853 1929 3877 ’

375 3991 633 4046 Pluribus
662 4007 693 4046 e
720 3990 869 4046 clero
899 3989 1130 4045 senibus
1151 3989 1387 4062 fidisque
1419 3991 1716 4058 ministris;

379 4083 615 4140 Praesule
639 4084 947 4139 Caesareum
962 4083 1120 4150 jusso
1147 4090 1439 4153 penetrare
1459 4083 1723 4148 tribunal,

2105 3267 2240 3320 Dum
2281 3266 2441 3320 laetus
2472 3266 2715 3320 celebrat
2741 3266 3254 3331 Lucinae,turbidus
3286 3267 3377 3321 ille

2107 3357 2429 3412 Valerianus
2461 3357 2573 3431 agit
2599 3374 2810 3413 cuneos
2833 3366 2887 3412 et
2917 3359 3058 3413 ovile
3091 3359 3343 3429 luporum

2105 3447 2336 3518 Agmine
2366 3445 2616 3512 vallatur,
2650 3446 2848 3510 nescit,
2883 3446 3013 3500 licet
3052 3447 3296 3518 undique
3329 3455 3543 3517 septus,

2107 3537 2299 3592 Pastor
2326 3535 2714 3608 magnanimus
2746 3536 2902 3590 rabie
2931 3537 3210 3606 trepidare
3241 3535 3554 3602 furentum;

2105 3630 2265 3686 Fixus
2293 3636 2348 3684 et
2370 3631 2615 3684 intentus
2645 3629 2840 3696 sacris,
2873 3629 3105 3685 Domino
3132 3631 3381 3700 auspice,
3415 3629 3575 3686 fortis

2107 3727 2534 3798 lmpavidusque
2557 3725 2719 3780 litans
2743 3741 2841 3780 sua
2864 3741 2923 3780 se
2945 3741 3168 3797 quoque
3188 3741 3419 3780 munera
3436 3732 3645 3794 perstat

2106 3819 2217 3874 Nec
2232 3818 2401 3874 sentit
2429 3818 2651 3873 rabidos
2671 3819 2952 3888 strepitus,
2987 3833 3091 3872 nec
3120 3825 3244 3872 vota
3265 3816 3516 3878 remittit,

2109 3908 2544 3980 lntrepidusque
2571 3908 2860 3979 libensque
2885 3906 3030 3961 aries
3056 3913 3325 3960 mactatur
3353 3905 3420 3960 ad
3450 3921 3629 3970 aram,

2112 3998 2299 4069 Ccepta
2343 4012 2607 4068 sequens.
2642 3997 2794 4052 Hunc
2823 4013 2975 4051 sacra
3019 4011 3216 4050 manus
3246 4011 3368 4049 cum
3409 3995 3544 4049 sede
3589 3994 3739 4048 beati

2118 4087 2397 4161 Sanguine
2435 4102 2687 4158 respersa
2714 4087 2884 4158 patris
2911 4101 3037 4142 arce
3068 4083 3316 4142 recondit
3343 4085 3396 4138 in
3421 4084 3560 4154 ipsa.

1894 4215 2102 4274 CAPUT
2144 4217 2209 4273 ll.

1734 4318 1812 4378 De
1837 4328 2050 4381 sancta
2082 4319 2380 4396 E'ugem'a.

377 4451 611 4505 Carbasa
635 4466 787 4506 nunc
818 4448 1061 4520 zephiris
1089 4446 1434 4515 inflantibus,
1477 4465 1606 4504 arva
1637 4449 1850 4521 Syenes

379 4547 566 4604 Visere
596 4547 970 4617 Pellaeumque
996 4543 1152 4613 juvat
1177 4543 1500 4617 contingere
1525 4543 1699 4610 littus,

377 4639 496 4693 ltlox
527 4637 722 4708 rapido
743 4633 998 4690 Ausonia:
1031 4638 1346 4704 repetamus
1375 4639 1432 4686 ut
1459 4633 1607 4688 edita
1645 4650 1842 4690 cursu:

375 4730 690 4801 Accipimus
716 4727 994 4798 siquidem
1025 4725 1132 4781 hoc
1160 4732 1296 4780 testu
1326 4725 1600 4800 priesigne
1643 4725 1836 4781 tulisse

374 4822 613 4893 Martyrii
646 4821 819 4876 decus
851 4819 1175 4891 Eugeniam,
1198 4835 1364 4889 quam
1394 4825 1544 4888 patre
1572 4819 1828 4890 Philippo

380 4913 538 4968 Urbis
567 4909 859 4967 Alexandri
890 4908 1157 4963 Praefecto
1187 4907 1414 4978 arvique
1445 4907 1653 4979 Canopi

376 5003 681 5058 Aineadum
709 5017 774 5055 ex
803 4999 961 5070 apice
986 5012 1275 5068 procerum
1297 4995 1390 5050 dat
1422 4994 1646 5050 Claudia
1666 5005 1862 5054 mater.

377 5093 510 5158 Quis
538 5092 837 5164 splendore
864 5090 1048 5146 nitens
1072 5089 1191 5143 haec
1205 5087 1454 5142 moribus
1482 5086 1649 5144 altior
1674 5104 1800 5144 esse

380 5181 579 5256 Deligit
601 5179 884 5236 excellens
908 5189 1060 5234 casto
1083 5176 1306 5248 pietatis
1333 5177 1566 5243 honore,

377 5270 506 5334 Quae
539 5284 756 5344 pagana
790 5268 921 5324 licet
948 5268 1002 5323 vi
1028 5267 1163 5322 casti
1194 5265 1462 5330 numinis,
1491 5267 1600 5320 alta

377 5360 635 5424 Consule,
661 5359 841 5415 vincla
866 5359 1024 5416 Proci
1053 5359 1229 5434 geniti
1257 5358 1456 5414 virtute
1484 5358 1793 5430 perhorret,

377 5451 513 5505 Dum
546 5451 794 5521 saphicis
812 5454 1014 5508 ardens
1034 5453 1184 5508 curis
1204 5467 1527 5523 percurrere
1555 5467 1794 5524 quaeque

377 5545 561 5600 Certat
600 5546 812 5599 honore
832 5547 1002 5600 animi
1027 5546 1404 5602 conscendere
1441 5547 1497 5600 in
1537 5546 1687 5602 edita
1716 5547 1891 5614 Pauli,

378 5637 515 5702 Quae
545 5643 698 5692 tanto
723 5635 937 5694 fervore
963 5639 1234 5708 capitjam
1267 5648 1455 5695 mente
1470 5640 1651 5705 beata,

445 5791 604 5931 (182;
643 5788 734 5870 Sic
760 5789 887 5871 cod.
924 5795 1181 5870 uterque.
1210 5793 1311 5848 An.
1337 5809 1436 5864 pro
1473 5796 1760 5858 Bonosz'us,

448 5862 574 5931 (183
637 5860 736 5915 Hic
761 5858 969 5916 desinit
988 5873 1092 5914 ms.
1113 5858 1452 5922 bibliotheca
1479 5865 1694 5921 Sanctae
1717 5865 1758 5921 G

448 5862 574 5931 (183

2110 4453 2174 4508 Ut
2209 4468 2428 4508 summo
2455 4452 2603 4526 regis
2634 4451 2974 4510 flammescat
3001 4467 3188 4508 amore
3219 4452 3444 4524 superni
3471 4471 3485 4513 ;

2107 4547 2172 4599 At
2192 4543 2387 4599 Christi
2419 4543 2548 4616 quia
2565 4543 2881 4615 reppulerat
2909 4551 3067 4614 pater
3094 4541 3233 4596 urbe
3263 4540 3518 4609 clientes,

2109 4637 2248 4692 Cum
2277 4638 2442 4692 castis
2473 4637 2643 4692 sociis
2670 4637 2946 4709 castisque
2972 4635 3276 4702 sodalibus,
3300 4635 3470 4690 altum

2109 4727 2227 4782 Alta
2256 4741 2498 4798 sequens
2528 4726 2758 4780 rimatur
2790 4727 2911 4780 iter.
2948 4726 3109 4781 Proto
3139 4731 3306 4796 atque
3338 4724 3672 4796 Hyacinthe,

2027 4847 2086 4916 D
2110 4817 2292 4871 Ardua
2323 4830 2434 4887 quo
2457 4815 2635 4870 valeat
2665 4815 2869 4870 montis
2900 4822 3007 4870 tam
3040 4815 3309 4870 scandere
3340 4815 3502 4869 celsi.

2180 4913 2361 4968 Mente
2386 4912 2520 4983 polo
2552 4910 2747 4982 illapsa
2777 4917 2986 4982 patrem
3019 4910 3157 4981 petit
3195 4925 3322 4965 arva
3349 4909 3566 4974 videre,

2110 5001 2322 5057 Praedia
2342 5001 2662 5056 collustrare
2690 4999 2856 5065 sinat,
2881 4998 3178 5067 jocundior
3202 4998 3309 5053 isto

2111 5089 2319 5144 lntuitu
2349 5096 2410 5144 ut
2433 5088 2624 5144 redeat
2644 5103 2838 5143 menso
2869 5087 3118 5162 regionis
3141 5101 3382 5142 amazno.

2111 5182 2263 5237 Cedit
2291 5182 2360 5236 ad
2374 5183 2492 5236 haec
2519 5181 2757 5254 genitor,
2781 5180 3124 5251 comitesque
3155 5180 3366 5234 haerere
3393 5179 3595 5237 fideles

2115 5271 2378 5346 lnjungit,
2409 5270 2690 5326 dominam
2721 5269 2873 5324 salvo
2895 5269 3123 5324 ductare
3146 5267 3384 5339 pudore,

2111 5363 2261 5430 Quae,
2293 5361 2446 5417 Pauli
2477 5361 2842 5416 instrumenta
2874 5361 3065 5432 legens
3095 5359 3227 5414 dum
3267 5358 3442 5413 fertur
3475 5359 3533 5414 in
3563 5377 3742 5436 agros,

2114 5451 2466 5508 Christicolas
2494 5451 2708 5506 melicis
2736 5451 3088 5507 modulantes
3112 5449 3342 5505 vocibus
3370 5450 3530 5504 audit

2114 5543 2514 5619 Psalmigraphi
2547 5543 2770 5598 laudes:
2815 5569 2838 5590 ‹‹
2884 5542 3085 5597 Omnes
3112 5542 3166 5594 di
3189 5541 3478 5595 diemones
3508 5542 3740 5598 Ethnon.

2113 5643 2178 5695 At
2202 5637 2470 5694 Dominus
2497 5636 2670 5692 ctelos
2690 5634 3070 5706 septemplicis
3105 5633 3281 5688 edidit
3319 5633 3494 5689 orbis.
3551 5656 3570 5684 ι

637 5858 736 5915 Hic
761 5858 969 5916 desinit
988 5858 1092 5914 ms'.
1113 5858 1452 5922 bibliotheca
1479 5865 1694 5921 Sanctae
1717 5863 2007 5924 Genovefae
2038 5866 2209 5923 Paris.
