3890 6452
177 433 275 490 677
811 430 894 484 DE
933 429 1188 485 CHRISTI
1227 428 1592 485 TRIUMPHIS
1635 427 1808 483 APUD
1850 426 2114 482 lTALlAM
2154 426 2331 481 LIBRI
2372 425 2502 482 XIV.
2543 457 2614 466 —
2652 427 2780 482 LIB.
2824 427 2880 480 V.
3417 428 3523 482 678

178 555 506 612 Curriculum
539 555 630 610 illa
650 555 812 625 jubet
840 557 1162 620 consistere,
1184 556 1434 628 clamque
1465 554 1685 611 sodales

179 645 544 706 Conveniens:
589 676 611 695 ιι
659 649 896 719 SOphico
934 655 1149 704 constat
1177 665 1274 704 vos
1307 651 1563 720 dogmate
1593 650 1789 712 claros,

179 743 507 814 Sudatisque
539 742 828 796 hominum
862 757 1078 796 mecum
1111 744 1384 812 permulta
1413 741 1689 796 studendo

181 837 366 908 Digna,
401 835 629 907 indigna
662 835 806 890 dolis
835 842 1070 906 astuque
1099 841 1318 906 reperta
1347 841 1615 898 catorum,

176 925 412 996 Scrupea
441 924 748 979 Aristotelis
768 924 916 978 docti
936 933 1156 978 vtirsuta
1178 924 1464 994 scphistae,

177 1017 383 1068 Sectam
409 1013 770 1084 Epicurazam,
796 1012 919 1066 miri
952 1010 1215 1086 ﬁgmenta
1246 1011 1508 1075 Platonis,

178 1102 483 1158 Socraticos
503 1101 750 1157 monitus
778 1108 833 1156 et
857 1101 1037 1156 Stoica
1064 1101 1199 1174 quid
1232 1101 1378 1177 legat
1407 1117 1525 1166 ora,

178 1192 328 1255 Quod
359 1208 614 1262 sparsere
630 1191 814 1260 sophi,
845 1192 995 1263 quod
1025 1200 1316 1247 eautavere
1350 1202 1549 1262 poetae,

178 1283 401 1338 Pellitur
426 1285 529 1339 hac
557 1285 666 1340 odo
687 1285 883 1340 Christi
908 1301 1017 1357 qua
1038 1285 1234 1340 concio
1259 1286 1482 1360 gaudet.

178 1373 638 1443 Accipimusnihil
672 1390 795 1428 esse
827 1374 985 1438 deos,
1017 1374 1182 1428 simul
1209 1377 1395 1429 omnia
1417 1391 1557 1429 vana

178 1465 413 1519 numina
437 1466 722 1537 responsis
753 1477 1066 1522 sanctorum
1096 1467 1434 1522 addiscimus
1463 1469 1641 1537 aptis:

179 1553 385 1607 Divinis
414 1552 582 1628 igitur
609 1554 951 1609 credendum
979 1563 1034 1610 et
1057 1572 1186 1611 vera
1216 1557 1480 1620 tenenda,

174 1642 237 1696 Ni
265 1643 443 1714 magis
471 1642 714 1698 oblectat
739 1654 956 1698 mentes
987 1661 1085 1715 per
1106 1644 1241 1700 falsa
1273 1646 1475 1715 perire.

175 1732 237 1787 At
265 1733 491 1802 sapiens
528 1733 810 1804 sapienter
840 1742 965 1807 agat
994 1735 1176 1802 decet,
1203 1735 1375 1805 impia
1396 1736 1600 1790 sanctis

172 1823 459 1896 Segreget,
493 1821 726 1878 utilibus
757 1830 1019 1894 properet
1039 1839 1333 1880 secernere
1365 1825 1553 1896 inepta

173 1913 407 1969 Justitiae
432 1931 708 1970 summam
735 1915 934 1971 subeat
963 1932 1075 1988 quo
1103 1917 1324 1972 tramite
1354 1925 1584 1990 quaerat.
1635 1939 1656 1968 ι

174 2005 314 2060 Dum
342 2005 480 2062 serit
510 2006 630 2062 haec
656 2007 824 2062 sociis
851 2007 1079 2063 rationis
1119 2009 1172 2063 in
1213 2025 1363 2076 arva,
1397 2015 1662 2080 parantur

170 2096 351 2152 Corda
371 2098 533 2152 trium
563 2098 766 2153 celsam
801 2099 879 2154 ire
910 2099 1075 2166 viam,
1095 2100 1239 2171 parit
1261 2100 1472 2156 innuba
1501 2101 1636 2157 casti

172 2185 476 2241 Consilium
502 2186 644 2242 v0ti:
677 2188 883 2258 pariter
911 2197 1102 2260 petere
1134 2189 1277 2244 alma
1299 2190 1446 2244 beati

169 2276 336 2332 Tecta
357 2278 550 2332 Heleni
573 2279 732 2348 cujus
755 2280 1074 2349 praestantia
1106 2280 1248 2335 facta
1280 2282 1555 2346 nitebant,

175 2365 440 2420 Restituit
468 2367 644 2420 visum
678 2369 840 2422 caecis
871 2375 926 2423 et
955 2367 1210 2424 daemone
1233 2371 1411 2441 captis

172 2456 372 2511 Sobria
403 2457 592 2525 corda,
642 2458 915 2513 adhibens
941 2461 1314 2516 medicamina
1357 2462 1514 2533 plura
1544 2464 1805 2536 gravatis.

171 2548 329 2604 Hune
355 2551 486 2621 quia
501 2566 660 2606 sacra
690 2552 785 2607 Dei
816 2553 1177 2609 meditantem
1211 2556 1455 2612 invisere
1485 2557 1645 2626 nulli,

171 2637 363 2693 Sancti
393 2647 487 2694 aut
511 2647 670 2710 septa
698 2642 851 2696 senis
890 2643 1101 2699 licitum
1134 2655 1428 2716 penetrare
1463 2647 1684 2717 puellae,

173 2728 454 2786 Robustos
481 2733 700 2788 animos
730 2733 923 2790 habitu
954 2735 1220 2812 insignire
1252 2738 1396 2793 virili

173 2821 342 2896 Virgo
375 2823 526 2898 legit,
558 2840 730 2880 vacua
761 2826 970 2898 ignaris
1001 2828 1198 2884 lectica
1226 2831 1478 2897 vehatur,

179 2911 496 2984 Utreliquis
525 2914 811 2970 dominam
831 2915 938 2972 ﬁde
970 2919 1307 2975 comitentur
1327 2920 1558 2975 alumni.

173 3006 241 3057 At
273 3013 565 3074 reparatur
605 3006 802 3073 honos,
832 3017 1027 3082 arguta
1057 3009 1280 3081 incepta
1309 3020 1616 3086 geruntur:

173 3095 314 3150 Tres
347 3104 504 3152 caute
532 3100 668 3154 soc1i
696 3101 978 3157 mundana
998 3103 1244 3174 pericula
1266 3110 1514 3172 tranant;

173 3189 392 3246 Praesul
420 3192 580 3249 adest
609 3194 802 3250 laudes
829 3196 1048 3252 cinctus
1099 3199 1366 3255 reboante
1406 3208 1662 3267 caterva;

173 3285 260 3340 Fit
282 3287 374 3341 via
398 3297 553 3343 vecta
585 3290 711 3360 piis,
743 3302 1062 3347 sanctorum
1087 3294 1190 3348 iter
1211 3310 1376 3349 omne
1409 3302 1665 3365 paratur;

172 3375 761 3450 Suscipiuntjuvenes
793 3381 979 3436 divina
1003 3384 1226 3438 oracula
1244 3384 1374 3450 laeti,

173 3466 620 3539 Auspiciumque
635 3469 738 3523 viae
772 3471 1011 3544 rogitant
1036 3472 1106 3527 de
1133 3477 1374 3544 praesule
1394 3477 1633 3547 plebem.

173 3557 589 3631 Accipiuntque
619 3566 829 3632 tropaea
865 3562 967 3616 viri
999 3581 1108 3635 quo
1143 3567 1400 3635 parvulus
1429 3569 1562 3624 olim

176 3647 428 3702 lmmuni
454 3657 670 3705 vectare
692 3651 818 3706 sinu
841 3655 1197 3710 consueverit
1219 3655 1402 3730 ignem

175 3737 528 3811 Cereamque
555 3757 777 3815 magum
799 3742 1036 3799 ﬂammis
1060 3758 1340 3802 exeruerit
1369 3749 1585 3824 algens.

174 3827 323 3883 Tres
352 3845 415 3884 se
443 3829 595 3902 virgo
627 3839 778 3887 notat
808 3833 1001 3889 fratres
1030 3835 1099 3889 ad
1130 3852 1285 3892 sacra
1315 3840 1505 3895 venire

175 3915 393 3972 Christi
413 3918 654 3989 postulat
679 3920 796 3975 haec
827 3920 946 3977 fieri
963 3939 1187 3996 quoque
1213 3933 1343 3982 nota
1369 3927 1535 3986 beato

174 4008 530 4066 Praemonito
559 4011 616 4066 in
639 4014 868 4069 sommis
889 4017 1052 4086 patri,
1081 4017 1370 4090 signantur
1399 4021 1596 4077 adesse

177 4100 283 4156 llle
308 4117 495 4176 genus
521 4117 834 4176 nomenque
865 4121 1069 4181 rogans
1089 4109 1236 4180 capit
1264 4111 1398 4167 urbe
1423 4112 1679 4177 Quirites.

174 4188 610 4263 Germanosque
631 4192 820 4260 domo,
848 4193 941 4250 dat
971 4197 1196 4252 nomina
1221 4199 1377 4275 virgo
1410 4201 1670 4270 duorum,

174 4283 252 4339 Se
284 4283 602 4357 Eugenium
630 4301 946 4343 memorans
975 4289 1244 4346 secretius
1272 4307 1394 4348 esse
1425 4295 1732 4365 prehensos

130 4388 134 4390 '
177 4381 519 4453 Agnoscunt
548 4396 629 4447 se,
663 4383 1074 4454 praepositoque
1102 4401 1324 4441 manere
1345 4387 1616 4455 jubentur

176 4467 629 4540 Sacranturque,
655 4472 1102 4543 monasterioque
1129 4473 1398 4548 almisque
1421 4478 1687 4546 jugantur

178 4555 462 4612 Solamen
494 4558 738 4628 capiunt,
769 4560 1071 4616 certamina
1101 4578 1336 4636 quaeque
1364 4567 1613 4639 gerenda

176 4643 468 4700 Praedocti
509 4662 540 4699 a
567 4656 781 4711 sancto,
811 4649 897 4703 cui
939 4659 1137 4705 cuncta
1160 4652 1463 4709 recluserat
1491 4663 1700 4712 auctor.

255 4737 330 4790 At
356 4742 581 4791 temone
598 4736 703 4790 levi
736 4753 1022 4810 vacuoque
1046 4739 1286 4796 abeunte
1319 4744 1525 4800 veredo

174 4823 269 4878 Fit
297 4823 547 4895 gemitus
577 4824 783 4895 populo
813 4833 994 4882 tantos
1025 4829 1213 4902 lugere
1242 4837 1502 4900 parentes

172 4916 473 4969 Amissam
501 4915 748 4970 sobolem
782 4928 889 4971 tam
921 4933 1049 4974 caro
1081 4919 1316 4995 pignore
1347 4933 1558 4994 captos.

177 5004 504 5060 Discutitur
531 5005 705 5079 regio,
739 5005 870 5072 vici,
904 5023 1151 5075 nemora,
1193 5009 1420 5080 oppida,
1453 5022 1702 5081 montes;

176 5095 476 5168 Delphica
494 5098 787 5163 scitantur,
817 5113 993 5153 vanus
1020 5099 1291 5172 rogitatur
1321 5118 1586 5174 aruspex;

163 5186 283 5244 Dis
315 5197 482 5259 rapta
507 5189 771 5244 asseritur
794 5189 1034 5261 caelique
1064 5202 1287 5264 recepta
1309 5196 1569 5261 remotis;

173 5280 458 5335 Creditur
484 5279 716 5334 obscure
735 5280 882 5352 quod
911 5287 1036 5350 post
1053 5281 1313 5338 credatur
1340 5293 1549 5355 aperte.

175 5369 289 5424 Dat
327 5375 492 5439 pater
521 5366 762 5441 effigiem
789 5369 970 5423 divam
993 5369 1101 5424 sibi
1131 5372 1368 5426 collocat
1393 5388 1548 5441 auro,

173 5464 763 5535 Contentusgenitam
795 5479 922 5519 caro
955 5481 1221 5534 pensasse
1251 5468 1500 5524 metallo.

170 5558 246 5611 At
270 5566 468 5610 mater
498 5554 806 5626 fratresque
843 5555 1055 5623 dolent,
1095 5572 1202 5612 nec
1229 5558 1439 5612 credita
1470 5561 1726 5617 credunt.

170 5649 364 5722 Virgo
400 5647 607 5701 decens
633 5647 932 5720 animoque
964 5647 1264 5720 habituque
1287 5651 1461 5706 virilis
1487 5659 1541 5707 et
1570 5659 1692 5708 actu

171 5738 382 5795 Ccrtat
403 5751 544 5807 opus
573 5736 813 5804 Domini,
845 5737 1141 5792 meditatur
1167 5738 1425 5814 dogmata
1457 5739 1674 5812 Christi,

173 5833 345 5906 Lege
378 5828 512 5903 vigil
534 5843 758 5900 supera,
786 5830 1018 5886 memori
1040 5829 1174 5888 dum
1201 5837 1387 5888 mente
1417 5834 1670 5893 recondit

1818 563 1868 626 Α
1901 553 2034 608 Bina
2059 553 2154 608 Dei
2187 553 2318 608 bino
2358 553 2462 608 sibi
2494 561 2822 608 testamenta
2847 553 2950 607 sub
2976 570 3141 609 anno.

1897 644 2007 698 Nec
2038 645 2202 699 modo
2232 646 2476 700 nescitur
2506 645 2722 710 mulier,
2748 646 3010 700 sectanda
3037 646 3274 700 virorum

1897 733 2029 797 Quis
2064 734 2175 805 agit
2205 735 2466 808 egregiis,
2498 750 2662 804 quam
2697 735 3034 806 virginitate,
3066 736 3277 806 pudore

1900 826 1959 880 ln
1987 828 2250 898 praecelsa
2281 828 2467 882 ferens
2496 828 2723 882 humilis
2753 828 2974 884 dilectio
2999 831 3205 897 ductat,

1898 919 2176 974 Laudibus
2210 921 2261 975 in
2296 920 2534 983 Domini,
2568 921 2847 991 precibus,
2883 921 3108 991 pietate,
3141 929 3446 979 vacantem.

1901 1011 1962 1062 At
1989 1008 2155 1078 prisci
2182 1007 2413 1063 comites
2444 1009 2769 1081 dignissima
2789 1017 2942 1082 gesta
2973 1018 3274 1081 sequentes

1825 1149 1828 1152 .
1909 1102 1966 1155 In
1998 1103 2217 1158 cunctis
2248 1102 2486 1157 domina}
2513 1111 2768 1178 satagunt
2796 1121 2991 1174 parere
3023 1105 3214 1160 beatae.

1908 1190 2030 1245 Haec
2053 1191 2107 1244 in
2132 1197 2258 1246 vota
2285 1191 2428 1244 datis
2447 1191 2558 1258 jam
2592 1193 2752 1246 tertia
2782 1192 3019 1247 volvitur
3046 1202 3206 1248 testas

1907 1282 2290 1353 Emeritusque
2320 1282 2425 1337 loci
2462 1290 2618 1353 pater
2647 1284 2753 1338 alta
2784 1284 2851 1338 ad
2884 1287 3110 1356 prtemia
3141 1287 3353 1354 transit,

1907 1372 2178 1444 Quodque
2207 1373 2262 1428 in
2295 1389 2356 1427 se
2388 1375 2590 1430 melius
2619 1375 2842 1431 sibimet
2865 1393 3188 1448 praeponere
3214 1381 3430 1435 cunctis

1908 1463 2245 1535 Complacet,
2286 1465 2703 1540 Eugeniumque
2736 1468 2945 1542 legunt,
2981 1470 3106 1525 licet
3149 1471 3254 1525 ima
3293 1488 3536 1544 sequen-

3312 1561 3325 1606 f

3312 1571 3318 1606 l

1906 1622 2128 1679 Nisibus
2158 1636 2212 1680 et
2251 1625 2380 1681 totis
2409 1625 2713 1701 fugientem
2747 1645 2968 1684 sumere
3002 1629 3188 1685 fastus.
3311 1571 3462 1632 Ltem'

1904 1713 2146 1770 Tandem
2179 1717 2516 1792 evangelicis
2539 1735 2739 1790 parens
2769 1720 3034 1776 instructa
3066 1722 3296 1792 profatis

1907 1804 2134 1862 Culmen
2163 1824 2336 1879 prona
2363 1809 2511 1864 subit
2541 1812 2772 1866 monitis
2802 1813 3012 1868 servire
3033 1815 3292 1879 subacta;

1907 1896 2140 1954 Subdita
2171 1898 2466 1970 praeﬁcitur
2482 1901 2641 1972 quasi
2660 1904 2879 1958 servula
2909 1905 3126 1959 tramite
3146 1904 3359 1961 Christi.

1920 1949 1932 1951 -
2034 1949 2139 1954 me
2171 1949 2454 1970 Γηημ---
2485 1949 2740 1972 Ἱππ-ν-
2764 1949 2879 1958 ._...
3149 1949 3292 1960 ...ων

1831 1949 1879 2014 Β
1909 1989 2024 2045 Νοη
2068 1991 2424 2058 dominetur;
2458 2000 2511 2048 at
2536 2002 2596 2048 ut
2634 1995 2848 2050 cunctis
2880 1996 3292 2064 inserviatuna,

1909 2077 2101 2133 Infima
2132 2081 2462 2151 praecellens
2493 2083 2694 2137 renitet
2722 2084 2968 2153 subjecta
3009 2087 3294 2156 ministris,

1910 2170 2109 2226 Ultima
2143 2171 2412 2240 subjectis
2435 2174 2604 2229 servit
2631 2175 2838 2230 servire
2873 2178 3108 2247 parat-is;

1911 2260 2130 2314 lnterna
2154 2268 2492 2333 externaque
2517 2263 2700 2318 studet
2728 2280 3050 2322 succurrere
3080 2284 3240 2336 cura;

1913 2349 2188 2405 Laudibus
2218 2352 2273 2405 in
2307 2353 2522 2408 Domini
2550 2371 2773 2425 semper
2795 2357 3078 2430 jussisque
3107 2363 3363 2430 supernis

1911 2440 2119 2515 Degere
2150 2456 2275 2495 cum
2305 2443 2476 2496 sociis
2502 2443 2651 2498 omni
2675 2445 2870 2499 virtute
2914 2445 3153 2514 laborat;

1914 2531 2120 2586 Crescit
2148 2539 2202 2586 et
2232 2532 2286 2586 in
2319 2533 2476 2588 miris
2507 2535 2694 2590 animo
2727 2537 2995 2592 mirabilis
3019 2539 3149 2592 olim

1912 2627 2203 2682 Daemonas
2248 2628 2483 2699 imperio
2507 2630 2792 2700 perturbat
2822 2632 3050 2687 sedibus
3081 2640 3268 2700 actos;

1912 2714 2147 2770 Lumina
2177 2717 2402 2788 pupillis
2427 2733 2698 2774 caecorum
2725 2720 2967 2775 infundit
2995 2723 3220 2793 apertis,

1914 2807 2075 2861 Plura
2102 2824 2308 2882 gerens
2337 2825 2572 2881 quorum
2615 2810 2724 2866 late
2752 2814 3022 2888 respergit
3044 2815 3296 2870 odorem.

1916 2899 2202 2955 Accedunt
2231 2901 2386 2955 multi
2416 2903 2568 2957 vario
2601 2903 2869 2977 languore
2900 2905 3069 2961 levari
3105 2923 3118 2959 :

1914 2993 2181 3049 Febribus
2207 3004 2328 3050 acta
2357 2995 2452 3050 diu
2485 2997 2740 3068 quaedam
2770 2998 3028 3054 Melantia
3056 3001 3232 3068 venit,

1913 3084 2044 3148 Quae
2073 3103 2200 3142 mox
2225 3087 2520 3142 incolumis
2541 3089 2774 3159 depulsa
2808 3098 2967 3160 peste
2994 3092 3253 3156 recessit;

1911 3171 2142 3229 Munera
2173 3181 2228 3229 at
2250 3175 2345 3229 illa
2375 3183 2529 3246 parat
2560 3175 2849 3231 medicinae
2880 3178 3128 3247 pendere
3155 3179 3334 3235 dono:

1916 3266 2074 3320 Mittit
2105 3267 2280 3339 gurda
2314 3268 2556 3338 scyphos
2582 3267 2774 3322 solidis
2801 3284 3047 3340 auroque
3069 3270 3335 3340 repletos.

1839 3334 1890 3402 (ἶ
1916 3334 2143 3426 Κεδρυῆ
2165 3355 2284 3409 haec
2310 3334 2525 3410 Domini
2568 3372 2817 3430 przesago
2849 3334 3073 3411 ﬂamine
3105 3334 3293 3427 plena,

1918 3446 2166 3515 chubet
2196 3445 2443 3521 indignis
2473 3446 2698 3513 tribuat,
2732 3449 3108 3504 marcentibus
3133 3451 3315 3514 addat,

1992 3539 2054 3592 At
2081 3543 2277 3592 contra
2317 3537 2470 3591 dirus
2505 3538 2874 3593 medicamina
2906 3555 3171 3611 prospera
3200 3557 3432 3614 serpens

1914 3632 2080 3687 Tetra
2106 3648 2324 3688 venena
2355 3632 2566 3704 coquit,
2598 3632 2864 3688 salvatam
2897 3650 3132 3706 corpore
3162 3643 3345 3691 mente

1921 3724 2160 3780 Perdere
2193 3724 2564 3796 praecipitans,
2596 3740 2738 3796 opus
2767 3725 3066 3782 obscurare
3090 3728 3423 3802 benignum,

1923 3817 1980 3872 ln
2014 3818 2158 3872 bona
2179 3833 2291 3873 non
2314 3825 2576 3887 reputans
2595 3816 2871 3872 Christum
2904 3819 3048 3872 mala
3065 3827 3285 3875 vertere
3315 3830 3559 3878 suetum,

1922 3908 2054 3962 Nam
2084 3916 2275 3964 sanata
2307 3907 2646 3963 salutiferam
2679 3907 2808 3962 dum
2835 3906 3031 3962 sedula
3071 3909 3220 3977 visit,

1926 3999 2210 4053 Assultans
2240 3998 2350 4054 alio
2376 3998 2588 4068 rapitur
2618 3998 2884 4070 languore
2918 3998 3140 4065 furoris,

1930 4085 2333 4161 Egregiamque
2363 4092 2526 4142 tuens
2555 4090 2787 4142 tormam
2833 4094 3020 4159 aptum
3054 4088 3230 4160 spirat
3270 4089 3554 4162 ephebum

1933 4177 2255 4246 Pellicibus,
2288 4193 2549 4251 caecoque
2576 4179 2887 4234 miserrima
2919 4180 3164 4252 carpitur
3201 4180 3330 4256 igne

1936 4269 2053 4334 Quo
2088 4268 2264 4340 pressi
2295 4268 2505 4340 plures.
2541 4268 2776 4325 Pretiosi
2809 4270 3070 4340 ponderis
3097 4269 3259 4327 offert

1931 4373 2087 4431 Dona
2117 4357 2296 4414 levem
2327 4357 2550 4428 spirans
2570 4357 2816 4414 animum
2846 4359 2949 4414 hac
2972 4359 3182 4415 vincire
3204 4367 3416 4417 catena.

1934 4454 2128 4508 Omnia
2153 4454 2241 4509 cui
2274 4470 2477 4524 supero
2509 4470 2747 4508 cernens
2775 4455 3000 4509 sordere
3031 4455 3242 4528 vigore,

1938 4549 2119 4603 Uritur
2159 4548 2287 4603 hinc
2307 4547 2529 4620 gravius
2553 4547 2820 4619 furiisque
2849 4549 3049 4622 agitata
3080 4551 3314 4607 recludit

1845 4621 1905 4692 D
1931 4638 2100 4703 Quem
2133 4636 2276 4690 male
2304 4636 2630 4706 concipiens
2660 4637 2846 4691 animo
2880 4621 3200 4694 confoveret
3229 4653 3420 4696 aestum

1931 4730 2042 4784 Nec
2072 4726 2302 4783 suﬂ‘erre
2329 4727 2522 4781 valens
2553 4735 2735 4784 tantos
2765 4729 3036 4784 secretius
3076 4731 3253 4804 ignes,

1931 4823 2128 4878 Pandit
2156 4827 2350 4892 operta
2381 4821 2507 4876 sinu
2542 4829 2754 4877 vastare
2788 4822 3046 4878 incendia
3076 4833 3287 4882 vestes:

1934 4913 2244 4969 Produntur
2270 4912 2506 4967 ﬂamma:
2530 4930 2543 4979 ;
2565 4913 2788 4982 juvenis
2819 4924 3078 4971 censetur
3120 4917 3270 4972 inani

1940 5006 2188 5080 Frugalis
2213 5005 2364 5060 cultu
2393 5004 2572 5060 macie
2592 5005 2880 5062 tabescere
2909 5023 3069 5074 vana,

1942 5101 2162 5172 Accepti
2194 5101 2414 5156 decoris
2427 5100 2735 5169 juvenilem
2766 5101 2999 5173 perdere
3023 5103 3244 5171 florem,

1940 5197 2049 5251 Ceu
2080 5195 2266 5251 tristes
2297 5196 2440 5251 Deus
2469 5196 2730 5267 accipiat,
2763 5213 2853 5252 mo
2867 5197 2938 5253 do
2963 5197 3166 5270 gaudia
3195 5200 3410 5269 charos,

1937 5290 2280 5347 Temnentes
2303 5290 2500 5344 habeat
2529 5289 2934 5346 delectamenta
2964 5309 3197 5363 perosos

1939 5381 2192 5456 Colligat,
2227 5389 2320 5434 aut
2351 5381 2634 5435 hominum
2663 5380 2998 5436 cruciatibus
3024 5383 3166 5439 altor
3191 5387 3390 5444 alatur.

1941 5471 2286 5545 lngratisque
2317 5470 2574 5525 tributori
2607 5471 2797 5527 videre
2828 5473 3064 5541 tributa;

1939 5565 2080 5630 Quin
2106 5564 2290 5618 videat
2321 5562 2621 5634 credatque
2653 5563 2760 5618 sibi
2794 5565 3086 5623 solaminis
3116 5585 3240 5625 esse

1938 5653 2262 5708 Concessam
2290 5649 2522 5716 meritis,
2557 5651 2806 5724 requiem
2837 5652 3114 5728 finemque
3148 5659 3422 5730 laborum,

1938 5745 2160 5802 Laetitia;
2185 5743 2414 5809 sociam,
2436 5743 2717 5816 rebusque
2746 5747 2974 5806 accedat
2993 5749 3231 5820 opimis:

1938 5835 2144 5912 Largiri
2172 5833 2436 5892 Dominus
2466 5848 2632 5906 quam
2669 5843 2725 5892 et
2753 5851 2889 5909 Opes
2931 5849 2988 5896 et
3024 5843 3256 5916 sanguis
3293 5843 3562 5902 adornet:
