3890 6410
134 339 238 395 681
780 343 864 398 DE
905 343 1160 399 CHRISTI
1200 342 1562 400 TRIUMPIIIS
1601 339 1774 396 APUD
1817 337 2083 400 ITALIAM
2121 345 2298 405 LIBRI
2339 351 2472 410 XIV.
2513 384 2584 397 -
2623 357 2752 416 LIB.
2794 359 2853 416 V.

128 460 370 530 Fraude,
400 462 587 519 viros:
616 465 881 520 simulans
909 467 1109 533 socios,
1143 475 1437 524 comuntur
1458 467 1619 524 ovina

129 548 284 605 Pelle
309 550 447 622 lupi,
472 554 756 626 celerique
786 555 914 612 dato
936 557 1227 612 conamine
1260 557 1458 624 fructu,

127 640 234 706 Qui
263 644 484 700 veniant
515 647 786 717 pandunt,
812 650 1074 720 precibus
1103 651 1354 722 votisque
1374 656 1654 706 vacantem

124 732 453 792 Percutiunt
478 737 695 794 Patrem
724 741 957 815 vestigia
977 741 1100 796 diva
1121 749 1472 813 sequentem.

122 826 194 881 At
225 829 466 899 populus
496 832 722 888 monitis
751 839 1012 902 structus,
1045 834 1339 890 virtutibus
1365 843 1578 899 auctus,

121 915 229 981 Qui
256 934 356 990 per
383 935 513 977 eum
530 922 695 978 caecis
725 921 902 978 visum
926 923 1206 996 larvisque
1228 923 1506 993 repulsam

117 1007 350 1067 Viderat
381 1012 595 1080 inferri,
626 1015 850 1090 stringit
869 1017 1144 1088 traditque
1177 1018 1418 1072 latrones

117 1099 349 1156 Latroni
379 1104 663 1176 :geritille
689 1121 820 1161 suos
845 1107 1164 1162 sinuamine
1190 1123 1392 1171 mores,

121 1192 302 1266 thue
332 1212 459 1253 reos
488 1199 658 1270 capit,
679 1208 740 1256 ut
769 1209 956 1273 gratos
987 1202 1216 1258 dimittit
1236 1204 1464 1260 amicos.

113 1283 376 1359 Martyris
404 1304 530 1344 ossa
560 1293 957 1348 monasterium
993 1294 1145 1366 quod
1173 1295 1324 1365 virgo
1359 1306 1578 1366 pararat

115 1372 259 1429 Filia
273 1375 586 1450 virginibus
613 1381 829 1452 recipit,
853 1399 963 1454 quo
995 1382 1220 1439 Claudia
1249 1391 1424 1440 mater

112 1467 466 1540 Pauperibus
495 1473 766 1548 fessisque
795 1478 884 1532 via
909 1478 1000 1550 pia
1027 1479 1248 1535 domata
1271 1479 1484 1547 condit,

115 1561 334 1619 Praedia
373 1565 614 1639 delegat,
639 1569 824 1641 dignis
846 1587 935 1626 res
965 1573 1160 1628 usibus
1187 1581 1356 1644 aptat.

115 1651 211 1707 llis
242 1653 317 1708 ita
347 1654 658 1726 dispositis,
700 1659 925 1715 Romam
943 1661 1146 1716 natalia
1167 1679 1340 1736 regna

113 1739 249 1796 Cum
281 1745 464 1816 gnatis
492 1748 700 1818 repetit
724 1750 951 1806 robusta
979 1758 1035 1807 et
1061 1752 1276 1826 virgine
1299 1762 1482 1826 gnata.

112 1833 366 1892 Praefecti
391 1840 612 1912 genitos
637 1843 786 1914 capit
814 1845 1191 1916 applaudente
1221 1855 1446 1902 senatus

119 1926 353 1993 Laetitia,
389 1930 556 1988 claris
577 1941 632 1988 et
658 1934 964 1992 honoribus
989 1936 1368 1994 afﬁcitauctos
1402 1957 1417 2004 ;

115 2016 442 2074 Candidulis
465 2035 664 2078 ornare
694 2021 793 2078 Dei
822 2025 912 2081 hic
939 2041 1163 2098 quoque
1191 2026 1424 2083 ﬂoribus
1444 2028 1624 2084 aulam

116 2104 374 2178 Undique
395 2109 642 2164 collectis
672 2127 784 2167 non
815 2121 992 2170 cessat
1013 2114 1167 2190 virgo
1189 2115 1381 2181 virilis,

109 2193 368 2268 Dumque
395 2199 529 2254 serit
555 2200 748 2256 nitidis
777 2203 1071 2258 candentia
1101 2204 1216 2260 lilia
1245 2208 1427 2275 sertis,

108 2287 400 2364 Sanguine
430 2294 601 2366 regali
634 2295 848 2351 accedit
877 2297 1105 2354 Bassilla
1131 2301 1418 2369 renidens,

107 2380 242 2445 Quae
268 2381 478 2440 fructus
511 2403 764 2458 respersa
795 2389 885 2460 pie
899 2389 1194 2465 fragrantis
1221 2394 1392 2449 odore

109 2472 244 2528 Tam
263 2474 443 2531 dulcis
464 2478 586 2533 visu
615 2479 830 2536 decoris
856 2481 1088 2558 ﬂagrare
1112 2484 1274 2541 beato

119 2560 305 2634 Carpit
335 2582 350 2631 ;
383 2571 439 2621 at
468 2567 918 2625 obsistitdiversa
948 2571 1219 2642 professio
1252 2572 1450 2630 Christi
1479 2593 1494 2641 ;

111 2650 225 2706 Sed
255 2662 412 2723 rogat
436 2653 648 2711 institui
680 2657 830 2712 cultu
856 2667 964 2714 tam
987 2676 1152 2716 suave
1184 2661 1430 2719 reﬂantis

113 2743 384 2812 Nectaris,
409 2747 620 2803 allectis
643 2747 1164 2821 intercurrentibus,
1199 2769 1355 2811 orsos

112 2832 359 2890 Mascula
384 2835 570 2912 virgos
601 2839 794 2894 hilaris
832 2848 1083 2897 votorum
1113 2861 1346 2902 munere
1379 2853 1557 2918 notos,

110 2923 324 2980 Aﬁ‘atur
348 2928 602 2997 comites,
634 2931 848 3005 accingi
879 2933 946 2988 ad
978 2935 1099 3003 iura
1130 2936 1300 2991 duelli

108 3020 334 3076 Mandat
361 3022 688 3093 honoriferi,
719 3028 970 3084 condicta
1004 3031 1070 3084 ad
1103 3033 1294 3087 munia
1334 3035 1498 3091 tradit

113 3112 397 3170 Praeclara;
428 3116 546 3172 haec
574 3119 808 3175 Domino
848 3121 1044 3178 dandae
1073 3140 1170 3194 per
1199 3125 1344 3180 dona
1368 3129 1587 3198 puellae.

112 3204 362 3276 Suscipit
391 3206 485 3262 illa
505 3208 655 3263 velut
685 3209 940 3279 famulos,
966 3221 1260 3270 veneratur
1286 3223 1344 3271 ut
1361 3217 1453 3272 alti

113 3295 354 3371 Legatos
379 3299 599 3355 Domini
628 3316 751 3356 cum
783 3303 942 3374 queis
968 3305 1036 3359 ad
1069 3321 1225 3362 sacra
1253 3309 1498 3379 supremi

111 3387 284 3442 Nocte
317 3387 518 3460 dieque
533 3405 735 3444 vacans
766 3393 945 3448 cultus
973 3403 1200 3450 ornatur
1229 3397 1421 3453 herilis

113 3475 461 3531 Culminibus
489 3479 725 3547 decoris,
755 3488 1056 3555 sanctoque
1091 3485 1158 3538 ad
1189 3493 1376 3541 sancta
1403 3493 1597 3545 vocato

114 3565 406 3622 Perficitur
435 3583 578 3639 papa
609 3570 845 3643 divaque
873 3574 1181 3629 renascitur
1211 3571 1368 3632 ‘unda
1401 3595 1416 3644 ;

118 3655 255 3710 Lilia
282 3664 498 3712 secreto
532 3658 646 3727 jam
675 3661 877 3730 saepius
915 3663 1038 3717 alba
1070 3665 1336 3740 jugantur
1369 3685 1381 3721 :

113 3747 376 3824 Jungitur
405 3743 662 3822 Eugenia:
689 3753 920 3822 pulchro
943 3755 1166 3812 Bassilla
1196 3758 1419 3825 decore,

112 3839 340 3895 Eterno
372 3840 555 3910 potius
586 3843 851 3913 splendor
889 3847 1102 3903 radiare
1143 3849 1344 3919 nitore,

112 3928 474 4005 Virgineique
506 3932 658 3986 chori
685 3933 849 3988 celsze
879 3951 1250 4007 apprOperare
1272 3941 1548 4014 magistrae

107 4021 194 4076 Fit
225 4022 360 4077 clari
390 4029 564 4078 coetus
592 4024 831 4092 decoris,
863 4026 1158 4102 fragrantia
1188 4029 1295 4087 late

111 4111 424 4186 Spargitur,
457 4121 622 4184 atque
643 4115 753 4186 poli
785 4117 1047 4186 praecelsa
1078 4120 1280 4189 palatia
1304 4121 1502 4192 replet,

111 4203 273 4258 Unde
293 4204 508 4260 micans
535 4205 676 4260 lucis
705 4207 868 4262 rutilo
900 4207 1112 4284 fulgore
1139 4221 1410 4279 coruscat,

110 4294 323 4350 Emicat
346 4296 490 4350 alma
530 4297 731 4352 ducum
763 4307 1060 4370 penetrans
1088 4301 1304 4359 interna
1343 4305 1597 4378 duorum,

106 4388 292 4458 Atque
324 4393 564 4443 atternus
591 4389 770 4446 honos
795 4399 1005 4448 aeterno
1039 4394 1243 4450 lumine
1272 4397 1452 4471 gliscit
1480 4417 1494 4466 ;

103 4476 370 4531 Alterutri
394 4478 616 4532 comitis
647 4477 705 4534 fit
731 4481 980 4551 proxima
1009 4489 1138 4537 nota
1168 4500 1392 4541 corona.

103 4569 332 4623 Interea
358 4568 618 4641 Eugeniae
645 4570 802 4627 lactis
831 4573 960 4628 dum
995 4589 1119 4629 rore
1157 4576 1407 4648 rigantur

104 4658 358 4713 lllustres
381 4659 606 4733 genitae,
639 4661 820 4717 mellis
854 4663 1079 4719 Bassilla
1102 4665 1316 4722 cibatur

104 4746 342 4802 Nectare
372 4748 625 4818 depacto.
653 4749 963 4807 Produntur
985 4762 1140 4827 gesta
1173 4756 1348 4812 sodali

102 4835 398 4905 Pompeio,
430 4837 548 4908 qui,
572 4836 809 4894 sollicita
837 4840 968 4895 dum
993 4849 1176 4898 mente
1209 4845 1440 4916 requirit

101 4926 348 5001 Virginis
366 4927 691 5000 alloquium,
727 4930 787 4986 fit
817 4934 1070 4990 onustior
1099 4951 1194 4991 ore
1219 4943 1415 5010 negato

106 5021 365 5077 Pondere
396 5021 648 5092 fervoris,
681 5041 943 5098 caecoque
968 5028 1289 5086 incenditur
1317 5031 1446 5104 igne
1480 5050 1494 5088 :

104 5112 332 5168 Fatibus
361 5115 593 5170 eximias
621 5125 814 5190 gregat
835 5119 1147 5194 allegatque
1180 5121 1414 5193 puellas,

106 5205 239 5270 Quae
269 5206 432 5261 simul
467 5207 687 5265 ambitu;
717 5210 1001 5267 debellent
1031 5220 1253 5284 pectora
1285 5223 1457 5286 pactas
1488 5236 1502 5285 ;

107 5294 227 5360 Illa,
256 5295 408 5351 velut
433 5297 599 5352 turris
629 5301 904 5355 constanti
942 5302 1138 5358 robore
1164 5310 1302 5371 tuta,

104 5387 332 5459 Spicula
359 5390 532 5446 missa
563 5393 686 5447 terit
717 5395 884 5450 nullis
915 5412 1135 5453 cessura
1167 5401 1441 5469 pharetris
1473 5419 1488 5469 ;

107 5479 248 5544 Quin
281 5481 430 5552 capit
459 5483 709 5553 hostiles,
744 5487 1056 5560 placatque,
1082 5491 1366 5563 adigitque
1398 5503 1666 5551 catervas.

107 5571 262 5639 Quae,
293 5573 462 5628 simul
501 5591 736 5646 aspersa:
768 5579 878 5634 divi
911 5581 1204 5637 dulcedine
1235 5585 1396 5653 roris,

109 5663 437 5720 Desciscunt
455 5667 623 5721 armis
649 5680 812 5741 atque
841 5671 1092 5743 improba
1124 5675 1266 5730 bella
1290 5677 1597 5747 remittunt,

109 5751 518 5828 Barbaricoque
550 5755 678 5812 duci
698 5759 906 5816 servire
932 5761 1002 5816 ad
1030 5761 1222 5821 frivola
1248 5770 1522 5823 temnunt.

449 5915 729 5981 PATROL.
779 5919 1106 5985 CXXXV.

1721 524 1724 526 γ
1787 465 1840 534 Α
1867 463 2098 522 Tollitur
2122 469 2177 524 in
2209 471 2361 528 diros
2382 475 2605 544 juvenis
2644 496 2874 538 rancore
2905 482 3142 554 furores,

1867 556 1977 613 Nec
2010 559 2434 640 pigetAugustis
2465 568 2694 626 miseras
2725 573 2938 644 plorare
2969 581 3266 649 querelas;

1867 650 2116 710 Cernitur
2144 665 2237 712 aut
2258 676 2523 730 sponsum
2554 667 2777 722 tandem
2819 670 3049 729 Bassilla
3075 688 3336 744 resumat,

1862 740 1966 836 {tot
1990 744 2243 836 jugulum
2276 765 2550 820 spernens
2581 755 3059 830 legumdependat
3091 764 3290 824 honori

1862 827 2158 900 Eugenium
2187 835 2272 890 vel
2305 839 2628 898 numinibus
2644 827 2809 902 sacra
2838 827 3088 920 pandere
3108 854 3304 925 jussis,

1859 918 1954 974 Vel
1983 923 2164 999 subigi
2195 930 2375 998 poenis
2401 939 2456 987 et
2492 937 2664 991 atroci
2692 918 2869 998 morte
2897 943 3103 1013 perire.

1929 1011 2150 1070 Diversa
2179 1029 2474 1094 assurgunt
2503 1033 2794 1084 ventorum
2817 1011 3040 1090 flamina
3073 1039 3212 1094 turri

1845 1097 2102 1156 Robusto
2132 1103 2333 1163 innixa:
2365 1109 2534 1182 lapidi
2565 1128 2582 1181 ;
2617 1115 2843 1173 Bassilla
2881 1122 3089 1180 relictis

1858 1187 2123 1246 Suasibus
2151 1197 2452 1266 appetitur,
2486 1200 2716 1259 diversae
2749 1207 3118 1282 conditiones,

1855 1276 2079 1348 Aitates,
2113 1298 2298 1352 sexus,
2329 1287 2479 1343 varia
2511 1289 2875 1352 instrumenta
2913 1299 3188 1372 laborum,

1855 1367 2104 1427 Machina
2136 1375 2288 1432 nulla
2317 1379 2498 1447 valet;
2535 1382 2747 1441 Christo
2774 1388 2890 1444 haec
2919 1390 3103 1450 eﬂ'ulta
3129 1367 3336 1457 resistit

1854 1460 2087 1521 Immoto
2111 1470 2324 1525 cunctis
2348 1473 2554 1543 animo,
2588 1495 2967 1558 sponsumque
2998 1505 3103 1545 nec
3130 1508 3262 1549 aure

1852 1554 1914 1609 Ni
1945 1556 2215 1616 Christum
2239 1564 2498 1636 admittit,
2533 1572 2620 1626 cui
2651 1554 3011 1645 pectora-ﬁda
3033 1594 3294 1654 reservat,

1849 1650 1945 1706 Ast
1983 1653 2076 1706 ubi
2109 1661 2186 1710 tot
2208 1657 2413 1715 nimbis
2437 1661 2747 1729 jaculorum
2787 1670 2990 1729 invicta
3018 1650 3301 1746 probatur,

1849 1740 2064 1800 Furtivo
2082 1750 2358 1818 appetitur
2385 1753 2514 1809 dum
2543 1757 2634 1812 lux
2672 1762 2872 1819 natalis
2898 1740 3150 1839 apertum

1767 1834 1821 1902 Β
1843 1830 2091 1936 Decutiat
2111 1833 2338 1908 ferrum,
2371 1840 2538 1914 inque
2557 1846 2859 1907 domestica
2888 1830 3044 1927 septa
3063 1860 3397 1936 triumphum

1847 1921 1990 1979 Ense
2022 1926 2188 1997 capit,
2211 1937 2481 2005 terraeque
2515 1937 2641 2008 polo
2682 1921 2966 2012 permittat
2997 1921 3290 2024 honorem,

1795 2052 1800 2055 -
1845 2016 1964 2119 th‘tox
1994 2020 2169 2078 sancti
2196 2026 2425 2084 comites
2447 2030 2628 2104 dignas
2659 2037 2754 2107 pia
2779 2039 2925 2097 dona
2953 2047 3230 2119 magistrae

1846 2104 2168 2178 Captantur,
2200 2114 2441 2174 dominae
2470 2104 2753 2180 velluntur
2765 2129 2996 2203 pignere
3024 2104 3217 2193 mactas

1935 2199 2196 2272 deSpecta
2215 2207 2282 2260 ad
2312 2207 2437 2266 fana
2465 2212 2732 2287 Jovisque
2759 2197 3050 2280 trahuntur
3069 2227 3137 2281 ad
3178 2245 3320 2289 aras.

2007 2291 2122 2363 regi
2152 2307 2353 2364 supero
2387 2299 2516 2354 dum
2557 2283 2682 2360 vota
2712 2311 2960 2378 patentia
2980 2313 3167 2389 legant

1841 2372 2067 2471 Labitur
2103 2391 2231 2436 ante
2263 2386 2434 2454 pedes
2463 2397 2617 2447 actus
2642 2372 2843 2452 virtute
2869 2372 3111 2471 superna

1841 2461 1939 2525 Qui
1969 2465 2108 2520 deus
2137 2471 2279 2525 orari
2311 2474 2455 2530 cultu
2479 2483 2774 2538 mandatur
2803 2461 3017 2559 iniquo,

1846 2554 2086 2613 Solvitur
2114 2560 2170 2615 in
2211 2562 2398 2621 cinere
2429 2569 2722 2646 pulvisque
2751 2554 3020 2648 probatur
3043 2582 3246 2643 inanis.

1847 2648 2022 2707 Corde
2052 2655 2156 2709 sub
2186 2657 2425 2718 obscuro
2453 2663 2693 2723 Nicetius
2722 2672 2931 2730 artibus
2961 2676 3107 2733 istud

1846 2741 2080 2813 Deputat
2110 2749 2392 2819 athraciis,
2434 2756 2782 2833 victoresque
2815 2780 2947 2822 ense
2977 2769 3184 2828 recisos

1847 2835 2035 2912 Regna
2067 2842 2471 2916 triumphantes
2501 2851 2570 2906 ab
2610 2871 2788 2928 agone
2815 2859 2880 2914 ad
2911 2863 3104 2920 coelica
3133 2867 3321 2926 mittit.

2082 2935 2217 3031 petit
2249 2937 2542 3010 Eugeniam
2575 2944 2904 3021 religatque,
2938 2953 3203 3031 efﬂagitat
3230 2968 3377 3020 artes

1849 3016 2186 3078 Christicolae
2218 3027 2417 3097 quibus
2445 3031 2612 3088 innisi
2643 3016 3026 3112 magicanique
3047 3016 3283 3117 revelet;

1849 3109 1944 3165 illa
1972 3112 2069 3168 Dei
2098 3118 2296 3172 summi
2331 3124 2608 3190 praeconia
2629 3109 2858 3197 mystica
2888 3109 3092 3202 libans,

1776 3183 1827 3254 C
1847 3207 2112 3267 Praedicat
2141 3214 2261 3271 haec
2290 3183 2636 3276 zoroastraais
2667 3183 2882 3294 potiora
2904 3183 3118 3302 figuris.

1839 3302 2004 3368 Queis
2030 3308 2283 3378 stupidus
2312 3322 2668 3386 mentemque
2691 3319 2848 3394 nigra
2889 3323 3124 3402 caligine
3155 3335 3351 3403 tectus,

1840 3391 1990 3448 Hanc
2019 3395 2313 3465 praefectus
2347 3399 2434 3472 agi
2463 3401 2556 3457 dat
2584 3391 2886 3464 Venatricis
2913 3412 2981 3466 ad
2995 3391 3158 3473 aram

1838 3479 2229 3555 Truncarique.
2264 3487 2385 3542 deas
2414 3489 2501 3544 vel
2529 3491 2844 3552 sacriﬁcare
2874 3498 3080 3570 Dianae,

1841 3571 1937 3626 Illa
1967 3590 2158 3645 preces
2185 3577 2325 3634 coelo
2365 3579 2493 3635 dum
2519 3581 2708 3657 dirigit
2731 3593 2858 3642 ante
2891 3594 3152 3652 sacellum

1842 3664 2066 3720 Delubri
2095 3669 2278 3724 tremit
2307 3669 2416 3724 ima
2448 3672 2672 3729 vibrans
2712 3676 3034 3739 fundamina
3065 3687 3248 3746 tellus.

1844 3755 1956 3811 Nec
1983 3759 2191 3829 gentile
2220 3776 2434 3817 sacrum
2464 3768 2796 3824 venerandm
2828 3771 2896 3826 ad
2926 3776 3093 3832 verba
3131 3782 3331 3850 puellae

1842 3845 1994 3903 Stare
2027 3849 2232 3917 valens,
2265 3853 2562 3922 splendore
2595 3856 3078 3922 velutdissolvitur
3103 3845 3319 3946 umbra,

1846 3931 2240 4009 Cyclopeaeque
2273 3949 2437 3996 ruunt
2462 3941 2682 4001 fabricae
2713 3949 2867 4019 quasi
2882 3951 2998 4007 sole
3027 3954 3242 4014 favillae.

1842 4027 2118 4084 Acclamat
2146 4031 2382 4103 populus
2411 4043 2653 4092 sanctam
2686 4056 2701 4106 ;
2733 4056 2862 4110 pars
2891 4047 3128 4118 nequior
3157 4062 3329 4110 atram

1834 4116 2087 4175 Infremit
2116 4135 2240 4176 esse
2272 4139 2485 4197 magam
2519 4143 2532 4179 :
2565 4143 2696 4184 saxo
2718 4129 2798 4187 sic
2827 4116 3216 4205 collaiubetur

1834 4212 2029 4269 Pressa
2059 4214 2175 4270 dari
2208 4215 2398 4274 ﬂuvio.
2427 4220 2533 4276 Sed
2559 4237 2669 4278 non
2701 4224 3020 4303 immergier
3048 4236 3214 4292 undis

1835 4304 2208 4380 Terrestrique
2238 4309 2381 4366 valet
2399 4313 2638 4370 caelestis
2659 4318 2906 4388 pondere
2941 4323 3104 4380 subdi
3133 4345 3146 4381 :

1838 4393 2077 4451 Solvitur
2102 4403 2156 4452 at
2186 4414 2389 4470 supera
2417 4419 2722 4476 saxumque
2751 4409 3004 4466 avellitur
3032 4413 3139 4470 alta

1838 4481 1898 4537 Vi
1927 4483 2223 4542 Salvatoris
2253 4507 2268 4541 :
2304 4491 2509 4561 regitur
2538 4495 2805 4550 secretius
2833 4505 2997 4570 atque

1842 4575 2069 4650 Navigio
2102 4578 2292 4633 victrix
2318 4582 2499 4654 agitur
2525 4599 2692 4655 super
2717 4603 2942 4659 aequora
2970 4593 3097 4652 divo
3132 4615 3146 4665 ;

1843 4665 2087 4739 Quasque
2117 4685 2312 4725 manus
2342 4672 2562 4729 Petrum
2596 4679 2874 4746 quondam
2928 4700 3030 4755 per
3069 4690 3274 4748 caerula
3301 4697 3459 4766 rexit,

1842 4756 2143 4832 Eugenium
2175 4761 2367 4832 rapido
2399 4763 2571 4820 latent
2600 4781 2672 4821 ne
2703 4770 2920 4844 gurgite
2951 4776 3116 4831 vexit.

1843 4849 2126 4905 Clauditur
2148 4852 2337 4926 ignitis
2365 4855 2519 4928 virgo
2547 4856 2906 4918 invictissima
2923 4864 3153 4924 thermis
3180 4887 3195 4939 ;

1837 4937 1944 4993 Sed
1978 4937 2199 5014 fugiunt
2227 4940 2484 5012 ﬂammae,
2518 4955 2748 5003 cunctus
2775 4950 3093 5029 dejungitur
3116 4937 3316 5029 ardor;

1837 5027 2199 5102 Admissaque
2217 5033 2394 5108 magis
2420 5034 2676 5093 fornaces
2703 5039 2916 5115 virgine
2939 5027 3142 5119 frigent

1839 5119 2007 5185 Quam
2035 5121 2259 5179 nivibus
2287 5124 2442 5196 lapso
2470 5128 2667 5184 arctois
2695 5131 2741 5184 si
2764 5131 2996 5190 ﬂumine
3017 5153 3242 5208 pressat.

1840 5215 2065 5288 Ignibus
2097 5219 2406 5292 absumptis
2434 5223 2837 5298 debellatisque
2860 5230 3113 5303 caminis,

1840 5305 2056 5379 Accipit
2083 5309 2345 5366 immunis
2374 5315 2667 5371 tenebrosa
2688 5319 2964 5390 ergastula
2991 5322 3204 5384 victrix.

1842 5403 2072 5459 Lumine
2113 5403 2354 5459 discluso
2386 5407 2573 5462 multis
2601 5425 2836 5483 escaque
2865 5413 3064 5472 diebus
3097 5436 3110 5473 :

1843 5496 1905 5550 At
1935 5502 2146 5565 pactam
2189 5495 2406 5552 interno
2436 5500 2674 5571 coalique
2699 5503 2881 5560 nitore
2907 5507 3204 5568 micantem

1845 5583 1996 5639 Haud
2027 5585 2158 5639 sinit
2179 5583 2420 5640 externis
2447 5603 2689 5658 sponsus
2717 5593 2932 5652 latitare
2964 5601 3233 5670 tenebris,

1843 5676 2089 5732 Luminis
2118 5678 2320 5733 emisso
2363 5677 2618 5738 refovens
2644 5686 2886 5744 coalestis
2905 5707 3125 5750 amomo
3163 5714 3178 5764 ;

1843 5769 2110 5841 lluncque
2140 5770 2284 5828 diem
2311 5778 2512 5843 praeter
2539 5774 2633 5831 lux
2663 5778 2834 5838 altera
2865 5783 3103 5844 mittitur
3131 5789 3304 5859 orbis,

3063 5947 3148 6013 22

1753 4537 1814 4607 D
