3890 6404
393 337 500 394 683
1158 330 1527 387 FLODOARDI
1567 331 1876 389 CANONICI
1918 332 2252 390 REMENSIS
2291 333 2628 389 OPUSCULA
2667 332 2978 389 METRICA.
3650 334 3764 390 684

395 465 586 521 Visitat
623 468 679 518 et
717 461 880 516 ﬁdam
911 460 1158 516 Christus
1184 460 1392 516 solatur
1410 461 1663 528 amicam,
2049 471 2092 532 Α
2122 462 2449 534 lmperitans
2471 461 2712 534 gaudere
2738 461 2899 515 simul
2928 461 3223 533 proditque
3251 468 3530 532 receptam

393 559 766 628 Ethcreoque
793 555 1213 611 cibatdilectam
1258 571 1398 627 pane
1429 555 1714 622 clientem,
2121 554 2279 609 Lucis
2305 570 2365 608 se
2395 553 2668 618 thalamis,
2701 562 3016 608 sanctorum
3040 559 3193 624 patre
3219 559 3446 608 senatus

396 651 626 721 Quoque
656 647 760 702 sibi
793 645 968 701 societ
996 645 1232 700 thalamo
1254 660 1422 714 super
1450 653 1594 700 astra
1621 645 1828 702 revelat
2122 643 2360 696 Sedibus
2392 641 2653 713 applicito
2681 640 2900 712 superis
2927 641 3182 711 apicique
3207 641 3439 708 perenni
3479 657 3493 704 ;

397 745 746 817 lnstituitque
786 743 931 798 diem
958 758 1066 813 qua
1096 741 1258 796 terris
1293 741 1476 796 editus
1507 741 1638 797 olim
2121 734 2538 807 Designansque
2569 733 2715 788 diem
2739 749 2848 804 qua
2877 731 2948 786 sit
2977 732 3212 802 petitura
3242 733 3495 802 polorum

393 837 616 911 Virgine
645 835 897 908 virginea
920 833 1072 887 venit
1100 831 1342 907 gaudere
1371 833 1586 888 marita.
2121 822 2259 877 Pace
2293 822 2402 892 pia,
2437 821 2661 876 mandat
2691 821 2860 876 decus
2885 835 3166 874 asservare
3196 835 3494 890 supernum

397 909 620 981 Fatibus
647 921 888 978 immotis
911 927 1017 976 stat
1044 920 1370 990 pollicitatio
1397 921 1546 994 regis
1575 938 1590 986 ;
2123 911 2430 966 Aclmoneat
2458 910 2652 965 fratres
2681 925 2822 982 quos
2850 911 3024 982 possit
3048 909 3255 964 habere
3277 909 3518 964 sodales.

399 1019 740 1086 Decretaque
767 1013 858 1069 die
879 1014 1036 1084 jusso
1065 1027 1331 1068 mucrone
1351 1012 1574 1067 satelles
2127 1004 2237 1058 Lux
2268 1003 2514 1058 moni‘us
2539 1003 2798 1058 comitata
2821 1003 2987 1058 micat
3014 1001 3317 1073 splendore
3347 1001 3593 1056 caducos

399 1109 666 1166 Horridus
693 1113 1048 1178 approperat,
1083 1105 1338 1178 ferroque
1365 1106 1434 1160 ad
1467 1121 1636 1179 regna
1677 1105 1879 1176 puellae
2127 1098 2475 1168 Exsuperans
2501 1097 2787 1168 nimioque
2827 1097 3100 1151 hebetans
3129 1096 3434 1151 vihramine
3465 1095 3646 1150 visus.

397 1209 592 1264 Pandit
619 1208 724 1261 iter
756 1221 772 1272 ;
803 1203 1004 1260 coelum
1038 1203 1130 1258 illa
1161 1203 1298 1274 petit
1325 1202 1696 1278 gaudentibus
1719 1202 1858 1257 aula:
2129 1186 2399 1242 C(BliCOliB
2427 1203 2549 1242 cum
2575 1188 2696 1242 luce
2728 1187 2840 1243 Deo
2869 1187 3246 1243 modulamina
3285 1185 3430 1241 ferre

397 1299 696 1373 spiritibus
713 1312 948 1368 supera,
984 1311 1094 1367 qua
1121 1296 1289 1350 missa
1316 1295 1408 1350 die
1439 1311 1596 1350 mera
1627 1302 1784 1350 ιρι-ηε
2130 1280 2366 1334 Vocibus
2397 1279 2566 1334 auditi
2589 1280 2824 1346 melicis,
2855 1296 2960 1335 nec
2989 1280 3058 1334 ab
3089 1296 3187 1335 ore
3219 1279 3464 1373 ferendis

400 1366 510 1444 Lux
541 1397 696 1444 ortus
712 1366 1016 1458 splendore
1039 1384 1123 1439 sui
1158 1383 1523 1455 psallentibus
1573 1383 1758 1465 aethrae
2126 1368 2363 1465 moria-li,
2397 1367 2642 1465 Clitistus
2667 1374 2990 1465 tantquUe
3017 1373 3071 1465 et
3093 1366 3332 1465 Spiritus
3358 1366 3540 1465 almus

399 1481 725 1556 Agminibns
742 1494 976 1533 summie
1009 1477 1248 1548 divoque
1281 1475 1521 1548 aspersit
1549 1459 1781 1532 honore.

2128 1460 2423 1531 Accipitur.
2457 1460 2729 1535 Regressa
2753 1460 2977 1515 domum
3011 1461 3106 1514 dat
3126 1459 3353 1514 Claudia
3377 1461 3566 1532 gnatis

397 1553 635 1654 Virginis
667 1574 876 1651 egregii
911 1574 1122 1628 thecam
1160 1587 1394 1643 rapuere
1416 1571 1740 1643 prepinqui,
2127 1553 2387 1654 5.9mm?
2417 1554 2645 1609 fratrum
2678 1555 2926 1654 0031-0598
2947 1555 3103 1654 iussa
3131 1555 3362 1654 εοΓοῐςξε,

398 1646 520 1722 Nec
536 1646 731 1737 procui
753 1646 891 1719 urbe
919 1662 1008 1717 via
1037 1661 1262 1732 proprie
1286 1676 1522 1732 posuere
1555 1659 1744 1714 Latina
2127 1647 2303 1717 Atque
2331 1646 2419 1701 die
2441 1654 2661 1702 ostensa
2692 1648 2834 1702 cmlo
2865 1647 3096 1701 fruitura
3127 1647 3356 1703 recedit.

398 1760 614 1832 Cespite
645 1763 960 1814 sanctorum
991 1754 1180 1810 multis
1207 1769 1317 1826 quo
1349 1753 1509 1808 busta
1541 1759 1778 1824 pararat.
2128 1738 2299 1832 Quam
2327 1738 2744 1832 genilmggen’ili
2776 1738 3073 1832 associant,
3107 1737 3288 1813 legata
3317 1737 3518 1832 fideles

401 1827 563 1925 eujas
602 1852 672 1908 ad
703 1849 995 1922 exsequias
1024 1849 1176 1944 luget
1201 1846 1331 1944 dum
1361 1845 1587 1944 Claudia
1606 1855 1810 1944 Ineter,
2055 1878 2101 1944 η
2125 1827 2295 1944 ftis:
2308 1828 2508 1944 ξξξξιιιξξ
2527 1829 2795 1944 (ξίεξιίίιυθ
2825 1829 3337 1944 ρίξιοτυηξΙ-Τυξείτέ
3357 1830 3596 1944 vivunt;

399 1919 569 1999 Gn'ata
610 1941 715 2013 piis
740 1919 996 1995 comitata
1016 1919 1199 1992 choris
1226 1935 1498 1990 solamina
1529 1934 1706 1990 defert
1731 1953 1745 2002 ;
2055 1919 2101 1944 υ
2128 1919 2414 2013 [metaque
2444 1927 2711 2013 011"“le
2729 1921 3018 2013 acquirere
3049 1919 3448 2013 di‘ia_ChriSl°,

399 2008 660 2090 Vestibus
693 2040 748 2087 et
784 2029 950 2086 rutilo
980 2027 1185 2083 auratis
1216 2043 1340 2099 quae
1371 2034 1592 2097 compta
1618 2025 1798 2080 nitore
2127 2008 2334 2064 Damna
2361 2016 2554 2081 Ρθτδῐη
2595 2009 2794 2078 Erebo.
2825 2011 3158 2066 denSiSSima
3188 2010 3378 2068 ῖοηονε
3407 2012 3558 2067 (τίὲιο

400 2131 669 2186 Laetitiam
699 2125 860 2183 matri
882 2137 1254 2196 mansuraque
1286 2120 1489 2198 gaudia
1514 2128 1695 2193 portat
1723 2139 1738 2188 ;

1909 2220 2118 2278 CAPUT
2159 2223 2248 2278 ΙΙΙ.

1564 2353 1642 2412 De
1668 2354 1894 2412 sanctis
1927 2351 2165 2426 Buff-ina
2206 2360 2257 2409 et
2296 2351 2591 2412 Secunda.

405 2526 680 2584 Rufﬁnam
708 2524 812 2580 hoc
839 2523 991 2579 bello
1022 2521 1273 2593 capimus
1301 2517 1941 2592 pariterqueSecundam
2135 2517 2404 2580 Quaesitor
2434 2536 2446 2572 :
2484 2540 2509 2571 α
2544 2519 2707 2575 Pares
2727 2520 2974 2577 insanior
3004 2538 3128 2580 esse
3158 2539 3370 2580 sorore.
3407 2546 3432 2575 ι)

405 2622 594 2696 Regna
619 2619 912 2675 hominum
940 2615 1138 2671 vicisse
1169 2614 1245 2686 pii
1267 2612 1481 2686 fulgore
1503 2611 1791 2681 triumphi,
2135 2608 2232 2663 Illa
2267 2627 2279 2662 :
2318 2630 2340 2661 α
2373 2611 2481 2666 Nec
2512 2613 2706 2666 insana
2726 2619 2810 2668 est
2840 2629 3018 2680 soror,
3043 2615 3190 2669 haud
3223 2616 3470 2672 insanior
3500 2617 3658 2688 ipsa;

403 2713 720 2781 Desponsos
751 2724 982 2781 quarum
1013 2706 1206 2762 cuneis
1229 2703 1540 2758 desciscere
1571 2701 1770 2756 Christi
2135 2699 2328 2755 Christi
2360 2703 2458 2757 sed
2490 2704 2638 2758 cultu
2655 2704 2872 2759 Domini
2905 2707 3288 2762 connectimur
3313 2708 3494 2762 amba:
3527 2727 3543 2775 ;

403 2799 649 2853 Pessima
677 2797 780 2852 sub
811 2794 997 2849 dubiis
1017 2793 1277 2848 monitrix
1303 2791 1539 2847 formido
1576 2789 1780 2864 coegit.
2133 2788 2402 2863 Congruit
2429 2797 2484 2846 et
2513 2793 2720 2862 pariter
2747 2793 2887 2848 caedi
2917 2811 3056 2866 quas
3085 2795 3403 2868 culpaligat
3430 2814 3528 2866 par

409 2888 785 2946 Hincinfensa:
815 2885 1016 2942 animis
1046 2892 1330 2956 pactorum
1360 2882 1571 2938 foedera
1599 2887 1854 2936 temnunt
2133 2880 2248 2945 Quo
2273 2882 2444 2936 simul
2474 2880 2737 2939 ornemur
2761 2883 2958 2940 Christi
2994 2892 3052 2940 ut
3072 2886 3236 2942 simul
3261 2887 3406 2942 alma
3434 2888 3705 2946 fatemur.
3733 2911 3756 2939 ι

407 2984 778 3056 Degencrum,
809 2988 1110 3049 turpesque
1142 2976 1334 3048 legunt
1362 2975 1532 3030 vitare
1572 2972 1813 3030 sodales.
2131 2970 2331 3042 Sicque
2364 2970 2530 3027 ﬁdem
2563 2983 2818 3046 prompta
2848 2991 3108 3047 superam
3133 2977 3262 3031 dum
3289 2977 3452 3032 laude
3480 2986 3766 3044 retexunt,

405 3076 735 3134 Praediolum
754 3088 1026 3150 aggressa:
1055 3071 1166 3127 voti
1181 3070 1399 3139 solatia,
1430 3085 1686 3144 magnam
2131 3065 2316 3122 Tradit
2337 3083 2433 3123 eas
2463 3068 2709 3124 tenebris
2736 3069 3059 3142 fumumque
3081 3070 3385 3144 {imumque
3406 3073 3699 3130 ministrat

405 3169 654 3225 Nobilius
686 3168 859 3222 multo
890 3166 1198 3220 decernunt
1235 3163 1495 3234 linquere
1528 3163 1775 3218 Romam.
2135 3160 2423 3231 Improbus
2451 3172 2674 3218 exactor
2707 3181 2720 3218 :
2755 3164 2852 3219 sed
2883 3173 3126 3220 aromata
3153 3172 3396 3222 stercore
3421 3176 3662 3242 surgunt

405 3260 796 3331 Snblimesqne
829 3257 1053 3312 humilis
1079 3255 1182 3311 sub
1210 3255 1392 3310 culmo
1421 3255 1626 3328 degere
1660 3253 1788 3309 tecti
2056 3281 2106 3350 Ο
2133 3250 2496 3324 Nectareique
2528 3253 2684 3310 locus
2708 3253 2838 3310 ﬂatu
2862 3257 3108 3327 repletur
3136 3255 3325 3313 odoris
3352 3275 3368 3322 ;

405 3354 606 3407 Aurato
636 3366 828 3405 mersae
851 3364 1015 3420 quam
1046 3346 1295 3402 culmine
1325 3346 1379 3400 in
1407 3345 1543 3400 urbe
1573 3359 1817 3399 manere.
2066 3342 2105 3350 ν
2140 3342 2384 3399 Vincitur
2411 3345 2705 3401 obscurum
2732 3347 2910 3402 rutilae
2931 3347 3240 3403 vibramina
3262 3347 3420 3404 lucis.

409 3440 704 3510 Explorant
734 3443 1101 3511 releguntque
1128 3434 1312 3508 fugam
1346 3433 1535 3488 comiti
1569 3431 1870 3488 Arcbisilao
2135 3436 2271 3491 Tum
2294 3437 2464 3505 iussae
2491 3437 2621 3494 inde
2652 3439 2771 3510 rapi
2797 3439 3138 3512 thermisque
3158 3440 3482 3496 ardentibus
3503 3442 3622 3496 indi

409 3532 592 3586 Eversi
625 3537 679 3586 et
708 3545 927 3585 causam
958 3528 1115 3594 socii,
1157 3528 1252 3599 qui
1281 3542 1435 3582 more
1465 3526 1750 3582 columbas
2137 3528 2271 3583 Dum
2304 3530 2465 3585 simul
2483 3537 2698 3610 enecta;
2725 3532 2831 3587 hoc
2858 3531 3015 3588 missi
3048 3532 3260 3589 fervore
3292 3542 3557 3604 putantur

409 3623 702 3694 Accipitris
728 3622 1000 3693 sequitur,
1029 3620 1427 3692 volucrumque
1473 3619 1737 3674 advectus
1765 3633 2034 3690 equorum
2138 3622 2378 3696 Corpora
2406 3625 2502 3696 qui
2527 3625 2740 3692 tollant,
2772 3626 2872 3681 sed
2900 3642 3092 3699 pressa
3124 3626 3382 3682 incendia
3412 3637 3655 3684 cernunt

409 3711 685 3783 Praecipiti
711 3711 932 3783 prendit
953 3709 1231 3784 fugientes
1269 3708 1489 3782 agmine
1520 3708 1709 3762 nidum
1733 3725 1748 3773 ;
2139 3715 2272 3786 lgue
2301 3715 2396 3770 Dei
2424 3715 2742 3788 blandoque
2769 3717 2979 3772 alacres
3008 3717 3196 3792 algore
3221 3733 3458 3775 sorores.

410 3802 552 3866 Quas
582 3815 846 3855 revocans
871 3798 1034 3854 Urbis
1053 3796 1314 3870 prmfecto
1341 3813 1406 3852 ac
1435 3797 1650 3870 legibus
1680 3794 1840 3852 offert
2139 3804 2408 3875 Adstnpet
2435 3805 2522 3860 his
2544 3806 2714 3877 judex
2744 3807 3111 3879 victricesqne
3142 3825 3304 3864 amne
3325 3810 3598 3883 tegendas

411 3895 645 3960 Donato,
677 3891 892 3948 clausas
919 3891 1142 3964 gemino
1183 3889 1279 3962 qui
1311 3895 1722 3960 separatantro,
2137 3895 2280 3948 Dece
2293 3894 2405 3948 rnit
2441 3893 2662 3966 Tyberi,
2686 3911 2817 3952 saxo
2839 3913 2962 3969 qua:
3001 3898 3142 3953 colla
3171 3906 3488 3973 gravantur.

413 3983 586 4040 Corde
611 3982 958 4039 cohaerentes
988 3995 1100 4036 uno
1131 3980 1280 4052 quod
1305 3979 1611 4035 dissociare
1929 3975 1932 3980 ’
2144 3981 2429 4039 Fluctibus
2459 3984 2739 4040 abduntur
2771 4002 2786 4051 ;
2815 3985 2900 4039 vix
2934 3991 3255 4061 transegere
3281 3987 3385 4042 sub
3405 3987 3575 4043 undis

410 4079 534 4131 Arte
563 4075 706 4130 valet
732 4073 904 4129 nulla.
935 4073 1060 4129 Post
1089 4073 1206 4128 haec
1235 4073 1367 4127 dum
1390 4073 1549 4127 tertia
1576 4071 1758 4126 reddit
2145 4073 2299 4130 Hora:
2323 4075 2615 4131 dimidium
2647 4086 2702 4132 et
2730 4076 3092 4134 referuutsua
3109 4079 3357 4150 pondera
3375 4079 3530 4135 laetas

413 4169 524 4224 Lux
555 4170 832 4224 elementa
852 4181 1104 4237 Opernm,
1126 4171 1328 4236 praesto
1360 4165 1468 4218 sibi
1502 4163 1726 4218 mandat
1751 4162 1964 4232 haberi,
2144 4165 2388 4236 Quaeque
2409 4165 2587 4221 ierant
2617 4167 2783 4222 nudae
2815 4173 3136 4244 tegumento
3165 4169 3340 4224 vestis
3368 4169 3424 4224 in
3452 4169 3637 4226 undas

411 4263 815 4334 Excipiensque
847 4261 1001 4332 prius
1026 4259 1405 4332 penetralibus
1433 4259 1646 4330 appetit
1684 4258 1827 4314 orsis
2140 4253 2392 4311 Vestibus
2421 4262 2627 4311 ornata:
2659 4265 2953 4330 emergunt
2980 4257 3322 4313 immunibus
3361 4274 3546 4325 amne,

411 4355 684 4410 numnam
719 4373 782 4409 τα
817 4353 1118 4420 “lecebris,
1148 4360 1280 4407 natu
1303 4367 1427 4408 cum
1461 4349 1686 4419 nobilis,
1711 4350 1912 4422 inquit,
2139 4341 2410 4397 Christum
2446 4344 2736 4400 laudantes
2768 4345 3087 4418 clarumque
3125 4347 3374 4403 celeuma
3403 4356 3701 4406 canentes.

413 4447 656 4514 Eniteas,
687 4463 785 4502 cur
808 4446 1037 4502 serviles
1066 4451 1277 4500 sectare
1307 4443 1546 4508 labores,
2141 4435 2402 4510 Cognitor
2427 4437 2512 4492 his
2541 4437 2776 4507 pavidus
2806 4439 2994 4494 comiti
3024 4439 3233 4510 pietate
3261 4438 3463 4496 fatetur

412 4539 657 4595 Nexibus
683 4548 746 4596 ιιι
769 4539 930 4595 malis
957 4539 1217 4615 gravibus
1246 4537 1462 4609 captiva
1485 4536 1684 4592 sedere
2143 4525 2340 4580 Harum
2371 4542 2430 4581 se
2459 4527 2664 4582 victum
2697 4528 2912 4602 magica
2949 4544 3050 4583 seu
3081 4527 3277 4584 fraude
3306 4529 3596 4587 subactum

413 4629 609 4684 Libera
637 4646 802 4702 quam
825 4637 979 4704 grato
1009 4627 1213 4684 ﬂoreus
1244 4627 1487 4699 gaudere
1519 4627 1716 4682 marito
1743 4626 1772 4680 ?
1795 4649 1820 4679 ι
2066 4673 2119 4704 n
2146 4615 2346 4670 Reddit
2371 4624 2426 4671 et
2446 4616 2696 4672 addictus
2719 4617 2840 4687 ipso
2869 4618 2957 4672 vel
2981 4617 3170 4686 judice
3199 4617 3462 4674 muletam

415 4673 609 4684 ....,.....
679 4673 802 4684 .......
865 4673 978 4684 ..ην
1009 4673 1213 4684 ﬂ.-.”
1244 4673 1477 4699 ,θη-ν.-
1751 4673 1761 4680 .
1797 4673 1818 4679 ν
2740 4673 2755 4687 .
2981 4673 3000 4686 .

411 4717 614 4773 Reddit
638 4673 796 4792 virgo
887 4737 913 4768 ‹‹
946 4717 1063 4772 Duo
1095 4732 1320 4788 prorsus
1350 4717 1588 4772 hortaris
1611 4717 1842 4787 inepta;
2064 4673 2119 4740 υ
2146 4705 2434 4776 Αοοίρίθηι
2457 4720 2686 4761 censore
2719 4721 2834 4760 sua
2868 4705 2953 4761 νει
2981 4705 3180 4761 Vade"?
3210 4707 3444 4776 Ροεείῐιί·

411 4807 756 4866 Omnimodis
787 4806 1020 4862 dubium
1038 4806 1284 4861 incertus
1307 4807 1580 4877 promittis
1605 4813 1660 4861 et
1687 4823 1891 4874 unum;
2138 4793 2482 4850 ATCheSilaus
2511 4811 2606 4850 €88
2633 4795 2710 4849 ηίῙ
2737 4795 3021 4851 εῐηοηίῑυε
3047 4797 3117 4851 ad
3154 4804 3300 4864 acta.

410 4900 577 4956 Sacra
607 4899 763 4954 litare
785 4897 952 4967 jubes
983 4913 1148 4968 paena
1176 4897 1336 4968 queis
1366 4904 1596 4969 perpete
1626 4898 1854 4968 plectar.
2137 4890 2348 4946 Abduci
2368 4906 2680 4958 nemorum,
2708 4891 3043 4963 mandatque
3074 4890 3131 4945 in
3163 4891 3329 4947 lustra
3360 4901 3657 4966 perempta

413 4987 650 5043 Perdere
675 5002 863 5042 amore
883 4986 985 5041 viri
1021 4985 1119 5040 das
1143 4985 1478 5058 virginitatis
1503 4987 1795 5051 honorem,
2137 4982 2340 5038 Pabula
2367 4981 2637 5038 silvicolis
2667 4983 2811 5038 mitti
2841 4982 3183 5054 alitibusque
3212 4981 3477 5054 ferisque.

405 5079 649 5151 Tamque
679 5079 909 5135 adversa
937 5077 1097 5150 sequi
1129 5077 1386 5134 durantia
1415 5077 1619 5151 gaudia
1651 5076 1848 5146 nectis,
2135 5075 2315 5130 Gratia
2339 5077 2436 5131 sed
2469 5075 2685 5132 Domini
2714 5091 2886 5131 caesas
2912 5091 3016 5132 uec
3041 5076 3099 5131 in
3124 5075 3314 5132 abdita
3342 5076 3552 5149 linquit

409 5173 484 5226 De
516 5177 626 5225 tete
661 5171 925 5243 ignorans
944 5185 1014 5225 an
1044 5169 1284 5225 crastina
1313 5175 1566 5240 tempora
1591 5183 1802 5224 cernas.
1840 5188 1865 5220 ι
2134 5167 2441 5223 Plantillam
2472 5169 2798 5240 accipimus,
2831 5169 2988 5239 cujus
3011 5170 3129 5225 haec
3159 5185 3284 5225 rure
3309 5176 3550 5240 patrata,

411 5264 507 5318 His
535 5280 702 5333 super
720 5266 864 5320 hanc
894 5279 1100 5335 praeses
1129 5262 1268 5318 caedi
1296 5262 1653 5334 admittiqne.
1691 5261 2000 5318 Secundam
2142 5257 2445 5313 Matronum
2475 5258 2606 5314 visae
2635 5259 2724 5313 cui
2753 5266 2883 5314 sunt
2910 5259 3156 5314 residere
3185 5266 3375 5329 parato

410 5341 688 5419 Praecipit:
723 5354 818 5408 llla
851 5354 1047 5409 videns
1075 5351 1264 5427 ﬂagris
1301 5353 1569 5410 recubare
1598 5368 1846 5408 sororem
1880 5369 1893 5407 :
2141 5346 2438 5402 Gemmatze
2467 5347 2523 5401 in
2547 5347 2810 5416 thalamo,
2831 5357 2886 5403 et
2923 5347 3034 5402 sibi
3066 5347 3196 5402 talia
3217 5347 3374 5416 jussa
3389 5346 3681 5405 ferentes:

416 5459 437 5487 α
465 5437 622 5501 Quod
643 5437 798 5508 facis,
841 5442 1137 5506 exclamat,
1171 5442 1346 5498 divini
1369 5441 1615 5497 numinis
1643 5457 1793 5510 osor,
2140 5456 2170 5487 ιο
2205 5437 2402 5492 Desine
2433 5437 2674 5508 flagitiis,
2704 5453 2884 5505 cessa,
2913 5437 3186 5503 Plautilla,
3217 5438 3470 5494 scelestis
3502 5457 3518 5505 ;

411 5522 569 5586 Quod
617 5522 772 5594 facis,
797 5544 829 5584 ο
861 5529 1098 5584 trucium
1131 5531 1422 5599 scelerate,
1470 5531 1604 5603 quid
1641 5539 1728 5586 est
1757 5532 1906 5603 quod
1938 5531 2037 5586 ho-
2143 5527 2390 5583 Cultibus
2412 5528 2568 5583 idolii
2590 5529 2810 5602 iamque
2845 5527 3014 5600 impia
3041 5529 3230 5584 vivere
3257 5529 3451 5601 linque
3484 5549 3500 5586 :

1744 5622 1968 5694 [norans
2140 5617 2202 5672 Et
2235 5617 2470 5673 credens
2501 5616 2713 5673 Christo
2734 5617 3014 5689 propriam
3046 5633 3162 5672 rem
3189 5618 3366 5674 visere
3403 5635 3604 5696 perge.

411 5695 605 5753 Invide
634 5717 979 5773 germanam,
998 5723 1088 5762 me
1109 5708 1394 5786 indignam
1416 5713 1524 5769 hoc
1537 5711 1781 5769 culmine
1802 5712 1962 5768 ducis
1975 5710 2038 5765 Ὺ»
2140 5713 2490 5785 Corporaque
2511 5711 2806 5770 inveniens
2830 5711 3028 5769 loculis
3056 5711 3132 5767 ibi
3163 5712 3392 5770 condito
3413 5721 3630 5771 nostra.
3656 5738 3682 5766 ι
