3890 6412
200 417 309 476 685

202 542 513 614 Exsurgens
542 536 745 591 mulier
771 535 1012 590 monitus
1043 531 1264 602 eXplere
1295 530 1657 602 pr0pinquat;

203 629 265 682 Et
293 629 421 682 data
451 625 776 697 repperiens
804 622 910 678 sibi
933 636 1182 685 munera,
1205 619 1398 685 credit,
1433 618 1643 679 adorat,

201 717 380 788 Inque
402 717 498 771 Dei
528 716 724 770 laudes
753 711 1071 768 veneranda
1101 711 1353 780 sepulcra
1387 716 1668 780 perornat,

203 808 318 862 Hoc
347 809 532 878 plures
561 815 698 862 aestu
725 805 926 877 passim
959 802 1206 858 coelestia
1231 802 1529 865 scandunt;

831 411 913 464 DE
955 407 1214 464 CHRISTI
1255 405 1618 460 TRIUMPHIS
1661 403 1831 458 APUD
1874 401 2137 456 ITALIAM
2181 401 2355 456 LIBRI
2397 402 2527 456 XIV.
2569 434 2634 443 —
2677 403 2801 459 LIB.
2846 403 2906 457 V.

1859 545 1889 592 ,χ
1933 525 2040 580 Hoc
2064 532 2326 596 superant
2361 527 2603 582 Basileus
2641 527 2954 598 pariterque
2983 527 3213 582 Jovinus
3246 528 3302 582 in
3333 536 3476 585 astra

3442 400 3546 461 686

1925 614 2102 668 Aurea
2131 631 2300 687 regna
2330 615 2418 670 via
2447 615 2570 670 caesi
2601 616 2808 687 petiere
2835 616 3045 682 Latina,

1930 707 2196 763 Lavicana
2225 711 2369 781 parit
2395 711 2525 766 dum
2548 710 2950 783 quinquaginta
2988 711 3348 783 triumphum.

1689 939 1900 995 CAPUT
1943 941 2026 996 IV.

1283 1068 1358 1126 De
1386 1074 1593 1125 sancto
1621 1065 1792 1124 Sixto
1826 1083 1984 1142 papa
2015 1075 2066 1125 et
2106 1067 2446 1128 Laurentio.

199 1241 450 1314 Regmen
477 1234 770 1308 apostolici
802 1234 1010 1290 mundo
1041 1232 1356 1287 venerabile
1381 1231 1523 1299 juris

199 1333 331 1388 Post
351 1330 691 1400 Stephanum
726 1329 911 1381 Sixtus
931 1326 1133 1399 dignus
1164 1325 1478 1379 moderatur
1499 1321 1752 1386 habenis,

197 1425 301 1488 Qui
331 1425 558 1478 Romam
591 1420 836 1491 SOphicis
865 1419 1044 1474 clarus
1076 1419 1294 1491 legatur
1325 1415 1568 1471 Athenis.

196 1513 456 1584 Dumque
491 1511 673 1567 furore
705 1509 865 1584 nigro
900 1514 1084 1563 tentus
1112 1507 1421 1562 detruditur
1449 1505 1679 1568 umbris,

198 1610 264 1664 Et
295 1616 585 1680 penetrare
615 1606 778 1660 simul
803 1603 1125 1659 Laurentius
1146 1602 1355 1673 expetit
1381 1609 1537 1656 antra

195 1701 618 1765 Colluctaturus,
639 1696 834 1768 positis
860 1695 991 1750 huic
1015 1695 1200 1759 rebus,
1235 1709 1464 1767 agonem

195 1789 455 1845 Ecclesiae
484 1789 595 1857 jam
637 1787 793 1842 laetus
823 1785 936 1840 adit
968 1784 1268 1854 panditque
1299 1782 1549 1836 ministro
1728 1817 1754 1835 ..

195 1879 451 1934 Proxima
487 1877 662 1941 bella;
698 1876 824 1930 dein
855 1875 1054 1929 ductus
1079 1874 1249 1928 libare
1282 1871 1566 1936 sacellum,

201 1969 266 2022 Ut
298 1967 496 2038 partim
527 1966 744 2030 sternit,
775 1965 910 2019 libat
938 1973 1102 2033 caput
1123 1961 1515 2032 Omnipotenti.

193 2059 382 2114 Juncti
415 2059 592 2113 lcvitae
623 2058 734 2124 cui,
758 2056 1111 2111 felicissimus
1139 2061 1302 2125 atque

195 2148 483 2222 Agapitus,
517 2147 858 2216 comitesque
887 2145 979 2198 alii
1011 2144 1118 2198 sibi
1147 2148 1381 2214 quatuor
1406 2140 1571 2204 aucti,

190 2240 484 2306 Traditur;
516 2248 572 2295 et
601 2247 829 2311 quartus
844 2238 1162 2293 veneranda
1202 2245 1405 2306 tropaea
1435 2241 1676 2288 secutus.

195 2329 414 2384 Interea
444 2344 720 2399 expensas
739 2327 953 2398 capitur
985 2326 1311 2381 Laurentius
1341 2326 1513 2378 almas

193 2423 536 2492 Depromens
564 2422 728 2477 dotes
748 2421 910 2476 simul
938 2437 1001 2474 ac
1025 2437 1083 2474 se
1112 2418 1442 2474 occumbere
1473 2422 1816 2487 promptum:

191 2513 402 2583 Nempe
435 2513 589 2567 datas
619 2512 846 2586 largitus
866 2527 1003 2581 epes
1030 2511 1085 2563 in
1109 2509 1317 2563 viscera
1350 2507 1569 2571 Christi,

189 2604 532 2659 Circumiens
571 2612 807 2674 cryptas,
832 2603 1170 2672 perlustrans
1194 2608 1350 2655 antra
1390 2599 1627 2670 piorum,

190 2692 458 2766 Indignas
483 2691 740 2748 refovens
764 2691 990 2765 gemina
1019 2698 1301 2745 curaverat
1327 2705 1452 2743 esca
1475 2706 1491 2754 ς

189 2784 256 2838 Et
283 2784 501 2838 viduam
535 2783 732 2853 capitis
760 2782 1066 2846 Quiriacam
1098 2783 1407 2836 absolverat
1432 2787 1589 2846 aestu,

191 2874 476 2927 Evacuans
499 2873 681 2926 tristes
709 2872 934 2944 longum
968 2887 1106 2942 quos
1133 2886 1294 2941 passa
1322 2869 1572 2923 dolores:

190 2962 457 3016 Hauserat
484 2961 746 3016 amissum
779 2960 974 3013 Christi
1008 2959 1317 3013 Crescentia
1349 2957 1510 3029 signo

187 3051 422 3118 Lumen,
453 3049 704 3105 clariﬁcas
735 3049 981 3104 referens
1012 3048 1296 3103 haaclucra
1338 3046 1465 3100 fidei

187 3139 426 3194 Cernere
455 3147 759 3195 certantem
790 3137 914 3193 caali
942 3153 1049 3209 qua
1080 3136 1288 3206 Optavit
1312 3134 1598 3200 athletam,

187 3231 470 3302 Explicitis
488 3230 687 3302 Opibus
717 3245 1008 3301 properam
1040 3228 1133 3298 qui
1161 3226 1436 3300 sanguine
1465 3226 1704 3296 palmam

186 3324 450 3388 Quasrens
478 3320 748 3376 differtur.
780 3321 1054 3376 Potioretn
1087 3319 1230 3373 ferre
1262 3319 1568 3388 palaestram

183 3417 483 3469 Censetur:
515 3413 686 3485 patris
722 3420 935 3468 retrusa
964 3413 1165 3467 talenta
1192 3411 1421 3479 jubetur

184 3506 437 3560 Pandere
457 3505 780 3570 servandus,
806 3505 936 3558 dum
962 3503 1194 3575 qumstio
1225 3518 1366 3556 saeva
1400 3501 1630 3554 teretur.

181 3595 442 3651 Traditur
472 3595 765 3666 Hippolyto
795 3594 952 3662 cujus
983 3593 1273 3647 devinctus
1299 3591 1493 3645 ahenis

184 3689 419 3743 Lumina
450 3686 556 3742 fert
585 3686 780 3750 caecis;
818 3686 1080 3741 Lucillum
1104 3685 1370 3740 instaurat
1400 3692 1634 3754 utroque

186 3781 413 3835 lnterno
435 3789 773 3849 externoque
805 3777 993 3832 levans
1022 3793 1130 3847 qua
1159 3776 1284 3830 luce
1313 3774 1493 3829 refusa

183 3869 352 3924 Plura
371 3868 536 3923 simul
564 3875 799 3942 surgunt
827 3867 1069 3922 caelestis
1091 3882 1305 3920 amoma
1337 3865 1572 3920 corusci.

184 3961 518 4034 Hippolytus
541 3980 662 4019 cum
695 3963 857 4034 plebe
883 3964 1080 4016 domus
1110 3961 1296 4016 divina
1325 3959 1567 4030 capessit

184 4058 447 4120 Numina,
483 4066 537 4113 et
561 4065 768 4113 aeterno
799 4057 997 4112 rutilus
1028 4055 1239 4130 fulgore
1270 4054 1506 4109 nitescit.

183 4154 424 4210 Exhibet
455 4154 836 4209 irradiatorem
859 4162 984 4225 post
1003 4153 1132 4208 talia
1157 4153 1368 4221 jussus,

181 4243 473 4299 Tectarum
514 4243 782 4319 rogitatus
810 4259 976 4314 opum
1010 4242 1103 4313 qui
1145 4242 1362 4312 aperire
1391 4255 1708 4307 crumenas,

184 4332 379 4388 Dulcia
408 4332 502 4387 dat
527 4333 750 4403 sapiens
780 4332 906 4387 teris
927 4337 1188 4386 tractator
1219 4330 1456 4395 honesti,

182 4425 368 4493 Atque
393 4421 749 4477 interstitium
779 4436 1016 4492 poscens
1041 4421 1305 4490 opulenta
1336 4418 1550 4474 ferendi

183 4514 384 4581 Xenia,
409 4521 516 4569 tres
545 4513 693 4585 capit
717 4513 899 4584 ampla
931 4511 1056 4566 dies
1072 4509 1342 4581 promissa
1368 4509 1618 4578 daturus,

183 4605 445 4680 Magnum
470 4621 600 4662 mox
629 4605 859 4676 inopum
881 4605 1078 4679 vulgus
1099 4603 1380 4674 ditemque
1412 4610 1686 4657 catervam

184 4697 416 4752 Fenoris
443 4697 694 4763 adensat,
727 4696 926 4751 Christi
958 4695 1098 4751 altos
1137 4695 1326 4750 condit
1351 4710 1596 4750 acervos.

187 4791 255 4845 Et
283 4789 456 4845 decus
483 4790 737 4846 Ecclesiae
767 4804 1065 4844 numerosa
1093 4787 1350 4844 examina
1375 4788 1546 4862 c0git,

185 4878 552 4952 Aggestisque
582 4877 786 4949 Opibus
811 4877 1016 4948 promit
1040 4875 1282 4930 fecunda
1312 4882 1546 4946 tyranno

184 4970 435 5036 Munera,
457 4969 700 5026 mendici
733 4969 989 5041 praebens
1015 4969 1188 5023 densa
1211 4967 1432 5042 agmina
1445 4973 1636 5021 castus.

185 5059 459 5124 Quiesitor
485 5058 817 5114 furibundus
840 5064 1102 5130 atroxque
1129 5057 1369 5112 atrocior
1390 5056 1503 5112 exit

184 5150 493 5222 Rideriqne
518 5149 961 5222 fremitgrabidus
991 5165 1144 5220 spem
1170 5163 1379 5220 ponere
1411 5163 1658 5204 avaram:

183 5244 350 5297 Arma
381 5241 548 5309 acuit,
581 5242 821 5298 truciore
847 5257 1048 5313 parans
1075 5240 1270 5295 saevire
1300 5239 1486 5294 furore

183 5333 251 5387 In
284 5332 533 5388 vinctum
564 5331 733 5406 virgis
760 5331 1028 5404 subigens
1051 5345 1214 5400 quem
1239 5329 1415 5384 sulcat
1440 5327 1646 5392 acutis;

186 5423 420 5480 Lamina
441 5423 593 5489 dum,
626 5421 848 5477 fervens
879 5423 1074 5490 lectus,
1106 5420 1510 5492 plumbumque
1535 5424 1824 5490 parantur,

188 5518 332 5572 Dum
361 5522 768 5571 tormentorum
799 5531 862 5570 ac
892 5514 1090 5570 mortis
1131 5529 1308 5588 genus
1337 5529 1503 5568 omne
1535 5510 1826 5566 revolvens

189 5606 451 5679 Expedit,
475 5606 730 5677 asperius
757 5606 926 5661 vitam
957 5621 1068 5677 quo
1101 5604 1334 5659 crimine
1362 5603 1551 5675 pellat,

189 5701 430 5756 Exhibet
457 5705 586 5770 apta
603 5697 742 5754 truci
772 5698 924 5754 necis
953 5698 1324 5753 instrumenta
1354 5696 1570 5752 lanistae

190 5784 593 5861 Infrendetque
623 5789 830 5845 minas:
863 5789 1064 5858 Epulas
1094 5789 1213 5844 haec
1241 5796 1446 5859 martyr
1466 5797 1674 5846 amatas

1931 1231 2187 1302 Deputat,
2217 1249 2280 1288 ac
2309 1234 2492 1290 valido
2523 1251 2758 1291 cresores
2787 1235 2984 1292 robore
3012 1236 3196 1305 lassat,

1927 1324 2155 1395 Tempta
2186 1325 2295 1380 ﬁde
2324 1326 2540 1381 ardenti
2573 1343 2696 1382 cum
2726 1329 2928 1384 lamina
2947 1331 3184 1385 vincitur
3203 1333 3404 1387 ardens

1929 1415 2192 1470 Plumbea
2224 1417 2505 1486 praestanti
2537 1426 2869 1488 superantur
2901 1421 3146 1491 pondera
3179 1431 3392 1478 mente:

1926 1504 2118 1560 Omnia
2147 1505 2308 1574 ridet,
2342 1521 2514 1560 ovans
2545 1507 2670 1560 cceli
2704 1508 2982 1578 polamine
3014 1508 3200 1574 fortis;

1925 1599 2176 1670 Dumque
2203 1597 2539 1668 triumphata
2566 1599 2768 1674 frangit
2795 1607 3067 1656 tormenta
3091 1611 3331 1670 catasta,

1925 1689 2156 1743 Lumina
2186 1690 2357 1744 divini
2382 1698 2737 1762 torquentum
2771 1693 2938 1746 corda
2969 1701 3265 1764 capessunt

1928 1781 2206 1835 Praesidii:
2239 1782 2397 1836 miles
2417 1783 2696 1838 Romanus
2717 1782 2783 1837 ad
2816 1800 2942 1838 orsa
2975 1783 3123 1840 beati

1928 1877 2182 1948 Belligeri
2214 1884 2455 1932 mentem
2488 1878 2697 1933 cmlesti
2729 1879 2938 1934 lumine
2967 1886 3164 1946 tactus,

1856 2003 1904 2070 Β
1933 1972 2167 2070 Cernere
2195 1989 2252 2027 se
2293 1973 2491 2070 clamat
2522 1974 2794 2070 radiantia
2821 1976 3021 2030 coelitis
3045 1992 3143 2032 ora

1928 2062 2142 2133 Oraque
2159 2064 2419 2117 certantis
2439 2063 2562 2118 divo
2586 2062 2800 2138 fulgore
2828 2080 3074 2132 corusca,

1923 2157 2310 2229 Auxiliumque
2344 2159 2480 2228 petit
2511 2174 2580 2212 ne
2621 2160 2676 2212 in
2709 2166 2816 2214 tam
2849 2162 3117 2216 scelerata
3139 2164 3369 2228 residat,

1922 2248 2124 2303 Annuit
2155 2247 2515 2318 Omnipotens
2544 2255 2806 2305 tortorem
2838 2267 3046 2327 angore
3072 2253 3309 2326 fatigans

1921 2339 2131 2393 [Estuat
2161 2354 2293 2412 ergo
2323 2339 2528 2405 animo,
2559 2341 2734 2396 nescit
2764 2357 2875 2412 quo
2902 2359 2964 2396 se
2989 2351 3142 2416 regat
3167 2351 3287 2398 astu
3320 2360 3334 2410 ;

1926 2430 2098 2500 thue
2125 2430 2522 2484 recrudescens
2549 2431 2763 2485 hostem
2793 2431 3092 2488 ferventior
3122 2434 3204 2488 ira

1923 2517 2206 2585 Conﬁciat,
2237 2517 2394 2587 jubet
2421 2519 2628 2574 cxsolvi
2659 2528 2995 2592 tempusque
3027 2522 3233 2577 remitti

1922 2609 2153 2673 Invicto,
2178 2625 2278 2664 ceu
2311 2611 2581 2664 tractandi
2613 2610 2932 2684 victumque
2963 2613 3132 2668 levari

1917 2699 1988 2753 Se
2033 2715 2287 2770 quaerens
2339 2705 2626 2766 monstrat,
2661 2700 2801 2771 .quil
2845 2701 3075 2756 dimicet
3101 2718 3251 2757 arma
3270 2709 3545 2770 retrectat

1915 2796 2052 2864 Apta
2081 2793 2189 2848 sibi
2237 2793 2366 2848 ferri
2400 2794 2680 2849 Romanus
2711 2802 2961 2866 tempora
2991 2811 3248 2863 cernens,

1921 2887 2422 2957 ApprOperansque
2474 2887 2602 2957 polo
2643 2888 2894 2959 lymphas
2925 2889 3083 2960 queis
3120 2889 3413 2959 splendeat
3467 2889 3553 2942 af-

1917 3047 2264 3121 Vicmrisque
2297 3049 2472 3121 pedes
2497 3051 2758 3121 PPBCibus
2780 3050 3049 3106 subnixus
3077 3051 3286 3108 adorat.
3353 2980 3478 3051 [rem
3497 3022 3509 3034 ’

1919 3140 2128 3196 Salvari
2163 3157 2400 3211 poscens
2428 3150 2682 3197 sacrante
2711 3149 2766 3197 et
2796 3142 2948 3197 fonte
2988 3143 3146 3212 piari.

1915 3234 2027 3288 Nec
2059 3233 2243 3289 differt
2273 3235 2437 3289 levita
2476 3235 2670 3290 rudem
2702 3233 2938 3289 lustrare
2968 3234 3251 3300 sodalem;

1867 3381 1882 3400 η
1914 3326 2118 3392 Abluit,
2140 3343 2400 3398 armaque
2419 3326 2716 3381 candidqu
2747 3325 2994 3381 victricia
3027 3327 3210 3382 tradit.

1914 3415 2052 3484 Tyro
2085 3415 2241 3469 novis
2267 3431 2442 3470 novus
2474 3415 2710 3469 addiscit
2741 3432 2989 3491 pugnare
3021 3416 3125 3471 sub
3148 3417 3346 3471 armis:

1915 3505 2196 3560 Assuescit
2230 3504 2423 3577 rigidis
2453 3520 2676 3576 quoque
2696 3505 2921 3561 vincere
2950 3505 3186 3562 fustibus
3217 3514 3403 3573 actus;

1916 3597 2240 3670 Eximioque
2274 3597 2516 3669 probans
2536 3613 2660 3652 sese
2687 3597 2998 3654 munimine
3025 3607 3230 3666 tutum,

1914 3691 2101 3746 Victor
2130 3698 2186 3746 et
2216 3697 2473 3762 expertus
2505 3690 2646 3746 ferro
2669 3691 2885 3746 cervice
2917 3692 3116 3758 recisa,

1917 3785 2256 3855 ASpernatus
2287 3784 2518 3839 humum
2550 3783 2814 3855 praecedit
2854 3783 2908 3838 in
2934 3792 3078 3853 astra
3106 3785 3458 3861 magistrum.

1917 3875 2215 3948 Suppliciis
2246 3876 2498 3947 pulsatus
2537 3877 2666 3931 item
2702 3875 3050 3943 Laurentius,
3085 3877 3194 3931 alta

1918 3965 2102 4020 Mense
2127 3965 2317 4020 hilaris
2331 3965 2597 4037 vultuque
2629 3972 2833 4031 manet,
2864 3973 3131 4021 contusus
3158 3973 3211 4020 et
3237 3981 3333 4020 ora
3367 3991 3371 3994 -

1917 4053 2073 4108 Saxis
2094 4061 2300 4125 perstat
2326 4071 2532 4121 ovans;
2567 4055 2876 4128 Christique
2899 4055 2954 4109 in
2986 4055 3148 4110 laude
3174 4055 3546 4126 triumphans,

1917 4145 2256 4201 Constrictus
2283 4145 2456 4200 nimio
2489 4152 2782 4218 torquetur
2809 4144 3066 4202 tormine.
3099 4144 3312 4212 Tortor,

1918 4240 2126 4296 Cuncta
2156 4245 2352 4296 nolens
2382 4256 2555 4297 vacuo
2588 4241 2839 4296 consumi
2871 4242 2980 4296 tela
3009 4239 3213 4308 furore,

1919 4333 2134 4389 Invidet
2164 4335 2312 4390 hunc
2343 4334 2455 4390 ictu
2487 4334 2654 4390 celeri
2686 4350 2855 4405 super
2882 4335 3090 4389 aethera
3118 4333 3261 4400 tolli,

1919 4423 2302 4494 Invictumque
2334 4423 2432 4478 Dei
2467 4429 2578 4479 tota
2616 4423 2820 4478 virtute
2845 4422 3085 4491 lacessit,

1917 4510 2224 4566 Belliﬁcum
2255 4511 2404 4566 lento
2435 4510 2658 4565 tandem
2689 4510 3008 4566 consumier
3033 4511 3164 4586 igne

1918 4599 2272 4670 Prazcipiens,
2306 4598 2558 4654 ﬂammas
2587 4601 2814 4655 volucer
2842 4615 2911 4654 ne
2941 4606 3186 4656 transeat
3211 4613 3398 4667 acres;

1916 4693 2207 4764 Assarique
2233 4691 2397 4760 jubet
2418 4692 2622 4763 tepidis
2649 4692 2752 4746 sub
2780 4700 2904 4746 vate
2931 4691 3151 4747 favillis.

1919 4785 2048 4854 Igne
2076 4782 2388 4838 ministrata
2418 4783 2721 4854 prunisque
2751 4783 3076 4840 ardentibus
3107 4784 3310 4851 auctis,

1919 4869 2229 4940 Applicitus
2259 4870 2516 4941 chalybei
2560 4870 2766 4926 nudato
2794 4887 3027 4943 corpore
3056 4872 3180 4928 lecti

1922 4963 2156 5019 Coelicus
2184 4979 2280 5019 ore
2311 4964 2453 5019 nitet
2481 4971 2686 5036 martyr
2725 4981 2830 5020 nec
2854 4965 3056 5040 gaudia
3085 4972 3230 5021 tosto

1921 5052 2246 5126 Diffugiunt,
2269 5052 2540 5110 fractusve
2572 5053 2730 5125 lepos
2745 5055 2813 5110 ad
2844 5062 2969 5110 vota
3005 5054 3246 5126 tyranni,

1923 5146 2085 5199 Arma
2113 5145 2320 5199 cadunt
2342 5145 2510 5208 lanio,
2539 5152 2775 5220 surgunt
2805 5146 3047 5220 insignia
3062 5161 3260 5216 passo;

1926 5235 2092 5292 Oﬁert
2116 5252 2174 5292 se
2207 5237 2365 5292 laetus
2395 5237 2774 5293 holocaustum
2810 5237 2997 5293 nobile
3039 5237 3250 5292 Christo

1927 5334 2138 5390 Solanti
2169 5342 2352 5408 grates
2383 5335 2617 5390 Domino
2646 5334 2957 5406 laudesque
2988 5334 3266 5405 rependit,

1927 5421 2322 5494 Gratiﬁcasque
2353 5421 2497 5476 inter
2521 5421 2709 5492 superi
2741 5422 3088 5478 charismatis
3117 5423 3252 5478 odas

1929 5515 2133 5570 Emicat
2160 5531 2191 5569 e
2219 5515 2433 5585 prunis,
2467 5514 2590 5570 caeli
2620 5513 2834 5590 fulgore
2864 5531 3157 5583 coruscus;

1927 5607 2354 5681 Regnorumque
2395 5605 2533 5676 petit
2562 5605 2764 5662 Christi
2793 5608 2903 5663 alta
2931 5609 3136 5680 palatia
3159 5610 3356 5676 victor,

1925 5699 2121 5755 Judicc
2153 5697 2407 5757 confuso.
2433 5698 2640 5774 Pignus
2659 5699 2982 5756 venerabile
3006 5702 3194 5758 lictum

1931 5787 2258 5858 Hippolytus
2287 5786 2608 5858 pariterque
2639 5803 2797 5844 sacer
2813 5788 3067 5846 Justinus
3094 5789 3342 5845 honestis
